  <div class='ocr_page' id='page_1' title='image "/cluster/home/n/w/nwhite01/storage/ocr_20150623/156/hvd.32044054760145/121.png"; bbox 0 0 3904 6066; ppageno 0'>
   <div class='ocr_carea' id='block_1_1' title="bbox 238 235 1924 294">
    <p class='ocr_par' dir='ltr' id='par_1_1' title="bbox 238 235 1910 294">
     <span class='ocr_line' id='line_1_1' title="bbox 238 235 1910 294; baseline -0.001 0"><span class='ocrx_word' id='word_1_1' title='bbox 238 242 336 294; x_wconf 76' lang='grc'><strong>231</strong></span> <span class='ocrx_word' id='word_1_2' title='bbox 1148 238 1210 292; x_wconf 86' lang='lat' dir='ltr'><strong>V.</strong></span> <span class='ocrx_word' id='word_1_3' title='bbox 1252 235 1580 292; x_wconf 80' lang='lat' dir='ltr'><strong>GUIBERTI</strong></span> <span class='ocrx_word' id='word_1_4' title='bbox 1620 237 1910 294; x_wconf 78' lang='lat' dir='ltr'><strong>ABBATIS</strong></span> 
     </span>
    </p>
   </div>
   <div class='ocr_carea' id='block_1_2' title="bbox 2066 235 2843 294">
    <p class='ocr_par' dir='ltr' id='par_1_2' title="bbox 2066 237 2843 293">
     <span class='ocr_line' id='line_1_2' title="bbox 2066 237 2843 293; baseline 0.001 -1"><span class='ocrx_word' id='word_1_5' title='bbox 2066 238 2288 292; x_wconf 70' lang='lat' dir='ltr'><strong>ilARIE</strong></span> <span class='ocrx_word' id='word_1_6' title='bbox 2325 237 2418 293; x_wconf 90' lang='lat' dir='ltr'><strong>DE</strong></span> <span class='ocrx_word' id='word_1_7' title='bbox 2457 237 2843 293; x_wconf 82' lang='lat' dir='ltr'><strong>NOVIGENTO</strong></span> 
     </span>
    </p>
   </div>
   <div class='ocr_carea' id='block_1_3' title="bbox 3645 241 3755 292">
    <p class='ocr_par' dir='ltr' id='par_1_3' title="bbox 3645 241 3755 292">
     <span class='ocr_line' id='line_1_3' title="bbox 3645 241 3755 292; baseline -0.018 0"><span class='ocrx_word' id='word_1_8' title='bbox 3645 241 3755 292; x_wconf 64' lang='lat'><strong>‘23?</strong></span> 
     </span>
    </p>
   </div>
   <div class='ocr_carea' id='block_1_4' title="bbox 230 367 3748 445">
    <p class='ocr_par' dir='ltr' id='par_1_4' title="bbox 230 367 3748 445">
     <span class='ocr_line' id='line_1_4' title="bbox 230 367 3748 445; baseline -0.001 -17"><span class='ocrx_word' id='word_1_9' title='bbox 230 373 417 445; x_wconf 89' lang='lat' dir='ltr'><strong>virga,</strong></span> <span class='ocrx_word' id='word_1_10' title='bbox 451 372 626 428; x_wconf 89' lang='lat' dir='ltr'><strong>totius</strong></span> <span class='ocrx_word' id='word_1_11' title='bbox 667 370 881 427; x_wconf 78' lang='lat' dir='ltr'><strong>scilicet</strong></span> <span class='ocrx_word' id='word_1_12' title='bbox 912 369 1242 425; x_wconf 90' lang='lat' dir='ltr'><strong>directionis</strong></span> <span class='ocrx_word' id='word_1_13' title='bbox 1263 383 1329 422; x_wconf 90' lang='lat' dir='ltr'><strong>ac</strong></span> <span class='ocrx_word' id='word_1_14' title='bbox 1357 367 1594 437; x_wconf 74' lang='lat' dir='ltr'><strong>justitize</strong></span> <span class='ocrx_word' id='word_1_15' title='bbox 1625 367 1730 434; x_wconf 92' lang='lat' dir='ltr'><strong>vis,</strong></span> <span class='ocrx_word' id='word_1_16' title='bbox 1775 367 1930 438; x_wconf 90' lang='lat' dir='ltr'><strong>quod</strong></span> <span class='ocrx_word' id='word_1_17' title='bbox 1970 371 2012 424; x_wconf 85' lang='lat' dir='ltr'><strong>A</strong></span> <span class='ocrx_word' id='word_1_18' title='bbox 2045 369 2141 424; x_wconf 92' lang='lat' dir='ltr'><strong>ubi</strong></span> <span class='ocrx_word' id='word_1_19' title='bbox 2175 369 2500 424; x_wconf 85' lang='lat' dir='ltr'><strong>deﬁcientes</strong></span> <span class='ocrx_word' id='word_1_20' title='bbox 2520 368 2667 423; x_wconf 86' lang='lat' dir='ltr'><strong>fame</strong></span> <span class='ocrx_word' id='word_1_21' title='bbox 2699 368 2925 423; x_wconf 88' lang='lat' dir='ltr'><strong>interna</strong></span> <span class='ocrx_word' id='word_1_22' title='bbox 2952 375 3146 438; x_wconf 89' lang='lat' dir='ltr'><strong>pascat</strong></span> <span class='ocrx_word' id='word_1_23' title='bbox 3172 381 3374 424; x_wconf 90' lang='lat' dir='ltr'><strong>versus</strong></span> <span class='ocrx_word' id='word_1_24' title='bbox 3403 367 3575 424; x_wconf 90' lang='lat' dir='ltr'><strong>Jacob</strong></span> <span class='ocrx_word' id='word_1_25' title='bbox 3606 382 3748 439; x_wconf 89' lang='lat' dir='ltr'><strong>gre—</strong></span> 
     </span>
    </p>
   </div>
   <div class='ocr_carea' id='block_1_5' title="bbox 232 457 1536 534">
    <p class='ocr_par' dir='ltr' id='par_1_5' title="bbox 232 457 1536 534">
     <span class='ocr_line' id='line_1_5' title="bbox 232 457 1536 534; baseline -0.006 -16"><span class='ocrx_word' id='word_1_26' title='bbox 232 462 571 534; x_wconf 89' lang='lat' dir='ltr'><strong>proponitur</strong></span> <span class='ocrx_word' id='word_1_27' title='bbox 600 460 897 525; x_wconf 78' lang='lat' dir='ltr'><strong>arietibus,</strong></span> <span class='ocrx_word' id='word_1_28' title='bbox 935 459 988 513; x_wconf 91' lang='lat' dir='ltr'><strong>id</strong></span> <span class='ocrx_word' id='word_1_29' title='bbox 1018 465 1100 514; x_wconf 87' lang='lat' dir='ltr'><strong>est</strong></span> <span class='ocrx_word' id='word_1_30' title='bbox 1141 457 1536 514; x_wconf 89' lang='lat' dir='ltr'><strong>intellectibus.</strong></span> 
     </span>
    </p>
   </div>
   <div class='ocr_carea' id='block_1_6' title="bbox 305 562 1924 633">
    <p class='ocr_par' dir='ltr' id='par_1_6' title="bbox 305 562 1924 633">
     <span class='ocr_line' id='line_1_6' title="bbox 305 562 1924 633; baseline -0.008 -6"><span class='ocrx_word' id='word_1_31' title='bbox 305 570 473 626; x_wconf 86' lang='lat' dir='ltr'><strong>Vens.</strong></span> <span class='ocrx_word' id='word_1_32' title='bbox 507 569 595 622; x_wconf 77' lang='grc'><strong>42.</strong></span> <span class='ocrx_word' id='word_1_33' title='bbox 629 597 696 607; x_wconf 89' lang='grc'><strong><em>-</em></strong></span> <span class='ocrx_word' id='word_1_34' title='bbox 730 565 955 633; x_wconf 77' lang='lat' dir='ltr'><strong>Quando</strong></span> <span class='ocrx_word' id='word_1_35' title='bbox 989 580 1111 619; x_wconf 78' lang='lat' dir='ltr'><strong>vero</strong></span> <span class='ocrx_word' id='word_1_36' title='bbox 1159 565 1398 617; x_wconf 88' lang='lat' dir='ltr'><strong>serotina</strong></span> <span class='ocrx_word' id='word_1_37' title='bbox 1436 562 1746 616; x_wconf 89' lang='lat' dir='ltr'><strong>admissura</strong></span> <span class='ocrx_word' id='word_1_38' title='bbox 1787 566 1924 628; x_wconf 89' lang='lat' dir='ltr'><strong>erat,</strong></span> 
     </span>
    </p>
   </div>
   <div class='ocr_carea' id='block_1_7' title="bbox 231 651 1931 727">
    <p class='ocr_par' dir='ltr' id='par_1_7' title="bbox 231 651 1931 727">
     <span class='ocr_line' id='line_1_7' title="bbox 231 651 1931 727; baseline -0.005 -15"><span class='ocrx_word' id='word_1_39' title='bbox 231 665 281 712; x_wconf 91' lang='lat' dir='ltr'><strong>et</strong></span> <span class='ocrx_word' id='word_1_40' title='bbox 337 662 616 727; x_wconf 87' lang='lat' dir='ltr'><strong>conceptus</strong></span> <span class='ocrx_word' id='word_1_41' title='bbox 646 661 937 721; x_wconf 68' lang='lat' dir='ltr'><strong>extremus,</strong></span> <span class='ocrx_word' id='word_1_42' title='bbox 983 669 1089 708; x_wconf 89' lang='lat' dir='ltr'><strong>non</strong></span> <span class='ocrx_word' id='word_1_43' title='bbox 1138 653 1368 722; x_wconf 88' lang='lat' dir='ltr'><strong>ponebat</strong></span> <span class='ocrx_word' id='word_1_44' title='bbox 1405 667 1514 704; x_wconf 86' lang='lat' dir='ltr'><strong>eas.</strong></span> <span class='ocrx_word' id='word_1_45' title='bbox 1559 652 1808 705; x_wconf 86' lang='lat' dir='ltr'><strong>Serotina</strong></span> <span class='ocrx_word' id='word_1_46' title='bbox 1835 651 1931 704; x_wconf 87' lang='lat' dir='ltr'><strong>ad-</strong></span> 
     </span>
    </p>
   </div>
   <div class='ocr_carea' id='block_1_8' title="bbox 230 739 1928 813">
    <p class='ocr_par' dir='ltr' id='par_1_8' title="bbox 230 739 1928 813">
     <span class='ocr_line' id='line_1_8' title="bbox 230 739 1928 813; baseline -0.005 -13"><span class='ocrx_word' id='word_1_47' title='bbox 230 749 467 801; x_wconf 86' lang='lat' dir='ltr'><strong>missura</strong></span> <span class='ocrx_word' id='word_1_48' title='bbox 541 744 900 813; x_wconf 79' lang='lat' dir='ltr'><strong>intelligitur,</strong></span> <span class='ocrx_word' id='word_1_49' title='bbox 975 741 1216 797; x_wconf 71' lang='lat' dir='ltr'><strong>cmlestis</strong></span> <span class='ocrx_word' id='word_1_50' title='bbox 1280 741 1562 810; x_wconf 83' lang='lat' dir='ltr'><strong>perceptio</strong></span> <span class='ocrx_word' id='word_1_51' title='bbox 1635 739 1795 809; x_wconf 84' lang='lat' dir='ltr'><strong>regni</strong></span> <span class='ocrx_word' id='word_1_52' title='bbox 1869 739 1928 793; x_wconf 93' lang='lat' dir='ltr'><strong>in</strong></span> 
     </span>
    </p>
   </div>
   <div class='ocr_carea' id='block_1_9' title="bbox 232 828 1928 900">
    <p class='ocr_par' dir='ltr' id='par_1_9' title="bbox 232 828 1928 900">
     <span class='ocr_line' id='line_1_9' title="bbox 232 828 1928 900; baseline -0.005 -11"><span class='ocrx_word' id='word_1_53' title='bbox 232 834 452 897; x_wconf 91' lang='lat' dir='ltr'><strong>ultimo,</strong></span> <span class='ocrx_word' id='word_1_54' title='bbox 511 846 624 886; x_wconf 91' lang='lat' dir='ltr'><strong>non</strong></span> <span class='ocrx_word' id='word_1_55' title='bbox 671 832 820 886; x_wconf 87' lang='lat' dir='ltr'><strong>sicut</strong></span> <span class='ocrx_word' id='word_1_56' title='bbox 881 831 971 886; x_wconf 90' lang='lat' dir='ltr'><strong>hic</strong></span> <span class='ocrx_word' id='word_1_57' title='bbox 1039 831 1483 900; x_wconf 89' lang='lat' dir='ltr'><strong>particularitcr,</strong></span> <span class='ocrx_word' id='word_1_58' title='bbox 1531 829 1627 884; x_wconf 91' lang='lat' dir='ltr'><strong>sed</strong></span> <span class='ocrx_word' id='word_1_59' title='bbox 1677 828 1928 898; x_wconf 75' lang='lat' dir='ltr'><strong>plenarie</strong></span> 
     </span>
    </p>
   </div>
   <div class='ocr_carea' id='block_1_10' title="bbox 231 917 1929 990">
    <p class='ocr_par' dir='ltr' id='par_1_10' title="bbox 231 917 1929 990">
     <span class='ocr_line' id='line_1_10' title="bbox 231 917 1929 990; baseline -0.004 -14"><span class='ocrx_word' id='word_1_60' title='bbox 231 936 427 976; x_wconf 91' lang='lat' dir='ltr'><strong>omnes</strong></span> <span class='ocrx_word' id='word_1_61' title='bbox 458 920 800 990; x_wconf 87' lang='lat' dir='ltr'><strong>impleturus</strong></span> <span class='ocrx_word' id='word_1_62' title='bbox 831 920 1049 990; x_wconf 83' lang='lat' dir='ltr'><strong>(Ephes.</strong></span> <span class='ocrx_word' id='word_1_63' title='bbox 1096 935 1132 986; x_wconf 87' lang='lat'><strong>1,</strong></span> <span class='ocrx_word' id='word_1_64' title='bbox 1166 922 1276 990; x_wconf 75' lang='lat'><strong>23),</strong></span> <span class='ocrx_word' id='word_1_65' title='bbox 1317 927 1372 975; x_wconf 90' lang='lat' dir='ltr'><strong>et</strong></span> <span class='ocrx_word' id='word_1_66' title='bbox 1403 919 1598 973; x_wconf 86' lang='lat' dir='ltr'><strong>omnia</strong></span> <span class='ocrx_word' id='word_1_67' title='bbox 1643 917 1702 971; x_wconf 90' lang='lat' dir='ltr'><strong>in</strong></span> <span class='ocrx_word' id='word_1_68' title='bbox 1747 918 1929 971; x_wconf 90' lang='lat' dir='ltr'><strong>omni-</strong></span> 
     </span>
    </p>
   </div>
   <div class='ocr_carea' id='block_1_11' title="bbox 231 1004 1928 1066">
    <p class='ocr_par' dir='ltr' id='par_1_11' title="bbox 231 1004 1928 1066">
     <span class='ocr_line' id='line_1_11' title="bbox 231 1004 1928 1066; baseline -0.005 0"><span class='ocrx_word' id='word_1_69' title='bbox 231 1011 340 1066; x_wconf 89' lang='lat' dir='ltr'><strong>bus</strong></span> <span class='ocrx_word' id='word_1_70' title='bbox 369 1010 601 1066; x_wconf 82' lang='lat' dir='ltr'><strong>futurus</strong></span> <span class='ocrx_word' id='word_1_71' title='bbox 633 1011 781 1064; x_wconf 90' lang='lat' dir='ltr'><strong>Dens</strong></span> <span class='ocrx_word' id='word_1_72' title='bbox 812 1010 869 1063; x_wconf 92' lang='lat' dir='ltr'><strong>in</strong></span> <span class='ocrx_word' id='word_1_73' title='bbox 917 1009 1176 1064; x_wconf 90' lang='lat' dir='ltr'><strong>omnium</strong></span> <span class='ocrx_word' id='word_1_74' title='bbox 1226 1008 1399 1063; x_wconf 89' lang='lat' dir='ltr'><strong>corda</strong></span> <span class='ocrx_word' id='word_1_75' title='bbox 1449 1006 1792 1062; x_wconf 77' lang='lat' dir='ltr'><strong>admittitur.</strong></span> <span class='ocrx_word' id='word_1_76' title='bbox 1845 1004 1928 1059; x_wconf 92' lang='lat' dir='ltr'><strong>Ibi</strong></span> 
     </span>
    </p>
   </div>
   <div class='ocr_carea' id='block_1_12' title="bbox 231 1091 1930 1166">
    <p class='ocr_par' dir='ltr' id='par_1_12' title="bbox 231 1091 1930 1166">
     <span class='ocr_line' id='line_1_12' title="bbox 231 1091 1930 1166; baseline -0.004 -14"><span class='ocrx_word' id='word_1_77' title='bbox 231 1103 514 1166; x_wconf 85' lang='lat' dir='ltr'><strong>conceptus</strong></span> <span class='ocrx_word' id='word_1_78' title='bbox 551 1102 843 1160; x_wconf 69' lang='lat' dir='ltr'><strong>extremus,</strong></span> <span class='ocrx_word' id='word_1_79' title='bbox 893 1096 946 1150; x_wconf 89' lang='lat' dir='ltr'><strong>id</strong></span> <span class='ocrx_word' id='word_1_80' title='bbox 985 1103 1069 1151; x_wconf 80' lang='lat' dir='ltr'><strong>est</strong></span> <span class='ocrx_word' id='word_1_81' title='bbox 1123 1095 1219 1150; x_wconf 86' lang='lat' dir='ltr'><strong>Dei</strong></span> <span class='ocrx_word' id='word_1_82' title='bbox 1267 1095 1541 1150; x_wconf 87' lang='lat' dir='ltr'><strong>laudandi</strong></span> <span class='ocrx_word' id='word_1_83' title='bbox 1598 1091 1930 1148; x_wconf 80' lang='lat' dir='ltr'><strong>indeﬁciens</strong></span> 
     </span>
    </p>
   </div>
   <div class='ocr_carea' id='block_1_13' title="bbox 231 1181 1926 1255">
    <p class='ocr_par' dir='ltr' id='par_1_13' title="bbox 231 1181 1926 1255">
     <span class='ocr_line' id='line_1_13' title="bbox 231 1181 1926 1255; baseline -0.004 -14"><span class='ocrx_word' id='word_1_84' title='bbox 231 1185 585 1255; x_wconf 88' lang='lat' dir='ltr'><strong>propositum</strong></span> <span class='ocrx_word' id='word_1_85' title='bbox 617 1184 710 1240; x_wconf 90' lang='lat' dir='ltr'><strong>cui</strong></span> <span class='ocrx_word' id='word_1_86' title='bbox 743 1184 962 1239; x_wconf 91' lang='lat' dir='ltr'><strong>nullius</strong></span> <span class='ocrx_word' id='word_1_87' title='bbox 979 1183 1236 1253; x_wconf 39' lang='lat' dir='ltr'><strong>,alterius</strong></span> <span class='ocrx_word' id='word_1_88' title='bbox 1266 1183 1346 1238; x_wconf 88' lang='lat' dir='ltr'><strong>rei</strong></span> <span class='ocrx_word' id='word_1_89' title='bbox 1387 1182 1642 1238; x_wconf 87' lang='lat' dir='ltr'><strong>succedit</strong></span> <span class='ocrx_word' id='word_1_90' title='bbox 1670 1181 1926 1246; x_wconf 77' lang='lat' dir='ltr'><strong>allectus,</strong></span> 
     </span>
    </p>
   </div>
   <div class='ocr_carea' id='block_1_14' title="bbox 231 1269 1931 1341">
    <p class='ocr_par' dir='ltr' id='par_1_14' title="bbox 231 1269 1931 1341">
     <span class='ocr_line' id='line_1_14' title="bbox 231 1269 1931 1341; baseline -0.004 -11"><span class='ocrx_word' id='word_1_91' title='bbox 231 1289 364 1330; x_wconf 89' lang='lat' dir='ltr'><strong>cum</strong></span> <span class='ocrx_word' id='word_1_92' title='bbox 417 1273 606 1333; x_wconf 84' lang='lat' dir='ltr'><strong>fuerit,</strong></span> <span class='ocrx_word' id='word_1_93' title='bbox 669 1273 1000 1339; x_wconf 86' lang='lat' dir='ltr'><strong>sententias,</strong></span> <span class='ocrx_word' id='word_1_94' title='bbox 1059 1271 1276 1341; x_wconf 87' lang='lat' dir='ltr'><strong>quibus</strong></span> <span class='ocrx_word' id='word_1_95' title='bbox 1342 1272 1636 1341; x_wconf 86' lang='lat' dir='ltr'><strong>propriam</strong></span> <span class='ocrx_word' id='word_1_96' title='bbox 1719 1269 1931 1339; x_wconf 84' lang='lat' dir='ltr'><strong>dirigat</strong></span> 
     </span>
    </p>
   </div>
   <div class='ocr_carea' id='block_1_15' title="bbox 231 1359 1926 1429">
    <p class='ocr_par' dir='ltr' id='par_1_15' title="bbox 231 1359 1926 1429">
     <span class='ocr_line' id='line_1_15' title="bbox 231 1359 1926 1429; baseline -0.002 -13"><span class='ocrx_word' id='word_1_97' title='bbox 231 1369 498 1426; x_wconf 89' lang='lat' dir='ltr'><strong>mentem,</strong></span> <span class='ocrx_word' id='word_1_98' title='bbox 544 1374 751 1429; x_wconf 90' lang='lat' dir='ltr'><strong>ponere</strong></span> <span class='ocrx_word' id='word_1_99' title='bbox 784 1359 861 1414; x_wconf 89' lang='lat' dir='ltr'><strong>ibi</strong></span> <span class='ocrx_word' id='word_1_100' title='bbox 911 1359 1126 1416; x_wconf 92' lang='lat' dir='ltr'><strong>homini</strong></span> <span class='ocrx_word' id='word_1_101' title='bbox 1171 1375 1316 1429; x_wconf 90' lang='lat' dir='ltr'><strong>opus</strong></span> <span class='ocrx_word' id='word_1_102' title='bbox 1363 1375 1476 1415; x_wconf 90' lang='lat' dir='ltr'><strong>non</strong></span> <span class='ocrx_word' id='word_1_103' title='bbox 1518 1360 1644 1426; x_wconf 90' lang='lat' dir='ltr'><strong>erit,</strong></span> <span class='ocrx_word' id='word_1_104' title='bbox 1690 1359 1790 1428; x_wconf 86' lang='lat' dir='ltr'><strong>qui</strong></span> <span class='ocrx_word' id='word_1_105' title='bbox 1841 1371 1926 1413; x_wconf 92' lang='lat' dir='ltr'><strong>re-</strong></span> 
     </span>
    </p>
   </div>
   <div class='ocr_carea' id='block_1_16' title="bbox 232 1448 1932 1520">
    <p class='ocr_par' dir='ltr' id='par_1_16' title="bbox 232 1448 1932 1520">
     <span class='ocr_line' id='line_1_16' title="bbox 232 1448 1932 1520; baseline -0.004 -14"><span class='ocrx_word' id='word_1_106' title='bbox 232 1458 459 1520; x_wconf 84' lang='lat' dir='ltr'><strong>gentem</strong></span> <span class='ocrx_word' id='word_1_107' title='bbox 491 1449 684 1504; x_wconf 88' lang='lat' dir='ltr'><strong>omnia</strong></span> <span class='ocrx_word' id='word_1_108' title='bbox 714 1449 898 1504; x_wconf 90' lang='lat' dir='ltr'><strong>Deum</strong></span> <span class='ocrx_word' id='word_1_109' title='bbox 937 1449 996 1502; x_wconf 91' lang='lat' dir='ltr'><strong>in</strong></span> <span class='ocrx_word' id='word_1_110' title='bbox 1035 1463 1092 1504; x_wconf 91' lang='lat' dir='ltr'><strong>se</strong></span> <span class='ocrx_word' id='word_1_111' title='bbox 1126 1449 1384 1514; x_wconf 87' lang='lat' dir='ltr'><strong>habebit;</strong></span> <span class='ocrx_word' id='word_1_112' title='bbox 1419 1464 1536 1516; x_wconf 53' lang='lat' dir='ltr'><strong>quae</strong></span> <span class='ocrx_word' id='word_1_113' title='bbox 1573 1448 1725 1502; x_wconf 91' lang='lat' dir='ltr'><strong>enim</strong></span> <span class='ocrx_word' id='word_1_114' title='bbox 1762 1448 1932 1516; x_wconf 84' lang='lat' dir='ltr'><strong>primi</strong></span> 
     </span>
    </p>
   </div>
   <div class='ocr_carea' id='block_1_17' title="bbox 231 1536 1926 1607">
    <p class='ocr_par' dir='ltr' id='par_1_17' title="bbox 231 1536 1926 1607">
     <span class='ocr_line' id='line_1_17' title="bbox 231 1536 1926 1607; baseline -0.003 -13"><span class='ocrx_word' id='word_1_115' title='bbox 231 1541 488 1607; x_wconf 85' lang='lat' dir='ltr'><strong>temporis</strong></span> <span class='ocrx_word' id='word_1_116' title='bbox 528 1546 684 1603; x_wconf 89' lang='lat' dir='ltr'><strong>sunt,</strong></span> <span class='ocrx_word' id='word_1_117' title='bbox 716 1538 878 1590; x_wconf 83' lang='lat' dir='ltr'><strong>Jacob</strong></span> <span class='ocrx_word' id='word_1_118' title='bbox 906 1545 1062 1602; x_wconf 89' lang='lat' dir='ltr'><strong>sunt,</strong></span> <span class='ocrx_word' id='word_1_119' title='bbox 1098 1537 1153 1591; x_wconf 93' lang='lat' dir='ltr'><strong>id</strong></span> <span class='ocrx_word' id='word_1_120' title='bbox 1183 1546 1264 1592; x_wconf 91' lang='lat' dir='ltr'><strong>est</strong></span> <span class='ocrx_word' id='word_1_121' title='bbox 1295 1537 1368 1591; x_wconf 88' lang='lat' dir='ltr'><strong>ad</strong></span> <span class='ocrx_word' id='word_1_122' title='bbox 1405 1536 1926 1605; x_wconf 85' lang='lat' dir='ltr'><strong>supplantationem</strong></span> 
     </span>
    </p>
   </div>
   <div class='ocr_carea' id='block_1_18' title="bbox 234 1625 1931 1697">
    <p class='ocr_par' dir='ltr' id='par_1_18' title="bbox 234 1625 1931 1697">
     <span class='ocr_line' id='line_1_18' title="bbox 234 1625 1931 1697; baseline -0.002 -15"><span class='ocrx_word' id='word_1_123' title='bbox 234 1627 446 1697; x_wconf 89' lang='lat' dir='ltr'><strong>peccati</strong></span> <span class='ocrx_word' id='word_1_124' title='bbox 471 1629 747 1693; x_wconf 86' lang='lat' dir='ltr'><strong>attinent;</strong></span> <span class='ocrx_word' id='word_1_125' title='bbox 775 1642 893 1695; x_wconf 59' lang='lat' dir='ltr'><strong>qua</strong></span> <span class='ocrx_word' id='word_1_126' title='bbox 935 1629 1193 1692; x_wconf 74' lang='lat' dir='ltr'><strong>serotina&#39;,</strong></span> <span class='ocrx_word' id='word_1_127' title='bbox 1248 1626 1302 1680; x_wconf 89' lang='lat' dir='ltr'><strong>id</strong></span> <span class='ocrx_word' id='word_1_128' title='bbox 1337 1633 1421 1680; x_wconf 90' lang='lat' dir='ltr'><strong>est</strong></span> <span class='ocrx_word' id='word_1_129' title='bbox 1475 1627 1529 1679; x_wconf 92' lang='lat' dir='ltr'><strong>in</strong></span> <span class='ocrx_word' id='word_1_130' title='bbox 1578 1625 1781 1680; x_wconf 90' lang='lat' dir='ltr'><strong>mundi</strong></span> <span class='ocrx_word' id='word_1_131' title='bbox 1822 1625 1931 1679; x_wconf 88' lang='lat' dir='ltr'><strong>line</strong></span> 
     </span>
    </p>
   </div>
   <div class='ocr_carea' id='block_1_19' title="bbox 233 1711 1937 1784">
    <p class='ocr_par' dir='ltr' id='par_1_19' title="bbox 233 1711 1937 1784">
     <span class='ocr_line' id='line_1_19' title="bbox 233 1711 1937 1784; baseline -0.002 -13"><span class='ocrx_word' id='word_1_132' title='bbox 233 1715 508 1771; x_wconf 87' lang='lat' dir='ltr'><strong>restantia</strong></span> <span class='ocrx_word' id='word_1_133' title='bbox 543 1715 861 1770; x_wconf 91' lang='lat' dir='ltr'><strong>secundum</strong></span> <span class='ocrx_word' id='word_1_134' title='bbox 917 1714 1297 1770; x_wconf 88' lang='lat' dir='ltr'><strong>sinceritatem</strong></span> <span class='ocrx_word' id='word_1_135' title='bbox 1348 1727 1613 1784; x_wconf 74' lang='lat' dir='ltr'><strong>supernae</strong></span> <span class='ocrx_word' id='word_1_136' title='bbox 1659 1711 1937 1768; x_wconf 86' lang='lat' dir='ltr'><strong>claritatis</strong></span> 
     </span>
    </p>
   </div>
   <div class='ocr_carea' id='block_1_20' title="bbox 233 1803 1396 1872">
    <p class='ocr_par' dir='ltr' id='par_1_20' title="bbox 233 1803 1396 1872">
     <span class='ocr_line' id='line_1_20' title="bbox 233 1803 1396 1872; baseline -0.002 -14"><span class='ocrx_word' id='word_1_137' title='bbox 233 1803 494 1867; x_wconf 90' lang='lat' dir='ltr'><strong>candent,</strong></span> <span class='ocrx_word' id='word_1_138' title='bbox 526 1803 633 1858; x_wconf 90' lang='lat' dir='ltr'><strong>hoc</strong></span> <span class='ocrx_word' id='word_1_139' title='bbox 659 1810 742 1858; x_wconf 88' lang='lat' dir='ltr'><strong>est</strong></span> <span class='ocrx_word' id='word_1_140' title='bbox 768 1803 839 1858; x_wconf 88' lang='lat' dir='ltr'><strong>ad</strong></span> <span class='ocrx_word' id='word_1_141' title='bbox 871 1803 1058 1858; x_wconf 89' lang='lat' dir='ltr'><strong>Laban</strong></span> <span class='ocrx_word' id='word_1_142' title='bbox 1086 1803 1396 1872; x_wconf 87' lang='lat' dir='ltr'><strong>pertinent.</strong></span> 
     </span>
    </p>
   </div>
   <div class='ocr_carea' id='block_1_21' title="bbox 305 1905 1934 1977">
    <p class='ocr_par' dir='ltr' id='par_1_21' title="bbox 305 1905 1934 1977">
     <span class='ocr_line' id='line_1_21' title="bbox 305 1905 1934 1977; baseline -0.004 -10"><span class='ocrx_word' id='word_1_143' title='bbox 305 1911 478 1967; x_wconf 78' lang='lat' dir='ltr'><strong>Vens.</strong></span> <span class='ocrx_word' id='word_1_144' title='bbox 511 1911 600 1964; x_wconf 80' lang='grc'><strong>43.</strong></span> <span class='ocrx_word' id='word_1_145' title='bbox 632 1938 702 1949; x_wconf 89' lang='grc'><strong><em>-</em></strong></span> <span class='ocrx_word' id='word_1_146' title='bbox 735 1913 1055 1977; x_wconf 83' lang='lat' dir='ltr'><strong>Ditatusque</strong></span> <span class='ocrx_word' id='word_1_147' title='bbox 1105 1915 1182 1962; x_wconf 86' lang='lat' dir='ltr'><strong>est</strong></span> <span class='ocrx_word' id='word_1_148' title='bbox 1217 1909 1368 1962; x_wconf 88' lang='lat' dir='ltr'><strong>homo</strong></span> <span class='ocrx_word' id='word_1_149' title='bbox 1421 1908 1568 1961; x_wconf 83' lang='lat' dir='ltr'><strong>ultra</strong></span> <span class='ocrx_word' id='word_1_150' title='bbox 1605 1905 1841 1973; x_wconf 86' lang='lat' dir='ltr'><strong>modum,</strong></span> <span class='ocrx_word' id='word_1_151' title='bbox 1885 1913 1934 1960; x_wconf 91' lang='lat' dir='ltr'><strong>et</strong></span> 
     </span>
    </p>
   </div>
   <div class='ocr_carea' id='block_1_22' title="bbox 235 1997 1933 2068">
    <p class='ocr_par' dir='ltr' id='par_1_22' title="bbox 235 1997 1933 2068">
     <span class='ocr_line' id='line_1_22' title="bbox 235 1997 1933 2068; baseline -0.004 -15"><span class='ocrx_word' id='word_1_152' title='bbox 235 2001 426 2054; x_wconf 79' lang='lat' dir='ltr'><strong>habuit</strong></span> <span class='ocrx_word' id='word_1_153' title='bbox 466 2015 651 2068; x_wconf 85' lang='lat' dir='ltr'><strong>greges</strong></span> <span class='ocrx_word' id='word_1_154' title='bbox 706 2000 921 2064; x_wconf 87' lang='lat' dir='ltr'><strong>multos,</strong></span> <span class='ocrx_word' id='word_1_155' title='bbox 977 2000 1230 2060; x_wconf 78' lang='lat' dir='ltr'><strong>ancillas,</strong></span> <span class='ocrx_word' id='word_1_156' title='bbox 1287 2002 1336 2051; x_wconf 87' lang='lat' dir='ltr'><strong>et</strong></span> <span class='ocrx_word' id='word_1_157' title='bbox 1379 2011 1576 2062; x_wconf 89' lang='lat' dir='ltr'><strong>servos,</strong></span> <span class='ocrx_word' id='word_1_158' title='bbox 1617 1997 1844 2048; x_wconf 86' lang='lat' dir='ltr'><strong>camelos</strong></span> <span class='ocrx_word' id='word_1_159' title='bbox 1885 2002 1933 2048; x_wconf 87' lang='lat' dir='ltr'><strong>et</strong></span> 
     </span>
    </p>
   </div>
   <div class='ocr_carea' id='block_1_23' title="bbox 234 2083 1933 2153">
    <p class='ocr_par' dir='ltr' id='par_1_23' title="bbox 234 2083 1933 2153">
     <span class='ocr_line' id='line_1_23' title="bbox 234 2083 1933 2153; baseline -0.003 -11"><span class='ocrx_word' id='word_1_160' title='bbox 234 2092 436 2142; x_wconf 80' lang='lat' dir='ltr'><strong>asinos.</strong></span> <span class='ocrx_word' id='word_1_161' title='bbox 471 2089 695 2142; x_wconf 85' lang='lat' dir='ltr'><strong>Ditatur</strong></span> <span class='ocrx_word' id='word_1_162' title='bbox 724 2087 895 2142; x_wconf 90' lang='lat' dir='ltr'><strong>homo</strong></span> <span class='ocrx_word' id='word_1_163' title='bbox 923 2088 1072 2140; x_wconf 89' lang='lat' dir='ltr'><strong>ultra</strong></span> <span class='ocrx_word' id='word_1_164' title='bbox 1095 2086 1332 2153; x_wconf 88' lang='lat' dir='ltr'><strong>modum,</strong></span> <span class='ocrx_word' id='word_1_165' title='bbox 1373 2099 1506 2140; x_wconf 90' lang='lat' dir='ltr'><strong>cum</strong></span> <span class='ocrx_word' id='word_1_166' title='bbox 1541 2083 1718 2138; x_wconf 87' lang='lat' dir='ltr'><strong>nimia</strong></span> <span class='ocrx_word' id='word_1_167' title='bbox 1755 2083 1933 2153; x_wconf 89' lang='lat' dir='ltr'><strong>justi—</strong></span> 
     </span>
    </p>
   </div>
   <div class='ocr_carea' id='block_1_24' title="bbox 236 2171 1934 2233">
    <p class='ocr_par' dir='ltr' id='par_1_24' title="bbox 236 2171 1934 2233">
     <span class='ocr_line' id='line_1_24' title="bbox 236 2171 1934 2233; baseline -0.002 -1"><span class='ocrx_word' id='word_1_168' title='bbox 236 2178 315 2233; x_wconf 93' lang='lat' dir='ltr'><strong>tia</strong></span> <span class='ocrx_word' id='word_1_169' title='bbox 345 2177 594 2232; x_wconf 89' lang='lat' dir='ltr'><strong>vertitur</strong></span> <span class='ocrx_word' id='word_1_170' title='bbox 626 2176 684 2230; x_wconf 91' lang='lat' dir='ltr'><strong>in</strong></span> <span class='ocrx_word' id='word_1_171' title='bbox 718 2175 1140 2231; x_wconf 88' lang='lat' dir='ltr'><strong>indiscretionis</strong></span> <span class='ocrx_word' id='word_1_172' title='bbox 1190 2176 1418 2230; x_wconf 89' lang='lat' dir='ltr'><strong>vitium.</strong></span> <span class='ocrx_word' id='word_1_173' title='bbox 1467 2173 1626 2229; x_wconf 88' lang='lat' dir='ltr'><strong>Unde</strong></span> <span class='ocrx_word' id='word_1_174' title='bbox 1665 2180 1719 2227; x_wconf 94' lang='lat' dir='ltr'><strong>et</strong></span> <span class='ocrx_word' id='word_1_175' title='bbox 1765 2171 1934 2228; x_wconf 85' lang='lat' dir='ltr'><strong>habet</strong></span> 
     </span>
    </p>
   </div>
   <div class='ocr_carea' id='block_1_25' title="bbox 233 2259 1932 2334">
    <p class='ocr_par' dir='ltr' id='par_1_25' title="bbox 233 2259 1932 2334">
     <span class='ocr_line' id='line_1_25' title="bbox 233 2259 1932 2334; baseline -0.004 -15"><span class='ocrx_word' id='word_1_176' title='bbox 233 2267 427 2319; x_wconf 85' lang='lat' dir='ltr'><strong>multos</strong></span> <span class='ocrx_word' id='word_1_177' title='bbox 453 2280 658 2334; x_wconf 84' lang='lat' dir='ltr'><strong>greges,</strong></span> <span class='ocrx_word' id='word_1_178' title='bbox 684 2264 822 2334; x_wconf 89' lang='lat' dir='ltr'><strong>quia</strong></span> <span class='ocrx_word' id='word_1_179' title='bbox 855 2277 926 2318; x_wconf 83' lang='lat' dir='ltr'><strong>ex</strong></span> <span class='ocrx_word' id='word_1_180' title='bbox 959 2263 1139 2317; x_wconf 89' lang='lat' dir='ltr'><strong>nimia</strong></span> <span class='ocrx_word' id='word_1_181' title='bbox 1176 2261 1262 2317; x_wconf 91' lang='lat' dir='ltr'><strong>sui</strong></span> <span class='ocrx_word' id='word_1_182' title='bbox 1310 2261 1522 2316; x_wconf 85' lang='lat' dir='ltr'><strong>liducia</strong></span> <span class='ocrx_word' id='word_1_183' title='bbox 1558 2259 1741 2315; x_wconf 90' lang='lat' dir='ltr'><strong>multa</strong></span> <span class='ocrx_word' id='word_1_184' title='bbox 1784 2259 1932 2313; x_wconf 92' lang='lat' dir='ltr'><strong>inci-</strong></span> 
     </span>
    </p>
   </div>
   <div class='ocr_carea' id='block_1_26' title="bbox 235 2349 1933 2414">
    <p class='ocr_par' dir='ltr' id='par_1_26' title="bbox 235 2349 1933 2414">
     <span class='ocr_line' id='line_1_26' title="bbox 235 2349 1933 2414; baseline -0.005 -5"><span class='ocrx_word' id='word_1_185' title='bbox 235 2354 317 2410; x_wconf 92' lang='lat' dir='ltr'><strong>dit</strong></span> <span class='ocrx_word' id='word_1_186' title='bbox 346 2354 521 2408; x_wconf 92' lang='lat' dir='ltr'><strong>animi</strong></span> <span class='ocrx_word' id='word_1_187' title='bbox 555 2351 880 2408; x_wconf 87' lang='lat' dir='ltr'><strong>divisiones.</strong></span> <span class='ocrx_word' id='word_1_188' title='bbox 917 2352 1165 2406; x_wconf 84' lang='lat' dir='ltr'><strong>Ancillas</strong></span> <span class='ocrx_word' id='word_1_189' title='bbox 1203 2356 1251 2403; x_wconf 84' lang='lat' dir='ltr'><strong>ct</strong></span> <span class='ocrx_word' id='word_1_190' title='bbox 1291 2363 1468 2404; x_wconf 83' lang='lat' dir='ltr'><strong>servos</strong></span> <span class='ocrx_word' id='word_1_191' title='bbox 1511 2349 1698 2414; x_wconf 88' lang='lat' dir='ltr'><strong>habet,</strong></span> <span class='ocrx_word' id='word_1_192' title='bbox 1744 2354 1933 2402; x_wconf 90' lang='lat' dir='ltr'><strong>motus</strong></span> 
     </span>
    </p>
   </div>
   <div class='ocr_carea' id='block_1_27' title="bbox 235 2436 1933 2507">
    <p class='ocr_par' dir='ltr' id='par_1_27' title="bbox 235 2436 1933 2507">
     <span class='ocr_line' id='line_1_27' title="bbox 235 2436 1933 2507; baseline -0.005 -9"><span class='ocrx_word' id='word_1_193' title='bbox 235 2443 448 2498; x_wconf 89' lang='lat' dir='ltr'><strong>scilicet</strong></span> <span class='ocrx_word' id='word_1_194' title='bbox 490 2441 843 2497; x_wconf 86' lang='lat' dir='ltr'><strong>ancillariter</strong></span> <span class='ocrx_word' id='word_1_195' title='bbox 877 2455 944 2494; x_wconf 91' lang='lat' dir='ltr'><strong>ac</strong></span> <span class='ocrx_word' id='word_1_196' title='bbox 993 2439 1218 2495; x_wconf 91' lang='lat' dir='ltr'><strong>sordide</strong></span> <span class='ocrx_word' id='word_1_197' title='bbox 1257 2439 1594 2507; x_wconf 90' lang='lat' dir='ltr'><strong>petulantes,</strong></span> <span class='ocrx_word' id='word_1_198' title='bbox 1642 2445 1696 2492; x_wconf 94' lang='lat' dir='ltr'><strong>et</strong></span> <span class='ocrx_word' id='word_1_199' title='bbox 1747 2436 1933 2491; x_wconf 89' lang='lat' dir='ltr'><strong>servi-</strong></span> 
     </span>
    </p>
   </div>
   <div class='ocr_carea' id='block_1_28' title="bbox 235 2525 1932 2600">
    <p class='ocr_par' dir='ltr' id='par_1_28' title="bbox 235 2525 1932 2600">
     <span class='ocr_line' id='line_1_28' title="bbox 235 2525 1932 2600; baseline -0.005 -14"><span class='ocrx_word' id='word_1_200' title='bbox 235 2530 366 2586; x_wconf 91' lang='lat' dir='ltr'><strong>liter</strong></span> <span class='ocrx_word' id='word_1_201' title='bbox 402 2538 783 2600; x_wconf 88' lang='lat' dir='ltr'><strong>proterveque</strong></span> <span class='ocrx_word' id='word_1_202' title='bbox 829 2535 1031 2584; x_wconf 90' lang='lat' dir='ltr'><strong>contra</strong></span> <span class='ocrx_word' id='word_1_203' title='bbox 1069 2528 1339 2596; x_wconf 90' lang='lat' dir='ltr'><strong>spiritum</strong></span> <span class='ocrx_word' id='word_1_204' title='bbox 1397 2525 1654 2593; x_wconf 89' lang='lat' dir='ltr'><strong>rebelles,</strong></span> <span class='ocrx_word' id='word_1_205' title='bbox 1706 2528 1932 2578; x_wconf 82' lang='lat' dir='ltr'><strong>camelos</strong></span> 
     </span>
    </p>
   </div>
   <div class='ocr_carea' id='block_1_29' title="bbox 236 2614 1930 2689">
    <p class='ocr_par' dir='ltr' id='par_1_29' title="bbox 236 2614 1930 2689">
     <span class='ocr_line' id='line_1_29' title="bbox 236 2614 1930 2689; baseline -0.005 -14"><span class='ocrx_word' id='word_1_206' title='bbox 236 2633 469 2689; x_wconf 90' lang='lat' dir='ltr'><strong>quoque</strong></span> <span class='ocrx_word' id='word_1_207' title='bbox 497 2618 744 2688; x_wconf 89' lang='lat' dir='ltr'><strong>pondere</strong></span> <span class='ocrx_word' id='word_1_208' title='bbox 760 2615 1111 2686; x_wconf 88' lang='lat' dir='ltr'><strong>cupiditatis,</strong></span> <span class='ocrx_word' id='word_1_209' title='bbox 1128 2629 1194 2669; x_wconf 90' lang='lat' dir='ltr'><strong>ac</strong></span> <span class='ocrx_word' id='word_1_210' title='bbox 1211 2615 1257 2669; x_wconf 93' lang='lat' dir='ltr'><strong>si</strong></span> <span class='ocrx_word' id='word_1_211' title='bbox 1278 2614 1432 2684; x_wconf 91' lang='lat' dir='ltr'><strong>gibbi</strong></span> <span class='ocrx_word' id='word_1_212' title='bbox 1455 2614 1525 2668; x_wconf 93' lang='lat' dir='ltr'><strong>ad</strong></span> <span class='ocrx_word' id='word_1_213' title='bbox 1541 2622 1767 2669; x_wconf 88' lang='lat' dir='ltr'><strong>terrena</strong></span> <span class='ocrx_word' id='word_1_214' title='bbox 1798 2626 1930 2682; x_wconf 91' lang='lat' dir='ltr'><strong>pro-</strong></span> 
     </span>
    </p>
   </div>
   <div class='ocr_carea' id='block_1_30' title="bbox 236 2703 1928 2775">
    <p class='ocr_par' dir='ltr' id='par_1_30' title="bbox 236 2703 1928 2775">
     <span class='ocr_line' id='line_1_30' title="bbox 236 2703 1928 2775; baseline -0.005 -11"><span class='ocrx_word' id='word_1_215' title='bbox 236 2708 430 2775; x_wconf 90' lang='lat' dir='ltr'><strong>clives,</strong></span> <span class='ocrx_word' id='word_1_216' title='bbox 461 2715 515 2763; x_wconf 89' lang='lat' dir='ltr'><strong>et</strong></span> <span class='ocrx_word' id='word_1_217' title='bbox 545 2709 745 2772; x_wconf 80' lang='lat' dir='ltr'><strong>asinos,</strong></span> <span class='ocrx_word' id='word_1_218' title='bbox 773 2704 1030 2772; x_wconf 91' lang='lat' dir='ltr'><strong>stupidos</strong></span> <span class='ocrx_word' id='word_1_219' title='bbox 1060 2703 1323 2758; x_wconf 84' lang='lat' dir='ltr'><strong>videlicet</strong></span> <span class='ocrx_word' id='word_1_220' title='bbox 1353 2703 1579 2768; x_wconf 85' lang='lat' dir='ltr'><strong>inertia,</strong></span> <span class='ocrx_word' id='word_1_221' title='bbox 1625 2710 1678 2757; x_wconf 94' lang='lat' dir='ltr'><strong>et</strong></span> <span class='ocrx_word' id='word_1_222' title='bbox 1707 2716 1928 2772; x_wconf 89' lang='lat' dir='ltr'><strong>segnes.</strong></span> 
     </span>
    </p>
   </div>
   <div class='ocr_carea' id='block_1_31' title="bbox 840 2846 1324 2903">
    <p class='ocr_par' dir='ltr' id='par_1_31' title="bbox 840 2846 1324 2903">
     <span class='ocr_line' id='line_1_31' title="bbox 840 2846 1324 2903; baseline -0.01 0"><span class='ocrx_word' id='word_1_223' title='bbox 840 2847 1072 2903; x_wconf 85' lang='lat' dir='ltr'><strong>CAPUT</strong></span> <span class='ocrx_word' id='word_1_224' title='bbox 1113 2846 1324 2902; x_wconf 88' lang='lat' dir='ltr'>XXXI.</span> 
     </span>
    </p>
   </div>
   <div class='ocr_carea' id='block_1_32' title="bbox 2038 456 3747 529">
    <p class='ocr_par' dir='ltr' id='par_1_32' title="bbox 2038 456 3747 529">
     <span class='ocr_line' id='line_1_32' title="bbox 2038 456 3747 529; baseline 0 -18"><span class='ocrx_word' id='word_1_225' title='bbox 2038 471 2136 529; x_wconf 86' lang='lat' dir='ltr'><strong>ges</strong></span> <span class='ocrx_word' id='word_1_226' title='bbox 2181 457 2612 527; x_wconf 84' lang='lat' dir='ltr'><strong>cogitationum.</strong></span> <span class='ocrx_word' id='word_1_227' title='bbox 2668 456 2958 528; x_wconf 88' lang='lat' dir='ltr'><strong>Intelligo,</strong></span> <span class='ocrx_word' id='word_1_228' title='bbox 3007 456 3106 522; x_wconf 88' lang='lat' dir='ltr'><strong>ait,</strong></span> <span class='ocrx_word' id='word_1_229' title='bbox 3163 456 3486 512; x_wconf 90' lang='lat' dir='ltr'><strong>serenitatis</strong></span> <span class='ocrx_word' id='word_1_230' title='bbox 3530 456 3747 512; x_wconf 63' lang='lat' dir='ltr'><strong>divinae</strong></span> 
     </span>
    </p>
   </div>
   <div class='ocr_carea' id='block_1_33' title="bbox 2038 545 3744 615">
    <p class='ocr_par' dir='ltr' id='par_1_33' title="bbox 2038 545 3744 615">
     <span class='ocr_line' id='line_1_33' title="bbox 2038 545 3744 615; baseline -0.001 -15"><span class='ocrx_word' id='word_1_231' title='bbox 2038 545 2427 615; x_wconf 84' lang='lat' dir='ltr'><strong>dignationem</strong></span> <span class='ocrx_word' id='word_1_232' title='bbox 2469 559 2502 600; x_wconf 91' lang='lat' dir='ltr'><strong>a</strong></span> <span class='ocrx_word' id='word_1_233' title='bbox 2535 560 2622 601; x_wconf 93' lang='lat' dir='ltr'><strong>me</strong></span> <span class='ocrx_word' id='word_1_234' title='bbox 2679 545 2882 600; x_wconf 89' lang='lat' dir='ltr'><strong>averti.</strong></span> <span class='ocrx_word' id='word_1_235' title='bbox 2944 546 3097 600; x_wconf 90' lang='lat' dir='ltr'><strong>Deus</strong></span> <span class='ocrx_word' id='word_1_236' title='bbox 3146 553 3335 600; x_wconf 89' lang='lat' dir='ltr'><strong>autem</strong></span> <span class='ocrx_word' id='word_1_237' title='bbox 3396 546 3573 615; x_wconf 84' lang='lat' dir='ltr'><strong>patris</strong></span> <span class='ocrx_word' id='word_1_238' title='bbox 3631 545 3744 600; x_wconf 91' lang='lat' dir='ltr'><strong>mei</strong></span> 
     </span>
    </p>
   </div>
   <div class='ocr_carea' id='block_1_34' title="bbox 2037 631 3744 704">
    <p class='ocr_par' dir='ltr' id='par_1_34' title="bbox 2037 631 3744 704">
     <span class='ocr_line' id='line_1_34' title="bbox 2037 631 3744 704; baseline -0.001 -17"><span class='ocrx_word' id='word_1_239' title='bbox 2037 631 2147 688; x_wconf 89' lang='lat' dir='ltr'><strong>fuit</strong></span> <span class='ocrx_word' id='word_1_240' title='bbox 2181 648 2402 690; x_wconf 89' lang='lat' dir='ltr'><strong>mecum</strong></span> <span class='ocrx_word' id='word_1_241' title='bbox 2453 641 2506 689; x_wconf 90' lang='lat' dir='ltr'><strong>et</strong></span> <span class='ocrx_word' id='word_1_242' title='bbox 2553 633 2752 704; x_wconf 73' lang='lat' dir='ltr'><strong>gratim</strong></span> <span class='ocrx_word' id='word_1_243' title='bbox 2791 635 2918 704; x_wconf 85' lang='lat' dir='ltr'><strong>ejus</strong></span> <span class='ocrx_word' id='word_1_244' title='bbox 2960 634 3110 688; x_wconf 92' lang='lat' dir='ltr'><strong>dona</strong></span> <span class='ocrx_word' id='word_1_245' title='bbox 3157 634 3362 689; x_wconf 88' lang='lat' dir='ltr'><strong>recolo.</strong></span> <span class='ocrx_word' id='word_1_246' title='bbox 3413 634 3608 703; x_wconf 94' lang='lat' dir='ltr'><strong>(Vens.</strong></span> <span class='ocrx_word' id='word_1_247' title='bbox 3667 633 3744 700; x_wconf 85' lang='lat'><strong>6.)</strong></span> 
     </span>
    </p>
   </div>
   <div class='ocr_carea' id='block_1_35' title="bbox 2038 721 3748 791">
    <p class='ocr_par' dir='ltr' id='par_1_35' title="bbox 2038 721 3748 791">
     <span class='ocr_line' id='line_1_35' title="bbox 2038 721 3748 791; baseline -0.002 -15"><span class='ocrx_word' id='word_1_248' title='bbox 2038 725 2107 777; x_wconf 89' lang='lat' dir='ltr'><strong>Et</strong></span> <span class='ocrx_word' id='word_1_249' title='bbox 2139 725 2270 791; x_wconf 60' lang='lat' dir='ltr'><strong>ipsa</strong></span> <span class='ocrx_word' id='word_1_250' title='bbox 2298 725 2468 776; x_wconf 81' lang='lat' dir='ltr'><strong>nostis</strong></span> <span class='ocrx_word' id='word_1_251' title='bbox 2510 721 2655 790; x_wconf 89' lang='lat' dir='ltr'><strong>quod</strong></span> <span class='ocrx_word' id='word_1_252' title='bbox 2686 725 2812 776; x_wconf 86' lang='lat' dir='ltr'><strong>totis</strong></span> <span class='ocrx_word' id='word_1_253' title='bbox 2841 722 3051 776; x_wconf 90' lang='lat' dir='ltr'><strong>viribus</strong></span> <span class='ocrx_word' id='word_1_254' title='bbox 3095 724 3226 775; x_wconf 89' lang='lat' dir='ltr'><strong>meis</strong></span> <span class='ocrx_word' id='word_1_255' title='bbox 3256 723 3535 775; x_wconf 84' lang='lat' dir='ltr'><strong>servierim</strong></span> <span class='ocrx_word' id='word_1_256' title='bbox 3590 722 3748 790; x_wconf 86' lang='lat' dir='ltr'><strong>patri</strong></span> 
     </span>
    </p>
   </div>
   <div class='ocr_carea' id='block_1_36' title="bbox 2037 808 3740 880">
    <p class='ocr_par' dir='ltr' id='par_1_36' title="bbox 2037 808 3740 880">
     <span class='ocr_line' id='line_1_36' title="bbox 2037 808 3740 880; baseline 0 -19"><span class='ocrx_word' id='word_1_257' title='bbox 2037 816 2231 876; x_wconf 77' lang='lat' dir='ltr'><strong>vestro,</strong></span> <span class='ocrx_word' id='word_1_258' title='bbox 2266 811 2315 866; x_wconf 93' lang='lat' dir='ltr'><strong>ei</strong></span> <span class='ocrx_word' id='word_1_259' title='bbox 2346 810 2556 865; x_wconf 87' lang='lat' dir='ltr'><strong>scilicet</strong></span> <span class='ocrx_word' id='word_1_260' title='bbox 2583 810 2684 880; x_wconf 89' lang='lat' dir='ltr'><strong>qui</strong></span> <span class='ocrx_word' id='word_1_261' title='bbox 2715 817 3022 880; x_wconf 79' lang='lat' dir='ltr'><strong>utriusque</strong></span> <span class='ocrx_word' id='word_1_262' title='bbox 3081 817 3282 864; x_wconf 81' lang='lat' dir='ltr'><strong>auctor</strong></span> <span class='ocrx_word' id='word_1_263' title='bbox 3309 808 3437 864; x_wconf 56' lang='lat' dir='ltr'><strong>vita</strong></span> <span class='ocrx_word' id='word_1_264' title='bbox 3481 817 3564 865; x_wconf 91' lang='lat' dir='ltr'><strong>est</strong></span> <span class='ocrx_word' id='word_1_265' title='bbox 3600 809 3740 863; x_wconf 93' lang='lat' dir='ltr'><strong>Deo.</strong></span> 
     </span>
    </p>
   </div>
   <div class='ocr_carea' id='block_1_37' title="bbox 2039 898 3746 970">
    <p class='ocr_par' dir='ltr' id='par_1_37' title="bbox 2039 898 3746 970">
     <span class='ocr_line' id='line_1_37' title="bbox 2039 898 3746 970; baseline -0.004 -14"><span class='ocrx_word' id='word_1_266' title='bbox 2039 902 2171 956; x_wconf 73' lang='lat' dir='ltr'><strong>Hzec</strong></span> <span class='ocrx_word' id='word_1_267' title='bbox 2203 915 2290 956; x_wconf 91' lang='lat' dir='ltr'><strong>me</strong></span> <span class='ocrx_word' id='word_1_268' title='bbox 2325 900 2506 970; x_wconf 92' lang='lat' dir='ltr'><strong>egisse</strong></span> <span class='ocrx_word' id='word_1_269' title='bbox 2563 907 2782 956; x_wconf 91' lang='lat' dir='ltr'><strong>certum</strong></span> <span class='ocrx_word' id='word_1_270' title='bbox 2845 907 3023 955; x_wconf 89' lang='lat' dir='ltr'><strong>teneo.</strong></span> <span class='ocrx_word' id='word_1_271' title='bbox 3075 899 3268 969; x_wconf 84' lang='lat' dir='ltr'><strong>(Vens.</strong></span> <span class='ocrx_word' id='word_1_272' title='bbox 3303 901 3375 964; x_wconf 81' lang='lat'><strong>7.)</strong></span> <span class='ocrx_word' id='word_1_273' title='bbox 3428 898 3534 953; x_wconf 87' lang='lat' dir='ltr'><strong>Sed</strong></span> <span class='ocrx_word' id='word_1_274' title='bbox 3582 903 3746 967; x_wconf 81' lang='lat' dir='ltr'><strong>pater</strong></span> 
     </span>
    </p>
   </div>
   <div class='ocr_carea' id='block_1_38' title="bbox 2036 987 3745 1058">
    <p class='ocr_par' dir='ltr' id='par_1_38' title="bbox 2036 987 3745 1058">
     <span class='ocr_line' id='line_1_38' title="bbox 2036 987 3745 1058; baseline -0.001 -15"><span class='ocrx_word' id='word_1_275' title='bbox 2036 995 2210 1044; x_wconf 79' lang='lat' dir='ltr'><strong>vester</strong></span> <span class='ocrx_word' id='word_1_276' title='bbox 2247 991 2597 1044; x_wconf 88' lang='lat' dir='ltr'><strong>circumvenit</strong></span> <span class='ocrx_word' id='word_1_277' title='bbox 2642 1005 2746 1058; x_wconf 90' lang='lat' dir='ltr'><strong>me,</strong></span> <span class='ocrx_word' id='word_1_278' title='bbox 2779 989 2830 1043; x_wconf 93' lang='lat' dir='ltr'><strong>id</strong></span> <span class='ocrx_word' id='word_1_279' title='bbox 2874 996 2957 1043; x_wconf 90' lang='lat' dir='ltr'><strong>est</strong></span> <span class='ocrx_word' id='word_1_280' title='bbox 2986 988 3190 1043; x_wconf 64' lang='lat' dir='ltr'><strong>oblatae</strong></span> <span class='ocrx_word' id='word_1_281' title='bbox 3241 987 3561 1043; x_wconf 85' lang='lat' dir='ltr'><strong>dulcedinis</strong></span> <span class='ocrx_word' id='word_1_282' title='bbox 3609 1002 3745 1042; x_wconf 87' lang='lat' dir='ltr'><strong>con-</strong></span> 
     </span>
    </p>
   </div>
   <div class='ocr_carea' id='block_1_39' title="bbox 2036 1076 3745 1143">
    <p class='ocr_par' dir='ltr' id='par_1_39' title="bbox 2036 1076 3745 1143">
     <span class='ocr_line' id='line_1_39' title="bbox 2036 1076 3745 1143; baseline -0.002 -9"><span class='ocrx_word' id='word_1_283' title='bbox 2036 1077 2314 1134; x_wconf 89' lang='lat' dir='ltr'><strong>versionis</strong></span> <span class='ocrx_word' id='word_1_284' title='bbox 2344 1077 2502 1133; x_wconf 91' lang='lat' dir='ltr'><strong>initio</strong></span> <span class='ocrx_word' id='word_1_285' title='bbox 2539 1078 2720 1132; x_wconf 75' lang='lat' dir='ltr'><strong>illexit</strong></span> <span class='ocrx_word' id='word_1_286' title='bbox 2757 1091 2847 1132; x_wconf 90' lang='lat' dir='ltr'><strong>me</strong></span> <span class='ocrx_word' id='word_1_287' title='bbox 2881 1077 3190 1143; x_wconf 91' lang='lat' dir='ltr'><strong>blanditiis,</strong></span> <span class='ocrx_word' id='word_1_288' title='bbox 3215 1083 3270 1132; x_wconf 89' lang='lat' dir='ltr'><strong>et</strong></span> <span class='ocrx_word' id='word_1_289' title='bbox 3309 1076 3555 1132; x_wconf 86' lang='lat' dir='ltr'><strong>mutavit</strong></span> <span class='ocrx_word' id='word_1_290' title='bbox 3598 1090 3745 1131; x_wconf 88' lang='lat' dir='ltr'><strong>mer-</strong></span> 
     </span>
    </p>
   </div>
   <div class='ocr_carea' id='block_1_40' title="bbox 2038 1166 3740 1231">
    <p class='ocr_par' dir='ltr' id='par_1_40' title="bbox 2038 1166 3740 1231">
     <span class='ocr_line' id='line_1_40' title="bbox 2038 1166 3740 1231; baseline -0.002 -9"><span class='ocrx_word' id='word_1_291' title='bbox 2038 1167 2230 1222; x_wconf 88' lang='lat' dir='ltr'><strong>cedem</strong></span> <span class='ocrx_word' id='word_1_292' title='bbox 2261 1181 2443 1222; x_wconf 87' lang='lat' dir='ltr'><strong>meam</strong></span> <span class='ocrx_word' id='word_1_293' title='bbox 2477 1167 2669 1221; x_wconf 89' lang='lat' dir='ltr'><strong>decem</strong></span> <span class='ocrx_word' id='word_1_294' title='bbox 2703 1166 2946 1231; x_wconf 90' lang='lat' dir='ltr'><strong>vicibus,</strong></span> <span class='ocrx_word' id='word_1_295' title='bbox 2996 1166 3050 1220; x_wconf 90' lang='lat' dir='ltr'><strong>id</strong></span> <span class='ocrx_word' id='word_1_296' title='bbox 3087 1173 3170 1220; x_wconf 91' lang='lat' dir='ltr'><strong>est</strong></span> <span class='ocrx_word' id='word_1_297' title='bbox 3219 1179 3350 1220; x_wconf 91' lang='lat' dir='ltr'><strong>cum</strong></span> <span class='ocrx_word' id='word_1_298' title='bbox 3403 1166 3740 1221; x_wconf 88' lang='lat' dir='ltr'><strong>meruissem</strong></span> 
     </span>
    </p>
   </div>
   <div class='ocr_carea' id='block_1_41' title="bbox 2044 1254 3737 1324">
    <p class='ocr_par' dir='ltr' id='par_1_41' title="bbox 2044 1254 3737 1324">
     <span class='ocr_line' id='line_1_41' title="bbox 2044 1254 3737 1324; baseline -0.001 -15"><span class='ocrx_word' id='word_1_299' title='bbox 2044 1261 2187 1309; x_wconf 55' lang='lat' dir='ltr'><strong>ne</strong></span> <span class='ocrx_word' id='word_1_300' title='bbox 2222 1255 2342 1324; x_wconf 86' lang='lat' dir='ltr'><strong>jam</strong></span> <span class='ocrx_word' id='word_1_301' title='bbox 2367 1255 2589 1310; x_wconf 91' lang='lat' dir='ltr'><strong>diutino</strong></span> <span class='ocrx_word' id='word_1_302' title='bbox 2619 1254 2810 1310; x_wconf 89' lang='lat' dir='ltr'><strong>labore</strong></span> <span class='ocrx_word' id='word_1_303' title='bbox 2850 1255 3024 1308; x_wconf 90' lang='lat' dir='ltr'><strong>animi</strong></span> <span class='ocrx_word' id='word_1_304' title='bbox 3050 1255 3321 1323; x_wconf 88' lang='lat' dir='ltr'><strong>quietem,</strong></span> <span class='ocrx_word' id='word_1_305' title='bbox 3371 1255 3737 1323; x_wconf 90' lang='lat' dir='ltr'><strong>quinarium,</strong></span> 
     </span>
    </p>
   </div>
   <div class='ocr_carea' id='block_1_42' title="bbox 2039 1342 3743 1414">
    <p class='ocr_par' dir='ltr' id='par_1_42' title="bbox 2039 1342 3743 1414">
     <span class='ocr_line' id='line_1_42' title="bbox 2039 1342 3743 1414; baseline -0.002 -15"><span class='ocrx_word' id='word_1_306' title='bbox 2039 1343 2137 1414; x_wconf 90' lang='lat' dir='ltr'><strong>qui</strong></span> <span class='ocrx_word' id='word_1_307' title='bbox 2165 1343 2222 1398; x_wconf 91' lang='lat' dir='ltr'><strong>in</strong></span> <span class='ocrx_word' id='word_1_308' title='bbox 2244 1343 2774 1400; x_wconf 84' lang='lat' dir='ltr'><strong>externissensibus</strong></span> <span class='ocrx_word' id='word_1_309' title='bbox 2792 1359 2806 1411; x_wconf 87' lang='lat'>;</span> <span class='ocrx_word' id='word_1_310' title='bbox 2827 1345 3074 1412; x_wconf 90' lang='lat' dir='ltr'><strong>itemque</strong></span> <span class='ocrx_word' id='word_1_311' title='bbox 3097 1343 3433 1412; x_wconf 87' lang='lat' dir='ltr'><strong>quinarium</strong></span> <span class='ocrx_word' id='word_1_312' title='bbox 3449 1342 3743 1398; x_wconf 87' lang='lat' dir='ltr'><strong>sensuali-</strong></span> 
     </span>
    </p>
   </div>
   <div class='ocr_carea' id='block_1_43' title="bbox 2042 1431 3740 1502">
    <p class='ocr_par' dir='ltr' id='par_1_43' title="bbox 2042 1431 3740 1502">
     <span class='ocr_line' id='line_1_43' title="bbox 2042 1431 3740 1502; baseline -0.001 -14"><span class='ocrx_word' id='word_1_313' title='bbox 2042 1432 2194 1498; x_wconf 91' lang='lat' dir='ltr'><strong>tatis,</strong></span> <span class='ocrx_word' id='word_1_314' title='bbox 2238 1433 2336 1502; x_wconf 88' lang='lat' dir='ltr'><strong>qui</strong></span> <span class='ocrx_word' id='word_1_315' title='bbox 2385 1433 2558 1488; x_wconf 90' lang='lat' dir='ltr'><strong>etiam</strong></span> <span class='ocrx_word' id='word_1_316' title='bbox 2607 1431 2868 1488; x_wconf 90' lang='lat' dir='ltr'><strong>vivacius</strong></span> <span class='ocrx_word' id='word_1_317' title='bbox 2919 1431 3304 1501; x_wconf 90' lang='lat' dir='ltr'><strong>imaginaliter</strong></span> <span class='ocrx_word' id='word_1_318' title='bbox 3342 1432 3516 1487; x_wconf 91' lang='lat' dir='ltr'><strong>menti</strong></span> <span class='ocrx_word' id='word_1_319' title='bbox 3568 1433 3740 1498; x_wconf 90' lang='lat' dir='ltr'><strong>inest,</strong></span> 
     </span>
    </p>
   </div>
   <div class='ocr_carea' id='block_1_44' title="bbox 2042 1519 3737 1591">
    <p class='ocr_par' dir='ltr' id='par_1_44' title="bbox 2042 1519 3737 1591">
     <span class='ocr_line' id='line_1_44' title="bbox 2042 1519 3737 1591; baseline 0 -15"><span class='ocrx_word' id='word_1_320' title='bbox 2042 1521 2195 1591; x_wconf 89' lang='lat' dir='ltr'><strong>quod</strong></span> <span class='ocrx_word' id='word_1_321' title='bbox 2231 1528 2548 1590; x_wconf 89' lang='lat' dir='ltr'><strong>utrumque</strong></span> <span class='ocrx_word' id='word_1_322' title='bbox 2591 1535 2696 1590; x_wconf 93' lang='lat' dir='ltr'><strong>pro</strong></span> <span class='ocrx_word' id='word_1_323' title='bbox 2729 1521 2922 1574; x_wconf 90' lang='lat' dir='ltr'><strong>decem</strong></span> <span class='ocrx_word' id='word_1_324' title='bbox 2971 1520 3195 1574; x_wconf 89' lang='lat' dir='ltr'><strong>vicibus</strong></span> <span class='ocrx_word' id='word_1_325' title='bbox 3246 1519 3482 1590; x_wconf 91' lang='lat' dir='ltr'><strong>intelligi</strong></span> <span class='ocrx_word' id='word_1_326' title='bbox 3533 1528 3737 1590; x_wconf 78' lang='lat' dir='ltr'><strong>potest,</strong></span> 
     </span>
    </p>
   </div>
   <div class='ocr_carea' id='block_1_45' title="bbox 2045 1609 3832 1679">
    <p class='ocr_par' dir='ltr' id='par_1_45' title="bbox 2045 1609 3832 1679">
     <span class='ocr_line' id='line_1_45' title="bbox 2045 1609 3832 1679; baseline 0.001 -16"><span class='ocrx_word' id='word_1_327' title='bbox 2045 1609 2388 1664; x_wconf 87' lang='lat' dir='ltr'><strong>naturaliter</strong></span> <span class='ocrx_word' id='word_1_328' title='bbox 2419 1609 2652 1678; x_wconf 84' lang='lat' dir='ltr'><strong>quidem</strong></span> <span class='ocrx_word' id='word_1_329' title='bbox 2682 1624 2813 1664; x_wconf 91' lang='lat' dir='ltr'><strong>cum</strong></span> <span class='ocrx_word' id='word_1_330' title='bbox 2846 1609 3122 1664; x_wconf 87' lang='lat' dir='ltr'><strong>rationem</strong></span> <span class='ocrx_word' id='word_1_331' title='bbox 3159 1610 3478 1679; x_wconf 89' lang='lat' dir='ltr'><strong>impugnet,</strong></span> <span class='ocrx_word' id='word_1_332' title='bbox 3523 1625 3634 1664; x_wconf 91' lang='lat' dir='ltr'><strong>non</strong></span> <span class='ocrx_word' id='word_1_333' title='bbox 3678 1610 3741 1665; x_wconf 92' lang='lat' dir='ltr'><strong>in</strong></span> <span class='ocrx_word' id='word_1_334' title='bbox 3812 1642 3832 1651; x_wconf 61' lang='grc' dir='ltr'><strong>-ς</strong></span> 
     </span>
    </p>
   </div>
   <div class='ocr_carea' id='block_1_46' title="bbox 2046 1696 3742 1767">
    <p class='ocr_par' dir='ltr' id='par_1_46' title="bbox 2046 1696 3742 1767">
     <span class='ocr_line' id='line_1_46' title="bbox 2046 1696 3742 1767; baseline 0.002 -17"><span class='ocrx_word' id='word_1_335' title='bbox 2046 1710 2243 1766; x_wconf 90' lang='lat' dir='ltr'><strong>pacem</strong></span> <span class='ocrx_word' id='word_1_336' title='bbox 2276 1696 2415 1752; x_wconf 91' lang='lat' dir='ltr'><strong>mihi</strong></span> <span class='ocrx_word' id='word_1_337' title='bbox 2458 1697 2556 1751; x_wconf 90' lang='lat' dir='ltr'><strong>sed</strong></span> <span class='ocrx_word' id='word_1_338' title='bbox 2589 1697 2644 1750; x_wconf 92' lang='lat' dir='ltr'><strong>in</strong></span> <span class='ocrx_word' id='word_1_339' title='bbox 2682 1696 2832 1752; x_wconf 89' lang='lat' dir='ltr'><strong>bella</strong></span> <span class='ocrx_word' id='word_1_340' title='bbox 2875 1697 3139 1764; x_wconf 87' lang='lat' dir='ltr'><strong>mutavit,</strong></span> <span class='ocrx_word' id='word_1_341' title='bbox 3182 1697 3276 1752; x_wconf 91' lang='lat' dir='ltr'><strong>sed</strong></span> <span class='ocrx_word' id='word_1_342' title='bbox 3318 1713 3429 1752; x_wconf 89' lang='lat' dir='ltr'><strong>non</strong></span> <span class='ocrx_word' id='word_1_343' title='bbox 3480 1698 3742 1767; x_wconf 90' lang='lat' dir='ltr'><strong>permisit</strong></span> 
     </span>
    </p>
   </div>
   <div class='ocr_carea' id='block_1_47' title="bbox 2043 1785 3743 1850">
    <p class='ocr_par' dir='ltr' id='par_1_47' title="bbox 2043 1785 3743 1850">
     <span class='ocr_line' id='line_1_47' title="bbox 2043 1785 3743 1850; baseline 0 -10"><span class='ocrx_word' id='word_1_344' title='bbox 2043 1799 2174 1840; x_wconf 87' lang='lat' dir='ltr'><strong>eum</strong></span> <span class='ocrx_word' id='word_1_345' title='bbox 2210 1786 2361 1840; x_wconf 90' lang='lat' dir='ltr'><strong>Deus</strong></span> <span class='ocrx_word' id='word_1_346' title='bbox 2396 1793 2456 1840; x_wconf 91' lang='lat' dir='ltr'><strong>ut</strong></span> <span class='ocrx_word' id='word_1_347' title='bbox 2496 1793 2722 1842; x_wconf 86' lang='lat' dir='ltr'><strong>noceret</strong></span> <span class='ocrx_word' id='word_1_348' title='bbox 2754 1786 2918 1850; x_wconf 90' lang='lat' dir='ltr'><strong>mihi,</strong></span> <span class='ocrx_word' id='word_1_349' title='bbox 2950 1785 3002 1840; x_wconf 92' lang='lat' dir='ltr'><strong>id</strong></span> <span class='ocrx_word' id='word_1_350' title='bbox 3031 1793 3114 1841; x_wconf 90' lang='lat' dir='ltr'><strong>est</strong></span> <span class='ocrx_word' id='word_1_351' title='bbox 3144 1801 3276 1842; x_wconf 89' lang='lat' dir='ltr'><strong>cum</strong></span> <span class='ocrx_word' id='word_1_352' title='bbox 3316 1787 3388 1842; x_wconf 91' lang='lat' dir='ltr'><strong>sit</strong></span> <span class='ocrx_word' id='word_1_353' title='bbox 3432 1787 3743 1843; x_wconf 88' lang='lat' dir='ltr'><strong>essentiali-</strong></span> 
     </span>
    </p>
   </div>
   <div class='ocr_carea' id='block_1_48' title="bbox 2044 1874 3742 1945">
    <p class='ocr_par' dir='ltr' id='par_1_48' title="bbox 2044 1874 3742 1945">
     <span class='ocr_line' id='line_1_48' title="bbox 2044 1874 3742 1945; baseline 0.001 -17"><span class='ocrx_word' id='word_1_354' title='bbox 2044 1880 2128 1928; x_wconf 90' lang='lat' dir='ltr'><strong>ter</strong></span> <span class='ocrx_word' id='word_1_355' title='bbox 2161 1874 2310 1928; x_wconf 90' lang='lat' dir='ltr'><strong>Deus</strong></span> <span class='ocrx_word' id='word_1_356' title='bbox 2341 1874 2756 1944; x_wconf 89' lang='lat' dir='ltr'><strong>propriumque</strong></span> <span class='ocrx_word' id='word_1_357' title='bbox 2786 1874 2898 1928; x_wconf 89' lang='lat' dir='ltr'><strong>Deo</strong></span> <span class='ocrx_word' id='word_1_358' title='bbox 2943 1875 3034 1940; x_wconf 92' lang='lat' dir='ltr'><strong>sit,</strong></span> <span class='ocrx_word' id='word_1_359' title='bbox 3069 1883 3131 1929; x_wconf 93' lang='lat' dir='ltr'><strong>ut</strong></span> <span class='ocrx_word' id='word_1_360' title='bbox 3163 1875 3234 1929; x_wconf 87' lang='lat' dir='ltr'><strong>sit</strong></span> <span class='ocrx_word' id='word_1_361' title='bbox 3265 1874 3413 1944; x_wconf 92' lang='lat' dir='ltr'><strong>pius,</strong></span> <span class='ocrx_word' id='word_1_362' title='bbox 3464 1875 3586 1945; x_wconf 89' lang='lat' dir='ltr'><strong>ipsa</strong></span> <span class='ocrx_word' id='word_1_363' title='bbox 3631 1890 3742 1931; x_wconf 91' lang='lat' dir='ltr'><strong>sua</strong></span> 
     </span>
    </p>
   </div>
   <div class='ocr_carea' id='block_1_49' title="bbox 2042 1961 3739 2031">
    <p class='ocr_par' dir='ltr' id='par_1_49' title="bbox 2042 1961 3739 2031">
     <span class='ocr_line' id='line_1_49' title="bbox 2042 1961 3739 2031; baseline 0.002 -17"><span class='ocrx_word' id='word_1_364' title='bbox 2042 1961 2324 2016; x_wconf 87' lang='lat' dir='ltr'><strong>naturalis</strong></span> <span class='ocrx_word' id='word_1_365' title='bbox 2349 1962 2535 2031; x_wconf 90' lang='lat' dir='ltr'><strong>gratia</strong></span> <span class='ocrx_word' id='word_1_366' title='bbox 2563 1976 2677 2015; x_wconf 92' lang='lat' dir='ltr'><strong>non</strong></span> <span class='ocrx_word' id='word_1_367' title='bbox 2709 1961 2841 2016; x_wconf 88' lang='lat' dir='ltr'><strong>sivit</strong></span> <span class='ocrx_word' id='word_1_368' title='bbox 2877 1976 3032 2027; x_wconf 90' lang='lat' dir='ltr'><strong>eum,</strong></span> <span class='ocrx_word' id='word_1_369' title='bbox 3085 1965 3148 2016; x_wconf 86' lang='lat' dir='ltr'><strong>ut</strong></span> <span class='ocrx_word' id='word_1_370' title='bbox 3191 1962 3496 2018; x_wconf 93' lang='lat' dir='ltr'><strong>imminens</strong></span> <span class='ocrx_word' id='word_1_371' title='bbox 3547 1970 3739 2018; x_wconf 85' lang='lat' dir='ltr'><strong>tenta-</strong></span> 
     </span>
    </p>
   </div>
   <div class='ocr_carea' id='block_1_50' title="bbox 2042 2049 3590 2118">
    <p class='ocr_par' dir='ltr' id='par_1_50' title="bbox 2042 2049 3590 2118">
     <span class='ocr_line' id='line_1_50' title="bbox 2042 2049 3590 2118; baseline -0.001 -13"><span class='ocrx_word' id='word_1_372' title='bbox 2042 2049 2213 2105; x_wconf 90' lang='lat' dir='ltr'><strong>tionis</strong></span> <span class='ocrx_word' id='word_1_373' title='bbox 2245 2049 2506 2118; x_wconf 61' lang='lat' dir='ltr'><strong>praelium</strong></span> <span class='ocrx_word' id='word_1_374' title='bbox 2536 2049 2884 2118; x_wconf 88' lang='lat' dir='ltr'><strong>permitteret</strong></span> <span class='ocrx_word' id='word_1_375' title='bbox 2927 2049 3073 2104; x_wconf 81' lang='lat' dir='ltr'><strong>verti</strong></span> <span class='ocrx_word' id='word_1_376' title='bbox 3117 2051 3170 2104; x_wconf 92' lang='lat' dir='ltr'><strong>in</strong></span> <span class='ocrx_word' id='word_1_377' title='bbox 3205 2049 3424 2106; x_wconf 83' lang='lat' dir='ltr'><strong>exitum</strong></span> <span class='ocrx_word' id='word_1_378' title='bbox 3460 2051 3590 2106; x_wconf 89' lang='lat' dir='ltr'><strong>mei.</strong></span> 
     </span>
    </p>
   </div>
   <div class='ocr_carea' id='block_1_51' title="bbox 2118 2163 3737 2232">
    <p class='ocr_par' dir='ltr' id='par_1_51' title="bbox 2118 2163 3737 2232">
     <span class='ocr_line' id='line_1_51' title="bbox 2118 2163 3737 2232; baseline 0.001 -13"><span class='ocrx_word' id='word_1_379' title='bbox 2118 2163 2282 2219; x_wconf 85' lang='lat' dir='ltr'><strong>Vens.</strong></span> <span class='ocrx_word' id='word_1_380' title='bbox 2318 2166 2370 2218; x_wconf 92' lang='lat'><strong>8.</strong></span> <span class='ocrx_word' id='word_1_381' title='bbox 2418 2193 2484 2202; x_wconf 95' lang='lat'><strong><em>—</em></strong></span> <span class='ocrx_word' id='word_1_382' title='bbox 2517 2163 2579 2218; x_wconf 93' lang='lat' dir='ltr'><strong>Si</strong></span> <span class='ocrx_word' id='word_1_383' title='bbox 2616 2163 2834 2232; x_wconf 85' lang='lat' dir='ltr'><strong>quando</strong></span> <span class='ocrx_word' id='word_1_384' title='bbox 2865 2163 3012 2216; x_wconf 73' lang='lat' dir='ltr'><strong>dimit</strong></span> <span class='ocrx_word' id='word_1_385' title='bbox 3045 2177 3057 2216; x_wconf 89' lang='lat'><strong>:</strong></span> <span class='ocrx_word' id='word_1_386' title='bbox 3107 2165 3288 2218; x_wconf 76' lang='lat' dir='ltr'><strong>Variae</strong></span> <span class='ocrx_word' id='word_1_387' title='bbox 3326 2169 3484 2218; x_wconf 88' lang='lat' dir='ltr'><strong>erunt</strong></span> <span class='ocrx_word' id='word_1_388' title='bbox 3534 2182 3737 2221; x_wconf 84' lang='lat' dir='ltr'><strong>merce-</strong></span> 
     </span>
    </p>
   </div>
   <div class='ocr_carea' id='block_1_52' title="bbox 2039 2251 3740 2320">
    <p class='ocr_par' dir='ltr' id='par_1_52' title="bbox 2039 2251 3740 2320">
     <span class='ocr_line' id='line_1_52' title="bbox 2039 2251 3740 2320; baseline 0.002 -14"><span class='ocrx_word' id='word_1_389' title='bbox 2039 2251 2132 2306; x_wconf 85' lang='lat' dir='ltr'><strong>des</strong></span> <span class='ocrx_word' id='word_1_390' title='bbox 2173 2257 2308 2318; x_wconf 75' lang='lat' dir='ltr'><strong>tuae;</strong></span> <span class='ocrx_word' id='word_1_391' title='bbox 2357 2253 2642 2320; x_wconf 87' lang='lat' dir='ltr'><strong>pariebant</strong></span> <span class='ocrx_word' id='word_1_392' title='bbox 2671 2267 2848 2306; x_wconf 90' lang='lat' dir='ltr'><strong>omnes</strong></span> <span class='ocrx_word' id='word_1_393' title='bbox 2876 2255 3056 2306; x_wconf 88' lang='lat' dir='ltr'><strong>varios</strong></span> <span class='ocrx_word' id='word_1_394' title='bbox 3085 2255 3250 2318; x_wconf 82' lang='lat' dir='ltr'><strong>fetus.</strong></span> <span class='ocrx_word' id='word_1_395' title='bbox 3295 2254 3520 2319; x_wconf 84' lang='lat' dir='ltr'><strong>Quando</strong></span> <span class='ocrx_word' id='word_1_396' title='bbox 3558 2262 3740 2310; x_wconf 87' lang='lat' dir='ltr'><strong>autem</strong></span> 
     </span>
    </p>
   </div>
   <div class='ocr_carea' id='block_1_53' title="bbox 2040 2341 3737 2415">
    <p class='ocr_par' dir='ltr' id='par_1_53' title="bbox 2040 2341 3737 2415">
     <span class='ocr_line' id='line_1_53' title="bbox 2040 2341 3737 2415; baseline 0.002 -20"><span class='ocrx_word' id='word_1_397' title='bbox 2040 2342 2360 2395; x_wconf 87' lang='lat' dir='ltr'><strong>econtrario</strong></span> <span class='ocrx_word' id='word_1_398' title='bbox 2390 2343 2470 2394; x_wconf 88' lang='lat' dir='ltr'><strong>ait</strong></span> <span class='ocrx_word' id='word_1_399' title='bbox 2504 2358 2516 2394; x_wconf 89' lang='lat'>:</span> <span class='ocrx_word' id='word_1_400' title='bbox 2568 2341 2713 2395; x_wconf 83' lang='lat' dir='ltr'><strong>Alba</strong></span> <span class='ocrx_word' id='word_1_401' title='bbox 2751 2357 2974 2410; x_wconf 68' lang='lat' dir='ltr'><strong>quaeque</strong></span> <span class='ocrx_word' id='word_1_402' title='bbox 3026 2344 3259 2410; x_wconf 80' lang='lat' dir='ltr'><strong>accipies</strong></span> <span class='ocrx_word' id='word_1_403' title='bbox 3305 2359 3410 2412; x_wconf 85' lang='lat' dir='ltr'><strong>pro</strong></span> <span class='ocrx_word' id='word_1_404' title='bbox 3462 2345 3737 2415; x_wconf 84' lang='lat' dir='ltr'><strong>mercede;</strong></span> 
     </span>
    </p>
   </div>
   <div class='ocr_carea' id='block_1_54' title="bbox 2039 2429 3742 2500">
    <p class='ocr_par' dir='ltr' id='par_1_54' title="bbox 2039 2429 3742 2500">
     <span class='ocr_line' id='line_1_54' title="bbox 2039 2429 3742 2500; baseline 0.004 -17"><span class='ocrx_word' id='word_1_405' title='bbox 2039 2445 2216 2483; x_wconf 88' lang='lat' dir='ltr'><strong>omnes</strong></span> <span class='ocrx_word' id='word_1_406' title='bbox 2236 2429 2432 2500; x_wconf 68' lang='lat' dir='ltr'><strong>[greges</strong></span> <span class='ocrx_word' id='word_1_407' title='bbox 2479 2429 2606 2483; x_wconf 90' lang='lat' dir='ltr'><strong>alba</strong></span> <span class='ocrx_word' id='word_1_408' title='bbox 2649 2435 2994 2499; x_wconf 84' lang='lat' dir='ltr'><strong>pepererunt.</strong></span> <span class='ocrx_word' id='word_1_409' title='bbox 3044 2429 3204 2497; x_wconf 87' lang='lat' dir='ltr'><strong>Quod</strong></span> <span class='ocrx_word' id='word_1_410' title='bbox 3251 2439 3335 2487; x_wconf 92' lang='lat' dir='ltr'><strong>est</strong></span> <span class='ocrx_word' id='word_1_411' title='bbox 3382 2432 3586 2499; x_wconf 89' lang='lat' dir='ltr'><strong>dicere,</strong></span> <span class='ocrx_word' id='word_1_412' title='bbox 3629 2448 3742 2489; x_wconf 86' lang='lat' dir='ltr'><strong>sua</strong></span> 
     </span>
    </p>
   </div>
   <div class='ocr_carea' id='block_1_55' title="bbox 2039 2517 3737 2588">
    <p class='ocr_par' dir='ltr' id='par_1_55' title="bbox 2039 2517 3737 2588">
     <span class='ocr_line' id='line_1_55' title="bbox 2039 2517 3737 2588; baseline 0.002 -16"><span class='ocrx_word' id='word_1_413' title='bbox 2039 2517 2336 2587; x_wconf 88' lang='lat' dir='ltr'><strong>originalis</strong></span> <span class='ocrx_word' id='word_1_414' title='bbox 2380 2517 2681 2572; x_wconf 88' lang='lat' dir='ltr'><strong>clementia</strong></span> <span class='ocrx_word' id='word_1_415' title='bbox 2717 2532 2850 2573; x_wconf 91' lang='lat' dir='ltr'><strong>eum</strong></span> <span class='ocrx_word' id='word_1_416' title='bbox 2894 2532 3030 2574; x_wconf 89' lang='lat' dir='ltr'><strong>vero</strong></span> <span class='ocrx_word' id='word_1_417' title='bbox 3077 2519 3337 2575; x_wconf 90' lang='lat' dir='ltr'><strong>cohibuit</strong></span> <span class='ocrx_word' id='word_1_418' title='bbox 3367 2534 3402 2574; x_wconf 89' lang='lat' dir='ltr'><strong>a</strong></span> <span class='ocrx_word' id='word_1_419' title='bbox 3457 2521 3737 2588; x_wconf 88' lang='lat' dir='ltr'><strong>nocendo,</strong></span> 
     </span>
    </p>
   </div>
   <div class='ocr_carea' id='block_1_56' title="bbox 2041 2605 3745 2678">
    <p class='ocr_par' dir='ltr' id='par_1_56' title="bbox 2041 2605 3745 2678">
     <span class='ocr_line' id='line_1_56' title="bbox 2041 2605 3745 2678; baseline 0.003 -19"><span class='ocrx_word' id='word_1_420' title='bbox 2041 2606 2180 2674; x_wconf 90' lang='lat' dir='ltr'><strong>quia</strong></span> <span class='ocrx_word' id='word_1_421' title='bbox 2199 2606 2245 2660; x_wconf 93' lang='lat' dir='ltr'><strong>si</strong></span> <span class='ocrx_word' id='word_1_422' title='bbox 2275 2605 2730 2661; x_wconf 89' lang='lat' dir='ltr'><strong>intellectualiter</strong></span> <span class='ocrx_word' id='word_1_423' title='bbox 2761 2605 3078 2675; x_wconf 90' lang='lat' dir='ltr'><strong>aliquando</strong></span> <span class='ocrx_word' id='word_1_424' title='bbox 3124 2608 3182 2662; x_wconf 93' lang='lat' dir='ltr'><strong>in</strong></span> <span class='ocrx_word' id='word_1_425' title='bbox 3230 2607 3441 2676; x_wconf 89' lang='lat' dir='ltr'><strong>meipso</strong></span> <span class='ocrx_word' id='word_1_426' title='bbox 3490 2623 3591 2678; x_wconf 92' lang='lat' dir='ltr'><strong>per</strong></span> <span class='ocrx_word' id='word_1_427' title='bbox 3628 2623 3745 2664; x_wconf 88' lang='lat' dir='ltr'><strong>me-</strong></span> 
     </span>
    </p>
   </div>
   <div class='ocr_carea' id='block_1_57' title="bbox 2040 2693 3742 2767">
    <p class='ocr_par' dir='ltr' id='par_1_57' title="bbox 2040 2693 3742 2767">
     <span class='ocr_line' id='line_1_57' title="bbox 2040 2693 3742 2767; baseline 0.002 -19"><span class='ocrx_word' id='word_1_428' title='bbox 2040 2694 2230 2762; x_wconf 90' lang='lat' dir='ltr'><strong>ipsum</strong></span> <span class='ocrx_word' id='word_1_429' title='bbox 2277 2693 2442 2760; x_wconf 90' lang='lat' dir='ltr'><strong>dixit,</strong></span> <span class='ocrx_word' id='word_1_430' title='bbox 2492 2701 2554 2749; x_wconf 93' lang='lat' dir='ltr'><strong>ut</strong></span> <span class='ocrx_word' id='word_1_431' title='bbox 2604 2695 2898 2750; x_wconf 88' lang='lat' dir='ltr'><strong>varietatis</strong></span> <span class='ocrx_word' id='word_1_432' title='bbox 2934 2709 3071 2750; x_wconf 78' lang='lat' dir='ltr'><strong>meae</strong></span> <span class='ocrx_word' id='word_1_433' title='bbox 3117 2695 3472 2751; x_wconf 90' lang='lat' dir='ltr'><strong>instabilitati</strong></span> <span class='ocrx_word' id='word_1_434' title='bbox 3517 2712 3742 2767; x_wconf 90' lang='lat' dir='ltr'><strong>cogno-</strong></span> 
     </span>
    </p>
   </div>
   <div class='ocr_carea' id='block_1_58' title="bbox 2039 2782 3742 2854">
    <p class='ocr_par' dir='ltr' id='par_1_58' title="bbox 2039 2782 3742 2854">
     <span class='ocr_line' id='line_1_58' title="bbox 2039 2782 3742 2854; baseline 0.002 -16"><span class='ocrx_word' id='word_1_435' title='bbox 2039 2782 2260 2838; x_wconf 69' lang='lat' dir='ltr'><strong>scendte</strong></span> <span class='ocrx_word' id='word_1_436' title='bbox 2287 2783 2581 2848; x_wconf 89' lang='lat' dir='ltr'><strong>instarem,</strong></span> <span class='ocrx_word' id='word_1_437' title='bbox 2617 2783 2841 2853; x_wconf 89' lang='lat' dir='ltr'><strong>hocque</strong></span> <span class='ocrx_word' id='word_1_438' title='bbox 2873 2783 3011 2838; x_wconf 90' lang='lat' dir='ltr'><strong>mihi</strong></span> <span class='ocrx_word' id='word_1_439' title='bbox 3057 2784 3258 2840; x_wconf 89' lang='lat' dir='ltr'><strong>datum</strong></span> <span class='ocrx_word' id='word_1_440' title='bbox 3314 2799 3416 2854; x_wconf 91' lang='lat' dir='ltr'><strong>pro</strong></span> <span class='ocrx_word' id='word_1_441' title='bbox 3477 2787 3742 2841; x_wconf 90' lang='lat' dir='ltr'><strong>mercede</strong></span> 
     </span>
    </p>
   </div>
   <div class='ocr_carea' id='block_1_59' title="bbox 2041 2871 3741 2943">
    <p class='ocr_par' dir='ltr' id='par_1_59' title="bbox 2041 2871 3741 2943">
     <span class='ocr_line' id='line_1_59' title="bbox 2041 2871 3741 2943; baseline 0.002 -17"><span class='ocrx_word' id='word_1_442' title='bbox 2041 2879 2333 2940; x_wconf 90' lang='lat' dir='ltr'><strong>putarem;</strong></span> <span class='ocrx_word' id='word_1_443' title='bbox 2358 2871 2436 2926; x_wconf 91' lang='lat' dir='ltr'><strong>sic</strong></span> <span class='ocrx_word' id='word_1_444' title='bbox 2468 2884 2596 2926; x_wconf 91' lang='lat' dir='ltr'><strong>mea</strong></span> <span class='ocrx_word' id='word_1_445' title='bbox 2626 2878 2756 2926; x_wconf 91' lang='lat' dir='ltr'><strong>vota</strong></span> <span class='ocrx_word' id='word_1_446' title='bbox 2795 2871 3126 2941; x_wconf 91' lang='lat' dir='ltr'><strong>complevit.</strong></span> <span class='ocrx_word' id='word_1_447' title='bbox 3168 2872 3224 2927; x_wconf 93' lang='lat' dir='ltr'><strong>Si</strong></span> <span class='ocrx_word' id='word_1_448' title='bbox 3265 2873 3498 2943; x_wconf 90' lang='lat' dir='ltr'><strong>quando</strong></span> <span class='ocrx_word' id='word_1_449' title='bbox 3543 2875 3741 2930; x_wconf 85' lang='lat' dir='ltr'><strong>virtu-</strong></span> 
     </span>
    </p>
   </div>
   <div class='ocr_carea' id='block_1_60' title="bbox 310 2958 3740 3040">
    <p class='ocr_par' dir='ltr' id='par_1_60' title="bbox 310 2958 3740 3040">
     <span class='ocr_line' id='line_1_60' title="bbox 310 2958 3740 3040; baseline -0.003 -11"><span class='ocrx_word' id='word_1_450' title='bbox 310 2975 479 3032; x_wconf 89' lang='lat' dir='ltr'><strong>Vens.</strong></span> <span class='ocrx_word' id='word_1_451' title='bbox 533 2976 581 3027; x_wconf 90' lang='lat' dir='ltr'><strong>l.</strong></span> <span class='ocrx_word' id='word_1_452' title='bbox 635 3001 694 3012; x_wconf 90' lang='lat'><strong>-—-</strong></span> <span class='ocrx_word' id='word_1_453' title='bbox 746 2974 1038 3040; x_wconf 84' lang='lat' dir='ltr'><strong>Postquam</strong></span> <span class='ocrx_word' id='word_1_454' title='bbox 1094 2975 1274 3024; x_wconf 87' lang='lat' dir='ltr'><strong>autem</strong></span> <span class='ocrx_word' id='word_1_455' title='bbox 1317 2969 1535 3024; x_wconf 88' lang='lat' dir='ltr'><strong>audivit</strong></span> <span class='ocrx_word' id='word_1_456' title='bbox 1585 2969 1750 3022; x_wconf 85' lang='lat' dir='ltr'><strong>verba</strong></span> <span class='ocrx_word' id='word_1_457' title='bbox 1795 2970 1932 3037; x_wconf 83' lang='lat' dir='ltr'><strong>ﬁlio-</strong></span> <span class='ocrx_word' id='word_1_458' title='bbox 1970 2961 2112 3020; x_wconf 87' lang='lat' dir='ltr'><strong>Ctis</strong></span> <span class='ocrx_word' id='word_1_459' title='bbox 2150 2959 2402 3014; x_wconf 88' lang='lat' dir='ltr'><strong>alborem</strong></span> <span class='ocrx_word' id='word_1_460' title='bbox 2455 2958 2574 3030; x_wconf 92' lang='lat' dir='ltr'><strong>ipso</strong></span> <span class='ocrx_word' id='word_1_461' title='bbox 2631 2960 2880 3016; x_wconf 86' lang='lat' dir='ltr'><strong>dictante</strong></span> <span class='ocrx_word' id='word_1_462' title='bbox 2935 2962 3194 3031; x_wconf 59' lang='lat' dir='ltr'><strong>quaesivi,</strong></span> <span class='ocrx_word' id='word_1_463' title='bbox 3251 2963 3623 3034; x_wconf 89' lang='lat' dir='ltr'><strong>cogitationes</strong></span> <span class='ocrx_word' id='word_1_464' title='bbox 3683 2971 3740 3018; x_wconf 91' lang='lat' dir='ltr'><strong>et</strong></span> 
     </span>
    </p>
   </div>
   <div class='ocr_carea' id='block_1_61' title="bbox 237 3059 1935 3126">
    <p class='ocr_par' dir='ltr' id='par_1_61' title="bbox 237 3059 1935 3126">
     <span class='ocr_line' id='line_1_61' title="bbox 237 3059 1935 3126; baseline -0.005 -7"><span class='ocrx_word' id='word_1_465' title='bbox 237 3081 359 3120; x_wconf 86' lang='lat' dir='ltr'><strong>rum</strong></span> <span class='ocrx_word' id='word_1_466' title='bbox 383 3063 578 3118; x_wconf 88' lang='lat' dir='ltr'><strong>Laban</strong></span> <span class='ocrx_word' id='word_1_467' title='bbox 627 3062 964 3115; x_wconf 87' lang='lat' dir='ltr'><strong>dicentium:</strong></span> <span class='ocrx_word' id='word_1_468' title='bbox 1025 3061 1169 3114; x_wconf 85' lang='lat' dir='ltr'><strong>Tulit</strong></span> <span class='ocrx_word' id='word_1_469' title='bbox 1207 3059 1368 3113; x_wconf 82' lang='lat' dir='ltr'><strong>Jacob</strong></span> <span class='ocrx_word' id='word_1_470' title='bbox 1426 3061 1606 3113; x_wconf 85' lang='lat' dir='ltr'><strong>omnia</strong></span> <span class='ocrx_word' id='word_1_471' title='bbox 1655 3073 1773 3126; x_wconf 59' lang='lat' dir='ltr'><strong>qua</strong></span> <span class='ocrx_word' id='word_1_472' title='bbox 1817 3059 1935 3124; x_wconf 82' lang='lat' dir='ltr'><strong>fue-</strong></span> 
     </span>
    </p>
   </div>
   <div class='ocr_carea' id='block_1_62' title="bbox 238 3147 1932 3222">
    <p class='ocr_par' dir='ltr' id='par_1_62' title="bbox 238 3147 1932 3222">
     <span class='ocr_line' id='line_1_62' title="bbox 238 3147 1932 3222; baseline -0.004 -15"><span class='ocrx_word' id='word_1_473' title='bbox 238 3160 369 3208; x_wconf 83' lang='lat' dir='ltr'><strong>runt</strong></span> <span class='ocrx_word' id='word_1_474' title='bbox 396 3154 581 3222; x_wconf 86' lang='lat' dir='ltr'><strong>patris</strong></span> <span class='ocrx_word' id='word_1_475' title='bbox 608 3152 802 3215; x_wconf 86' lang='lat' dir='ltr'><strong>nostri,</strong></span> <span class='ocrx_word' id='word_1_476' title='bbox 827 3155 873 3202; x_wconf 90' lang='lat' dir='ltr'><strong>et</strong></span> <span class='ocrx_word' id='word_1_477' title='bbox 905 3149 970 3203; x_wconf 90' lang='lat' dir='ltr'><strong>de</strong></span> <span class='ocrx_word' id='word_1_478' title='bbox 993 3150 1142 3202; x_wconf 89' lang='lat' dir='ltr'><strong>illius</strong></span> <span class='ocrx_word' id='word_1_479' title='bbox 1180 3149 1443 3215; x_wconf 85' lang='lat' dir='ltr'><strong>facultate</strong></span> <span class='ocrx_word' id='word_1_480' title='bbox 1474 3147 1704 3213; x_wconf 88' lang='lat' dir='ltr'><strong>ditatus,</strong></span> <span class='ocrx_word' id='word_1_481' title='bbox 1750 3148 1932 3212; x_wconf 79' lang='lat' dir='ltr'><strong>factus</strong></span> 
     </span>
    </p>
   </div>
   <div class='ocr_carea' id='block_1_63' title="bbox 239 3235 1932 3311">
    <p class='ocr_par' dir='ltr' id='par_1_63' title="bbox 239 3235 1932 3311">
     <span class='ocr_line' id='line_1_63' title="bbox 239 3235 1932 3311; baseline -0.004 -15"><span class='ocrx_word' id='word_1_482' title='bbox 239 3247 316 3297; x_wconf 89' lang='lat' dir='ltr'><strong>est</strong></span> <span class='ocrx_word' id='word_1_483' title='bbox 345 3242 600 3311; x_wconf 78' lang='lat' dir='ltr'><strong>inclytus.</strong></span> <span class='ocrx_word' id='word_1_484' title='bbox 629 3239 872 3293; x_wconf 86' lang='lat' dir='ltr'><strong>Interior</strong></span> <span class='ocrx_word' id='word_1_485' title='bbox 901 3239 1067 3293; x_wconf 93' lang='lat' dir='ltr'><strong>homo</strong></span> <span class='ocrx_word' id='word_1_486' title='bbox 1104 3250 1237 3292; x_wconf 90' lang='lat' dir='ltr'><strong>cum</strong></span> <span class='ocrx_word' id='word_1_487' title='bbox 1289 3250 1324 3290; x_wconf 89' lang='lat' dir='ltr'><strong>a</strong></span> <span class='ocrx_word' id='word_1_488' title='bbox 1368 3244 1518 3291; x_wconf 91' lang='lat' dir='ltr'><strong>recto</strong></span> <span class='ocrx_word' id='word_1_489' title='bbox 1545 3235 1734 3290; x_wconf 90' lang='lat' dir='ltr'><strong>deviat</strong></span> <span class='ocrx_word' id='word_1_490' title='bbox 1783 3249 1932 3305; x_wconf 90' lang='lat' dir='ltr'><strong>que-</strong></span> 
     </span>
    </p>
   </div>
   <div class='ocr_carea' id='block_1_64' title="bbox 238 3322 1931 3399">
    <p class='ocr_par' dir='ltr' id='par_1_64' title="bbox 238 3322 1931 3399">
     <span class='ocr_line' id='line_1_64' title="bbox 238 3322 1931 3399; baseline -0.004 -13"><span class='ocrx_word' id='word_1_491' title='bbox 238 3331 388 3387; x_wconf 87' lang='lat' dir='ltr'><strong>relas</strong></span> <span class='ocrx_word' id='word_1_492' title='bbox 413 3327 824 3399; x_wconf 89' lang='lat' dir='ltr'><strong>cogitationum</strong></span> <span class='ocrx_word' id='word_1_493' title='bbox 864 3339 1124 3393; x_wconf 72' lang='lat' dir='ltr'><strong>supernae</strong></span> <span class='ocrx_word' id='word_1_494' title='bbox 1151 3322 1428 3380; x_wconf 86' lang='lat' dir='ltr'><strong>claritatis</strong></span> <span class='ocrx_word' id='word_1_495' title='bbox 1469 3322 1739 3379; x_wconf 86' lang='lat' dir='ltr'><strong>liliatione</strong></span> <span class='ocrx_word' id='word_1_496' title='bbox 1790 3337 1931 3394; x_wconf 88' lang='lat' dir='ltr'><strong>gau-</strong></span> 
     </span>
    </p>
   </div>
   <div class='ocr_carea' id='block_1_65' title="bbox 238 3412 1935 3485">
    <p class='ocr_par' dir='ltr' id='par_1_65' title="bbox 238 3412 1935 3485">
     <span class='ocr_line' id='line_1_65' title="bbox 238 3412 1935 3485; baseline -0.005 -11"><span class='ocrx_word' id='word_1_497' title='bbox 238 3418 495 3474; x_wconf 91' lang='lat' dir='ltr'><strong>dentium</strong></span> <span class='ocrx_word' id='word_1_498' title='bbox 529 3415 808 3485; x_wconf 89' lang='lat' dir='ltr'><strong>intelligit.</strong></span> <span class='ocrx_word' id='word_1_499' title='bbox 843 3413 1170 3485; x_wconf 85' lang='lat' dir='ltr'><strong>Arrogavit,</strong></span> <span class='ocrx_word' id='word_1_500' title='bbox 1205 3412 1414 3482; x_wconf 90' lang='lat' dir='ltr'><strong>inquit,</strong></span> <span class='ocrx_word' id='word_1_501' title='bbox 1434 3412 1542 3467; x_wconf 92' lang='lat' dir='ltr'><strong>sibi</strong></span> <span class='ocrx_word' id='word_1_502' title='bbox 1571 3412 1935 3481; x_wconf 68' lang='lat' dir='ltr'><strong>omniaquae</strong></span> 
     </span>
    </p>
   </div>
   <div class='ocr_carea' id='block_1_66' title="bbox 237 3499 1934 3575">
    <p class='ocr_par' dir='ltr' id='par_1_66' title="bbox 237 3499 1934 3575">
     <span class='ocr_line' id='line_1_66' title="bbox 237 3499 1934 3575; baseline -0.005 -13"><span class='ocrx_word' id='word_1_503' title='bbox 237 3508 352 3564; x_wconf 92' lang='lat' dir='ltr'><strong>Deo</strong></span> <span class='ocrx_word' id='word_1_504' title='bbox 381 3505 528 3575; x_wconf 90' lang='lat' dir='ltr'><strong>patri</strong></span> <span class='ocrx_word' id='word_1_505' title='bbox 556 3503 766 3560; x_wconf 80' lang='lat' dir='ltr'><strong>caelesti</strong></span> <span class='ocrx_word' id='word_1_506' title='bbox 793 3503 1108 3558; x_wconf 88' lang='lat' dir='ltr'><strong>attribuere</strong></span> <span class='ocrx_word' id='word_1_507' title='bbox 1125 3501 1425 3566; x_wconf 88' lang='lat' dir='ltr'><strong>debuerat,</strong></span> <span class='ocrx_word' id='word_1_508' title='bbox 1457 3508 1512 3555; x_wconf 90' lang='lat' dir='ltr'><strong>et</strong></span> <span class='ocrx_word' id='word_1_509' title='bbox 1541 3499 1610 3555; x_wconf 89' lang='lat' dir='ltr'><strong>de</strong></span> <span class='ocrx_word' id='word_1_510' title='bbox 1636 3499 1934 3568; x_wconf 88' lang='lat' dir='ltr'><strong>opulentia</strong></span> 
     </span>
    </p>
   </div>
   <div class='ocr_carea' id='block_1_67' title="bbox 239 3589 1936 3664">
    <p class='ocr_par' dir='ltr' id='par_1_67' title="bbox 239 3589 1936 3664">
     <span class='ocr_line' id='line_1_67' title="bbox 239 3589 1936 3664; baseline -0.005 -13"><span class='ocrx_word' id='word_1_511' title='bbox 239 3594 490 3651; x_wconf 91' lang='lat' dir='ltr'><strong>interiori</strong></span> <span class='ocrx_word' id='word_1_512' title='bbox 528 3591 794 3664; x_wconf 72' lang='lat' dir='ltr'><strong>quaesivit</strong></span> <span class='ocrx_word' id='word_1_513' title='bbox 824 3591 1082 3647; x_wconf 84' lang='lat' dir='ltr'><strong>exterius</strong></span> <span class='ocrx_word' id='word_1_514' title='bbox 1131 3590 1384 3645; x_wconf 84' lang='lat' dir='ltr'><strong>famosus</strong></span> <span class='ocrx_word' id='word_1_515' title='bbox 1418 3589 1635 3644; x_wconf 89' lang='lat' dir='ltr'><strong>haberi.</strong></span> <span class='ocrx_word' id='word_1_516' title='bbox 1679 3589 1936 3658; x_wconf 87' lang='lat' dir='ltr'><strong>Inclytus</strong></span> 
     </span>
    </p>
   </div>
   <div class='ocr_carea' id='block_1_68' title="bbox 239 3675 1935 3748">
    <p class='ocr_par' dir='ltr' id='par_1_68' title="bbox 239 3675 1935 3748">
     <span class='ocr_line' id='line_1_68' title="bbox 239 3675 1935 3748; baseline -0.004 -8"><span class='ocrx_word' id='word_1_517' title='bbox 239 3685 310 3740; x_wconf 90' lang='lat' dir='ltr'><strong>ab</strong></span> <span class='ocrx_word' id='word_1_518' title='bbox 363 3699 428 3739; x_wconf 89' lang='lat' dir='ltr'><strong>eo</strong></span> <span class='ocrx_word' id='word_1_519' title='bbox 474 3681 759 3738; x_wconf 86' lang='lat' dir='ltr'><strong>formatur</strong></span> <span class='ocrx_word' id='word_1_520' title='bbox 811 3680 1063 3746; x_wconf 92' lang='lat' dir='ltr'><strong>nomine,</strong></span> <span class='ocrx_word' id='word_1_521' title='bbox 1092 3679 1249 3748; x_wconf 92' lang='lat' dir='ltr'><strong>quod</strong></span> <span class='ocrx_word' id='word_1_522' title='bbox 1278 3686 1362 3734; x_wconf 91' lang='lat' dir='ltr'><strong>est</strong></span> <span class='ocrx_word' id='word_1_523' title='bbox 1391 3679 1514 3742; x_wconf 87' lang='lat' dir='ltr'><strong>clio,</strong></span> <span class='ocrx_word' id='word_1_524' title='bbox 1547 3677 1704 3747; x_wconf 93' lang='lat' dir='ltr'><strong>quod</strong></span> <span class='ocrx_word' id='word_1_525' title='bbox 1743 3675 1935 3733; x_wconf 68' lang='lat' dir='ltr'><strong>Graece</strong></span> 
     </span>
    </p>
   </div>
   <div class='ocr_carea' id='block_1_69' title="bbox 238 3772 642 3837">
    <p class='ocr_par' dir='ltr' id='par_1_69' title="bbox 238 3772 642 3837">
     <span class='ocr_line' id='line_1_69' title="bbox 238 3772 642 3837; baseline -0.015 -9"><span class='ocrx_word' id='word_1_526' title='bbox 238 3772 448 3828; x_wconf 90' lang='lat' dir='ltr'><strong>dicitur</strong></span> <span class='ocrx_word' id='word_1_527' title='bbox 467 3773 642 3837; x_wconf 85' lang='lat' dir='ltr'><strong>fama.</strong></span> 
     </span>
    </p>
   </div>
   <div class='ocr_carea' id='block_1_70' title="bbox 308 3871 1932 3938">
    <p class='ocr_par' dir='ltr' id='par_1_70' title="bbox 308 3871 1932 3938">
     <span class='ocr_line' id='line_1_70' title="bbox 308 3871 1932 3938; baseline -0.004 -5"><span class='ocrx_word' id='word_1_528' title='bbox 308 3879 480 3933; x_wconf 81' lang='lat' dir='ltr'><strong>Vens.</strong></span> <span class='ocrx_word' id='word_1_529' title='bbox 513 3880 565 3930; x_wconf 78' lang='lat'><strong>2.</strong></span> <span class='ocrx_word' id='word_1_530' title='bbox 607 3901 662 3918; x_wconf 72' lang='grc' dir='ltr'><strong>ι-</strong></span> <span class='ocrx_word' id='word_1_531' title='bbox 709 3873 1120 3930; x_wconf 82' lang='lat' dir='ltr'><strong>Animadvertit</strong></span> <span class='ocrx_word' id='word_1_532' title='bbox 1164 3872 1325 3926; x_wconf 84' lang='lat' dir='ltr'><strong>Jacob</strong></span> <span class='ocrx_word' id='word_1_533' title='bbox 1377 3874 1574 3938; x_wconf 83' lang='lat' dir='ltr'><strong>faciem</strong></span> <span class='ocrx_word' id='word_1_534' title='bbox 1633 3871 1841 3937; x_wconf 89' lang='lat' dir='ltr'><strong>Laban,</strong></span> <span class='ocrx_word' id='word_1_535' title='bbox 1877 3871 1932 3926; x_wconf 88' lang='lat' dir='ltr'><strong>id</strong></span> 
     </span>
    </p>
   </div>
   <div class='ocr_carea' id='block_1_71' title="bbox 237 3961 1936 4037">
    <p class='ocr_par' dir='ltr' id='par_1_71' title="bbox 237 3961 1936 4037">
     <span class='ocr_line' id='line_1_71' title="bbox 237 3961 1936 4037; baseline -0.005 -15"><span class='ocrx_word' id='word_1_536' title='bbox 237 3974 321 4022; x_wconf 91' lang='lat' dir='ltr'><strong>est</strong></span> <span class='ocrx_word' id='word_1_537' title='bbox 343 3965 586 4037; x_wconf 89' lang='lat' dir='ltr'><strong>gratiam</strong></span> <span class='ocrx_word' id='word_1_538' title='bbox 618 3962 854 4033; x_wconf 90' lang='lat' dir='ltr'><strong>superni</strong></span> <span class='ocrx_word' id='word_1_539' title='bbox 904 3961 1158 4022; x_wconf 91' lang='lat' dir='ltr'><strong>luminis,</strong></span> <span class='ocrx_word' id='word_1_540' title='bbox 1191 3961 1336 4029; x_wconf 88' lang='lat' dir='ltr'><strong>quod</strong></span> <span class='ocrx_word' id='word_1_541' title='bbox 1374 3975 1478 4014; x_wconf 88' lang='lat' dir='ltr'><strong>non</strong></span> <span class='ocrx_word' id='word_1_542' title='bbox 1532 3965 1666 4014; x_wconf 86' lang='lat' dir='ltr'><strong>esset</strong></span> <span class='ocrx_word' id='word_1_543' title='bbox 1709 3975 1838 4027; x_wconf 84' lang='lat' dir='ltr'><strong>erga</strong></span> <span class='ocrx_word' id='word_1_544' title='bbox 1882 3976 1936 4015; x_wconf 90' lang='lat' dir='ltr'><strong>se</strong></span> 
     </span>
    </p>
   </div>
   <div class='ocr_carea' id='block_1_72' title="bbox 237 4049 1934 4118">
    <p class='ocr_par' dir='ltr' id='par_1_72' title="bbox 237 4049 1934 4118">
     <span class='ocr_line' id='line_1_72' title="bbox 237 4049 1934 4118; baseline -0.003 -8"><span class='ocrx_word' id='word_1_545' title='bbox 237 4059 378 4110; x_wconf 88' lang='lat' dir='ltr'><strong>sicut</strong></span> <span class='ocrx_word' id='word_1_546' title='bbox 413 4054 529 4107; x_wconf 83' lang='lat' dir='ltr'><strong>heri</strong></span> <span class='ocrx_word' id='word_1_547' title='bbox 557 4060 605 4106; x_wconf 87' lang='lat' dir='ltr'><strong>et</strong></span> <span class='ocrx_word' id='word_1_548' title='bbox 637 4051 1054 4116; x_wconf 85' lang='lat' dir='ltr'><strong>nudiustertius,</strong></span> <span class='ocrx_word' id='word_1_549' title='bbox 1098 4049 1151 4102; x_wconf 93' lang='lat' dir='ltr'><strong>id</strong></span> <span class='ocrx_word' id='word_1_550' title='bbox 1199 4057 1282 4104; x_wconf 90' lang='lat' dir='ltr'><strong>est</strong></span> <span class='ocrx_word' id='word_1_551' title='bbox 1311 4063 1376 4104; x_wconf 92' lang='lat' dir='ltr'><strong>eo</strong></span> <span class='ocrx_word' id='word_1_552' title='bbox 1424 4049 1592 4104; x_wconf 92' lang='lat' dir='ltr'><strong>modo</strong></span> <span class='ocrx_word' id='word_1_553' title='bbox 1637 4064 1752 4118; x_wconf 90' lang='lat' dir='ltr'><strong>quo</strong></span> <span class='ocrx_word' id='word_1_554' title='bbox 1801 4064 1934 4106; x_wconf 88' lang='lat' dir='ltr'><strong>cum</strong></span> 
     </span>
    </p>
   </div>
   <div class='ocr_carea' id='block_1_73' title="bbox 237 4136 1936 4213">
    <p class='ocr_par' dir='ltr' id='par_1_73' title="bbox 237 4136 1936 4213">
     <span class='ocr_line' id='line_1_73' title="bbox 237 4136 1936 4213; baseline -0.005 -14"><span class='ocrx_word' id='word_1_555' title='bbox 237 4149 573 4213; x_wconf 75' lang='lat' dir='ltr'><strong>praesentem</strong></span> <span class='ocrx_word' id='word_1_556' title='bbox 607 4139 845 4210; x_wconf 91' lang='lat' dir='ltr'><strong>gloriam</strong></span> <span class='ocrx_word' id='word_1_557' title='bbox 879 4137 1047 4207; x_wconf 91' lang='lat' dir='ltr'><strong>quasi</strong></span> <span class='ocrx_word' id='word_1_558' title='bbox 1082 4137 1486 4206; x_wconf 76' lang='lat' dir='ltr'><strong>przetereuntia</strong></span> <span class='ocrx_word' id='word_1_559' title='bbox 1518 4143 1573 4192; x_wconf 90' lang='lat' dir='ltr'><strong>et</strong></span> <span class='ocrx_word' id='word_1_560' title='bbox 1601 4136 1805 4192; x_wconf 84' lang='lat' dir='ltr'><strong>difﬂua</strong></span> <span class='ocrx_word' id='word_1_561' title='bbox 1831 4137 1936 4192; x_wconf 91' lang='lat' dir='ltr'><strong>dc-</strong></span> 
     </span>
    </p>
   </div>
   <div class='ocr_carea' id='block_1_74' title="bbox 237 4224 2009 4319">
    <p class='ocr_par' dir='ltr' id='par_1_74' title="bbox 237 4224 2009 4319">
     <span class='ocr_line' id='line_1_74' title="bbox 237 4224 2009 4319; baseline -0.002 -35"><span class='ocrx_word' id='word_1_562' title='bbox 237 4229 496 4298; x_wconf 87' lang='lat' dir='ltr'><strong>spiceret,</strong></span> <span class='ocrx_word' id='word_1_563' title='bbox 530 4229 670 4280; x_wconf 88' lang='lat' dir='ltr'><strong>sicut</strong></span> <span class='ocrx_word' id='word_1_564' title='bbox 712 4226 847 4291; x_wconf 83' lang='lat' dir='ltr'><strong>heri,</strong></span> <span class='ocrx_word' id='word_1_565' title='bbox 896 4239 1026 4294; x_wconf 73' lang='lat' dir='ltr'><strong>quae</strong></span> <span class='ocrx_word' id='word_1_566' title='bbox 1058 4238 1147 4279; x_wconf 89' lang='lat' dir='ltr'><strong>res</strong></span> <span class='ocrx_word' id='word_1_567' title='bbox 1171 4225 1291 4294; x_wconf 87' lang='lat' dir='ltr'><strong>jam</strong></span> <span class='ocrx_word' id='word_1_568' title='bbox 1336 4224 1624 4293; x_wconf 72' lang='lat' dir='ltr'><strong>praeterita</strong></span> <span class='ocrx_word' id='word_1_569' title='bbox 1651 4232 1754 4279; x_wconf 90' lang='lat' dir='ltr'><strong>est.</strong></span> <span class='ocrx_word' id='word_1_570' title='bbox 1800 4224 1927 4280; x_wconf 83' lang='lat' dir='ltr'><strong>Nu—</strong></span> <span class='ocrx_word' id='word_1_571' title='bbox 1967 4265 2009 4319; x_wconf 67' lang='grc' dir='ltr'>Β</span> 
     </span>
    </p>
   </div>
   <div class='ocr_carea' id='block_1_75' title="bbox 237 4312 1928 4381">
    <p class='ocr_par' dir='ltr' id='par_1_75' title="bbox 237 4312 1928 4381">
     <span class='ocr_line' id='line_1_75' title="bbox 237 4312 1928 4381; baseline -0.003 -10"><span class='ocrx_word' id='word_1_572' title='bbox 237 4316 370 4372; x_wconf 90' lang='lat' dir='ltr'><strong>dius</strong></span> <span class='ocrx_word' id='word_1_573' title='bbox 407 4332 474 4368; x_wconf 74' lang='lat' dir='ltr'><strong>ea:</strong></span> <span class='ocrx_word' id='word_1_574' title='bbox 523 4329 664 4368; x_wconf 90' lang='lat' dir='ltr'><strong>nunc</strong></span> <span class='ocrx_word' id='word_1_575' title='bbox 719 4321 773 4368; x_wconf 93' lang='lat' dir='ltr'><strong>et</strong></span> <span class='ocrx_word' id='word_1_576' title='bbox 831 4312 918 4366; x_wconf 88' lang='lat' dir='ltr'><strong>die</strong></span> <span class='ocrx_word' id='word_1_577' title='bbox 965 4313 1345 4380; x_wconf 91' lang='lat' dir='ltr'><strong>componitur.</strong></span> <span class='ocrx_word' id='word_1_578' title='bbox 1403 4312 1527 4368; x_wconf 93' lang='lat' dir='ltr'><strong>Non</strong></span> <span class='ocrx_word' id='word_1_579' title='bbox 1576 4320 1661 4368; x_wconf 89' lang='lat' dir='ltr'><strong>est</strong></span> <span class='ocrx_word' id='word_1_580' title='bbox 1693 4329 1822 4381; x_wconf 88' lang='lat' dir='ltr'><strong>erga</strong></span> <span class='ocrx_word' id='word_1_581' title='bbox 1874 4328 1928 4367; x_wconf 89' lang='lat' dir='ltr'><strong>se</strong></span> 
     </span>
    </p>
   </div>
   <div class='ocr_carea' id='block_1_76' title="bbox 235 4400 1930 4470">
    <p class='ocr_par' dir='ltr' id='par_1_76' title="bbox 235 4400 1930 4470">
     <span class='ocr_line' id='line_1_76' title="bbox 235 4400 1930 4470; baseline -0.001 -12"><span class='ocrx_word' id='word_1_582' title='bbox 235 4405 423 4459; x_wconf 89' lang='lat' dir='ltr'><strong>Laban</strong></span> <span class='ocrx_word' id='word_1_583' title='bbox 447 4411 508 4458; x_wconf 93' lang='lat' dir='ltr'><strong>ut</strong></span> <span class='ocrx_word' id='word_1_584' title='bbox 538 4403 955 4467; x_wconf 80' lang='lat' dir='ltr'><strong>nudiustertius,</strong></span> <span class='ocrx_word' id='word_1_585' title='bbox 1009 4400 1066 4456; x_wconf 93' lang='lat' dir='ltr'><strong>id</strong></span> <span class='ocrx_word' id='word_1_586' title='bbox 1094 4408 1177 4455; x_wconf 93' lang='lat' dir='ltr'><strong>est</strong></span> <span class='ocrx_word' id='word_1_587' title='bbox 1236 4401 1318 4455; x_wconf 92' lang='lat' dir='ltr'><strong>uti</strong></span> <span class='ocrx_word' id='word_1_588' title='bbox 1367 4401 1601 4470; x_wconf 89' lang='lat' dir='ltr'><strong>quando</strong></span> <span class='ocrx_word' id='word_1_589' title='bbox 1655 4409 1930 4470; x_wconf 71' lang='lat' dir='ltr'><strong>praesente</strong></span> 
     </span>
    </p>
   </div>
   <div class='ocr_carea' id='block_1_77' title="bbox 236 4489 1930 4558">
    <p class='ocr_par' dir='ltr' id='par_1_77' title="bbox 236 4489 1930 4558">
     <span class='ocr_line' id='line_1_77' title="bbox 236 4489 1930 4558; baseline -0.002 -8"><span class='ocrx_word' id='word_1_590' title='bbox 236 4493 404 4550; x_wconf 87' lang='lat' dir='ltr'><strong>corde</strong></span> <span class='ocrx_word' id='word_1_591' title='bbox 434 4507 538 4548; x_wconf 90' lang='lat' dir='ltr'><strong>suo</strong></span> <span class='ocrx_word' id='word_1_592' title='bbox 563 4492 773 4547; x_wconf 62' lang='lat' dir='ltr'><strong>divina;</strong></span> <span class='ocrx_word' id='word_1_593' title='bbox 828 4489 941 4545; x_wconf 90' lang='lat' dir='ltr'><strong>luci</strong></span> <span class='ocrx_word' id='word_1_594' title='bbox 991 4489 1047 4544; x_wconf 92' lang='lat' dir='ltr'><strong>in</strong></span> <span class='ocrx_word' id='word_1_595' title='bbox 1107 4489 1583 4558; x_wconf 89' lang='lat' dir='ltr'><strong>contemplatione</strong></span> <span class='ocrx_word' id='word_1_596' title='bbox 1636 4490 1930 4546; x_wconf 89' lang='lat' dir='ltr'><strong>Trinitatis</strong></span> 
     </span>
    </p>
   </div>
   <div class='ocr_carea' id='block_1_78' title="bbox 235 4578 1930 4652">
    <p class='ocr_par' dir='ltr' id='par_1_78' title="bbox 235 4578 1930 4652">
     <span class='ocr_line' id='line_1_78' title="bbox 235 4578 1930 4652; baseline -0.002 -13"><span class='ocrx_word' id='word_1_597' title='bbox 235 4582 611 4652; x_wconf 88' lang='lat' dir='ltr'><strong>spatiabatur,</strong></span> <span class='ocrx_word' id='word_1_598' title='bbox 645 4579 819 4650; x_wconf 87' lang='lat' dir='ltr'><strong>(Vens</strong></span> <span class='ocrx_word' id='word_1_599' title='bbox 872 4580 944 4647; x_wconf 86' lang='lat'><strong>3.)</strong></span> <span class='ocrx_word' id='word_1_600' title='bbox 993 4580 1228 4632; x_wconf 74' lang='lat' dir='ltr'><strong>maxime</strong></span> <span class='ocrx_word' id='word_1_601' title='bbox 1259 4579 1466 4632; x_wconf 84' lang='lat' dir='ltr'><strong>dicente</strong></span> <span class='ocrx_word' id='word_1_602' title='bbox 1499 4578 1608 4633; x_wconf 87' lang='lat' dir='ltr'><strong>sibi</strong></span> <span class='ocrx_word' id='word_1_603' title='bbox 1672 4593 1775 4648; x_wconf 91' lang='lat' dir='ltr'><strong>per</strong></span> <span class='ocrx_word' id='word_1_604' title='bbox 1829 4593 1930 4635; x_wconf 89' lang='lat' dir='ltr'><strong>ora</strong></span> 
     </span>
    </p>
   </div>
   <div class='ocr_carea' id='block_1_79' title="bbox 237 4666 1958 4742">
    <p class='ocr_par' dir='ltr' id='par_1_79' title="bbox 237 4666 1958 4742">
     <span class='ocr_line' id='line_1_79' title="bbox 237 4666 1958 4742; baseline -0.002 -15"><span class='ocrx_word' id='word_1_605' title='bbox 237 4671 667 4742; x_wconf 86' lang='lat' dir='ltr'><strong>Scripturarum</strong></span> <span class='ocrx_word' id='word_1_606' title='bbox 734 4669 1002 4722; x_wconf 90' lang='lat' dir='ltr'><strong>Domino:</strong></span> <span class='ocrx_word' id='word_1_607' title='bbox 1055 4669 1277 4721; x_wconf 85' lang='lat' dir='ltr'><strong>Reverte</strong></span> <span class='ocrx_word' id='word_1_608' title='bbox 1330 4669 1386 4720; x_wconf 91' lang='lat' dir='ltr'><strong>in</strong></span> <span class='ocrx_word' id='word_1_609' title='bbox 1436 4672 1656 4729; x_wconf 88' lang='lat' dir='ltr'><strong>terram,</strong></span> <span class='ocrx_word' id='word_1_610' title='bbox 1713 4666 1767 4721; x_wconf 92' lang='lat' dir='ltr'><strong>id</strong></span> <span class='ocrx_word' id='word_1_611' title='bbox 1848 4675 1958 4739; x_wconf 14' lang='lat' dir='ltr'><strong>est,</strong></span> 
     </span>
    </p>
   </div>
   <div class='ocr_carea' id='block_1_80' title="bbox 238 4755 1931 4826">
    <p class='ocr_par' dir='ltr' id='par_1_80' title="bbox 238 4755 1931 4826">
     <span class='ocr_line' id='line_1_80' title="bbox 238 4755 1931 4826; baseline -0.004 -10"><span class='ocrx_word' id='word_1_612' title='bbox 238 4760 296 4816; x_wconf 92' lang='lat' dir='ltr'><strong>in</strong></span> <span class='ocrx_word' id='word_1_613' title='bbox 321 4774 444 4815; x_wconf 89' lang='lat' dir='ltr'><strong>eam</strong></span> <span class='ocrx_word' id='word_1_614' title='bbox 503 4757 708 4814; x_wconf 89' lang='lat' dir='ltr'><strong>mentis</strong></span> <span class='ocrx_word' id='word_1_615' title='bbox 768 4756 1157 4819; x_wconf 85' lang='lat' dir='ltr'><strong>stabilitatem.</strong></span> <span class='ocrx_word' id='word_1_616' title='bbox 1190 4769 1307 4826; x_wconf 89' lang='lat' dir='ltr'><strong>qua</strong></span> <span class='ocrx_word' id='word_1_617' title='bbox 1371 4763 1559 4824; x_wconf 89' lang='lat' dir='ltr'><strong>patres</strong></span> <span class='ocrx_word' id='word_1_618' title='bbox 1619 4755 1703 4811; x_wconf 94' lang='lat' dir='ltr'><strong>tui</strong></span> <span class='ocrx_word' id='word_1_619' title='bbox 1751 4755 1931 4811; x_wconf 77' lang='lat' dir='ltr'><strong>cmlici</strong></span> 
     </span>
    </p>
   </div>
   <div class='ocr_carea' id='block_1_81' title="bbox 236 4841 1927 4918">
    <p class='ocr_par' dir='ltr' id='par_1_81' title="bbox 236 4841 1927 4918">
     <span class='ocr_line' id='line_1_81' title="bbox 236 4841 1927 4918; baseline -0.004 -14"><span class='ocrx_word' id='word_1_620' title='bbox 236 4847 408 4915; x_wconf 91' lang='lat' dir='ltr'><strong>cives,</strong></span> <span class='ocrx_word' id='word_1_621' title='bbox 442 4860 589 4918; x_wconf 90' lang='lat' dir='ltr'><strong>quos</strong></span> <span class='ocrx_word' id='word_1_622' title='bbox 617 4843 827 4899; x_wconf 89' lang='lat' dir='ltr'><strong>imitari</strong></span> <span class='ocrx_word' id='word_1_623' title='bbox 859 4841 1223 4912; x_wconf 90' lang='lat' dir='ltr'><strong>proposuisti,</strong></span> <span class='ocrx_word' id='word_1_624' title='bbox 1243 4841 1560 4898; x_wconf 91' lang='lat' dir='ltr'><strong>constitisse</strong></span> <span class='ocrx_word' id='word_1_625' title='bbox 1591 4851 1927 4910; x_wconf 90' lang='lat' dir='ltr'><strong>noscuntur,</strong></span> 
     </span>
    </p>
   </div>
   <div class='ocr_carea' id='block_1_82' title="bbox 237 4931 1931 5004">
    <p class='ocr_par' dir='ltr' id='par_1_82' title="bbox 237 4931 1931 5004">
     <span class='ocr_line' id='line_1_82' title="bbox 237 4931 1931 5004; baseline -0.002 -14"><span class='ocrx_word' id='word_1_626' title='bbox 237 4942 288 4990; x_wconf 90' lang='lat' dir='ltr'><strong>et</strong></span> <span class='ocrx_word' id='word_1_627' title='bbox 347 4937 421 4990; x_wconf 87' lang='lat' dir='ltr'><strong>ad</strong></span> <span class='ocrx_word' id='word_1_628' title='bbox 473 4936 868 5004; x_wconf 81' lang='lat' dir='ltr'><strong>generationem</strong></span> <span class='ocrx_word' id='word_1_629' title='bbox 919 4936 1089 4997; x_wconf 89' lang='lat' dir='ltr'><strong>tuam,</strong></span> <span class='ocrx_word' id='word_1_630' title='bbox 1158 4938 1445 4987; x_wconf 89' lang='lat' dir='ltr'><strong>rectorum</strong></span> <span class='ocrx_word' id='word_1_631' title='bbox 1523 4931 1735 4987; x_wconf 91' lang='lat' dir='ltr'><strong>scilicet</strong></span> <span class='ocrx_word' id='word_1_632' title='bbox 1800 4945 1931 5002; x_wconf 69' lang='lat' dir='ltr'><strong>quae</strong></span> 
     </span>
    </p>
   </div>
   <div class='ocr_carea' id='block_1_83' title="bbox 238 5022 1508 5091">
    <p class='ocr_par' dir='ltr' id='par_1_83' title="bbox 238 5022 1508 5091">
     <span class='ocr_line' id='line_1_83' title="bbox 238 5022 1508 5091; baseline -0.006 -11"><span class='ocrx_word' id='word_1_633' title='bbox 238 5023 637 5091; x_wconf 84' lang='lat' dir='ltr'><strong>benedicetur;</strong></span> <span class='ocrx_word' id='word_1_634' title='bbox 668 5029 722 5078; x_wconf 92' lang='lat' dir='ltr'><strong>et</strong></span> <span class='ocrx_word' id='word_1_635' title='bbox 740 5022 861 5076; x_wconf 59' lang='lat' dir='ltr'><strong>haec</strong></span> <span class='ocrx_word' id='word_1_636' title='bbox 891 5027 942 5075; x_wconf 92' lang='lat' dir='ltr'><strong>te</strong></span> <span class='ocrx_word' id='word_1_637' title='bbox 969 5026 1172 5089; x_wconf 89' lang='lat' dir='ltr'><strong>agente</strong></span> <span class='ocrx_word' id='word_1_638' title='bbox 1201 5035 1288 5074; x_wconf 88' lang='lat' dir='ltr'><strong>ero</strong></span> <span class='ocrx_word' id='word_1_639' title='bbox 1321 5023 1508 5073; x_wconf 89' lang='lat' dir='ltr'><strong>tecum.</strong></span> 
     </span>
    </p>
   </div>
   <div class='ocr_carea' id='block_1_84' title="bbox 311 5125 1933 5196">
    <p class='ocr_par' dir='ltr' id='par_1_84' title="bbox 311 5125 1933 5196">
     <span class='ocr_line' id='line_1_84' title="bbox 311 5125 1933 5196; baseline -0.005 -10"><span class='ocrx_word' id='word_1_640' title='bbox 311 5130 482 5187; x_wconf 83' lang='lat' dir='ltr'><strong>Vens.</strong></span> <span class='ocrx_word' id='word_1_641' title='bbox 513 5131 566 5196; x_wconf 81' lang='grc'><strong>4,</strong></span> <span class='ocrx_word' id='word_1_642' title='bbox 601 5131 651 5181; x_wconf 81' lang='grc'><strong>5.</strong></span> <span class='ocrx_word' id='word_1_643' title='bbox 701 5159 768 5167; x_wconf 90' lang='grc'><strong><em>-</em></strong></span> <span class='ocrx_word' id='word_1_644' title='bbox 812 5128 966 5182; x_wconf 82' lang='lat' dir='ltr'><strong>Misit</strong></span> <span class='ocrx_word' id='word_1_645' title='bbox 1002 5128 1054 5179; x_wconf 86' lang='lat' dir='ltr'><strong>et</strong></span> <span class='ocrx_word' id='word_1_646' title='bbox 1100 5127 1308 5180; x_wconf 87' lang='lat' dir='ltr'><strong>vocavit</strong></span> <span class='ocrx_word' id='word_1_647' title='bbox 1353 5125 1553 5180; x_wconf 80' lang='lat' dir='ltr'><strong>Rachel</strong></span> <span class='ocrx_word' id='word_1_648' title='bbox 1592 5129 1640 5178; x_wconf 89' lang='lat' dir='ltr'><strong>et</strong></span> <span class='ocrx_word' id='word_1_649' title='bbox 1687 5125 1845 5178; x_wconf 88' lang='lat' dir='ltr'><strong>Liam</strong></span> <span class='ocrx_word' id='word_1_650' title='bbox 1875 5127 1933 5178; x_wconf 90' lang='lat' dir='ltr'><strong>in</strong></span> 
     </span>
    </p>
   </div>
   <div class='ocr_carea' id='block_1_85' title="bbox 238 5213 1933 5288">
    <p class='ocr_par' dir='ltr' id='par_1_85' title="bbox 238 5213 1933 5288">
     <span class='ocr_line' id='line_1_85' title="bbox 238 5213 1933 5288; baseline -0.004 -14"><span class='ocrx_word' id='word_1_651' title='bbox 238 5235 452 5288; x_wconf 88' lang='lat' dir='ltr'><strong>agrum,</strong></span> <span class='ocrx_word' id='word_1_652' title='bbox 481 5218 574 5271; x_wconf 90' lang='lat' dir='ltr'><strong>ubi</strong></span> <span class='ocrx_word' id='word_1_653' title='bbox 616 5217 871 5286; x_wconf 86' lang='lat' dir='ltr'><strong>pascebat</strong></span> <span class='ocrx_word' id='word_1_654' title='bbox 913 5230 1119 5284; x_wconf 86' lang='lat' dir='ltr'><strong>greges,</strong></span> <span class='ocrx_word' id='word_1_655' title='bbox 1173 5215 1466 5284; x_wconf 66' lang='lat' dir='ltr'><strong>ducitque:</strong></span> <span class='ocrx_word' id='word_1_656' title='bbox 1523 5213 1689 5269; x_wconf 88' lang='lat' dir='ltr'><strong>Video</strong></span> <span class='ocrx_word' id='word_1_657' title='bbox 1734 5215 1933 5278; x_wconf 82' lang='lat' dir='ltr'><strong>faciem</strong></span> 
     </span>
    </p>
   </div>
   <div class='ocr_carea' id='block_1_86' title="bbox 233 5301 1932 5380">
    <p class='ocr_par' dir='ltr' id='par_1_86' title="bbox 233 5301 1932 5380">
     <span class='ocr_line' id='line_1_86' title="bbox 233 5301 1932 5380; baseline -0.002 -18"><span class='ocrx_word' id='word_1_658' title='bbox 233 5309 416 5380; x_wconf 85' lang='lat' dir='ltr'><strong>patris</strong></span> <span class='ocrx_word' id='word_1_659' title='bbox 463 5307 629 5360; x_wconf 85' lang='lat' dir='ltr'><strong>vestri</strong></span> <span class='ocrx_word' id='word_1_660' title='bbox 655 5305 798 5374; x_wconf 89' lang='lat' dir='ltr'><strong>quod</strong></span> <span class='ocrx_word' id='word_1_661' title='bbox 824 5320 929 5358; x_wconf 88' lang='lat' dir='ltr'><strong>non</strong></span> <span class='ocrx_word' id='word_1_662' title='bbox 975 5306 1046 5358; x_wconf 91' lang='lat' dir='ltr'><strong>sit</strong></span> <span class='ocrx_word' id='word_1_663' title='bbox 1071 5320 1201 5373; x_wconf 89' lang='lat' dir='ltr'><strong>erga</strong></span> <span class='ocrx_word' id='word_1_664' title='bbox 1238 5318 1336 5356; x_wconf 92' lang='lat' dir='ltr'><strong>me.</strong></span> <span class='ocrx_word' id='word_1_665' title='bbox 1386 5301 1555 5358; x_wconf 85' lang='lat' dir='ltr'><strong>Mittit</strong></span> <span class='ocrx_word' id='word_1_666' title='bbox 1589 5301 1932 5358; x_wconf 90' lang='lat' dir='ltr'><strong>desiderium</strong></span> 
     </span>
    </p>
   </div>
   <div class='ocr_carea' id='block_1_87' title="bbox 239 5389 1938 5465">
    <p class='ocr_par' dir='ltr' id='par_1_87' title="bbox 239 5389 1938 5465">
     <span class='ocr_line' id='line_1_87' title="bbox 239 5389 1938 5465; baseline -0.003 -13"><span class='ocrx_word' id='word_1_667' title='bbox 239 5403 521 5465; x_wconf 89' lang='lat' dir='ltr'><strong>vocatque</strong></span> <span class='ocrx_word' id='word_1_668' title='bbox 554 5409 652 5465; x_wconf 90' lang='lat' dir='ltr'><strong>per</strong></span> <span class='ocrx_word' id='word_1_669' title='bbox 706 5391 1006 5463; x_wconf 79' lang='lat' dir='ltr'><strong>praemium</strong></span> <span class='ocrx_word' id='word_1_670' title='bbox 1041 5389 1557 5460; x_wconf 89' lang='lat' dir='ltr'><strong>contemplationis,</strong></span> <span class='ocrx_word' id='word_1_671' title='bbox 1589 5397 1643 5445; x_wconf 90' lang='lat' dir='ltr'><strong>et</strong></span> <span class='ocrx_word' id='word_1_672' title='bbox 1697 5390 1938 5447; x_wconf 90' lang='lat' dir='ltr'><strong>actionis</strong></span> 
     </span>
    </p>
   </div>
   <div class='ocr_carea' id='block_1_88' title="bbox 239 5476 1932 5550">
    <p class='ocr_par' dir='ltr' id='par_1_88' title="bbox 239 5476 1932 5550">
     <span class='ocr_line' id='line_1_88' title="bbox 239 5476 1932 5550; baseline -0.004 -9"><span class='ocrx_word' id='word_1_673' title='bbox 239 5499 434 5550; x_wconf 90' lang='lat' dir='ltr'><strong>usum,</strong></span> <span class='ocrx_word' id='word_1_674' title='bbox 512 5489 576 5538; x_wconf 90' lang='lat' dir='ltr'><strong>ut</strong></span> <span class='ocrx_word' id='word_1_675' title='bbox 631 5483 864 5537; x_wconf 88' lang='lat' dir='ltr'><strong>redeant</strong></span> <span class='ocrx_word' id='word_1_676' title='bbox 937 5480 995 5534; x_wconf 92' lang='lat' dir='ltr'><strong>in</strong></span> <span class='ocrx_word' id='word_1_677' title='bbox 1064 5476 1405 5548; x_wconf 86' lang='lat' dir='ltr'><strong>sptiritualis</strong></span> <span class='ocrx_word' id='word_1_678' title='bbox 1438 5477 1693 5533; x_wconf 82' lang='lat' dir='ltr'><strong>exercitii</strong></span> <span class='ocrx_word' id='word_1_679' title='bbox 1725 5491 1932 5548; x_wconf 87' lang='lat' dir='ltr'><strong>agrum</strong></span> 
     </span>
    </p>
   </div>
   <div class='ocr_carea' id='block_1_89' title="bbox 2040 3049 3740 3119">
    <p class='ocr_par' dir='ltr' id='par_1_89' title="bbox 2040 3049 3740 3119">
     <span class='ocr_line' id='line_1_89' title="bbox 2040 3049 3740 3119; baseline 0.002 -15"><span class='ocrx_word' id='word_1_680' title='bbox 2040 3049 2459 3104; x_wconf 90' lang='lat' dir='ltr'><strong>motusinterni</strong></span> <span class='ocrx_word' id='word_1_681' title='bbox 2491 3049 2686 3104; x_wconf 91' lang='lat' dir='ltr'><strong>eodem</strong></span> <span class='ocrx_word' id='word_1_682' title='bbox 2721 3049 3039 3119; x_wconf 90' lang='lat' dir='ltr'><strong>opitulante</strong></span> <span class='ocrx_word' id='word_1_683' title='bbox 3063 3051 3228 3106; x_wconf 89' lang='lat' dir='ltr'><strong>beata</strong></span> <span class='ocrx_word' id='word_1_684' title='bbox 3255 3065 3321 3106; x_wconf 88' lang='lat' dir='ltr'><strong>ac</strong></span> <span class='ocrx_word' id='word_1_685' title='bbox 3368 3051 3495 3106; x_wconf 67' lang='lat' dir='ltr'><strong>laeta</strong></span> <span class='ocrx_word' id='word_1_686' title='bbox 3545 3052 3740 3107; x_wconf 91' lang='lat' dir='ltr'><strong>studia</strong></span> 
     </span>
    </p>
   </div>
   <div class='ocr_carea' id='block_1_90' title="bbox 2041 3144 2445 3205">
    <p class='ocr_par' dir='ltr' id='par_1_90' title="bbox 2041 3144 2445 3205">
     <span class='ocr_line' id='line_1_90' title="bbox 2041 3144 2445 3205; baseline -0.002 -13"><span class='ocrx_word' id='word_1_687' title='bbox 2041 3144 2445 3205; x_wconf 69' lang='lat' dir='ltr'><strong>CODCODCI‘UDI.</strong></span> 
     </span>
    </p>
   </div>
   <div class='ocr_carea' id='block_1_91' title="bbox 2114 3253 3739 3324">
    <p class='ocr_par' dir='ltr' id='par_1_91' title="bbox 2114 3253 3739 3324">
     <span class='ocr_line' id='line_1_91' title="bbox 2114 3253 3739 3324; baseline 0.002 -17"><span class='ocrx_word' id='word_1_688' title='bbox 2114 3253 2283 3308; x_wconf 87' lang='lat' dir='ltr'><strong>Vens.</strong></span> <span class='ocrx_word' id='word_1_689' title='bbox 2321 3255 2373 3306; x_wconf 91' lang='lat'><strong>9.</strong></span> <span class='ocrx_word' id='word_1_690' title='bbox 2409 3283 2477 3291; x_wconf 90' lang='lat'><strong>—-</strong></span> <span class='ocrx_word' id='word_1_691' title='bbox 2511 3255 2658 3308; x_wconf 88' lang='lat' dir='ltr'><strong>Tulit</strong></span> <span class='ocrx_word' id='word_1_692' title='bbox 2691 3255 2831 3308; x_wconf 89' lang='lat' dir='ltr'><strong>Deus</strong></span> <span class='ocrx_word' id='word_1_693' title='bbox 2871 3253 3235 3308; x_wconf 88' lang='lat' dir='ltr'><strong>substantiam</strong></span> <span class='ocrx_word' id='word_1_694' title='bbox 3254 3258 3433 3324; x_wconf 82' lang='lat' dir='ltr'><strong>patris</strong></span> <span class='ocrx_word' id='word_1_695' title='bbox 3475 3257 3661 3322; x_wconf 84' lang='lat' dir='ltr'><strong>vestri,</strong></span> <span class='ocrx_word' id='word_1_696' title='bbox 3687 3263 3739 3310; x_wconf 90' lang='lat' dir='ltr'><strong>et</strong></span> 
     </span>
    </p>
   </div>
   <div class='ocr_carea' id='block_1_92' title="bbox 2042 3341 3737 3415">
    <p class='ocr_par' dir='ltr' id='par_1_92' title="bbox 2042 3341 3737 3415">
     <span class='ocr_line' id='line_1_92' title="bbox 2042 3341 3737 3415; baseline 0.004 -21"><span class='ocrx_word' id='word_1_697' title='bbox 2042 3341 2192 3394; x_wconf 86' lang='lat' dir='ltr'><strong>dedit</strong></span> <span class='ocrx_word' id='word_1_698' title='bbox 2222 3342 2378 3409; x_wconf 89' lang='lat' dir='ltr'><strong>mihi,</strong></span> <span class='ocrx_word' id='word_1_699' title='bbox 2411 3341 2465 3395; x_wconf 94' lang='lat' dir='ltr'><strong>id</strong></span> <span class='ocrx_word' id='word_1_700' title='bbox 2511 3349 2594 3398; x_wconf 90' lang='lat' dir='ltr'><strong>est</strong></span> <span class='ocrx_word' id='word_1_701' title='bbox 2633 3356 2666 3396; x_wconf 90' lang='lat' dir='ltr'><strong>a</strong></span> <span class='ocrx_word' id='word_1_702' title='bbox 2715 3341 3099 3399; x_wconf 86' lang='lat' dir='ltr'><strong>rationalitate</strong></span> <span class='ocrx_word' id='word_1_703' title='bbox 3145 3345 3234 3398; x_wconf 92' lang='lat' dir='ltr'><strong>sui</strong></span> <span class='ocrx_word' id='word_1_704' title='bbox 3289 3345 3381 3399; x_wconf 91' lang='lat' dir='ltr'><strong>cui</strong></span> <span class='ocrx_word' id='word_1_705' title='bbox 3441 3345 3737 3415; x_wconf 88' lang='lat' dir='ltr'><strong>quondam</strong></span> 
     </span>
    </p>
   </div>
   <div class='ocr_carea' id='block_1_93' title="bbox 2042 3426 3740 3499">
    <p class='ocr_par' dir='ltr' id='par_1_93' title="bbox 2042 3426 3740 3499">
     <span class='ocr_line' id='line_1_93' title="bbox 2042 3426 3740 3499; baseline 0.005 -19"><span class='ocrx_word' id='word_1_706' title='bbox 2042 3426 2451 3493; x_wconf 90' lang='lat' dir='ltr'><strong>inserviebant,</strong></span> <span class='ocrx_word' id='word_1_707' title='bbox 2486 3430 2616 3485; x_wconf 88' lang='lat' dir='ltr'><strong>tulit</strong></span> <span class='ocrx_word' id='word_1_708' title='bbox 2676 3431 3044 3499; x_wconf 86' lang='lat' dir='ltr'><strong>intellectum,</strong></span> <span class='ocrx_word' id='word_1_709' title='bbox 3103 3434 3460 3497; x_wconf 89' lang='lat' dir='ltr'><strong>memoriam,</strong></span> <span class='ocrx_word' id='word_1_710' title='bbox 3514 3448 3580 3489; x_wconf 93' lang='lat' dir='ltr'><strong>ac</strong></span> <span class='ocrx_word' id='word_1_711' title='bbox 3627 3449 3740 3489; x_wconf 90' lang='lat' dir='ltr'><strong>vo-</strong></span> 
     </span>
    </p>
   </div>
   <div class='ocr_carea' id='block_1_94' title="bbox 2042 3515 3735 3591">
    <p class='ocr_par' dir='ltr' id='par_1_94' title="bbox 2042 3515 3735 3591">
     <span class='ocr_line' id='line_1_94' title="bbox 2042 3515 3735 3591; baseline 0.004 -21"><span class='ocrx_word' id='word_1_712' title='bbox 2042 3515 2322 3571; x_wconf 89' lang='lat' dir='ltr'><strong>luntatem</strong></span> <span class='ocrx_word' id='word_1_713' title='bbox 2354 3517 2524 3584; x_wconf 90' lang='lat' dir='ltr'><strong>Deus,</strong></span> <span class='ocrx_word' id='word_1_714' title='bbox 2572 3532 2702 3587; x_wconf 71' lang='lat' dir='ltr'><strong>quae</strong></span> <span class='ocrx_word' id='word_1_715' title='bbox 2764 3533 2896 3574; x_wconf 90' lang='lat' dir='ltr'><strong>vere</strong></span> <span class='ocrx_word' id='word_1_716' title='bbox 2954 3519 3276 3575; x_wconf 90' lang='lat' dir='ltr'><strong>substantia</strong></span> <span class='ocrx_word' id='word_1_717' title='bbox 3326 3521 3504 3591; x_wconf 89' lang='lat' dir='ltr'><strong>patris</strong></span> <span class='ocrx_word' id='word_1_718' title='bbox 3557 3523 3735 3578; x_wconf 90' lang='lat' dir='ltr'><strong>vestri</strong></span> 
     </span>
    </p>
   </div>
   <div class='ocr_carea' id='block_1_95' title="bbox 2042 3603 3742 3677">
    <p class='ocr_par' dir='ltr' id='par_1_95' title="bbox 2042 3603 3742 3677">
     <span class='ocr_line' id='line_1_95' title="bbox 2042 3603 3742 3677; baseline 0.004 -18"><span class='ocrx_word' id='word_1_719' title='bbox 2042 3603 2198 3659; x_wconf 90' lang='lat' dir='ltr'><strong>haud</strong></span> <span class='ocrx_word' id='word_1_720' title='bbox 2221 3605 2462 3660; x_wconf 91' lang='lat' dir='ltr'><strong>dubium</strong></span> <span class='ocrx_word' id='word_1_721' title='bbox 2492 3607 2635 3675; x_wconf 90' lang='lat' dir='ltr'><strong>quin</strong></span> <span class='ocrx_word' id='word_1_722' title='bbox 2667 3607 2845 3675; x_wconf 90' lang='lat' dir='ltr'><strong>ipsius</strong></span> <span class='ocrx_word' id='word_1_723' title='bbox 2867 3609 3016 3662; x_wconf 91' lang='lat' dir='ltr'><strong>Deus</strong></span> <span class='ocrx_word' id='word_1_724' title='bbox 3045 3615 3158 3677; x_wconf 85' lang='lat' dir='ltr'><strong>est;</strong></span> <span class='ocrx_word' id='word_1_725' title='bbox 3206 3616 3261 3664; x_wconf 91' lang='lat' dir='ltr'><strong>et</strong></span> <span class='ocrx_word' id='word_1_726' title='bbox 3293 3609 3446 3665; x_wconf 91' lang='lat' dir='ltr'><strong>dedit</strong></span> <span class='ocrx_word' id='word_1_727' title='bbox 3477 3610 3616 3665; x_wconf 91' lang='lat' dir='ltr'><strong>mihi</strong></span> <span class='ocrx_word' id='word_1_728' title='bbox 3671 3625 3742 3666; x_wconf 88' lang='lat' dir='ltr'><strong>ea</strong></span> 
     </span>
    </p>
   </div>
   <div class='ocr_carea' id='block_1_96' title="bbox 2043 3693 3742 3767">
    <p class='ocr_par' dir='ltr' id='par_1_96' title="bbox 2043 3693 3742 3767">
     <span class='ocr_line' id='line_1_96' title="bbox 2043 3693 3742 3767; baseline 0.004 -21"><span class='ocrx_word' id='word_1_729' title='bbox 2043 3693 2220 3762; x_wconf 90' lang='lat' dir='ltr'><strong>probe</strong></span> <span class='ocrx_word' id='word_1_730' title='bbox 2252 3701 2306 3749; x_wconf 91' lang='lat' dir='ltr'><strong>et</strong></span> <span class='ocrx_word' id='word_1_731' title='bbox 2365 3694 2584 3749; x_wconf 90' lang='lat' dir='ltr'><strong>utiliter</strong></span> <span class='ocrx_word' id='word_1_732' title='bbox 2626 3695 2760 3750; x_wconf 87' lang='lat' dir='ltr'><strong>frui.</strong></span> <span class='ocrx_word' id='word_1_733' title='bbox 2815 3696 3022 3766; x_wconf 89' lang='lat' dir='ltr'><strong>(Vens.</strong></span> <span class='ocrx_word' id='word_1_734' title='bbox 3090 3697 3197 3766; x_wconf 80' lang='grc'>10.)</span> <span class='ocrx_word' id='word_1_735' title='bbox 3245 3700 3538 3767; x_wconf 78' lang='lat' dir='ltr'><strong>Postquam</strong></span> <span class='ocrx_word' id='word_1_736' title='bbox 3597 3702 3742 3753; x_wconf 87' lang='lat' dir='ltr'><strong>enim</strong></span> 
     </span>
    </p>
   </div>
   <div class='ocr_carea' id='block_1_97' title="bbox 2042 3784 3742 3853">
    <p class='ocr_par' dir='ltr' id='par_1_97' title="bbox 2042 3784 3742 3853">
     <span class='ocr_line' id='line_1_97' title="bbox 2042 3784 3742 3853; baseline 0.005 -19"><span class='ocrx_word' id='word_1_737' title='bbox 2042 3786 2322 3851; x_wconf 89' lang='lat' dir='ltr'><strong>conceptus</strong></span> <span class='ocrx_word' id='word_1_738' title='bbox 2352 3785 2528 3837; x_wconf 88' lang='lat' dir='ltr'><strong>ovium</strong></span> <span class='ocrx_word' id='word_1_739' title='bbox 2556 3789 2764 3852; x_wconf 87' lang='lat' dir='ltr'><strong>tempus</strong></span> <span class='ocrx_word' id='word_1_740' title='bbox 2795 3784 3110 3849; x_wconf 75' lang='lat' dir='ltr'><strong>ademerat,</strong></span> <span class='ocrx_word' id='word_1_741' title='bbox 3145 3788 3320 3840; x_wconf 86' lang='lat' dir='ltr'><strong>levavi</strong></span> <span class='ocrx_word' id='word_1_742' title='bbox 3359 3788 3535 3841; x_wconf 85' lang='lat' dir='ltr'><strong>oculos</strong></span> <span class='ocrx_word' id='word_1_743' title='bbox 3575 3803 3742 3853; x_wconf 89' lang='lat' dir='ltr'><strong>meos,</strong></span> 
     </span>
    </p>
   </div>
   <div class='ocr_carea' id='block_1_98' title="bbox 2042 3869 3745 3942">
    <p class='ocr_par' dir='ltr' id='par_1_98' title="bbox 2042 3869 3745 3942">
     <span class='ocr_line' id='line_1_98' title="bbox 2042 3869 3745 3942; baseline 0.005 -21"><span class='ocrx_word' id='word_1_744' title='bbox 2042 3874 2094 3922; x_wconf 88' lang='lat' dir='ltr'><strong>et</strong></span> <span class='ocrx_word' id='word_1_745' title='bbox 2121 3869 2242 3922; x_wconf 88' lang='lat' dir='ltr'><strong>vidi</strong></span> <span class='ocrx_word' id='word_1_746' title='bbox 2260 3871 2317 3923; x_wconf 88' lang='lat' dir='ltr'><strong>in</strong></span> <span class='ocrx_word' id='word_1_747' title='bbox 2345 3872 2543 3924; x_wconf 84' lang='lat' dir='ltr'><strong>somnis</strong></span> <span class='ocrx_word' id='word_1_748' title='bbox 2575 3871 2918 3926; x_wconf 84' lang='lat' dir='ltr'><strong>ascendentes</strong></span> <span class='ocrx_word' id='word_1_749' title='bbox 2948 3887 3122 3926; x_wconf 89' lang='lat' dir='ltr'><strong>mares</strong></span> <span class='ocrx_word' id='word_1_750' title='bbox 3153 3887 3316 3941; x_wconf 85' lang='lat' dir='ltr'><strong>super</strong></span> <span class='ocrx_word' id='word_1_751' title='bbox 3361 3875 3616 3942; x_wconf 81' lang='lat' dir='ltr'><strong>feminas,</strong></span> <span class='ocrx_word' id='word_1_752' title='bbox 3649 3891 3745 3928; x_wconf 87' lang='lat' dir='ltr'><strong>va-</strong></span> 
     </span>
    </p>
   </div>
   <div class='ocr_carea' id='block_1_99' title="bbox 2041 3959 3742 4029">
    <p class='ocr_par' dir='ltr' id='par_1_99' title="bbox 2041 3959 3742 4029">
     <span class='ocr_line' id='line_1_99' title="bbox 2041 3959 3742 4029; baseline 0.005 -19"><span class='ocrx_word' id='word_1_753' title='bbox 2041 3959 2174 4024; x_wconf 87' lang='lat' dir='ltr'><strong>rios,</strong></span> <span class='ocrx_word' id='word_1_754' title='bbox 2219 3963 2267 4011; x_wconf 89' lang='lat' dir='ltr'><strong>et</strong></span> <span class='ocrx_word' id='word_1_755' title='bbox 2297 3960 2614 4027; x_wconf 84' lang='lat' dir='ltr'><strong>maculosos,</strong></span> <span class='ocrx_word' id='word_1_756' title='bbox 2649 3963 2699 4013; x_wconf 88' lang='lat' dir='ltr'><strong>et</strong></span> <span class='ocrx_word' id='word_1_757' title='bbox 2729 3959 3064 4014; x_wconf 86' lang='lat' dir='ltr'><strong>diversorum</strong></span> <span class='ocrx_word' id='word_1_758' title='bbox 3094 3962 3347 4029; x_wconf 81' lang='lat' dir='ltr'><strong>colorum,</strong></span> <span class='ocrx_word' id='word_1_759' title='bbox 3389 3962 3442 4017; x_wconf 94' lang='lat' dir='ltr'><strong>id</strong></span> <span class='ocrx_word' id='word_1_760' title='bbox 3473 3970 3557 4018; x_wconf 91' lang='lat' dir='ltr'><strong>est</strong></span> <span class='ocrx_word' id='word_1_761' title='bbox 3604 3978 3742 4019; x_wconf 90' lang='lat' dir='ltr'><strong>cum</strong></span> 
     </span>
    </p>
   </div>
   <div class='ocr_carea' id='block_1_100' title="bbox 2043 4045 3742 4120">
    <p class='ocr_par' dir='ltr' id='par_1_100' title="bbox 2043 4045 3742 4120">
     <span class='ocr_line' id='line_1_100' title="bbox 2043 4045 3742 4120; baseline 0.004 -19"><span class='ocrx_word' id='word_1_762' title='bbox 2043 4046 2114 4101; x_wconf 93' lang='lat' dir='ltr'><strong>ad</strong></span> <span class='ocrx_word' id='word_1_763' title='bbox 2168 4046 2274 4100; x_wconf 93' lang='lat' dir='ltr'><strong>hoc</strong></span> <span class='ocrx_word' id='word_1_764' title='bbox 2337 4045 2458 4116; x_wconf 92' lang='lat' dir='ltr'><strong>jam</strong></span> <span class='ocrx_word' id='word_1_765' title='bbox 2514 4047 2868 4116; x_wconf 82' lang='lat' dir='ltr'><strong>proﬁcerem,</strong></span> <span class='ocrx_word' id='word_1_766' title='bbox 2930 4055 2994 4104; x_wconf 93' lang='lat' dir='ltr'><strong>ut</strong></span> <span class='ocrx_word' id='word_1_767' title='bbox 3066 4049 3333 4105; x_wconf 89' lang='lat' dir='ltr'><strong>sterilitas</strong></span> <span class='ocrx_word' id='word_1_768' title='bbox 3411 4051 3742 4120; x_wconf 88' lang='lat' dir='ltr'><strong>ineptorum</strong></span> 
     </span>
    </p>
   </div>
   <div class='ocr_carea' id='block_1_101' title="bbox 2041 4133 3738 4208">
    <p class='ocr_par' dir='ltr' id='par_1_101' title="bbox 2041 4133 3738 4208">
     <span class='ocr_line' id='line_1_101' title="bbox 2041 4133 3738 4208; baseline 0.004 -19"><span class='ocrx_word' id='word_1_769' title='bbox 2041 4133 2396 4204; x_wconf 88' lang='lat' dir='ltr'><strong>cogitatuum</strong></span> <span class='ocrx_word' id='word_1_770' title='bbox 2429 4149 2741 4204; x_wconf 89' lang='lat' dir='ltr'><strong>proponere</strong></span> <span class='ocrx_word' id='word_1_771' title='bbox 2769 4135 3068 4206; x_wconf 83' lang='lat' dir='ltr'><strong>quidpiam</strong></span> <span class='ocrx_word' id='word_1_772' title='bbox 3123 4137 3414 4194; x_wconf 88' lang='lat' dir='ltr'><strong>fructuose</strong></span> <span class='ocrx_word' id='word_1_773' title='bbox 3443 4138 3738 4208; x_wconf 89' lang='lat' dir='ltr'><strong>deberent,</strong></span> 
     </span>
    </p>
   </div>
   <div class='ocr_carea' id='block_1_102' title="bbox 2040 4223 3743 4293">
    <p class='ocr_par' dir='ltr' id='par_1_102' title="bbox 2040 4223 3743 4293">
     <span class='ocr_line' id='line_1_102' title="bbox 2040 4223 3743 4293; baseline 0.004 -15"><span class='ocrx_word' id='word_1_774' title='bbox 2040 4223 2197 4278; x_wconf 82' lang='lat' dir='ltr'><strong>erexi</strong></span> <span class='ocrx_word' id='word_1_775' title='bbox 2229 4224 2302 4279; x_wconf 89' lang='lat' dir='ltr'><strong>ab</strong></span> <span class='ocrx_word' id='word_1_776' title='bbox 2338 4223 2549 4278; x_wconf 85' lang='lat' dir='ltr'><strong>inlimis</strong></span> <span class='ocrx_word' id='word_1_777' title='bbox 2579 4223 2920 4280; x_wconf 91' lang='lat' dir='ltr'><strong>intentiones</strong></span> <span class='ocrx_word' id='word_1_778' title='bbox 2960 4239 3131 4293; x_wconf 88' lang='lat' dir='ltr'><strong>meas,</strong></span> <span class='ocrx_word' id='word_1_779' title='bbox 3183 4234 3238 4282; x_wconf 92' lang='lat' dir='ltr'><strong>et</strong></span> <span class='ocrx_word' id='word_1_780' title='bbox 3278 4227 3611 4283; x_wconf 90' lang='lat' dir='ltr'><strong>dormiendo</strong></span> <span class='ocrx_word' id='word_1_781' title='bbox 3657 4228 3743 4284; x_wconf 79' lang='grc' dir='ltr'><strong>[ο-</strong></span> 
     </span>
    </p>
   </div>
   <div class='ocr_carea' id='block_1_103' title="bbox 2043 4312 3743 4385">
    <p class='ocr_par' dir='ltr' id='par_1_103' title="bbox 2043 4312 3743 4385">
     <span class='ocr_line' id='line_1_103' title="bbox 2043 4312 3743 4385; baseline 0.003 -19"><span class='ocrx_word' id='word_1_782' title='bbox 2043 4312 2307 4368; x_wconf 89' lang='lat' dir='ltr'><strong>rensibus</strong></span> <span class='ocrx_word' id='word_1_783' title='bbox 2335 4326 2401 4367; x_wconf 90' lang='lat' dir='ltr'><strong>ac</strong></span> <span class='ocrx_word' id='word_1_784' title='bbox 2431 4312 2725 4383; x_wconf 88' lang='lat' dir='ltr'><strong>vigilando</strong></span> <span class='ocrx_word' id='word_1_785' title='bbox 2757 4313 3098 4382; x_wconf 90' lang='lat' dir='ltr'><strong>intrincesis,</strong></span> <span class='ocrx_word' id='word_1_786' title='bbox 3139 4315 3274 4382; x_wconf 76' lang='lat' dir='ltr'><strong>vidi,</strong></span> <span class='ocrx_word' id='word_1_787' title='bbox 3309 4315 3461 4385; x_wconf 91' lang='lat' dir='ltr'><strong>quod</strong></span> <span class='ocrx_word' id='word_1_788' title='bbox 3510 4325 3594 4371; x_wconf 91' lang='lat' dir='ltr'><strong>est</strong></span> <span class='ocrx_word' id='word_1_789' title='bbox 3643 4317 3743 4371; x_wconf 91' lang='lat' dir='ltr'><strong>in-</strong></span> 
     </span>
    </p>
   </div>
   <div class='ocr_carea' id='block_1_104' title="bbox 2040 4400 3744 4468">
    <p class='ocr_par' dir='ltr' id='par_1_104' title="bbox 2040 4400 3744 4468">
     <span class='ocr_line' id='line_1_104' title="bbox 2040 4400 3744 4468; baseline 0.002 -12"><span class='ocrx_word' id='word_1_790' title='bbox 2040 4400 2250 4468; x_wconf 80' lang='lat' dir='ltr'><strong>tellexi,</strong></span> <span class='ocrx_word' id='word_1_791' title='bbox 2285 4401 2740 4456; x_wconf 87' lang='lat' dir='ltr'><strong>rationalitatum</strong></span> <span class='ocrx_word' id='word_1_792' title='bbox 2763 4401 2915 4457; x_wconf 89' lang='lat' dir='ltr'><strong>vires</strong></span> <span class='ocrx_word' id='word_1_793' title='bbox 2942 4403 3212 4458; x_wconf 91' lang='lat' dir='ltr'><strong>mollibus</strong></span> <span class='ocrx_word' id='word_1_794' title='bbox 3251 4404 3544 4459; x_wconf 89' lang='lat' dir='ltr'><strong>desideriis</strong></span> <span class='ocrx_word' id='word_1_795' title='bbox 3590 4419 3659 4460; x_wconf 89' lang='lat' dir='ltr'><strong>ac</strong></span> <span class='ocrx_word' id='word_1_796' title='bbox 3693 4405 3744 4460; x_wconf 90' lang='lat' dir='ltr'><strong>si</strong></span> 
     </span>
    </p>
   </div>
   <div class='ocr_carea' id='block_1_105' title="bbox 2041 4489 3745 4558">
    <p class='ocr_par' dir='ltr' id='par_1_105' title="bbox 2041 4489 3745 4558">
     <span class='ocr_line' id='line_1_105' title="bbox 2041 4489 3745 4558; baseline 0.001 -14"><span class='ocrx_word' id='word_1_797' title='bbox 2041 4503 2226 4544; x_wconf 90' lang='lat' dir='ltr'><strong>mares</strong></span> <span class='ocrx_word' id='word_1_798' title='bbox 2257 4489 2479 4544; x_wconf 84' lang='lat' dir='ltr'><strong>feminis</strong></span> <span class='ocrx_word' id='word_1_799' title='bbox 2508 4489 2892 4558; x_wconf 68' lang='lat' dir='ltr'><strong>praesidentes,</strong></span> <span class='ocrx_word' id='word_1_800' title='bbox 2935 4499 2990 4546; x_wconf 92' lang='lat' dir='ltr'><strong>et</strong></span> <span class='ocrx_word' id='word_1_801' title='bbox 3020 4491 3211 4547; x_wconf 89' lang='lat' dir='ltr'><strong>varias</strong></span> <span class='ocrx_word' id='word_1_802' title='bbox 3258 4492 3580 4547; x_wconf 89' lang='lat' dir='ltr'><strong>carnalium</strong></span> <span class='ocrx_word' id='word_1_803' title='bbox 3634 4493 3745 4548; x_wconf 63' lang='lat' dir='ltr'><strong>mi-</strong></span> 
     </span>
    </p>
   </div>
   <div class='ocr_carea' id='block_1_106' title="bbox 2039 4576 3520 4648">
    <p class='ocr_par' dir='ltr' id='par_1_106' title="bbox 2039 4576 3520 4648">
     <span class='ocr_line' id='line_1_106' title="bbox 2039 4576 3520 4648; baseline 0.001 -16"><span class='ocrx_word' id='word_1_804' title='bbox 2039 4576 2344 4643; x_wconf 89' lang='lat' dir='ltr'><strong>seriarum,</strong></span> <span class='ocrx_word' id='word_1_805' title='bbox 2377 4577 2880 4648; x_wconf 86' lang='lat' dir='ltr'><strong>spiritualiumque</strong></span> <span class='ocrx_word' id='word_1_806' title='bbox 2909 4579 3166 4634; x_wconf 90' lang='lat' dir='ltr'><strong>maculas</strong></span> <span class='ocrx_word' id='word_1_807' title='bbox 3188 4579 3520 4636; x_wconf 87' lang='lat' dir='ltr'><strong>indicantes.</strong></span> 
     </span>
    </p>
   </div>
   <div class='ocr_carea' id='block_1_107' title="bbox 2113 4683 3744 4753">
    <p class='ocr_par' dir='ltr' id='par_1_107' title="bbox 2113 4683 3744 4753">
     <span class='ocr_line' id='line_1_107' title="bbox 2113 4683 3744 4753; baseline 0.004 -14"><span class='ocrx_word' id='word_1_808' title='bbox 2113 4683 2283 4740; x_wconf 85' lang='lat' dir='ltr'><strong>Vens.</strong></span> <span class='ocrx_word' id='word_1_809' title='bbox 2321 4687 2406 4737; x_wconf 82' lang='lat' dir='ltr'><strong>ll.</strong></span> <span class='ocrx_word' id='word_1_810' title='bbox 2439 4713 2506 4725; x_wconf 93' lang='lat'><strong><em>—</em></strong></span> <span class='ocrx_word' id='word_1_811' title='bbox 2539 4687 2798 4753; x_wconf 70' lang='lat' dir='ltr'><strong>Dixitque</strong></span> <span class='ocrx_word' id='word_1_812' title='bbox 2843 4687 3064 4752; x_wconf 88' lang='lat' dir='ltr'><strong>angelus</strong></span> <span class='ocrx_word' id='word_1_813' title='bbox 3112 4689 3208 4741; x_wconf 90' lang='lat' dir='ltr'><strong>Dei</strong></span> <span class='ocrx_word' id='word_1_814' title='bbox 3238 4687 3313 4740; x_wconf 91' lang='lat' dir='ltr'><strong>ad</strong></span> <span class='ocrx_word' id='word_1_815' title='bbox 3358 4703 3457 4753; x_wconf 89' lang='lat' dir='ltr'><strong>me,</strong></span> <span class='ocrx_word' id='word_1_816' title='bbox 3492 4689 3580 4743; x_wconf 90' lang='lat' dir='ltr'><strong>vel</strong></span> <span class='ocrx_word' id='word_1_817' title='bbox 3640 4703 3744 4744; x_wconf 88' lang='lat' dir='ltr'><strong>ra-</strong></span> 
     </span>
    </p>
   </div>
   <div class='ocr_carea' id='block_1_108' title="bbox 2041 4771 3748 4842">
    <p class='ocr_par' dir='ltr' id='par_1_108' title="bbox 2041 4771 3748 4842">
     <span class='ocr_line' id='line_1_108' title="bbox 2041 4771 3748 4842; baseline 0.004 -15"><span class='ocrx_word' id='word_1_818' title='bbox 2041 4771 2117 4827; x_wconf 88' lang='lat' dir='ltr'><strong>tio</strong></span> <span class='ocrx_word' id='word_1_819' title='bbox 2167 4771 2397 4838; x_wconf 90' lang='lat' dir='ltr'><strong>scilicet,</strong></span> <span class='ocrx_word' id='word_1_820' title='bbox 2441 4771 2529 4827; x_wconf 88' lang='lat' dir='ltr'><strong>vel</strong></span> <span class='ocrx_word' id='word_1_821' title='bbox 2571 4771 2880 4842; x_wconf 68' lang='lat' dir='ltr'><strong>Scripturze</strong></span> <span class='ocrx_word' id='word_1_822' title='bbox 2924 4789 3130 4842; x_wconf 90' lang='lat' dir='ltr'><strong>sermo,</strong></span> <span class='ocrx_word' id='word_1_823' title='bbox 3182 4778 3240 4828; x_wconf 89' lang='lat' dir='ltr'><strong>in</strong></span> <span class='ocrx_word' id='word_1_824' title='bbox 3289 4778 3506 4842; x_wconf 87' lang='lat' dir='ltr'><strong>somnis,</strong></span> <span class='ocrx_word' id='word_1_825' title='bbox 3543 4777 3748 4834; x_wconf 90' lang='lat' dir='ltr'><strong>clauso</strong></span> 
     </span>
    </p>
   </div>
   <div class='ocr_carea' id='block_1_109' title="bbox 2041 4859 3747 4935">
    <p class='ocr_par' dir='ltr' id='par_1_109' title="bbox 2041 4859 3747 4935">
     <span class='ocr_line' id='line_1_109' title="bbox 2041 4859 3747 4935; baseline 0.006 -22"><span class='ocrx_word' id='word_1_826' title='bbox 2041 4872 2176 4914; x_wconf 87' lang='lat' dir='ltr'><strong>sane</strong></span> <span class='ocrx_word' id='word_1_827' title='bbox 2199 4872 2233 4913; x_wconf 86' lang='lat' dir='ltr'><strong>a</strong></span> <span class='ocrx_word' id='word_1_828' title='bbox 2263 4859 2588 4915; x_wconf 90' lang='lat' dir='ltr'><strong>visibilibus</strong></span> <span class='ocrx_word' id='word_1_829' title='bbox 2616 4861 2822 4916; x_wconf 91' lang='lat' dir='ltr'><strong>obtutu</strong></span> <span class='ocrx_word' id='word_1_830' title='bbox 2847 4863 3035 4918; x_wconf 89' lang='lat' dir='ltr'><strong>cordis</strong></span> <span class='ocrx_word' id='word_1_831' title='bbox 3071 4879 3084 4917; x_wconf 93' lang='lat'><em>:</em></span> <span class='ocrx_word' id='word_1_832' title='bbox 3130 4864 3290 4917; x_wconf 90' lang='lat' dir='ltr'><strong>Jacob</strong></span> <span class='ocrx_word' id='word_1_833' title='bbox 3315 4867 3342 4918; x_wconf 89' lang='lat'><strong><em>?</em></strong></span> <span class='ocrx_word' id='word_1_834' title='bbox 3388 4864 3578 4935; x_wconf 91' lang='lat' dir='ltr'><strong>inquit</strong></span> <span class='ocrx_word' id='word_1_835' title='bbox 3609 4880 3622 4918; x_wconf 93' lang='lat'><em>:</em></span> <span class='ocrx_word' id='word_1_836' title='bbox 3661 4868 3747 4923; x_wconf 87' lang='lat' dir='ltr'><strong>Ac</strong></span> 
     </span>
    </p>
   </div>
   <div class='ocr_carea' id='block_1_110' title="bbox 2041 4947 3747 5024">
    <p class='ocr_par' dir='ltr' id='par_1_110' title="bbox 2041 4947 3747 5024">
     <span class='ocr_line' id='line_1_110' title="bbox 2041 4947 3747 5024; baseline 0.005 -22"><span class='ocrx_word' id='word_1_837' title='bbox 2041 4948 2085 5003; x_wconf 93' lang='lat' dir='ltr'><strong>si</strong></span> <span class='ocrx_word' id='word_1_838' title='bbox 2122 4947 2308 5003; x_wconf 90' lang='lat' dir='ltr'><strong>dicat:</strong></span> <span class='ocrx_word' id='word_1_839' title='bbox 2368 4948 2624 5005; x_wconf 90' lang='lat' dir='ltr'><strong>Nominis</strong></span> <span class='ocrx_word' id='word_1_840' title='bbox 2674 4950 2757 5005; x_wconf 93' lang='lat' dir='ltr'><strong>tui</strong></span> <span class='ocrx_word' id='word_1_841' title='bbox 2803 4959 3110 5018; x_wconf 91' lang='lat' dir='ltr'><strong>memento,</strong></span> <span class='ocrx_word' id='word_1_842' title='bbox 3163 4960 3218 5008; x_wconf 93' lang='lat' dir='ltr'><strong>et</strong></span> <span class='ocrx_word' id='word_1_843' title='bbox 3266 4952 3406 5008; x_wconf 89' lang='lat' dir='ltr'><strong>vitia</strong></span> <span class='ocrx_word' id='word_1_844' title='bbox 3454 4955 3747 5024; x_wconf 83' lang='lat' dir='ltr'><strong>supplan-</strong></span> 
     </span>
    </p>
   </div>
   <div class='ocr_carea' id='block_1_111' title="bbox 2043 5035 3748 5113">
    <p class='ocr_par' dir='ltr' id='par_1_111' title="bbox 2043 5035 3748 5113">
     <span class='ocr_line' id='line_1_111' title="bbox 2043 5035 3748 5113; baseline 0.005 -21"><span class='ocrx_word' id='word_1_845' title='bbox 2043 5043 2178 5092; x_wconf 90' lang='lat' dir='ltr'><strong>tato.</strong></span> <span class='ocrx_word' id='word_1_846' title='bbox 2214 5037 2286 5092; x_wconf 87' lang='lat' dir='ltr'><strong>Et</strong></span> <span class='ocrx_word' id='word_1_847' title='bbox 2319 5035 2432 5102; x_wconf 90' lang='lat' dir='ltr'><strong>ille,</strong></span> <span class='ocrx_word' id='word_1_848' title='bbox 2460 5038 2685 5103; x_wconf 83' lang='lat' dir='ltr'><strong>Adsum,</strong></span> <span class='ocrx_word' id='word_1_849' title='bbox 2725 5040 2822 5105; x_wconf 91' lang='lat' dir='ltr'><strong>ait,</strong></span> <span class='ocrx_word' id='word_1_850' title='bbox 2858 5039 2912 5094; x_wconf 91' lang='lat' dir='ltr'><strong>id</strong></span> <span class='ocrx_word' id='word_1_851' title='bbox 2955 5047 3038 5096; x_wconf 89' lang='lat' dir='ltr'><strong>est</strong></span> <span class='ocrx_word' id='word_1_852' title='bbox 3082 5055 3238 5097; x_wconf 64' lang='lat' dir='ltr'><strong>cura;</strong></span> <span class='ocrx_word' id='word_1_853' title='bbox 3291 5041 3547 5098; x_wconf 90' lang='lat' dir='ltr'><strong>interiori</strong></span> <span class='ocrx_word' id='word_1_854' title='bbox 3607 5058 3748 5113; x_wconf 69' lang='lat' dir='ltr'><strong>prte-</strong></span> 
     </span>
    </p>
   </div>
   <div class='ocr_carea' id='block_1_112' title="bbox 2041 5127 3744 5199">
    <p class='ocr_par' dir='ltr' id='par_1_112' title="bbox 2041 5127 3744 5199">
     <span class='ocr_line' id='line_1_112' title="bbox 2041 5127 3744 5199; baseline 0.005 -20"><span class='ocrx_word' id='word_1_855' title='bbox 2041 5133 2125 5181; x_wconf 86' lang='lat' dir='ltr'><strong>sto</strong></span> <span class='ocrx_word' id='word_1_856' title='bbox 2173 5139 2321 5180; x_wconf 91' lang='lat' dir='ltr'><strong>sum.</strong></span> <span class='ocrx_word' id='word_1_857' title='bbox 2392 5127 2587 5195; x_wconf 89' lang='lat' dir='ltr'><strong>(Vens.</strong></span> <span class='ocrx_word' id='word_1_858' title='bbox 2653 5127 2761 5198; x_wconf 79' lang='lat' dir='ltr'><strong>i2.)</strong></span> <span class='ocrx_word' id='word_1_859' title='bbox 2816 5129 2981 5194; x_wconf 82' lang='lat' dir='ltr'><strong>Leva,</strong></span> <span class='ocrx_word' id='word_1_860' title='bbox 3052 5129 3260 5199; x_wconf 91' lang='lat' dir='ltr'><strong>inquit,</strong></span> <span class='ocrx_word' id='word_1_861' title='bbox 3311 5131 3507 5185; x_wconf 88' lang='lat' dir='ltr'><strong>oculos.</strong></span> <span class='ocrx_word' id='word_1_862' title='bbox 3576 5131 3744 5198; x_wconf 88' lang='lat' dir='ltr'><strong>Quod</strong></span> 
     </span>
    </p>
   </div>
   <div class='ocr_carea' id='block_1_113' title="bbox 2041 5215 3742 5286">
    <p class='ocr_par' dir='ltr' id='par_1_113' title="bbox 2041 5215 3742 5286">
     <span class='ocr_line' id='line_1_113' title="bbox 2041 5215 3742 5286; baseline 0.004 -16"><span class='ocrx_word' id='word_1_863' title='bbox 2041 5215 2307 5284; x_wconf 89' lang='lat' dir='ltr'><strong>superius</strong></span> <span class='ocrx_word' id='word_1_864' title='bbox 2334 5216 2657 5286; x_wconf 84' lang='lat' dir='ltr'><strong>expositum</strong></span> <span class='ocrx_word' id='word_1_865' title='bbox 2693 5223 2797 5272; x_wconf 92' lang='lat' dir='ltr'><strong>est.</strong></span> <span class='ocrx_word' id='word_1_866' title='bbox 2829 5217 2899 5272; x_wconf 93' lang='lat' dir='ltr'><strong>Et</strong></span> <span class='ocrx_word' id='word_1_867' title='bbox 2932 5224 3015 5273; x_wconf 92' lang='lat' dir='ltr'><strong>est</strong></span> <span class='ocrx_word' id='word_1_868' title='bbox 3045 5231 3249 5274; x_wconf 89' lang='lat' dir='ltr'><strong>sensus</strong></span> <span class='ocrx_word' id='word_1_869' title='bbox 3276 5233 3287 5272; x_wconf 93' lang='lat'><em>:</em></span> <span class='ocrx_word' id='word_1_870' title='bbox 3321 5219 3479 5283; x_wconf 89' lang='lat' dir='ltr'><strong>Quod</strong></span> <span class='ocrx_word' id='word_1_871' title='bbox 3512 5220 3742 5276; x_wconf 88' lang='lat' dir='ltr'><strong>interna</strong></span> 
     </span>
    </p>
   </div>
   <div class='ocr_carea' id='block_1_114' title="bbox 2042 5302 3742 5378">
    <p class='ocr_par' dir='ltr' id='par_1_114' title="bbox 2042 5302 3742 5378">
     <span class='ocr_line' id='line_1_114' title="bbox 2042 5302 3742 5378; baseline 0.004 -19"><span class='ocrx_word' id='word_1_872' title='bbox 2042 5302 2261 5359; x_wconf 88' lang='lat' dir='ltr'><strong>visione</strong></span> <span class='ocrx_word' id='word_1_873' title='bbox 2299 5305 2464 5374; x_wconf 91' lang='lat' dir='ltr'><strong>quasi</strong></span> <span class='ocrx_word' id='word_1_874' title='bbox 2500 5304 2556 5358; x_wconf 93' lang='lat' dir='ltr'><strong>in</strong></span> <span class='ocrx_word' id='word_1_875' title='bbox 2596 5305 2811 5361; x_wconf 90' lang='lat' dir='ltr'><strong>somnis</strong></span> <span class='ocrx_word' id='word_1_876' title='bbox 2855 5305 3131 5374; x_wconf 89' lang='lat' dir='ltr'><strong>videram,</strong></span> <span class='ocrx_word' id='word_1_877' title='bbox 3168 5306 3273 5362; x_wconf 90' lang='lat' dir='ltr'><strong>hoc</strong></span> <span class='ocrx_word' id='word_1_878' title='bbox 3307 5307 3742 5378; x_wconf 87' lang='lat' dir='ltr'><strong>Scripturarum</strong></span> 
     </span>
    </p>
   </div>
   <div class='ocr_carea' id='block_1_115' title="bbox 2045 5393 3745 5460">
    <p class='ocr_par' dir='ltr' id='par_1_115' title="bbox 2045 5393 3745 5460">
     <span class='ocr_line' id='line_1_115' title="bbox 2045 5393 3745 5460; baseline 0.005 -13"><span class='ocrx_word' id='word_1_879' title='bbox 2045 5393 2250 5448; x_wconf 91' lang='lat' dir='ltr'><strong>nuntio</strong></span> <span class='ocrx_word' id='word_1_880' title='bbox 2272 5393 2340 5448; x_wconf 91' lang='lat' dir='ltr'><strong>de</strong></span> <span class='ocrx_word' id='word_1_881' title='bbox 2365 5393 2644 5450; x_wconf 90' lang='lat' dir='ltr'><strong>levatione</strong></span> <span class='ocrx_word' id='word_1_882' title='bbox 2674 5395 2995 5460; x_wconf 86' lang='lat' dir='ltr'><strong>oculorum.</strong></span> <span class='ocrx_word' id='word_1_883' title='bbox 3044 5402 3099 5451; x_wconf 89' lang='lat' dir='ltr'><strong>et</strong></span> <span class='ocrx_word' id='word_1_884' title='bbox 3128 5395 3197 5450; x_wconf 89' lang='lat' dir='ltr'><strong>de</strong></span> <span class='ocrx_word' id='word_1_885' title='bbox 3234 5397 3486 5453; x_wconf 90' lang='lat' dir='ltr'><strong>marium</strong></span> <span class='ocrx_word' id='word_1_886' title='bbox 3534 5413 3745 5456; x_wconf 84' lang='lat' dir='ltr'><strong>ascen—</strong></span> 
     </span>
    </p>
   </div>
   <div class='ocr_carea' id='block_1_116' title="bbox 2042 5479 3746 5558">
    <p class='ocr_par' dir='ltr' id='par_1_116' title="bbox 2042 5479 3746 5558">
     <span class='ocr_line' id='line_1_116' title="bbox 2042 5479 3746 5558; baseline 0.006 -23"><span class='ocrx_word' id='word_1_887' title='bbox 2042 5479 2200 5536; x_wconf 91' lang='lat' dir='ltr'><strong>sione</strong></span> <span class='ocrx_word' id='word_1_888' title='bbox 2231 5479 2423 5547; x_wconf 92' lang='lat' dir='ltr'><strong>didici,</strong></span> <span class='ocrx_word' id='word_1_889' title='bbox 2445 5488 2784 5552; x_wconf 90' lang='lat' dir='ltr'><strong>certumque</strong></span> <span class='ocrx_word' id='word_1_890' title='bbox 2813 5491 3055 5540; x_wconf 90' lang='lat' dir='ltr'><strong>teneam.</strong></span> <span class='ocrx_word' id='word_1_891' title='bbox 3079 5485 3232 5540; x_wconf 84' lang='lat' dir='ltr'><strong>Vidit</strong></span> <span class='ocrx_word' id='word_1_892' title='bbox 3252 5489 3588 5542; x_wconf 87' lang='lat' dir='ltr'><strong>enimomnia</strong></span> <span class='ocrx_word' id='word_1_893' title='bbox 3623 5505 3746 5558; x_wconf 62' lang='lat' dir='ltr'><strong>quae</strong></span> 
     </span>
    </p>
   </div>
  </div>
