  <div class='ocr_page' id='page_1' title='image "/cluster/home/n/w/nwhite01/storage/ocr_20150623/156/hvd.32044054760145/122.png"; bbox 0 0 3902 6054; ppageno 0'>
   <div class='ocr_carea' id='block_1_1' title="bbox 104 242 2432 301">
    <p class='ocr_par' dir='ltr' id='par_1_1' title="bbox 104 242 2432 301">
     <span class='ocr_line' id='line_1_1' title="bbox 104 242 2432 301; baseline 0 -4"><span class='ocrx_word' id='word_1_1' title='bbox 104 246 197 297; x_wconf 81' lang='grc'><strong>233</strong></span> <span class='ocrx_word' id='word_1_2' title='bbox 1267 244 1630 301; x_wconf 77' lang='lat' dir='ltr'><strong>MORALIUM</strong></span> <span class='ocrx_word' id='word_1_3' title='bbox 1670 245 1740 299; x_wconf 87' lang='lat' dir='ltr'>IN</span> <span class='ocrx_word' id='word_1_4' title='bbox 1779 242 2079 300; x_wconf 84' lang='lat' dir='ltr'><strong>GENESIN</strong></span> <span class='ocrx_word' id='word_1_5' title='bbox 2119 243 2255 299; x_wconf 90' lang='lat' dir='ltr'><strong>LIB.</strong></span> <span class='ocrx_word' id='word_1_6' title='bbox 2295 245 2432 299; x_wconf 84' lang='lat' dir='ltr'>VIII.</span> 
     </span>
    </p>
   </div>
   <div class='ocr_carea' id='block_1_2' title="bbox 3495 246 3602 301">
    <p class='ocr_par' dir='ltr' id='par_1_2' title="bbox 3495 246 3602 301">
     <span class='ocr_line' id='line_1_2' title="bbox 3495 246 3602 301; baseline 0.019 -2"><span class='ocrx_word' id='word_1_7' title='bbox 3495 246 3602 301; x_wconf 75' lang='grc'><strong>234</strong></span> 
     </span>
    </p>
   </div>
   <div class='ocr_carea' id='block_1_3' title="bbox 94 373 3604 445">
    <p class='ocr_par' dir='ltr' id='par_1_3' title="bbox 94 373 3604 445">
     <span class='ocr_line' id='line_1_3' title="bbox 94 373 3604 445; baseline 0.001 -16"><span class='ocrx_word' id='word_1_8' title='bbox 94 377 219 441; x_wconf 77' lang='lat' dir='ltr'><strong>fecit</strong></span> <span class='ocrx_word' id='word_1_9' title='bbox 247 375 353 429; x_wconf 83' lang='lat' dir='ltr'><strong>tibi</strong></span> <span class='ocrx_word' id='word_1_10' title='bbox 378 376 589 434; x_wconf 88' lang='lat' dir='ltr'><strong>Laban.</strong></span> <span class='ocrx_word' id='word_1_11' title='bbox 621 374 677 430; x_wconf 88' lang='lat' dir='ltr'><strong>id</strong></span> <span class='ocrx_word' id='word_1_12' title='bbox 709 382 792 431; x_wconf 81' lang='lat' dir='ltr'><strong>es:</strong></span> <span class='ocrx_word' id='word_1_13' title='bbox 826 373 1146 445; x_wconf 75' lang='lat' dir='ltr'><strong>intelligam</strong></span> <span class='ocrx_word' id='word_1_14' title='bbox 1176 381 1229 431; x_wconf 89' lang='lat' dir='ltr'><strong>te</strong></span> <span class='ocrx_word' id='word_1_15' title='bbox 1261 375 1365 430; x_wconf 91' lang='lat' dir='ltr'><strong>feci</strong></span> <span class='ocrx_word' id='word_1_16' title='bbox 1396 389 1527 445; x_wconf 77' lang='lat' dir='ltr'><strong>quae</strong></span> <span class='ocrx_word' id='word_1_17' title='bbox 1558 374 1799 430; x_wconf 90' lang='lat' dir='ltr'><strong>adversa</strong></span> <span class='ocrx_word' id='word_1_18' title='bbox 1838 379 1881 429; x_wconf 75' lang='grc' dir='ltr'><strong>Α</strong></span> <span class='ocrx_word' id='word_1_19' title='bbox 1909 374 2162 430; x_wconf 88' lang='lat' dir='ltr'><strong>tabimur</strong></span> <span class='ocrx_word' id='word_1_20' title='bbox 2210 374 2377 442; x_wconf 90' lang='lat' dir='ltr'><strong>(Psal.</strong></span> <span class='ocrx_word' id='word_1_21' title='bbox 2426 390 2498 440; x_wconf 83' lang='lat' dir='ltr'><strong>ci,</strong></span> <span class='ocrx_word' id='word_1_22' title='bbox 2549 374 2659 444; x_wconf 88' lang='grc'>28).</span> <span class='ocrx_word' id='word_1_23' title='bbox 2707 373 2867 430; x_wconf 87' lang='lat' dir='ltr'><strong>Unde</strong></span> <span class='ocrx_word' id='word_1_24' title='bbox 2914 375 3172 445; x_wconf 86' lang='lat' dir='ltr'><strong>psalmus</strong></span> <span class='ocrx_word' id='word_1_25' title='bbox 3212 383 3296 433; x_wconf 90' lang='lat' dir='ltr'><strong>est</strong></span> <span class='ocrx_word' id='word_1_26' title='bbox 3324 391 3337 431; x_wconf 89' lang='lat'><strong>:</strong></span> <span class='ocrx_word' id='word_1_27' title='bbox 3371 376 3481 434; x_wconf 87' lang='lat' dir='ltr'><strong>Pro</strong></span> <span class='ocrx_word' id='word_1_28' title='bbox 3512 378 3604 433; x_wconf 87' lang='lat' dir='ltr'><strong>his</strong></span> 
     </span>
    </p>
   </div>
   <div class='ocr_carea' id='block_1_4' title="bbox 99 462 1799 534">
    <p class='ocr_par' dir='ltr' id='par_1_4' title="bbox 99 462 1799 534">
     <span class='ocr_line' id='line_1_4' title="bbox 99 462 1799 534; baseline -0.001 -15"><span class='ocrx_word' id='word_1_29' title='bbox 99 464 303 519; x_wconf 89' lang='lat' dir='ltr'><strong>tuleris</strong></span> <span class='ocrx_word' id='word_1_30' title='bbox 350 472 584 534; x_wconf 78' lang='lat' dir='ltr'><strong>propter</strong></span> <span class='ocrx_word' id='word_1_31' title='bbox 616 462 890 518; x_wconf 76' lang='lat' dir='ltr'><strong>claritatis</strong></span> <span class='ocrx_word' id='word_1_32' title='bbox 933 470 1162 519; x_wconf 67' lang='lat' dir='ltr'><strong>aeterna:</strong></span> <span class='ocrx_word' id='word_1_33' title='bbox 1192 462 1455 534; x_wconf 85' lang='lat' dir='ltr'><strong>gloriam.</strong></span> <span class='ocrx_word' id='word_1_34' title='bbox 1490 463 1685 519; x_wconf 89' lang='lat' dir='ltr'><strong>Laban</strong></span> <span class='ocrx_word' id='word_1_35' title='bbox 1718 463 1799 518; x_wconf 86' lang='lat' dir='ltr'><strong>le-</strong></span> 
     </span>
    </p>
   </div>
   <div class='ocr_carea' id='block_1_5' title="bbox 97 551 1799 644">
    <p class='ocr_par' dir='ltr' id='par_1_5' title="bbox 97 551 1799 644">
     <span class='ocr_line' id='line_1_5' title="bbox 97 551 1799 644; baseline 0.001 -38"><span class='ocrx_word' id='word_1_36' title='bbox 97 552 232 607; x_wconf 87' lang='lat' dir='ltr'><strong>cisse</strong></span> <span class='ocrx_word' id='word_1_37' title='bbox 262 552 498 618; x_wconf 90' lang='lat' dir='ltr'><strong>dicitur,</strong></span> <span class='ocrx_word' id='word_1_38' title='bbox 529 566 781 621; x_wconf 90' lang='lat' dir='ltr'><strong>quorum</strong></span> <span class='ocrx_word' id='word_1_39' title='bbox 826 565 1003 607; x_wconf 90' lang='lat' dir='ltr'><strong>causa</strong></span> <span class='ocrx_word' id='word_1_40' title='bbox 1032 551 1139 644; x_wconf 61' lang='lat' dir='ltr'><strong>fuit</strong></span> <span class='ocrx_word' id='word_1_41' title='bbox 1189 559 1252 607; x_wconf 93' lang='lat' dir='ltr'><strong>ut</strong></span> <span class='ocrx_word' id='word_1_42' title='bbox 1286 552 1504 607; x_wconf 85' lang='lat' dir='ltr'><strong>ﬁerent.</strong></span> <span class='ocrx_word' id='word_1_43' title='bbox 1544 552 1669 607; x_wconf 91' lang='lat' dir='ltr'><strong>Non</strong></span> <span class='ocrx_word' id='word_1_44' title='bbox 1702 551 1799 607; x_wconf 90' lang='lat' dir='ltr'><strong>de-</strong></span> 
     </span>
    </p>
   </div>
   <div class='ocr_carea' id='block_1_6' title="bbox 100 639 1795 710">
    <p class='ocr_par' dir='ltr' id='par_1_6' title="bbox 100 639 1795 710">
     <span class='ocr_line' id='line_1_6' title="bbox 100 639 1795 710; baseline -0.001 -16"><span class='ocrx_word' id='word_1_45' title='bbox 100 639 191 694; x_wconf 87' lang='lat' dir='ltr'>bes</span> <span class='ocrx_word' id='word_1_46' title='bbox 216 654 360 709; x_wconf 87' lang='lat' dir='ltr'><strong>ergo</strong></span> <span class='ocrx_word' id='word_1_47' title='bbox 410 641 712 695; x_wconf 87' lang='lat' dir='ltr'><strong>lascessere</strong></span> <span class='ocrx_word' id='word_1_48' title='bbox 749 653 850 709; x_wconf 92' lang='lat' dir='ltr'><strong>pro</strong></span> <span class='ocrx_word' id='word_1_49' title='bbox 880 654 996 710; x_wconf 91' lang='lat' dir='ltr'><strong>quo</strong></span> <span class='ocrx_word' id='word_1_50' title='bbox 1028 639 1125 695; x_wconf 85' lang='lat' dir='ltr'><strong>tibi</strong></span> <span class='ocrx_word' id='word_1_51' title='bbox 1170 641 1409 709; x_wconf 83' lang='lat' dir='ltr'><strong>contigit</strong></span> <span class='ocrx_word' id='word_1_52' title='bbox 1438 648 1599 696; x_wconf 89' lang='lat' dir='ltr'><strong>tanta</strong></span> <span class='ocrx_word' id='word_1_53' title='bbox 1628 640 1795 697; x_wconf 86' lang='lat' dir='ltr'><strong>ferre.</strong></span> 
     </span>
    </p>
   </div>
   <div class='ocr_carea' id='block_1_7' title="bbox 100 729 1798 798">
    <p class='ocr_par' dir='ltr' id='par_1_7' title="bbox 100 729 1798 798">
     <span class='ocr_line' id='line_1_7' title="bbox 100 729 1798 798; baseline -0.001 -14"><span class='ocrx_word' id='word_1_54' title='bbox 100 729 298 797; x_wconf 77' lang='lat' dir='ltr'><strong>(Vens.</strong></span> <span class='ocrx_word' id='word_1_55' title='bbox 340 729 457 798; x_wconf 85' lang='grc'>13.)</span> <span class='ocrx_word' id='word_1_56' title='bbox 505 732 615 796; x_wconf 88' lang='lat' dir='ltr'><strong>Ego</strong></span> <span class='ocrx_word' id='word_1_57' title='bbox 652 744 772 782; x_wconf 89' lang='lat' dir='ltr'><strong>sum</strong></span> <span class='ocrx_word' id='word_1_58' title='bbox 801 732 939 783; x_wconf 87' lang='lat' dir='ltr'><strong>Deus</strong></span> <span class='ocrx_word' id='word_1_59' title='bbox 979 729 1183 794; x_wconf 82' lang='lat' dir='ltr'><strong>Bethel,</strong></span> <span class='ocrx_word' id='word_1_60' title='bbox 1222 729 1277 784; x_wconf 90' lang='lat' dir='ltr'><strong>id</strong></span> <span class='ocrx_word' id='word_1_61' title='bbox 1327 736 1409 785; x_wconf 90' lang='lat' dir='ltr'><strong>est</strong></span> <span class='ocrx_word' id='word_1_62' title='bbox 1441 729 1647 785; x_wconf 91' lang='lat' dir='ltr'><strong>domus</strong></span> <span class='ocrx_word' id='word_1_63' title='bbox 1676 729 1798 798; x_wconf 88' lang='lat' dir='ltr'><strong>Dei,</strong></span> 
     </span>
    </p>
   </div>
   <div class='ocr_carea' id='block_1_8' title="bbox 100 817 1797 888">
    <p class='ocr_par' dir='ltr' id='par_1_8' title="bbox 100 817 1797 888">
     <span class='ocr_line' id='line_1_8' title="bbox 100 817 1797 888; baseline -0.001 -16"><span class='ocrx_word' id='word_1_64' title='bbox 100 818 315 873; x_wconf 81' lang='lat' dir='ltr'><strong>scilicet</strong></span> <span class='ocrx_word' id='word_1_65' title='bbox 347 819 496 874; x_wconf 86' lang='lat' dir='ltr'><strong>Deus</strong></span> <span class='ocrx_word' id='word_1_66' title='bbox 537 818 638 888; x_wconf 91' lang='lat' dir='ltr'><strong>qui</strong></span> <span class='ocrx_word' id='word_1_67' title='bbox 673 825 723 873; x_wconf 93' lang='lat' dir='ltr'><strong>te</strong></span> <span class='ocrx_word' id='word_1_68' title='bbox 753 817 989 873; x_wconf 91' lang='lat' dir='ltr'><strong>domum</strong></span> <span class='ocrx_word' id='word_1_69' title='bbox 1023 817 1185 873; x_wconf 86' lang='lat' dir='ltr'><strong>valeo</strong></span> <span class='ocrx_word' id='word_1_70' title='bbox 1217 817 1399 873; x_wconf 88' lang='lat' dir='ltr'><strong>facere</strong></span> <span class='ocrx_word' id='word_1_71' title='bbox 1441 832 1649 886; x_wconf 88' lang='lat' dir='ltr'><strong>meam,</strong></span> <span class='ocrx_word' id='word_1_72' title='bbox 1683 819 1797 883; x_wconf 89' lang='lat' dir='ltr'><strong>ubi,</strong></span> 
     </span>
    </p>
   </div>
   <div class='ocr_carea' id='block_1_9' title="bbox 96 905 1795 975">
    <p class='ocr_par' dir='ltr' id='par_1_9' title="bbox 96 905 1795 975">
     <span class='ocr_line' id='line_1_9' title="bbox 96 905 1795 975; baseline 0.001 -16"><span class='ocrx_word' id='word_1_73' title='bbox 96 908 315 959; x_wconf 74' lang='lat' dir='ltr'><strong>una-isti</strong></span> <span class='ocrx_word' id='word_1_74' title='bbox 365 906 622 975; x_wconf 78' lang='lat' dir='ltr'><strong>lapidem,</strong></span> <span class='ocrx_word' id='word_1_75' title='bbox 667 906 723 961; x_wconf 88' lang='lat' dir='ltr'><strong>id</strong></span> <span class='ocrx_word' id='word_1_76' title='bbox 765 914 848 961; x_wconf 92' lang='lat' dir='ltr'><strong>cst</strong></span> <span class='ocrx_word' id='word_1_77' title='bbox 899 905 1000 960; x_wconf 92' lang='lat' dir='ltr'><strong>ubi</strong></span> <span class='ocrx_word' id='word_1_78' title='bbox 1049 919 1147 974; x_wconf 92' lang='lat' dir='ltr'><strong>per</strong></span> <span class='ocrx_word' id='word_1_79' title='bbox 1193 919 1283 961; x_wconf 91' lang='lat' dir='ltr'><strong>me</strong></span> <span class='ocrx_word' id='word_1_80' title='bbox 1332 906 1795 973; x_wconf 90' lang='lat' dir='ltr'><strong>inhabitatorem,</strong></span> 
     </span>
    </p>
   </div>
   <div class='ocr_carea' id='block_1_10' title="bbox 96 993 1796 1064">
    <p class='ocr_par' dir='ltr' id='par_1_10' title="bbox 96 993 1796 1064">
     <span class='ocr_line' id='line_1_10' title="bbox 96 993 1796 1064; baseline 0 -14"><span class='ocrx_word' id='word_1_81' title='bbox 96 995 194 1064; x_wconf 87' lang='lat' dir='ltr'><strong>qui</strong></span> <span class='ocrx_word' id='word_1_82' title='bbox 225 994 422 1050; x_wconf 89' lang='lat' dir='ltr'><strong>oleum</strong></span> <span class='ocrx_word' id='word_1_83' title='bbox 449 1009 597 1061; x_wconf 91' lang='lat' dir='ltr'><strong>sum,</strong></span> <span class='ocrx_word' id='word_1_84' title='bbox 652 995 707 1049; x_wconf 93' lang='lat' dir='ltr'><strong>id</strong></span> <span class='ocrx_word' id='word_1_85' title='bbox 740 1003 824 1050; x_wconf 89' lang='lat' dir='ltr'><strong>est</strong></span> <span class='ocrx_word' id='word_1_86' title='bbox 853 993 1122 1060; x_wconf 87' lang='lat' dir='ltr'><strong>charitas,</strong></span> <span class='ocrx_word' id='word_1_87' title='bbox 1171 994 1441 1050; x_wconf 89' lang='lat' dir='ltr'><strong>leniorem</strong></span> <span class='ocrx_word' id='word_1_88' title='bbox 1487 995 1796 1050; x_wconf 88' lang='lat' dir='ltr'><strong>mitiorem-</strong></span> 
     </span>
    </p>
   </div>
   <div class='ocr_carea' id='block_1_11' title="bbox 97 1082 1798 1153">
    <p class='ocr_par' dir='ltr' id='par_1_11' title="bbox 97 1082 1798 1153">
     <span class='ocr_line' id='line_1_11' title="bbox 97 1082 1798 1153; baseline -0.001 -16"><span class='ocrx_word' id='word_1_89' title='bbox 97 1097 210 1153; x_wconf 87' lang='lat' dir='ltr'><strong>que</strong></span> <span class='ocrx_word' id='word_1_90' title='bbox 254 1083 511 1138; x_wconf 85' lang='lat' dir='ltr'><strong>habuisti</strong></span> <span class='ocrx_word' id='word_1_91' title='bbox 545 1084 654 1138; x_wconf 90' lang='lat' dir='ltr'><strong>sub</strong></span> <span class='ocrx_word' id='word_1_92' title='bbox 703 1083 904 1138; x_wconf 86' lang='lat' dir='ltr'><strong>timore</strong></span> <span class='ocrx_word' id='word_1_93' title='bbox 951 1082 1119 1152; x_wconf 78' lang='lat' dir='ltr'><strong>cmpti</strong></span> <span class='ocrx_word' id='word_1_94' title='bbox 1160 1082 1426 1152; x_wconf 89' lang='lat' dir='ltr'><strong>propositi</strong></span> <span class='ocrx_word' id='word_1_95' title='bbox 1471 1083 1798 1153; x_wconf 89' lang='lat' dir='ltr'><strong>gravitudi-</strong></span> 
     </span>
    </p>
   </div>
   <div class='ocr_carea' id='block_1_12' title="bbox 100 1172 1798 1242">
    <p class='ocr_par' dir='ltr' id='par_1_12' title="bbox 100 1172 1798 1242">
     <span class='ocr_line' id='line_1_12' title="bbox 100 1172 1798 1242; baseline 0.001 -18"><span class='ocrx_word' id='word_1_96' title='bbox 100 1186 224 1225; x_wconf 89' lang='lat' dir='ltr'><strong>nem</strong></span> <span class='ocrx_word' id='word_1_97' title='bbox 257 1181 315 1226; x_wconf 89' lang='lat' dir='ltr'><strong>et</strong></span> <span class='ocrx_word' id='word_1_98' title='bbox 361 1172 721 1241; x_wconf 84' lang='lat' dir='ltr'><strong>asperitatem</strong></span> <span class='ocrx_word' id='word_1_99' title='bbox 751 1190 766 1237; x_wconf 89' lang='lat'><strong>;</strong></span> <span class='ocrx_word' id='word_1_100' title='bbox 814 1176 863 1225; x_wconf 87' lang='lat' dir='ltr'><strong>et</strong></span> <span class='ocrx_word' id='word_1_101' title='bbox 894 1178 1074 1225; x_wconf 81' lang='lat' dir='ltr'><strong>votum</strong></span> <span class='ocrx_word' id='word_1_102' title='bbox 1104 1174 1302 1225; x_wconf 73' lang='lat' dir='ltr'><strong>vovisti</strong></span> <span class='ocrx_word' id='word_1_103' title='bbox 1330 1172 1485 1238; x_wconf 84' lang='lat' dir='ltr'><strong>mihi,</strong></span> <span class='ocrx_word' id='word_1_104' title='bbox 1531 1187 1798 1242; x_wconf 85' lang='lat' dir='ltr'><strong>perseve-</strong></span> 
     </span>
    </p>
   </div>
   <div class='ocr_carea' id='block_1_13' title="bbox 97 1258 1798 1329">
    <p class='ocr_par' dir='ltr' id='par_1_13' title="bbox 97 1258 1798 1329">
     <span class='ocr_line' id='line_1_13' title="bbox 97 1258 1798 1329; baseline 0.001 -18"><span class='ocrx_word' id='word_1_105' title='bbox 97 1258 259 1313; x_wconf 89' lang='lat' dir='ltr'><strong>randi</strong></span> <span class='ocrx_word' id='word_1_106' title='bbox 294 1259 511 1314; x_wconf 84' lang='lat' dir='ltr'><strong>scilicet</strong></span> <span class='ocrx_word' id='word_1_107' title='bbox 557 1260 708 1314; x_wconf 88' lang='lat' dir='ltr'><strong>intra</strong></span> <span class='ocrx_word' id='word_1_108' title='bbox 749 1259 937 1328; x_wconf 90' lang='lat' dir='ltr'><strong>ipsum</strong></span> <span class='ocrx_word' id='word_1_109' title='bbox 986 1258 1304 1329; x_wconf 70' lang='lat' dir='ltr'><strong>disciplinae</strong></span> <span class='ocrx_word' id='word_1_110' title='bbox 1348 1260 1613 1329; x_wconf 89' lang='lat' dir='ltr'><strong>rigorem.</strong></span> <span class='ocrx_word' id='word_1_111' title='bbox 1647 1261 1798 1314; x_wconf 86' lang='lat' dir='ltr'><strong>Nunc</strong></span> 
     </span>
    </p>
   </div>
   <div class='ocr_carea' id='block_1_14' title="bbox 95 1346 1798 1417">
    <p class='ocr_par' dir='ltr' id='par_1_14' title="bbox 95 1346 1798 1417">
     <span class='ocr_line' id='line_1_14' title="bbox 95 1346 1798 1417; baseline 0.001 -18"><span class='ocrx_word' id='word_1_112' title='bbox 95 1362 217 1411; x_wconf 87' lang='lat' dir='ltr'><strong>ergo</strong></span> <span class='ocrx_word' id='word_1_113' title='bbox 266 1362 450 1413; x_wconf 82' lang='lat' dir='ltr'><strong>surge.</strong></span> <span class='ocrx_word' id='word_1_114' title='bbox 486 1346 643 1416; x_wconf 91' lang='lat' dir='ltr'><strong>quod</strong></span> <span class='ocrx_word' id='word_1_115' title='bbox 674 1354 757 1401; x_wconf 90' lang='lat' dir='ltr'><strong>est</strong></span> <span class='ocrx_word' id='word_1_116' title='bbox 801 1346 1068 1417; x_wconf 88' lang='lat' dir='ltr'><strong>quandiu</strong></span> <span class='ocrx_word' id='word_1_117' title='bbox 1100 1361 1277 1411; x_wconf 90' lang='lat' dir='ltr'><strong>nunc,</strong></span> <span class='ocrx_word' id='word_1_118' title='bbox 1330 1347 1383 1401; x_wconf 85' lang='lat' dir='ltr'><strong>id</strong></span> <span class='ocrx_word' id='word_1_119' title='bbox 1414 1355 1499 1402; x_wconf 89' lang='lat' dir='ltr'><strong>est</strong></span> <span class='ocrx_word' id='word_1_120' title='bbox 1548 1361 1798 1417; x_wconf 62' lang='lat' dir='ltr'><strong>praesens</strong></span> 
     </span>
    </p>
   </div>
   <div class='ocr_carea' id='block_1_15' title="bbox 100 1434 1799 1506">
    <p class='ocr_par' dir='ltr' id='par_1_15' title="bbox 100 1434 1799 1506">
     <span class='ocr_line' id='line_1_15' title="bbox 100 1434 1799 1506; baseline 0.002 -18"><span class='ocrx_word' id='word_1_121' title='bbox 100 1442 328 1503; x_wconf 86' lang='lat' dir='ltr'><strong>tempus</strong></span> <span class='ocrx_word' id='word_1_122' title='bbox 361 1434 555 1497; x_wconf 84' lang='lat' dir='ltr'><strong>habes,</strong></span> <span class='ocrx_word' id='word_1_123' title='bbox 592 1443 667 1499; x_wconf 90' lang='lat' dir='ltr'><strong>et,</strong></span> <span class='ocrx_word' id='word_1_124' title='bbox 714 1436 883 1505; x_wconf 84' lang='lat' dir='ltr'><strong>juxta</strong></span> <span class='ocrx_word' id='word_1_125' title='bbox 916 1435 1253 1504; x_wconf 82' lang='lat' dir='ltr'><strong>Apostolum</strong></span> <span class='ocrx_word' id='word_1_126' title='bbox 1293 1437 1578 1506; x_wconf 90' lang='lat' dir='ltr'><strong>quaudiu,</strong></span> <span class='ocrx_word' id='word_1_127' title='bbox 1627 1438 1799 1492; x_wconf 85' lang='lat' dir='ltr'><strong>Hodie</strong></span> 
     </span>
    </p>
   </div>
   <div class='ocr_carea' id='block_1_16' title="bbox 96 1522 1797 1593">
    <p class='ocr_par' dir='ltr' id='par_1_16' title="bbox 96 1522 1797 1593">
     <span class='ocr_line' id='line_1_16' title="bbox 96 1522 1797 1593; baseline 0.003 -17"><span class='ocrx_word' id='word_1_128' title='bbox 96 1523 309 1577; x_wconf 89' lang='lat' dir='ltr'><strong>dicitur</strong></span> <span class='ocrx_word' id='word_1_129' title='bbox 355 1525 538 1592; x_wconf 85' lang='lat' dir='ltr'><strong>(Hebr.</strong></span> <span class='ocrx_word' id='word_1_130' title='bbox 589 1538 669 1590; x_wconf 84' lang='lat' dir='ltr'><strong>in,</strong></span> <span class='ocrx_word' id='word_1_131' title='bbox 721 1522 827 1593; x_wconf 85' lang='grc'>13),</span> <span class='ocrx_word' id='word_1_132' title='bbox 876 1524 949 1579; x_wconf 89' lang='lat' dir='ltr'><strong>ab</strong></span> <span class='ocrx_word' id='word_1_133' title='bbox 992 1523 1199 1579; x_wconf 80' lang='lat' dir='ltr'><strong>inertia</strong></span> <span class='ocrx_word' id='word_1_134' title='bbox 1247 1532 1536 1593; x_wconf 84' lang='lat' dir='ltr'><strong>excutere,</strong></span> <span class='ocrx_word' id='word_1_135' title='bbox 1581 1526 1650 1580; x_wconf 89' lang='lat' dir='ltr'><strong>de</strong></span> <span class='ocrx_word' id='word_1_136' title='bbox 1702 1527 1797 1581; x_wconf 86' lang='lat' dir='ltr'><strong>fu-</strong></span> 
     </span>
    </p>
   </div>
   <div class='ocr_carea' id='block_1_17' title="bbox 96 1610 1796 1679">
    <p class='ocr_par' dir='ltr' id='par_1_17' title="bbox 96 1610 1796 1679">
     <span class='ocr_line' id='line_1_17' title="bbox 96 1610 1796 1679; baseline 0.002 -14"><span class='ocrx_word' id='word_1_137' title='bbox 96 1618 226 1665; x_wconf 90' lang='lat' dir='ltr'><strong>turo</strong></span> <span class='ocrx_word' id='word_1_138' title='bbox 254 1610 412 1665; x_wconf 90' lang='lat' dir='ltr'><strong>enim</strong></span> <span class='ocrx_word' id='word_1_139' title='bbox 458 1611 708 1667; x_wconf 91' lang='lat' dir='ltr'><strong>incertus</strong></span> <span class='ocrx_word' id='word_1_140' title='bbox 735 1626 833 1677; x_wconf 88' lang='lat' dir='ltr'><strong>es;</strong></span> <span class='ocrx_word' id='word_1_141' title='bbox 868 1616 917 1665; x_wconf 86' lang='lat' dir='ltr'><strong>et</strong></span> <span class='ocrx_word' id='word_1_142' title='bbox 958 1612 1207 1679; x_wconf 80' lang='lat' dir='ltr'><strong>egredere</strong></span> <span class='ocrx_word' id='word_1_143' title='bbox 1238 1612 1493 1668; x_wconf 88' lang='lat' dir='ltr'><strong>moribus</strong></span> <span class='ocrx_word' id='word_1_144' title='bbox 1522 1612 1591 1668; x_wconf 93' lang='lat' dir='ltr'><strong>de</strong></span> <span class='ocrx_word' id='word_1_145' title='bbox 1625 1620 1796 1668; x_wconf 89' lang='lat' dir='ltr'><strong>terre-</strong></span> 
     </span>
    </p>
   </div>
   <div class='ocr_carea' id='block_1_18' title="bbox 1909 462 3045 531">
    <p class='ocr_par' dir='ltr' id='par_1_18' title="bbox 1909 462 3045 531">
     <span class='ocr_line' id='line_1_18' title="bbox 1909 462 3045 531; baseline 0 -14"><span class='ocrx_word' id='word_1_146' title='bbox 1909 462 2010 531; x_wconf 89' lang='lat' dir='ltr'><strong>qui</strong></span> <span class='ocrx_word' id='word_1_147' title='bbox 2042 463 2557 518; x_wconf 86' lang='lat' dir='ltr'><strong>commutabuntur</strong></span> <span class='ocrx_word' id='word_1_148' title='bbox 2588 464 2751 529; x_wconf 88' lang='lat' dir='ltr'><strong>(Psal.</strong></span> <span class='ocrx_word' id='word_1_149' title='bbox 2785 477 2935 530; x_wconf 62' lang='grc' dir='ltr'><strong>κων,</strong></span> <span class='ocrx_word' id='word_1_150' title='bbox 2970 465 3045 531; x_wconf 92' lang='grc'><strong>1).</strong></span> 
     </span>
    </p>
   </div>
   <div class='ocr_carea' id='block_1_19' title="bbox 1981 551 3602 621">
    <p class='ocr_par' dir='ltr' id='par_1_19' title="bbox 1981 551 3602 621">
     <span class='ocr_line' id='line_1_19' title="bbox 1981 551 3602 621; baseline 0.001 -16"><span class='ocrx_word' id='word_1_151' title='bbox 1981 551 2151 607; x_wconf 71' lang='lat' dir='ltr'><strong>Vnus.</strong></span> <span class='ocrx_word' id='word_1_152' title='bbox 2212 554 2288 618; x_wconf 91' lang='lat' dir='ltr'><strong>l9,</strong></span> <span class='ocrx_word' id='word_1_153' title='bbox 2323 554 2410 605; x_wconf 88' lang='grc'>20.</span> <span class='ocrx_word' id='word_1_154' title='bbox 2455 580 2526 592; x_wconf 90' lang='grc'><strong>-</strong></span> <span class='ocrx_word' id='word_1_155' title='bbox 2575 554 2650 606; x_wconf 84' lang='lat' dir='ltr'><strong>Eo</strong></span> <span class='ocrx_word' id='word_1_156' title='bbox 2689 556 2923 621; x_wconf 81' lang='lat' dir='ltr'><strong>tempore</strong></span> <span class='ocrx_word' id='word_1_157' title='bbox 2962 552 3154 607; x_wconf 91' lang='lat' dir='ltr'><strong>Laban</strong></span> <span class='ocrx_word' id='word_1_158' title='bbox 3194 555 3336 607; x_wconf 81' lang='lat' dir='ltr'><strong>ierat</strong></span> <span class='ocrx_word' id='word_1_159' title='bbox 3381 553 3457 607; x_wconf 89' lang='lat' dir='ltr'><strong>ad</strong></span> <span class='ocrx_word' id='word_1_160' title='bbox 3486 558 3602 608; x_wconf 87' lang='lat' dir='ltr'><strong>ton-</strong></span> 
     </span>
    </p>
   </div>
   <div class='ocr_carea' id='block_1_20' title="bbox 1909 639 3595 711">
    <p class='ocr_par' dir='ltr' id='par_1_20' title="bbox 1909 639 3595 711">
     <span class='ocr_line' id='line_1_20' title="bbox 1909 639 3595 711; baseline 0.002 -18"><span class='ocrx_word' id='word_1_161' title='bbox 1909 639 2114 694; x_wconf 89' lang='lat' dir='ltr'><strong>dendas</strong></span> <span class='ocrx_word' id='word_1_162' title='bbox 2162 656 2301 705; x_wconf 83' lang='lat' dir='ltr'><strong>oves,</strong></span> <span class='ocrx_word' id='word_1_163' title='bbox 2339 649 2388 694; x_wconf 85' lang='lat' dir='ltr'><strong>et</strong></span> <span class='ocrx_word' id='word_1_164' title='bbox 2435 641 2634 695; x_wconf 78' lang='lat' dir='ltr'><strong>Rachel</strong></span> <span class='ocrx_word' id='word_1_165' title='bbox 2679 643 2871 708; x_wconf 88' lang='lat' dir='ltr'><strong>furata</strong></span> <span class='ocrx_word' id='word_1_166' title='bbox 2923 646 3002 695; x_wconf 89' lang='lat' dir='ltr'><strong>est</strong></span> <span class='ocrx_word' id='word_1_167' title='bbox 3054 642 3203 696; x_wconf 85' lang='lat' dir='ltr'><strong>idola</strong></span> <span class='ocrx_word' id='word_1_168' title='bbox 3251 645 3432 711; x_wconf 77' lang='lat' dir='ltr'><strong>patris</strong></span> <span class='ocrx_word' id='word_1_169' title='bbox 3480 645 3595 699; x_wconf 88' lang='lat' dir='ltr'><strong>sui.</strong></span> 
     </span>
    </p>
   </div>
   <div class='ocr_carea' id='block_1_21' title="bbox 1906 729 3604 799">
    <p class='ocr_par' dir='ltr' id='par_1_21' title="bbox 1906 729 3604 799">
     <span class='ocr_line' id='line_1_21' title="bbox 1906 729 3604 799; baseline 0.001 -15"><span class='ocrx_word' id='word_1_170' title='bbox 1906 729 2197 797; x_wconf 85' lang='lat' dir='ltr'><strong>Noluitque</strong></span> <span class='ocrx_word' id='word_1_171' title='bbox 2237 730 2399 783; x_wconf 86' lang='lat' dir='ltr'><strong>Jacob</strong></span> <span class='ocrx_word' id='word_1_172' title='bbox 2432 732 2675 799; x_wconf 74' lang='lat' dir='ltr'><strong>conﬁteri</strong></span> <span class='ocrx_word' id='word_1_173' title='bbox 2715 745 2891 784; x_wconf 86' lang='lat' dir='ltr'><strong>socero</strong></span> <span class='ocrx_word' id='word_1_174' title='bbox 2923 745 3019 784; x_wconf 90' lang='lat' dir='ltr'><strong>suo</strong></span> <span class='ocrx_word' id='word_1_175' title='bbox 3049 731 3194 799; x_wconf 91' lang='lat' dir='ltr'><strong>quod</strong></span> <span class='ocrx_word' id='word_1_176' title='bbox 3237 733 3471 799; x_wconf 79' lang='lat' dir='ltr'><strong>fugeret.</strong></span> <span class='ocrx_word' id='word_1_177' title='bbox 3528 733 3604 786; x_wconf 89' lang='lat' dir='ltr'><strong>Eo</strong></span> 
     </span>
    </p>
   </div>
   <div class='ocr_carea' id='block_1_22' title="bbox 1909 817 3602 889">
    <p class='ocr_par' dir='ltr' id='par_1_22' title="bbox 1909 817 3602 889">
     <span class='ocr_line' id='line_1_22' title="bbox 1909 817 3602 889; baseline 0.003 -19"><span class='ocrx_word' id='word_1_178' title='bbox 1909 820 2160 885; x_wconf 86' lang='lat' dir='ltr'><strong>tempore,</strong></span> <span class='ocrx_word' id='word_1_179' title='bbox 2214 817 2265 872; x_wconf 91' lang='lat' dir='ltr'><strong>id</strong></span> <span class='ocrx_word' id='word_1_180' title='bbox 2301 827 2384 872; x_wconf 89' lang='lat' dir='ltr'><strong>est</strong></span> <span class='ocrx_word' id='word_1_181' title='bbox 2435 831 2503 873; x_wconf 91' lang='lat' dir='ltr'><strong>ea</strong></span> <span class='ocrx_word' id='word_1_182' title='bbox 2552 818 2729 873; x_wconf 90' lang='lat' dir='ltr'><strong>animi</strong></span> <span class='ocrx_word' id='word_1_183' title='bbox 2782 818 3072 888; x_wconf 84' lang='lat' dir='ltr'><strong>temperie,</strong></span> <span class='ocrx_word' id='word_1_184' title='bbox 3127 834 3246 889; x_wconf 91' lang='lat' dir='ltr'><strong>qua</strong></span> <span class='ocrx_word' id='word_1_185' title='bbox 3289 820 3362 875; x_wconf 90' lang='lat' dir='ltr'><strong>ad</strong></span> <span class='ocrx_word' id='word_1_186' title='bbox 3422 821 3602 875; x_wconf 87' lang='lat' dir='ltr'><strong>Deum</strong></span> 
     </span>
    </p>
   </div>
   <div class='ocr_carea' id='block_1_23' title="bbox 1908 905 3604 976">
    <p class='ocr_par' dir='ltr' id='par_1_23' title="bbox 1908 905 3604 976">
     <span class='ocr_line' id='line_1_23' title="bbox 1908 905 3604 976; baseline 0.002 -17"><span class='ocrx_word' id='word_1_187' title='bbox 1908 905 2185 972; x_wconf 86' lang='lat' dir='ltr'><strong>tenditur,</strong></span> <span class='ocrx_word' id='word_1_188' title='bbox 2218 906 2431 972; x_wconf 86' lang='lat' dir='ltr'><strong>Laban,</strong></span> <span class='ocrx_word' id='word_1_189' title='bbox 2474 908 2627 976; x_wconf 90' lang='lat' dir='ltr'><strong>quod</strong></span> <span class='ocrx_word' id='word_1_190' title='bbox 2668 913 2752 961; x_wconf 91' lang='lat' dir='ltr'><strong>est</strong></span> <span class='ocrx_word' id='word_1_191' title='bbox 2783 907 3079 962; x_wconf 90' lang='lat' dir='ltr'><strong>charitatis</strong></span> <span class='ocrx_word' id='word_1_192' title='bbox 3109 908 3350 963; x_wconf 71' lang='lat' dir='ltr'><strong>internae</strong></span> <span class='ocrx_word' id='word_1_193' title='bbox 3380 908 3604 963; x_wconf 91' lang='lat' dir='ltr'><strong>deside-</strong></span> 
     </span>
    </p>
   </div>
   <div class='ocr_carea' id='block_1_24' title="bbox 1909 992 3604 1063">
    <p class='ocr_par' dir='ltr' id='par_1_24' title="bbox 1909 992 3604 1063">
     <span class='ocr_line' id='line_1_24' title="bbox 1909 992 3604 1063; baseline 0.002 -16"><span class='ocrx_word' id='word_1_194' title='bbox 1909 992 2063 1048; x_wconf 88' lang='lat' dir='ltr'><strong>rium</strong></span> <span class='ocrx_word' id='word_1_195' title='bbox 2110 996 2270 1058; x_wconf 85' lang='lat' dir='ltr'><strong>ierat,</strong></span> <span class='ocrx_word' id='word_1_196' title='bbox 2327 995 2483 1063; x_wconf 89' lang='lat' dir='ltr'><strong>quod</strong></span> <span class='ocrx_word' id='word_1_197' title='bbox 2512 1001 2613 1060; x_wconf 90' lang='lat' dir='ltr'><strong>est,</strong></span> <span class='ocrx_word' id='word_1_198' title='bbox 2648 994 2730 1049; x_wconf 89' lang='lat' dir='ltr'><strong>ire</strong></span> <span class='ocrx_word' id='word_1_199' title='bbox 2775 1008 2879 1049; x_wconf 89' lang='lat' dir='ltr'><strong>nos</strong></span> <span class='ocrx_word' id='word_1_200' title='bbox 2926 994 3156 1062; x_wconf 82' lang='lat' dir='ltr'><strong>fecerat,</strong></span> <span class='ocrx_word' id='word_1_201' title='bbox 3203 995 3278 1049; x_wconf 89' lang='lat' dir='ltr'><strong>ad</strong></span> <span class='ocrx_word' id='word_1_202' title='bbox 3306 995 3604 1050; x_wconf 86' lang='lat' dir='ltr'><strong>tondendas</strong></span> 
     </span>
    </p>
   </div>
   <div class='ocr_carea' id='block_1_25' title="bbox 1907 1081 3603 1153">
    <p class='ocr_par' dir='ltr' id='par_1_25' title="bbox 1907 1081 3603 1153">
     <span class='ocr_line' id='line_1_25' title="bbox 1907 1081 3603 1153; baseline 0.002 -19"><span class='ocrx_word' id='word_1_203' title='bbox 1907 1096 2065 1145; x_wconf 80' lang='lat' dir='ltr'><strong>oues,</strong></span> <span class='ocrx_word' id='word_1_204' title='bbox 2126 1081 2532 1151; x_wconf 90' lang='lat' dir='ltr'><strong>exspoliandas</strong></span> <span class='ocrx_word' id='word_1_205' title='bbox 2590 1082 2851 1137; x_wconf 87' lang='lat' dir='ltr'><strong>videlicet</strong></span> <span class='ocrx_word' id='word_1_206' title='bbox 2898 1083 3395 1151; x_wconf 81' lang='lat' dir='ltr'><strong>superfluitatibus</strong></span> <span class='ocrx_word' id='word_1_207' title='bbox 3451 1084 3603 1153; x_wconf 88' lang='lat' dir='ltr'><strong>cogi-</strong></span> 
     </span>
    </p>
   </div>
   <div class='ocr_carea' id='block_1_26' title="bbox 1910 1169 3601 1239">
    <p class='ocr_par' dir='ltr' id='par_1_26' title="bbox 1910 1169 3601 1239">
     <span class='ocr_line' id='line_1_26' title="bbox 1910 1169 3601 1239; baseline 0.001 -15"><span class='ocrx_word' id='word_1_208' title='bbox 1910 1169 2190 1236; x_wconf 81' lang='lat' dir='ltr'><strong>taliones;</strong></span> <span class='ocrx_word' id='word_1_209' title='bbox 2237 1170 2333 1225; x_wconf 87' lang='lat' dir='ltr'><strong>sed</strong></span> <span class='ocrx_word' id='word_1_210' title='bbox 2370 1169 2658 1225; x_wconf 91' lang='lat' dir='ltr'><strong>incassum</strong></span> <span class='ocrx_word' id='word_1_211' title='bbox 2692 1184 2839 1239; x_wconf 77' lang='lat' dir='ltr'><strong>saepe</strong></span> <span class='ocrx_word' id='word_1_212' title='bbox 2880 1170 3122 1225; x_wconf 87' lang='lat' dir='ltr'><strong>nitimur</strong></span> <span class='ocrx_word' id='word_1_213' title='bbox 3150 1185 3248 1225; x_wconf 91' lang='lat' dir='ltr'><strong>eas</strong></span> <span class='ocrx_word' id='word_1_214' title='bbox 3290 1170 3601 1238; x_wconf 89' lang='lat' dir='ltr'><strong>abscidere,</strong></span> 
     </span>
    </p>
   </div>
   <div class='ocr_carea' id='block_1_27' title="bbox 1908 1258 3605 1329">
    <p class='ocr_par' dir='ltr' id='par_1_27' title="bbox 1908 1258 3605 1329">
     <span class='ocr_line' id='line_1_27' title="bbox 1908 1258 3605 1329; baseline 0.001 -16"><span class='ocrx_word' id='word_1_215' title='bbox 1908 1258 2047 1327; x_wconf 88' lang='lat' dir='ltr'><strong>quia</strong></span> <span class='ocrx_word' id='word_1_216' title='bbox 2112 1259 2313 1313; x_wconf 80' lang='lat' dir='ltr'><strong>Rachel</strong></span> <span class='ocrx_word' id='word_1_217' title='bbox 2373 1274 2502 1314; x_wconf 90' lang='lat' dir='ltr'><strong>cum</strong></span> <span class='ocrx_word' id='word_1_218' title='bbox 2573 1259 2817 1315; x_wconf 90' lang='lat' dir='ltr'><strong>videndo</strong></span> <span class='ocrx_word' id='word_1_219' title='bbox 2881 1259 3141 1315; x_wconf 86' lang='lat' dir='ltr'><strong>omnium</strong></span> <span class='ocrx_word' id='word_1_220' title='bbox 3210 1260 3490 1329; x_wconf 89' lang='lat' dir='ltr'><strong>principio</strong></span> <span class='ocrx_word' id='word_1_221' title='bbox 3547 1272 3605 1314; x_wconf 90' lang='lat' dir='ltr'><strong>se</strong></span> 
     </span>
    </p>
   </div>
   <div class='ocr_carea' id='block_1_28' title="bbox 1909 1340 3603 1415">
    <p class='ocr_par' dir='ltr' id='par_1_28' title="bbox 1909 1340 3603 1415">
     <span class='ocr_line' id='line_1_28' title="bbox 1909 1340 3603 1415; baseline 0.002 -15"><span class='ocrx_word' id='word_1_222' title='bbox 1909 1353 2072 1415; x_wconf 87' lang='lat' dir='ltr'><strong>putat</strong></span> <span class='ocrx_word' id='word_1_223' title='bbox 2140 1346 2439 1411; x_wconf 67' lang='lat' dir='ltr'><strong>inhaerere,</strong></span> <span class='ocrx_word' id='word_1_224' title='bbox 2506 1346 2702 1402; x_wconf 84' lang='lat' dir='ltr'><strong>furtim</strong></span> <span class='ocrx_word' id='word_1_225' title='bbox 2752 1348 2924 1415; x_wconf 86' lang='lat' dir='ltr'><strong>idola,</strong></span> <span class='ocrx_word' id='word_1_226' title='bbox 2977 1348 3031 1401; x_wconf 89' lang='lat' dir='ltr'><strong>id</strong></span> <span class='ocrx_word' id='word_1_227' title='bbox 3088 1354 3172 1403; x_wconf 89' lang='lat' dir='ltr'><strong>est</strong></span> <span class='ocrx_word' id='word_1_228' title='bbox 3221 1340 3603 1404; x_wconf 84' lang='lat' dir='ltr'><strong>formularum</strong></span> 
     </span>
    </p>
   </div>
   <div class='ocr_carea' id='block_1_29' title="bbox 1907 1433 3602 1503">
    <p class='ocr_par' dir='ltr' id='par_1_29' title="bbox 1907 1433 3602 1503">
     <span class='ocr_line' id='line_1_29' title="bbox 1907 1433 3602 1503; baseline 0.003 -17"><span class='ocrx_word' id='word_1_229' title='bbox 1907 1433 2313 1501; x_wconf 86' lang='lat' dir='ltr'><strong>phantasmata</strong></span> <span class='ocrx_word' id='word_1_230' title='bbox 2362 1447 2460 1503; x_wconf 87' lang='lat' dir='ltr'><strong>pro</strong></span> <span class='ocrx_word' id='word_1_231' title='bbox 2511 1436 2629 1503; x_wconf 91' lang='lat' dir='ltr'><strong>ipso</strong></span> <span class='ocrx_word' id='word_1_232' title='bbox 2670 1435 2783 1489; x_wconf 91' lang='lat' dir='ltr'><strong>Deo</strong></span> <span class='ocrx_word' id='word_1_233' title='bbox 2813 1434 2920 1491; x_wconf 90' lang='lat' dir='ltr'><strong>sibi</strong></span> <span class='ocrx_word' id='word_1_234' title='bbox 2953 1435 3240 1490; x_wconf 84' lang='lat' dir='ltr'><strong>contrahit</strong></span> <span class='ocrx_word' id='word_1_235' title='bbox 3287 1436 3344 1490; x_wconf 92' lang='lat' dir='ltr'><strong>in</strong></span> <span class='ocrx_word' id='word_1_236' title='bbox 3395 1442 3602 1502; x_wconf 88' lang='lat' dir='ltr'><strong>mente,</strong></span> 
     </span>
    </p>
   </div>
   <div class='ocr_carea' id='block_1_30' title="bbox 1906 1523 3605 1581">
    <p class='ocr_par' dir='ltr' id='par_1_30' title="bbox 1906 1523 3605 1581">
     <span class='ocr_line' id='line_1_30' title="bbox 1906 1523 3605 1581; baseline 0.002 -5"><span class='ocrx_word' id='word_1_237' title='bbox 1906 1523 1977 1576; x_wconf 90' lang='lat' dir='ltr'><strong>ad</strong></span> <span class='ocrx_word' id='word_1_238' title='bbox 2027 1536 2085 1576; x_wconf 90' lang='lat' dir='ltr'><strong>se</strong></span> <span class='ocrx_word' id='word_1_239' title='bbox 2149 1524 2301 1577; x_wconf 88' lang='lat' dir='ltr'><strong>enim</strong></span> <span class='ocrx_word' id='word_1_240' title='bbox 2372 1523 2647 1578; x_wconf 87' lang='lat' dir='ltr'><strong>relabitur</strong></span> <span class='ocrx_word' id='word_1_241' title='bbox 2709 1537 2782 1578; x_wconf 91' lang='lat' dir='ltr'><strong>ex</strong></span> <span class='ocrx_word' id='word_1_242' title='bbox 2849 1523 3228 1579; x_wconf 88' lang='lat' dir='ltr'><strong>humanitate.</strong></span> <span class='ocrx_word' id='word_1_243' title='bbox 3294 1524 3418 1579; x_wconf 85' lang='lat' dir='ltr'><strong>Non</strong></span> <span class='ocrx_word' id='word_1_244' title='bbox 3480 1526 3605 1581; x_wconf 88' lang='lat' dir='ltr'><strong>vult</strong></span> 
     </span>
    </p>
   </div>
   <div class='ocr_carea' id='block_1_31' title="bbox 1905 1610 3605 1683">
    <p class='ocr_par' dir='ltr' id='par_1_31' title="bbox 1905 1610 3605 1683">
     <span class='ocr_line' id='line_1_31' title="bbox 1905 1610 3605 1683; baseline 0.004 -21"><span class='ocrx_word' id='word_1_245' title='bbox 1905 1610 2080 1663; x_wconf 86' lang='lat' dir='ltr'><strong>Jacob</strong></span> <span class='ocrx_word' id='word_1_246' title='bbox 2128 1614 2368 1679; x_wconf 80' lang='lat' dir='ltr'><strong>conﬁteri</strong></span> <span class='ocrx_word' id='word_1_247' title='bbox 2410 1626 2586 1665; x_wconf 83' lang='lat' dir='ltr'><strong>socero</strong></span> <span class='ocrx_word' id='word_1_248' title='bbox 2645 1612 2790 1679; x_wconf 82' lang='lat' dir='ltr'><strong>quod</strong></span> <span class='ocrx_word' id='word_1_249' title='bbox 2834 1612 3037 1683; x_wconf 86' lang='lat' dir='ltr'><strong>fugiat,</strong></span> <span class='ocrx_word' id='word_1_250' title='bbox 3094 1612 3233 1681; x_wconf 88' lang='lat' dir='ltr'><strong>quia</strong></span> <span class='ocrx_word' id='word_1_251' title='bbox 3287 1612 3457 1668; x_wconf 91' lang='lat' dir='ltr'><strong>homo</strong></span> <span class='ocrx_word' id='word_1_252' title='bbox 3498 1613 3605 1668; x_wconf 90' lang='lat' dir='ltr'><strong>etsi</strong></span> 
     </span>
    </p>
   </div>
   <div class='ocr_carea' id='block_1_32' title="bbox 94 1674 3605 1768">
    <p class='ocr_par' dir='ltr' id='par_1_32' title="bbox 94 1674 3605 1768">
     <span class='ocr_line' id='line_1_32' title="bbox 94 1674 3605 1768; baseline 0.001 -17"><span class='ocrx_word' id='word_1_253' title='bbox 94 1699 270 1753; x_wconf 88' lang='lat' dir='ltr'><strong>nitate</strong></span> <span class='ocrx_word' id='word_1_254' title='bbox 302 1703 405 1753; x_wconf 88' lang='lat' dir='ltr'><strong>tua</strong></span> <span class='ocrx_word' id='word_1_255' title='bbox 452 1705 721 1753; x_wconf 82' lang='lat' dir='ltr'><strong>revertens</strong></span> <span class='ocrx_word' id='word_1_256' title='bbox 752 1702 809 1752; x_wconf 87' lang='lat' dir='ltr'><strong>in</strong></span> <span class='ocrx_word' id='word_1_257' title='bbox 842 1706 1063 1766; x_wconf 77' lang='lat' dir='ltr'><strong>ferrum,</strong></span> <span class='ocrx_word' id='word_1_258' title='bbox 1113 1702 1304 1754; x_wconf 81' lang='lat' dir='ltr'><strong>veram</strong></span> <span class='ocrx_word' id='word_1_259' title='bbox 1352 1700 1565 1756; x_wconf 86' lang='lat' dir='ltr'><strong>scilicet</strong></span> <span class='ocrx_word' id='word_1_260' title='bbox 1597 1700 1797 1755; x_wconf 90' lang='lat' dir='ltr'><strong>solidi-</strong></span> <span class='ocrx_word' id='word_1_261' title='bbox 1836 1674 1879 1729; x_wconf 78' lang='grc' dir='ltr'><strong>Β</strong></span> <span class='ocrx_word' id='word_1_262' title='bbox 1910 1698 2098 1753; x_wconf 90' lang='lat' dir='ltr'><strong>videat</strong></span> <span class='ocrx_word' id='word_1_263' title='bbox 2148 1700 2289 1768; x_wconf 92' lang='lat' dir='ltr'><strong>quid</strong></span> <span class='ocrx_word' id='word_1_264' title='bbox 2344 1713 2545 1755; x_wconf 83' lang='lat' dir='ltr'><strong>cavere</strong></span> <span class='ocrx_word' id='word_1_265' title='bbox 2590 1700 2808 1767; x_wconf 88' lang='lat' dir='ltr'><strong>debeat,</strong></span> <span class='ocrx_word' id='word_1_266' title='bbox 2862 1715 2976 1756; x_wconf 92' lang='lat' dir='ltr'><strong>non</strong></span> <span class='ocrx_word' id='word_1_267' title='bbox 3021 1700 3147 1755; x_wconf 86' lang='lat' dir='ltr'><strong>vult</strong></span> <span class='ocrx_word' id='word_1_268' title='bbox 3176 1707 3366 1756; x_wconf 87' lang='lat' dir='ltr'><strong>tamen</strong></span> <span class='ocrx_word' id='word_1_269' title='bbox 3415 1702 3605 1757; x_wconf 89' lang='lat' dir='ltr'><strong>carnis</strong></span> 
     </span>
    </p>
   </div>
   <div class='ocr_carea' id='block_1_33' title="bbox 92 1780 1795 1857">
    <p class='ocr_par' dir='ltr' id='par_1_33' title="bbox 92 1780 1795 1857">
     <span class='ocr_line' id='line_1_33' title="bbox 92 1780 1795 1857; baseline 0.002 -16"><span class='ocrx_word' id='word_1_270' title='bbox 92 1794 271 1841; x_wconf 90' lang='lat' dir='ltr'><strong>tatem</strong></span> <span class='ocrx_word' id='word_1_271' title='bbox 319 1787 642 1842; x_wconf 88' lang='lat' dir='ltr'><strong>viventium</strong></span> <span class='ocrx_word' id='word_1_272' title='bbox 685 1787 997 1857; x_wconf 90' lang='lat' dir='ltr'><strong>regionem,</strong></span> <span class='ocrx_word' id='word_1_273' title='bbox 1030 1803 1151 1856; x_wconf 69' lang='lat' dir='ltr'><strong>quae</strong></span> <span class='ocrx_word' id='word_1_274' title='bbox 1194 1791 1506 1843; x_wconf 79' lang='lat' dir='ltr'><strong>nativitatis</strong></span> <span class='ocrx_word' id='word_1_275' title='bbox 1554 1795 1658 1843; x_wconf 81' lang='lat' dir='ltr'><strong>tua:</strong></span> <span class='ocrx_word' id='word_1_276' title='bbox 1696 1780 1795 1853; x_wconf 87' lang='lat' dir='ltr'><strong>est,</strong></span> 
     </span>
    </p>
   </div>
   <div class='ocr_carea' id='block_1_34' title="bbox 91 1875 1083 1946">
    <p class='ocr_par' dir='ltr' id='par_1_34' title="bbox 91 1875 1083 1946">
     <span class='ocr_line' id='line_1_34' title="bbox 91 1875 1083 1946; baseline 0.001 -17"><span class='ocrx_word' id='word_1_277' title='bbox 91 1875 145 1930; x_wconf 92' lang='lat' dir='ltr'><strong>id</strong></span> <span class='ocrx_word' id='word_1_278' title='bbox 176 1884 263 1930; x_wconf 91' lang='lat' dir='ltr'><strong>est</strong></span> <span class='ocrx_word' id='word_1_279' title='bbox 294 1875 657 1946; x_wconf 90' lang='lat' dir='ltr'><strong>originaliter</strong></span> <span class='ocrx_word' id='word_1_280' title='bbox 688 1875 790 1931; x_wconf 93' lang='lat' dir='ltr'><strong>tibi</strong></span> <span class='ocrx_word' id='word_1_281' title='bbox 822 1876 1083 1932; x_wconf 86' lang='lat' dir='ltr'><strong>debetur.</strong></span> 
     </span>
    </p>
   </div>
   <div class='ocr_carea' id='block_1_35' title="bbox 165 1963 1798 2037">
    <p class='ocr_par' dir='ltr' id='par_1_35' title="bbox 165 1963 1798 2037">
     <span class='ocr_line' id='line_1_35' title="bbox 165 1963 1798 2037; baseline 0.002 -18"><span class='ocrx_word' id='word_1_282' title='bbox 165 1963 343 2019; x_wconf 71' lang='lat' dir='ltr'><strong>Vsus.</strong></span> <span class='ocrx_word' id='word_1_283' title='bbox 380 1964 464 2016; x_wconf 79' lang='grc'><strong>14.</strong></span> <span class='ocrx_word' id='word_1_284' title='bbox 500 1994 566 2002; x_wconf 88' lang='grc'><strong><em>-</em></strong></span> <span class='ocrx_word' id='word_1_285' title='bbox 617 1964 820 2017; x_wconf 87' lang='lat' dir='ltr'><strong>Dicunt</strong></span> <span class='ocrx_word' id='word_1_286' title='bbox 849 1964 1056 2019; x_wconf 86' lang='lat' dir='ltr'><strong>Rachel</strong></span> <span class='ocrx_word' id='word_1_287' title='bbox 1088 1970 1137 2018; x_wconf 88' lang='lat' dir='ltr'><strong>et</strong></span> <span class='ocrx_word' id='word_1_288' title='bbox 1164 1964 1291 2031; x_wconf 87' lang='lat' dir='ltr'><strong>Lia,</strong></span> <span class='ocrx_word' id='word_1_289' title='bbox 1333 1980 1465 2021; x_wconf 83' lang='lat' dir='ltr'><strong>cum</strong></span> <span class='ocrx_word' id='word_1_290' title='bbox 1499 1967 1714 2037; x_wconf 83' lang='lat' dir='ltr'><strong>quibus</strong></span> <span class='ocrx_word' id='word_1_291' title='bbox 1744 1975 1798 2023; x_wconf 91' lang='lat' dir='ltr'><strong>et</strong></span> 
     </span>
    </p>
   </div>
   <div class='ocr_carea' id='block_1_36' title="bbox 94 2052 1795 2111">
    <p class='ocr_par' dir='ltr' id='par_1_36' title="bbox 94 2052 1795 2111">
     <span class='ocr_line' id='line_1_36' title="bbox 94 2052 1795 2111; baseline 0.002 -4"><span class='ocrx_word' id='word_1_292' title='bbox 94 2060 249 2108; x_wconf 90' lang='lat' dir='ltr'><strong>totus</strong></span> <span class='ocrx_word' id='word_1_293' title='bbox 304 2052 440 2107; x_wconf 65' lang='lat' dir='ltr'><strong>vitae</strong></span> <span class='ocrx_word' id='word_1_294' title='bbox 488 2061 652 2107; x_wconf 91' lang='lat' dir='ltr'><strong>actus</strong></span> <span class='ocrx_word' id='word_1_295' title='bbox 699 2060 754 2107; x_wconf 92' lang='lat' dir='ltr'><strong>et</strong></span> <span class='ocrx_word' id='word_1_296' title='bbox 812 2053 1276 2109; x_wconf 90' lang='lat' dir='ltr'><strong>intellectualiter</strong></span> <span class='ocrx_word' id='word_1_297' title='bbox 1326 2055 1428 2111; x_wconf 91' lang='lat' dir='ltr'><strong>iste</strong></span> <span class='ocrx_word' id='word_1_298' title='bbox 1475 2062 1795 2111; x_wconf 87' lang='lat' dir='ltr'><strong>tractatus:</strong></span> 
     </span>
    </p>
   </div>
   <div class='ocr_carea' id='block_1_37' title="bbox 92 2140 1799 2210">
    <p class='ocr_par' dir='ltr' id='par_1_37' title="bbox 92 2140 1799 2210">
     <span class='ocr_line' id='line_1_37' title="bbox 92 2140 1799 2210; baseline 0.002 -15"><span class='ocrx_word' id='word_1_299' title='bbox 92 2140 369 2210; x_wconf 79' lang='lat' dir='ltr'><strong>Nunquid</strong></span> <span class='ocrx_word' id='word_1_300' title='bbox 420 2141 674 2194; x_wconf 79' lang='lat' dir='ltr'><strong>habemus</strong></span> <span class='ocrx_word' id='word_1_301' title='bbox 738 2141 947 2195; x_wconf 78' lang='lat' dir='ltr'><strong>residui</strong></span> <span class='ocrx_word' id='word_1_302' title='bbox 994 2142 1297 2210; x_wconf 81' lang='lat' dir='ltr'><strong>quidquam</strong></span> <span class='ocrx_word' id='word_1_303' title='bbox 1342 2145 1401 2197; x_wconf 85' lang='lat' dir='ltr'><strong>in</strong></span> <span class='ocrx_word' id='word_1_304' title='bbox 1442 2145 1799 2210; x_wconf 83' lang='lat' dir='ltr'><strong>facultatibus</strong></span> 
     </span>
    </p>
   </div>
   <div class='ocr_carea' id='block_1_38' title="bbox 95 2228 1795 2300">
    <p class='ocr_par' dir='ltr' id='par_1_38' title="bbox 95 2228 1795 2300">
     <span class='ocr_line' id='line_1_38' title="bbox 95 2228 1795 2300; baseline 0.004 -18"><span class='ocrx_word' id='word_1_305' title='bbox 95 2234 142 2283; x_wconf 90' lang='lat' dir='ltr'><strong>et</strong></span> <span class='ocrx_word' id='word_1_306' title='bbox 195 2228 520 2283; x_wconf 73' lang='lat' dir='ltr'><strong>haereditate</strong></span> <span class='ocrx_word' id='word_1_307' title='bbox 564 2228 752 2283; x_wconf 90' lang='lat' dir='ltr'><strong>domus</strong></span> <span class='ocrx_word' id='word_1_308' title='bbox 798 2232 978 2298; x_wconf 82' lang='lat' dir='ltr'><strong>patris</strong></span> <span class='ocrx_word' id='word_1_309' title='bbox 1035 2233 1247 2285; x_wconf 82' lang='lat' dir='ltr'><strong>nostri?</strong></span> <span class='ocrx_word' id='word_1_310' title='bbox 1290 2231 1450 2298; x_wconf 86' lang='lat' dir='ltr'><strong>Quod</strong></span> <span class='ocrx_word' id='word_1_311' title='bbox 1496 2240 1581 2288; x_wconf 92' lang='lat' dir='ltr'><strong>est</strong></span> <span class='ocrx_word' id='word_1_312' title='bbox 1617 2247 1630 2286; x_wconf 94' lang='lat'><strong>:</strong></span> <span class='ocrx_word' id='word_1_313' title='bbox 1663 2233 1795 2300; x_wconf 86' lang='lat' dir='ltr'><strong>Nos,</strong></span> 
     </span>
    </p>
   </div>
   <div class='ocr_carea' id='block_1_39' title="bbox 94 2317 1800 2391">
    <p class='ocr_par' dir='ltr' id='par_1_39' title="bbox 94 2317 1800 2391">
     <span class='ocr_line' id='line_1_39' title="bbox 94 2317 1800 2391; baseline 0.002 -18"><span class='ocrx_word' id='word_1_314' title='bbox 94 2318 317 2386; x_wconf 90' lang='lat' dir='ltr'><strong>quibus</strong></span> <span class='ocrx_word' id='word_1_315' title='bbox 348 2317 539 2373; x_wconf 85' lang='lat' dir='ltr'><strong>decem</strong></span> <span class='ocrx_word' id='word_1_316' title='bbox 572 2317 799 2373; x_wconf 89' lang='lat' dir='ltr'><strong>vicibus</strong></span> <span class='ocrx_word' id='word_1_317' title='bbox 829 2318 1074 2373; x_wconf 90' lang='lat' dir='ltr'><strong>mutavit</strong></span> <span class='ocrx_word' id='word_1_318' title='bbox 1106 2320 1442 2387; x_wconf 89' lang='lat' dir='ltr'><strong>mercedem,</strong></span> <span class='ocrx_word' id='word_1_319' title='bbox 1473 2321 1689 2391; x_wconf 90' lang='lat' dir='ltr'><strong>quibus</strong></span> <span class='ocrx_word' id='word_1_320' title='bbox 1720 2329 1800 2377; x_wconf 93' lang='lat' dir='ltr'><strong>tot</strong></span> 
     </span>
    </p>
   </div>
   <div class='ocr_carea' id='block_1_40' title="bbox 92 2405 1800 2478">
    <p class='ocr_par' dir='ltr' id='par_1_40' title="bbox 92 2405 1800 2478">
     <span class='ocr_line' id='line_1_40' title="bbox 92 2405 1800 2478; baseline 0.002 -17"><span class='ocrx_word' id='word_1_321' title='bbox 92 2405 467 2461; x_wconf 79' lang='lat' dir='ltr'><strong>difficultates</strong></span> <span class='ocrx_word' id='word_1_322' title='bbox 500 2405 713 2475; x_wconf 87' lang='lat' dir='ltr'><strong>injecit,</strong></span> <span class='ocrx_word' id='word_1_323' title='bbox 764 2407 905 2477; x_wconf 91' lang='lat' dir='ltr'><strong>quid</strong></span> <span class='ocrx_word' id='word_1_324' title='bbox 935 2407 1182 2464; x_wconf 90' lang='lat' dir='ltr'><strong>residere</strong></span> <span class='ocrx_word' id='word_1_325' title='bbox 1210 2408 1330 2477; x_wconf 91' lang='lat' dir='ltr'><strong>spei</strong></span> <span class='ocrx_word' id='word_1_326' title='bbox 1376 2422 1608 2478; x_wconf 89' lang='lat' dir='ltr'><strong>sperare</strong></span> <span class='ocrx_word' id='word_1_327' title='bbox 1636 2410 1800 2465; x_wconf 88' lang='lat' dir='ltr'><strong>nobis</strong></span> 
     </span>
    </p>
   </div>
   <div class='ocr_carea' id='block_1_41' title="bbox 93 2494 1800 2568">
    <p class='ocr_par' dir='ltr' id='par_1_41' title="bbox 93 2494 1800 2568">
     <span class='ocr_line' id='line_1_41' title="bbox 93 2494 1800 2568; baseline 0.002 -18"><span class='ocrx_word' id='word_1_328' title='bbox 93 2494 411 2564; x_wconf 86' lang='lat' dir='ltr'><strong>poterimus</strong></span> <span class='ocrx_word' id='word_1_329' title='bbox 461 2495 516 2549; x_wconf 91' lang='lat' dir='ltr'><strong>in</strong></span> <span class='ocrx_word' id='word_1_330' title='bbox 547 2509 727 2566; x_wconf 88' lang='lat' dir='ltr'><strong>regno</strong></span> <span class='ocrx_word' id='word_1_331' title='bbox 759 2503 814 2551; x_wconf 93' lang='lat' dir='ltr'><strong>et</strong></span> <span class='ocrx_word' id='word_1_332' title='bbox 846 2495 1031 2567; x_wconf 86' lang='lat' dir='ltr'><strong>gloria</strong></span> <span class='ocrx_word' id='word_1_333' title='bbox 1062 2496 1160 2551; x_wconf 92' lang='lat' dir='ltr'><strong>Dei</strong></span> <span class='ocrx_word' id='word_1_334' title='bbox 1183 2496 1211 2551; x_wconf 79' lang='lat'>?</span> <span class='ocrx_word' id='word_1_335' title='bbox 1241 2497 1440 2566; x_wconf 71' lang='lat' dir='ltr'><strong>(Vens.</strong></span> <span class='ocrx_word' id='word_1_336' title='bbox 1476 2497 1585 2568; x_wconf 82' lang='lat' dir='ltr'><strong>l5.)</strong></span> <span class='ocrx_word' id='word_1_337' title='bbox 1617 2501 1800 2555; x_wconf 87' lang='lat' dir='ltr'><strong>Nonne</strong></span> 
     </span>
    </p>
   </div>
   <div class='ocr_carea' id='block_1_42' title="bbox 90 2583 1799 2657">
    <p class='ocr_par' dir='ltr' id='par_1_42' title="bbox 90 2583 1799 2657">
     <span class='ocr_line' id='line_1_42' title="bbox 90 2583 1799 2657; baseline 0.005 -22"><span class='ocrx_word' id='word_1_338' title='bbox 90 2584 259 2650; x_wconf 86' lang='lat' dir='ltr'><strong>quasi</strong></span> <span class='ocrx_word' id='word_1_339' title='bbox 302 2583 511 2636; x_wconf 85' lang='lat' dir='ltr'><strong>alienas</strong></span> <span class='ocrx_word' id='word_1_340' title='bbox 556 2588 796 2651; x_wconf 86' lang='lat' dir='ltr'><strong>reputat,</strong></span> <span class='ocrx_word' id='word_1_341' title='bbox 843 2584 1009 2654; x_wconf 82' lang='lat' dir='ltr'><strong>quasi</strong></span> <span class='ocrx_word' id='word_1_342' title='bbox 1044 2586 1191 2641; x_wconf 87' lang='lat' dir='ltr'><strong>male</strong></span> <span class='ocrx_word' id='word_1_343' title='bbox 1230 2594 1465 2656; x_wconf 88' lang='lat' dir='ltr'><strong>agentes</strong></span> <span class='ocrx_word' id='word_1_344' title='bbox 1508 2589 1799 2657; x_wconf 91' lang='lat' dir='ltr'><strong>periculo-</strong></span> 
     </span>
    </p>
   </div>
   <div class='ocr_carea' id='block_1_43' title="bbox 94 2669 1801 2742">
    <p class='ocr_par' dir='ltr' id='par_1_43' title="bbox 94 2669 1801 2742">
     <span class='ocr_line' id='line_1_43' title="bbox 94 2669 1801 2742; baseline 0.004 -18"><span class='ocrx_word' id='word_1_345' title='bbox 94 2684 224 2725; x_wconf 89' lang='lat' dir='ltr'><strong>rum</strong></span> <span class='ocrx_word' id='word_1_346' title='bbox 260 2669 685 2740; x_wconf 73' lang='lat' dir='ltr'><strong>quzestionihus</strong></span> <span class='ocrx_word' id='word_1_347' title='bbox 728 2671 984 2742; x_wconf 80' lang='lat' dir='ltr'><strong>gravat?</strong></span> <span class='ocrx_word' id='word_1_348' title='bbox 1024 2672 1252 2741; x_wconf 84' lang='lat' dir='ltr'><strong>Vendit,</strong></span> <span class='ocrx_word' id='word_1_349' title='bbox 1285 2675 1424 2731; x_wconf 91' lang='lat' dir='ltr'><strong>dum</strong></span> <span class='ocrx_word' id='word_1_350' title='bbox 1470 2676 1801 2731; x_wconf 89' lang='lat' dir='ltr'><strong>tentationi-</strong></span> 
     </span>
    </p>
   </div>
   <div class='ocr_carea' id='block_1_44' title="bbox 93 2758 1794 2829">
    <p class='ocr_par' dir='ltr' id='par_1_44' title="bbox 93 2758 1794 2829">
     <span class='ocr_line' id='line_1_44' title="bbox 93 2758 1794 2829; baseline 0.002 -16"><span class='ocrx_word' id='word_1_351' title='bbox 93 2758 203 2814; x_wconf 91' lang='lat' dir='ltr'><strong>bus</strong></span> <span class='ocrx_word' id='word_1_352' title='bbox 250 2759 429 2814; x_wconf 89' lang='lat' dir='ltr'><strong>inseri</strong></span> <span class='ocrx_word' id='word_1_353' title='bbox 476 2760 810 2829; x_wconf 89' lang='lat' dir='ltr'><strong>permittens</strong></span> <span class='ocrx_word' id='word_1_354' title='bbox 846 2768 1055 2816; x_wconf 68' lang='lat' dir='ltr'><strong>nostra:</strong></span> <span class='ocrx_word' id='word_1_355' title='bbox 1094 2776 1199 2817; x_wconf 90' lang='lat' dir='ltr'><strong>nos</strong></span> <span class='ocrx_word' id='word_1_356' title='bbox 1228 2761 1476 2819; x_wconf 91' lang='lat' dir='ltr'><strong>libertati</strong></span> <span class='ocrx_word' id='word_1_357' title='bbox 1507 2763 1794 2819; x_wconf 91' lang='lat' dir='ltr'><strong>subducit.</strong></span> 
     </span>
    </p>
   </div>
   <div class='ocr_carea' id='block_1_45' title="bbox 93 2848 1797 2922">
    <p class='ocr_par' dir='ltr' id='par_1_45' title="bbox 93 2848 1797 2922">
     <span class='ocr_line' id='line_1_45' title="bbox 93 2848 1797 2922; baseline 0.003 -20"><span class='ocrx_word' id='word_1_358' title='bbox 93 2850 337 2902; x_wconf 85' lang='lat' dir='ltr'><strong>Pretium</strong></span> <span class='ocrx_word' id='word_1_359' title='bbox 368 2862 441 2903; x_wconf 85' lang='lat' dir='ltr'><strong>ex</strong></span> <span class='ocrx_word' id='word_1_360' title='bbox 490 2848 816 2905; x_wconf 87' lang='lat' dir='ltr'><strong>venditione</strong></span> <span class='ocrx_word' id='word_1_361' title='bbox 842 2850 1042 2920; x_wconf 85' lang='lat' dir='ltr'><strong>exigit,</strong></span> <span class='ocrx_word' id='word_1_362' title='bbox 1089 2866 1223 2906; x_wconf 92' lang='lat' dir='ltr'><strong>cum</strong></span> <span class='ocrx_word' id='word_1_363' title='bbox 1256 2852 1577 2922; x_wconf 84' lang='lat' dir='ltr'><strong>gratiarum</strong></span> <span class='ocrx_word' id='word_1_364' title='bbox 1623 2852 1797 2908; x_wconf 92' lang='lat' dir='ltr'><strong>actio-</strong></span> 
     </span>
    </p>
   </div>
   <div class='ocr_carea' id='block_1_46' title="bbox 94 2936 1878 3027">
    <p class='ocr_par' dir='ltr' id='par_1_46' title="bbox 94 2936 1878 3027">
     <span class='ocr_line' id='line_1_46' title="bbox 94 2936 1878 3027; baseline 0.003 -38"><span class='ocrx_word' id='word_1_365' title='bbox 94 2950 250 3002; x_wconf 89' lang='lat' dir='ltr'><strong>nem,</strong></span> <span class='ocrx_word' id='word_1_366' title='bbox 304 2942 361 2990; x_wconf 91' lang='lat' dir='ltr'><strong>et</strong></span> <span class='ocrx_word' id='word_1_367' title='bbox 404 2949 572 2991; x_wconf 89' lang='lat' dir='ltr'><strong>omne</strong></span> <span class='ocrx_word' id='word_1_368' title='bbox 614 2936 920 3007; x_wconf 86' lang='lat' dir='ltr'><strong>gaudium,</strong></span> <span class='ocrx_word' id='word_1_369' title='bbox 950 2952 1083 2993; x_wconf 93' lang='lat' dir='ltr'><strong>cum</strong></span> <span class='ocrx_word' id='word_1_370' title='bbox 1133 2938 1192 2992; x_wconf 89' lang='lat' dir='ltr'><strong>in</strong></span> <span class='ocrx_word' id='word_1_371' title='bbox 1224 2938 1563 2994; x_wconf 91' lang='lat' dir='ltr'><strong>tentationes</strong></span> <span class='ocrx_word' id='word_1_372' title='bbox 1608 2940 1798 2995; x_wconf 90' lang='lat' dir='ltr'><strong>varias</strong></span> <span class='ocrx_word' id='word_1_373' title='bbox 1838 2971 1878 3027; x_wconf 65' lang='grc' dir='ltr'>ο</span> 
     </span>
    </p>
   </div>
   <div class='ocr_carea' id='block_1_47' title="bbox 94 3023 1799 3097">
    <p class='ocr_par' dir='ltr' id='par_1_47' title="bbox 94 3023 1799 3097">
     <span class='ocr_line' id='line_1_47' title="bbox 94 3023 1799 3097; baseline 0.003 -20"><span class='ocrx_word' id='word_1_374' title='bbox 94 3023 480 3079; x_wconf 88' lang='lat' dir='ltr'><strong>inciderimus</strong></span> <span class='ocrx_word' id='word_1_375' title='bbox 522 3038 558 3079; x_wconf 91' lang='lat' dir='ltr'><strong>a</strong></span> <span class='ocrx_word' id='word_1_376' title='bbox 603 3024 769 3080; x_wconf 88' lang='lat' dir='ltr'><strong>nobis</strong></span> <span class='ocrx_word' id='word_1_377' title='bbox 797 3025 1006 3095; x_wconf 66' lang='lat' dir='ltr'><strong>quierit</strong></span> <span class='ocrx_word' id='word_1_378' title='bbox 1038 3026 1179 3096; x_wconf 83' lang='lat' dir='ltr'><strong>(Jac.</strong></span> <span class='ocrx_word' id='word_1_379' title='bbox 1220 3042 1256 3094; x_wconf 89' lang='grc' dir='ltr'><strong>ι,</strong></span> <span class='ocrx_word' id='word_1_380' title='bbox 1289 3028 1361 3092; x_wconf 91' lang='grc'><strong>2).</strong></span> <span class='ocrx_word' id='word_1_381' title='bbox 1409 3028 1527 3083; x_wconf 89' lang='lat' dir='ltr'><strong>Hoc</strong></span> <span class='ocrx_word' id='word_1_382' title='bbox 1562 3032 1799 3097; x_wconf 82' lang='lat' dir='ltr'><strong>pretium</strong></span> 
     </span>
    </p>
   </div>
   <div class='ocr_carea' id='block_1_48' title="bbox 94 3109 1799 3184">
    <p class='ocr_par' dir='ltr' id='par_1_48' title="bbox 94 3109 1799 3184">
     <span class='ocr_line' id='line_1_48' title="bbox 94 3109 1799 3184; baseline 0.005 -22"><span class='ocrx_word' id='word_1_383' title='bbox 94 3109 213 3179; x_wconf 89' lang='lat' dir='ltr'><strong>ipse</strong></span> <span class='ocrx_word' id='word_1_384' title='bbox 243 3110 492 3177; x_wconf 86' lang='lat' dir='ltr'><strong>comedit,</strong></span> <span class='ocrx_word' id='word_1_385' title='bbox 542 3112 683 3181; x_wconf 89' lang='lat' dir='ltr'><strong>quia</strong></span> <span class='ocrx_word' id='word_1_386' title='bbox 720 3126 854 3167; x_wconf 91' lang='lat' dir='ltr'><strong>eum</strong></span> <span class='ocrx_word' id='word_1_387' title='bbox 883 3113 1242 3184; x_wconf 88' lang='lat' dir='ltr'><strong>permaxime</strong></span> <span class='ocrx_word' id='word_1_388' title='bbox 1283 3114 1559 3183; x_wconf 85' lang='lat' dir='ltr'><strong>patientia</strong></span> <span class='ocrx_word' id='word_1_389' title='bbox 1604 3124 1799 3171; x_wconf 92' lang='lat' dir='ltr'><strong>nostra</strong></span> 
     </span>
    </p>
   </div>
   <div class='ocr_carea' id='block_1_49' title="bbox 94 3197 1795 3272">
    <p class='ocr_par' dir='ltr' id='par_1_49' title="bbox 94 3197 1795 3272">
     <span class='ocr_line' id='line_1_49' title="bbox 94 3197 1795 3272; baseline 0.004 -20"><span class='ocrx_word' id='word_1_390' title='bbox 94 3198 299 3267; x_wconf 88' lang='lat' dir='ltr'><strong>pascit.</strong></span> <span class='ocrx_word' id='word_1_391' title='bbox 349 3197 543 3268; x_wconf 72' lang='lat' dir='ltr'><strong>(VBRS.</strong></span> <span class='ocrx_word' id='word_1_392' title='bbox 580 3198 690 3270; x_wconf 92' lang='grc'>16.)</span> <span class='ocrx_word' id='word_1_393' title='bbox 724 3200 830 3255; x_wconf 86' lang='lat' dir='ltr'><strong>Sed</strong></span> <span class='ocrx_word' id='word_1_394' title='bbox 876 3202 1004 3254; x_wconf 83' lang='lat' dir='ltr'><strong>tulit</strong></span> <span class='ocrx_word' id='word_1_395' title='bbox 1040 3202 1184 3255; x_wconf 87' lang='lat' dir='ltr'><strong>Deus</strong></span> <span class='ocrx_word' id='word_1_396' title='bbox 1223 3217 1347 3270; x_wconf 85' lang='lat' dir='ltr'><strong>opes</strong></span> <span class='ocrx_word' id='word_1_397' title='bbox 1382 3206 1565 3272; x_wconf 84' lang='lat' dir='ltr'><strong>patris</strong></span> <span class='ocrx_word' id='word_1_398' title='bbox 1600 3207 1795 3271; x_wconf 79' lang='lat' dir='ltr'><strong>nostri,</strong></span> 
     </span>
    </p>
   </div>
   <div class='ocr_carea' id='block_1_50' title="bbox 95 3286 1798 3357">
    <p class='ocr_par' dir='ltr' id='par_1_50' title="bbox 95 3286 1798 3357">
     <span class='ocr_line' id='line_1_50' title="bbox 95 3286 1798 3357; baseline 0.005 -18"><span class='ocrx_word' id='word_1_399' title='bbox 95 3290 143 3339; x_wconf 87' lang='lat' dir='ltr'><strong>et</strong></span> <span class='ocrx_word' id='word_1_400' title='bbox 166 3286 325 3339; x_wconf 86' lang='lat' dir='ltr'><strong>dedit</strong></span> <span class='ocrx_word' id='word_1_401' title='bbox 376 3287 528 3341; x_wconf 84' lang='lat' dir='ltr'><strong>nobis</strong></span> <span class='ocrx_word' id='word_1_402' title='bbox 559 3303 621 3342; x_wconf 91' lang='lat' dir='ltr'><strong>ac</strong></span> <span class='ocrx_word' id='word_1_403' title='bbox 660 3288 797 3351; x_wconf 82' lang='lat' dir='ltr'><strong>filiis</strong></span> <span class='ocrx_word' id='word_1_404' title='bbox 840 3292 1062 3357; x_wconf 87' lang='lat' dir='ltr'><strong>nostris,</strong></span> <span class='ocrx_word' id='word_1_405' title='bbox 1108 3289 1163 3344; x_wconf 91' lang='lat' dir='ltr'><strong>id</strong></span> <span class='ocrx_word' id='word_1_406' title='bbox 1203 3298 1287 3346; x_wconf 89' lang='lat' dir='ltr'><strong>est</strong></span> <span class='ocrx_word' id='word_1_407' title='bbox 1317 3305 1350 3344; x_wconf 90' lang='lat' dir='ltr'><strong>a</strong></span> <span class='ocrx_word' id='word_1_408' title='bbox 1380 3291 1592 3348; x_wconf 87' lang='lat' dir='ltr'><strong>diaboli</strong></span> <span class='ocrx_word' id='word_1_409' title='bbox 1637 3292 1798 3348; x_wconf 88' lang='lat' dir='ltr'><strong>cultu</strong></span> 
     </span>
    </p>
   </div>
   <div class='ocr_carea' id='block_1_51' title="bbox 96 3374 1801 3437">
    <p class='ocr_par' dir='ltr' id='par_1_51' title="bbox 96 3374 1801 3437">
     <span class='ocr_line' id='line_1_51' title="bbox 96 3374 1801 3437; baseline 0.004 -9"><span class='ocrx_word' id='word_1_410' title='bbox 96 3374 231 3429; x_wconf 89' lang='lat' dir='ltr'><strong>tulit</strong></span> <span class='ocrx_word' id='word_1_411' title='bbox 266 3374 417 3430; x_wconf 86' lang='lat' dir='ltr'><strong>Deus</strong></span> <span class='ocrx_word' id='word_1_412' title='bbox 455 3376 800 3432; x_wconf 87' lang='lat' dir='ltr'><strong>naturaliter</strong></span> <span class='ocrx_word' id='word_1_413' title='bbox 828 3378 1161 3433; x_wconf 65' lang='lat' dir='ltr'><strong>substantiae</strong></span> <span class='ocrx_word' id='word_1_414' title='bbox 1209 3387 1417 3435; x_wconf 73' lang='lat' dir='ltr'><strong>nostrae</strong></span> <span class='ocrx_word' id='word_1_415' title='bbox 1448 3394 1483 3435; x_wconf 89' lang='lat' dir='ltr'><strong>a</strong></span> <span class='ocrx_word' id='word_1_416' title='bbox 1514 3396 1572 3437; x_wconf 92' lang='lat' dir='ltr'><strong>se</strong></span> <span class='ocrx_word' id='word_1_417' title='bbox 1601 3381 1801 3436; x_wconf 90' lang='lat' dir='ltr'><strong>insitas</strong></span> 
     </span>
    </p>
   </div>
   <div class='ocr_carea' id='block_1_52' title="bbox 96 3462 1797 3539">
    <p class='ocr_par' dir='ltr' id='par_1_52' title="bbox 96 3462 1797 3539">
     <span class='ocr_line' id='line_1_52' title="bbox 96 3462 1797 3539; baseline 0.003 -21"><span class='ocrx_word' id='word_1_418' title='bbox 96 3462 416 3530; x_wconf 88' lang='lat' dir='ltr'><strong>bonitates,</strong></span> <span class='ocrx_word' id='word_1_419' title='bbox 468 3472 521 3520; x_wconf 90' lang='lat' dir='ltr'><strong>et</strong></span> <span class='ocrx_word' id='word_1_420' title='bbox 585 3464 718 3519; x_wconf 90' lang='lat' dir='ltr'><strong>fecit</strong></span> <span class='ocrx_word' id='word_1_421' title='bbox 774 3471 891 3521; x_wconf 91' lang='lat' dir='ltr'><strong>tam</strong></span> <span class='ocrx_word' id='word_1_422' title='bbox 939 3466 1074 3521; x_wconf 69' lang='lat' dir='ltr'><strong>vitae</strong></span> <span class='ocrx_word' id='word_1_423' title='bbox 1126 3474 1336 3523; x_wconf 77' lang='lat' dir='ltr'><strong>nostrae</strong></span> <span class='ocrx_word' id='word_1_424' title='bbox 1383 3468 1442 3523; x_wconf 92' lang='lat' dir='ltr'><strong>in</strong></span> <span class='ocrx_word' id='word_1_425' title='bbox 1512 3470 1797 3539; x_wconf 61' lang='lat' dir='ltr'><strong>prasenti,</strong></span> 
     </span>
    </p>
   </div>
   <div class='ocr_carea' id='block_1_53' title="bbox 97 3551 1799 3627">
    <p class='ocr_par' dir='ltr' id='par_1_53' title="bbox 97 3551 1799 3627">
     <span class='ocr_line' id='line_1_53' title="bbox 97 3551 1799 3627; baseline 0.005 -21"><span class='ocrx_word' id='word_1_426' title='bbox 97 3564 279 3621; x_wconf 88' lang='lat' dir='ltr'><strong>quam</strong></span> <span class='ocrx_word' id='word_1_427' title='bbox 310 3552 469 3620; x_wconf 79' lang='lat' dir='ltr'><strong>ﬁliis,</strong></span> <span class='ocrx_word' id='word_1_428' title='bbox 501 3551 555 3607; x_wconf 91' lang='lat' dir='ltr'><strong>id</strong></span> <span class='ocrx_word' id='word_1_429' title='bbox 597 3559 681 3607; x_wconf 91' lang='lat' dir='ltr'><strong>est</strong></span> <span class='ocrx_word' id='word_1_430' title='bbox 712 3552 925 3609; x_wconf 83' lang='lat' dir='ltr'><strong>fructui</strong></span> <span class='ocrx_word' id='word_1_431' title='bbox 970 3555 1247 3610; x_wconf 87' lang='lat' dir='ltr'><strong>mercedis</strong></span> <span class='ocrx_word' id='word_1_432' title='bbox 1275 3563 1485 3612; x_wconf 71' lang='lat' dir='ltr'><strong>nostrae</strong></span> <span class='ocrx_word' id='word_1_433' title='bbox 1530 3558 1799 3627; x_wconf 88' lang='lat' dir='ltr'><strong>profutu-</strong></span> 
     </span>
    </p>
   </div>
   <div class='ocr_carea' id='block_1_54' title="bbox 99 3641 1799 3713">
    <p class='ocr_par' dir='ltr' id='par_1_54' title="bbox 99 3641 1799 3713">
     <span class='ocr_line' id='line_1_54' title="bbox 99 3641 1799 3713; baseline 0.004 -18"><span class='ocrx_word' id='word_1_434' title='bbox 99 3654 212 3696; x_wconf 92' lang='lat' dir='ltr'><strong>ras.</strong></span> <span class='ocrx_word' id='word_1_435' title='bbox 252 3641 399 3695; x_wconf 83' lang='lat' dir='ltr'><strong>Tulit</strong></span> <span class='ocrx_word' id='word_1_436' title='bbox 445 3648 639 3697; x_wconf 90' lang='lat' dir='ltr'><strong>autem</strong></span> <span class='ocrx_word' id='word_1_437' title='bbox 669 3644 814 3696; x_wconf 87' lang='lat' dir='ltr'><strong>Deus</strong></span> <span class='ocrx_word' id='word_1_438' title='bbox 852 3657 974 3711; x_wconf 88' lang='lat' dir='ltr'><strong>opes</strong></span> <span class='ocrx_word' id='word_1_439' title='bbox 1019 3646 1202 3711; x_wconf 81' lang='lat' dir='ltr'><strong>patris</strong></span> <span class='ocrx_word' id='word_1_440' title='bbox 1233 3649 1424 3713; x_wconf 85' lang='lat' dir='ltr'><strong>nostri,</strong></span> <span class='ocrx_word' id='word_1_441' title='bbox 1478 3646 1554 3700; x_wconf 90' lang='lat' dir='ltr'><strong>ita</strong></span> <span class='ocrx_word' id='word_1_442' title='bbox 1583 3647 1799 3702; x_wconf 88' lang='lat' dir='ltr'><strong>dictum</strong></span> 
     </span>
    </p>
   </div>
   <div class='ocr_carea' id='block_1_55' title="bbox 97 3728 1803 3801">
    <p class='ocr_par' dir='ltr' id='par_1_55' title="bbox 97 3728 1803 3801">
     <span class='ocr_line' id='line_1_55' title="bbox 97 3728 1803 3801; baseline 0.003 -17"><span class='ocrx_word' id='word_1_443' title='bbox 97 3736 201 3797; x_wconf 89' lang='lat' dir='ltr'><strong>est,</strong></span> <span class='ocrx_word' id='word_1_444' title='bbox 239 3742 310 3785; x_wconf 86' lang='lat' dir='ltr'><strong>ac</strong></span> <span class='ocrx_word' id='word_1_445' title='bbox 355 3728 404 3784; x_wconf 87' lang='lat' dir='ltr'><strong>si</strong></span> <span class='ocrx_word' id='word_1_446' title='bbox 436 3730 589 3786; x_wconf 88' lang='lat' dir='ltr'><strong>dicat</strong></span> <span class='ocrx_word' id='word_1_447' title='bbox 618 3744 753 3801; x_wconf 94' lang='lat' dir='ltr'><strong>opes</strong></span> <span class='ocrx_word' id='word_1_448' title='bbox 785 3744 938 3798; x_wconf 90' lang='lat' dir='ltr'><strong>suas,</strong></span> <span class='ocrx_word' id='word_1_449' title='bbox 976 3732 1125 3787; x_wconf 88' lang='lat' dir='ltr'><strong>sicut</strong></span> <span class='ocrx_word' id='word_1_450' title='bbox 1160 3740 1244 3788; x_wconf 91' lang='lat' dir='ltr'><strong>est</strong></span> <span class='ocrx_word' id='word_1_451' title='bbox 1294 3733 1436 3789; x_wconf 90' lang='lat' dir='ltr'><strong>illud</strong></span> <span class='ocrx_word' id='word_1_452' title='bbox 1468 3748 1481 3787; x_wconf 91' lang='lat'><strong>:</strong></span> <span class='ocrx_word' id='word_1_453' title='bbox 1515 3734 1668 3790; x_wconf 90' lang='lat' dir='ltr'><strong>Pluit</strong></span> <span class='ocrx_word' id='word_1_454' title='bbox 1699 3734 1803 3789; x_wconf 91' lang='lat' dir='ltr'><strong>Do-</strong></span> 
     </span>
    </p>
   </div>
   <div class='ocr_carea' id='block_1_56' title="bbox 96 3818 1800 3891">
    <p class='ocr_par' dir='ltr' id='par_1_56' title="bbox 96 3818 1800 3891">
     <span class='ocr_line' id='line_1_56' title="bbox 96 3818 1800 3891; baseline 0.004 -18"><span class='ocrx_word' id='word_1_455' title='bbox 96 3818 297 3873; x_wconf 89' lang='lat' dir='ltr'><strong>minus</strong></span> <span class='ocrx_word' id='word_1_456' title='bbox 321 3833 355 3873; x_wconf 91' lang='lat' dir='ltr'><strong>a</strong></span> <span class='ocrx_word' id='word_1_457' title='bbox 389 3819 647 3887; x_wconf 89' lang='lat' dir='ltr'><strong>Domino,</strong></span> <span class='ocrx_word' id='word_1_458' title='bbox 685 3819 738 3875; x_wconf 95' lang='lat' dir='ltr'><strong>id</strong></span> <span class='ocrx_word' id='word_1_459' title='bbox 770 3827 854 3877; x_wconf 89' lang='lat' dir='ltr'><strong>est</strong></span> <span class='ocrx_word' id='word_1_460' title='bbox 878 3834 911 3875; x_wconf 90' lang='lat' dir='ltr'><strong>a</strong></span> <span class='ocrx_word' id='word_1_461' title='bbox 939 3820 1143 3891; x_wconf 89' lang='lat' dir='ltr'><strong>seipso.</strong></span> <span class='ocrx_word' id='word_1_462' title='bbox 1181 3821 1247 3875; x_wconf 91' lang='lat' dir='ltr'><strong>In</strong></span> <span class='ocrx_word' id='word_1_463' title='bbox 1281 3822 1574 3891; x_wconf 90' lang='lat' dir='ltr'><strong>prophetis</strong></span> <span class='ocrx_word' id='word_1_464' title='bbox 1606 3823 1800 3879; x_wconf 90' lang='lat' dir='ltr'><strong>abun-</strong></span> 
     </span>
    </p>
   </div>
   <div class='ocr_carea' id='block_1_57' title="bbox 97 3906 1796 3981">
    <p class='ocr_par' dir='ltr' id='par_1_57' title="bbox 97 3906 1796 3981">
     <span class='ocr_line' id='line_1_57' title="bbox 97 3906 1796 3981; baseline 0.004 -20"><span class='ocrx_word' id='word_1_465' title='bbox 97 3906 239 3963; x_wconf 90' lang='lat' dir='ltr'><strong>dant</strong></span> <span class='ocrx_word' id='word_1_466' title='bbox 268 3907 424 3962; x_wconf 89' lang='lat' dir='ltr'><strong>talia.</strong></span> <span class='ocrx_word' id='word_1_467' title='bbox 474 3909 586 3964; x_wconf 83' lang='lat' dir='ltr'><strong>Fac</strong></span> <span class='ocrx_word' id='word_1_468' title='bbox 619 3908 813 3979; x_wconf 89' lang='lat' dir='ltr'><strong>itaque</strong></span> <span class='ocrx_word' id='word_1_469' title='bbox 840 3910 1035 3966; x_wconf 91' lang='lat' dir='ltr'><strong>omnia</strong></span> <span class='ocrx_word' id='word_1_470' title='bbox 1064 3924 1195 3981; x_wconf 66' lang='lat' dir='ltr'><strong>qua:</strong></span> <span class='ocrx_word' id='word_1_471' title='bbox 1243 3910 1508 3980; x_wconf 70' lang='lat' dir='ltr'><strong>praecepit</strong></span> <span class='ocrx_word' id='word_1_472' title='bbox 1538 3910 1641 3966; x_wconf 90' lang='lat' dir='ltr'><strong>tibi</strong></span> <span class='ocrx_word' id='word_1_473' title='bbox 1666 3926 1796 3967; x_wconf 91' lang='lat' dir='ltr'><strong>cum</strong></span> 
     </span>
    </p>
   </div>
   <div class='ocr_carea' id='block_1_58' title="bbox 103 3994 1801 4069">
    <p class='ocr_par' dir='ltr' id='par_1_58' title="bbox 103 3994 1801 4069">
     <span class='ocr_line' id='line_1_58' title="bbox 103 3994 1801 4069; baseline 0.004 -20"><span class='ocrx_word' id='word_1_474' title='bbox 103 4008 238 4050; x_wconf 90' lang='lat' dir='ltr'><strong>eum</strong></span> <span class='ocrx_word' id='word_1_475' title='bbox 276 3994 563 4066; x_wconf 87' lang='lat' dir='ltr'><strong>intelligas</strong></span> <span class='ocrx_word' id='word_1_476' title='bbox 591 3997 649 4051; x_wconf 90' lang='lat' dir='ltr'><strong>in</strong></span> <span class='ocrx_word' id='word_1_477' title='bbox 692 3998 847 4052; x_wconf 86' lang='lat' dir='ltr'><strong>omni</strong></span> <span class='ocrx_word' id='word_1_478' title='bbox 879 3998 1051 4054; x_wconf 91' lang='lat' dir='ltr'><strong>etiam</strong></span> <span class='ocrx_word' id='word_1_479' title='bbox 1091 3998 1435 4055; x_wconf 89' lang='lat' dir='ltr'><strong>adversitate</strong></span> <span class='ocrx_word' id='word_1_480' title='bbox 1466 3999 1561 4055; x_wconf 91' lang='lat' dir='ltr'><strong>tibi</strong></span> <span class='ocrx_word' id='word_1_481' title='bbox 1594 4014 1801 4069; x_wconf 90' lang='lat' dir='ltr'><strong>coope-</strong></span> 
     </span>
    </p>
   </div>
   <div class='ocr_carea' id='block_1_59' title="bbox 105 4095 247 4137">
    <p class='ocr_par' dir='ltr' id='par_1_59' title="bbox 105 4095 247 4137">
     <span class='ocr_line' id='line_1_59' title="bbox 105 4095 247 4137; baseline -0.007 -1"><span class='ocrx_word' id='word_1_482' title='bbox 105 4095 223 4137; x_wconf 81' lang='lat' dir='ltr'><strong>rari</strong></span> <span class='ocrx_word' id='word_1_483' title='bbox 231 4122 247 4135; x_wconf 92' lang='lat'><strong>.</strong></span> 
     </span>
    </p>
   </div>
   <div class='ocr_carea' id='block_1_60' title="bbox 172 4169 1798 4246">
    <p class='ocr_par' dir='ltr' id='par_1_60' title="bbox 172 4169 1798 4246">
     <span class='ocr_line' id='line_1_60' title="bbox 172 4169 1798 4246; baseline 0.004 -20"><span class='ocrx_word' id='word_1_484' title='bbox 172 4169 350 4226; x_wconf 70' lang='lat' dir='ltr'><strong>Vsus.</strong></span> <span class='ocrx_word' id='word_1_485' title='bbox 403 4173 486 4236; x_wconf 81' lang='lat' dir='ltr'><strong>l7,</strong></span> <span class='ocrx_word' id='word_1_486' title='bbox 530 4173 612 4225; x_wconf 84' lang='lat' dir='ltr'><strong>l8.</strong></span> <span class='ocrx_word' id='word_1_487' title='bbox 656 4199 730 4212; x_wconf 93' lang='lat'><strong>—</strong></span> <span class='ocrx_word' id='word_1_488' title='bbox 774 4170 1025 4226; x_wconf 69' lang='lat' dir='ltr'><strong>Surrexit</strong></span> <span class='ocrx_word' id='word_1_489' title='bbox 1072 4175 1245 4241; x_wconf 87' lang='lat' dir='ltr'><strong>igitur</strong></span> <span class='ocrx_word' id='word_1_490' title='bbox 1289 4175 1484 4243; x_wconf 88' lang='lat' dir='ltr'><strong>Jacob,</strong></span> <span class='ocrx_word' id='word_1_491' title='bbox 1534 4182 1584 4231; x_wconf 91' lang='lat' dir='ltr'><strong>et</strong></span> <span class='ocrx_word' id='word_1_492' title='bbox 1624 4175 1798 4246; x_wconf 84' lang='lat' dir='ltr'><strong>impo-</strong></span> 
     </span>
    </p>
   </div>
   <div class='ocr_carea' id='block_1_61' title="bbox 1905 1787 3603 1859">
    <p class='ocr_par' dir='ltr' id='par_1_61' title="bbox 1905 1787 3603 1859">
     <span class='ocr_line' id='line_1_61' title="bbox 1905 1787 3603 1859; baseline 0.005 -22"><span class='ocrx_word' id='word_1_493' title='bbox 1905 1796 2100 1839; x_wconf 88' lang='lat' dir='ltr'><strong>amore</strong></span> <span class='ocrx_word' id='word_1_494' title='bbox 2154 1792 2437 1841; x_wconf 90' lang='lat' dir='ltr'><strong>retractus</strong></span> <span class='ocrx_word' id='word_1_495' title='bbox 2484 1801 2721 1855; x_wconf 91' lang='lat' dir='ltr'><strong>operum</strong></span> <span class='ocrx_word' id='word_1_496' title='bbox 2770 1787 3124 1843; x_wconf 86' lang='lat' dir='ltr'><strong>exhibitione</strong></span> <span class='ocrx_word' id='word_1_497' title='bbox 3171 1788 3365 1857; x_wconf 85' lang='lat' dir='ltr'><strong>fugam</strong></span> <span class='ocrx_word' id='word_1_498' title='bbox 3419 1789 3603 1859; x_wconf 61' lang='lat' dir='ltr'><strong>culpae</strong></span> 
     </span>
    </p>
   </div>
   <div class='ocr_carea' id='block_1_62' title="bbox 1904 1871 3605 1944">
    <p class='ocr_par' dir='ltr' id='par_1_62' title="bbox 1904 1871 3605 1944">
     <span class='ocr_line' id='line_1_62' title="bbox 1904 1871 3605 1944; baseline 0.005 -19"><span class='ocrx_word' id='word_1_499' title='bbox 1904 1871 2253 1940; x_wconf 83' lang='lat' dir='ltr'><strong>exprimere,</strong></span> <span class='ocrx_word' id='word_1_500' title='bbox 2306 1874 2435 1929; x_wconf 90' lang='lat' dir='ltr'><strong>licet</strong></span> <span class='ocrx_word' id='word_1_501' title='bbox 2488 1875 2720 1944; x_wconf 85' lang='lat' dir='ltr'><strong>culpam</strong></span> <span class='ocrx_word' id='word_1_502' title='bbox 2768 1876 2946 1930; x_wconf 89' lang='lat' dir='ltr'><strong>animi</strong></span> <span class='ocrx_word' id='word_1_503' title='bbox 2997 1875 3383 1932; x_wconf 88' lang='lat' dir='ltr'><strong>rationalitate</strong></span> <span class='ocrx_word' id='word_1_504' title='bbox 3425 1877 3605 1933; x_wconf 79' lang='lat' dir='ltr'><strong>ditiu-</strong></span> 
     </span>
    </p>
   </div>
   <div class='ocr_carea' id='block_1_63' title="bbox 1906 1959 3601 2034">
    <p class='ocr_par' dir='ltr' id='par_1_63' title="bbox 1906 1959 3601 2034">
     <span class='ocr_line' id='line_1_63' title="bbox 1906 1959 3601 2034; baseline 0.005 -21"><span class='ocrx_word' id='word_1_505' title='bbox 1906 1959 2045 2029; x_wconf 86' lang='lat' dir='ltr'><strong>giat.</strong></span> <span class='ocrx_word' id='word_1_506' title='bbox 2089 1960 2260 2016; x_wconf 86' lang='lat' dir='ltr'><strong>Socer</strong></span> <span class='ocrx_word' id='word_1_507' title='bbox 2311 1976 2445 2017; x_wconf 89' lang='lat' dir='ltr'><strong>vero</strong></span> <span class='ocrx_word' id='word_1_508' title='bbox 2493 1964 2645 2018; x_wconf 89' lang='lat' dir='ltr'><strong>Deus</strong></span> <span class='ocrx_word' id='word_1_509' title='bbox 2697 1972 2818 2033; x_wconf 91' lang='lat' dir='ltr'><strong>est,</strong></span> <span class='ocrx_word' id='word_1_510' title='bbox 2861 1965 3033 2034; x_wconf 90' lang='lat' dir='ltr'><strong>cujus</strong></span> <span class='ocrx_word' id='word_1_511' title='bbox 3078 1964 3308 2020; x_wconf 78' lang='lat' dir='ltr'><strong>filiabus</strong></span> <span class='ocrx_word' id='word_1_512' title='bbox 3354 1966 3601 2033; x_wconf 69' lang='lat' dir='ltr'><strong>actioni,</strong></span> 
     </span>
    </p>
   </div>
   <div class='ocr_carea' id='block_1_64' title="bbox 1904 2049 3605 2123">
    <p class='ocr_par' dir='ltr' id='par_1_64' title="bbox 1904 2049 3605 2123">
     <span class='ocr_line' id='line_1_64' title="bbox 1904 2049 3605 2123; baseline 0.004 -21"><span class='ocrx_word' id='word_1_513' title='bbox 1904 2054 1960 2102; x_wconf 90' lang='lat' dir='ltr'><strong>et</strong></span> <span class='ocrx_word' id='word_1_514' title='bbox 2003 2049 2473 2119; x_wconf 90' lang='lat' dir='ltr'><strong>contemplationi</strong></span> <span class='ocrx_word' id='word_1_515' title='bbox 2513 2051 2839 2122; x_wconf 87' lang='lat' dir='ltr'><strong>jungimur,</strong></span> <span class='ocrx_word' id='word_1_516' title='bbox 2890 2050 2986 2106; x_wconf 91' lang='lat' dir='ltr'><strong>cui</strong></span> <span class='ocrx_word' id='word_1_517' title='bbox 3027 2065 3196 2121; x_wconf 90' lang='lat' dir='ltr'><strong>opere</strong></span> <span class='ocrx_word' id='word_1_518' title='bbox 3245 2053 3605 2123; x_wconf 89' lang='lat' dir='ltr'><strong>potissimum</strong></span> 
     </span>
    </p>
   </div>
   <div class='ocr_carea' id='block_1_65' title="bbox 1906 2136 2267 2191">
    <p class='ocr_par' dir='ltr' id='par_1_65' title="bbox 1906 2136 2267 2191">
     <span class='ocr_line' id='line_1_65' title="bbox 1906 2136 2267 2191; baseline 0.003 -1"><span class='ocrx_word' id='word_1_519' title='bbox 1906 2136 2267 2191; x_wconf 89' lang='lat' dir='ltr'><strong>conlitemur.</strong></span> 
     </span>
    </p>
   </div>
   <div class='ocr_carea' id='block_1_66' title="bbox 1980 2225 3604 2298">
    <p class='ocr_par' dir='ltr' id='par_1_66' title="bbox 1980 2225 3604 2298">
     <span class='ocr_line' id='line_1_66' title="bbox 1980 2225 3604 2298; baseline 0.001 -17"><span class='ocrx_word' id='word_1_520' title='bbox 1980 2225 2149 2281; x_wconf 76' lang='lat' dir='ltr'><strong>Vsus.</strong></span> <span class='ocrx_word' id='word_1_521' title='bbox 2202 2228 2289 2289; x_wconf 82' lang='grc'>21,</span> <span class='ocrx_word' id='word_1_522' title='bbox 2327 2226 2415 2278; x_wconf 84' lang='grc'><strong>22.</strong></span> <span class='ocrx_word' id='word_1_523' title='bbox 2467 2255 2534 2263; x_wconf 92' lang='grc'><strong>-</strong></span> <span class='ocrx_word' id='word_1_524' title='bbox 2569 2226 2805 2295; x_wconf 86' lang='lat' dir='ltr'><strong>Cumque</strong></span> <span class='ocrx_word' id='word_1_525' title='bbox 2847 2227 3047 2281; x_wconf 87' lang='lat' dir='ltr'><strong>abisset</strong></span> <span class='ocrx_word' id='word_1_526' title='bbox 3096 2236 3207 2282; x_wconf 89' lang='lat' dir='ltr'><strong>tam</strong></span> <span class='ocrx_word' id='word_1_527' title='bbox 3255 2230 3389 2298; x_wconf 87' lang='lat' dir='ltr'><strong>ipse,</strong></span> <span class='ocrx_word' id='word_1_528' title='bbox 3440 2244 3604 2297; x_wconf 88' lang='lat' dir='ltr'><strong>quam</strong></span> 
     </span>
    </p>
   </div>
   <div class='ocr_carea' id='block_1_67' title="bbox 1905 2312 3604 2383">
    <p class='ocr_par' dir='ltr' id='par_1_67' title="bbox 1905 2312 3604 2383">
     <span class='ocr_line' id='line_1_67' title="bbox 1905 2312 3604 2383; baseline 0.003 -16"><span class='ocrx_word' id='word_1_529' title='bbox 1905 2317 2105 2373; x_wconf 86' lang='lat' dir='ltr'><strong>omnia.</strong></span> <span class='ocrx_word' id='word_1_530' title='bbox 2174 2329 2293 2383; x_wconf 73' lang='lat' dir='ltr'><strong>quae</strong></span> <span class='ocrx_word' id='word_1_531' title='bbox 2341 2315 2492 2383; x_wconf 84' lang='lat' dir='ltr'><strong>juris</strong></span> <span class='ocrx_word' id='word_1_532' title='bbox 2554 2312 2670 2383; x_wconf 88' lang='lat' dir='ltr'><strong>ejus</strong></span> <span class='ocrx_word' id='word_1_533' title='bbox 2727 2318 2902 2377; x_wconf 87' lang='lat' dir='ltr'><strong>erant,</strong></span> <span class='ocrx_word' id='word_1_534' title='bbox 2964 2321 3015 2369; x_wconf 85' lang='lat' dir='ltr'><strong>et</strong></span> <span class='ocrx_word' id='word_1_535' title='bbox 3063 2331 3219 2370; x_wconf 88' lang='lat' dir='ltr'><strong>amne</strong></span> <span class='ocrx_word' id='word_1_536' title='bbox 3284 2320 3604 2372; x_wconf 87' lang='lat' dir='ltr'><strong>transmisso</strong></span> 
     </span>
    </p>
   </div>
   <div class='ocr_carea' id='block_1_68' title="bbox 1900 2404 3604 2472">
    <p class='ocr_par' dir='ltr' id='par_1_68' title="bbox 1900 2404 3604 2472">
     <span class='ocr_line' id='line_1_68' title="bbox 1900 2404 3604 2472; baseline 0.002 -16"><span class='ocrx_word' id='word_1_537' title='bbox 1900 2408 2150 2472; x_wconf 84' lang='lat' dir='ltr'><strong>pergeret</strong></span> <span class='ocrx_word' id='word_1_538' title='bbox 2196 2411 2395 2459; x_wconf 89' lang='lat' dir='ltr'><strong>contra</strong></span> <span class='ocrx_word' id='word_1_539' title='bbox 2427 2417 2703 2459; x_wconf 89' lang='lat' dir='ltr'><strong>acervum</strong></span> <span class='ocrx_word' id='word_1_540' title='bbox 2750 2404 3078 2472; x_wconf 90' lang='lat' dir='ltr'><strong>testimonii,</strong></span> <span class='ocrx_word' id='word_1_541' title='bbox 3125 2405 3207 2458; x_wconf 91' lang='lat' dir='ltr'><strong>sic</strong></span> <span class='ocrx_word' id='word_1_542' title='bbox 3234 2405 3386 2460; x_wconf 91' lang='lat' dir='ltr'><strong>enim</strong></span> <span class='ocrx_word' id='word_1_543' title='bbox 3423 2406 3604 2461; x_wconf 85' lang='lat' dir='ltr'><strong>inter-</strong></span> 
     </span>
    </p>
   </div>
   <div class='ocr_carea' id='block_1_69' title="bbox 1906 2492 3603 2561">
    <p class='ocr_par' dir='ltr' id='par_1_69' title="bbox 1906 2492 3603 2561">
     <span class='ocr_line' id='line_1_69' title="bbox 1906 2492 3603 2561; baseline 0.002 -16"><span class='ocrx_word' id='word_1_544' title='bbox 1906 2500 2166 2561; x_wconf 85' lang='lat' dir='ltr'><strong>pretatur</strong></span> <span class='ocrx_word' id='word_1_545' title='bbox 2229 2492 2464 2556; x_wconf 87' lang='lat' dir='ltr'><strong>Galaad,</strong></span> <span class='ocrx_word' id='word_1_546' title='bbox 2540 2494 2853 2545; x_wconf 84' lang='lat' dir='ltr'><strong>nuntiatum</strong></span> <span class='ocrx_word' id='word_1_547' title='bbox 2917 2498 2995 2545; x_wconf 84' lang='lat' dir='ltr'><strong>est</strong></span> <span class='ocrx_word' id='word_1_548' title='bbox 3053 2493 3240 2546; x_wconf 90' lang='lat' dir='ltr'><strong>Laban</strong></span> <span class='ocrx_word' id='word_1_549' title='bbox 3296 2492 3381 2547; x_wconf 88' lang='lat' dir='ltr'><strong>die</strong></span> <span class='ocrx_word' id='word_1_550' title='bbox 3447 2496 3603 2548; x_wconf 84' lang='lat' dir='ltr'><strong>tertio</strong></span> 
     </span>
    </p>
   </div>
   <div class='ocr_carea' id='block_1_70' title="bbox 1906 2579 3604 2649">
    <p class='ocr_par' dir='ltr' id='par_1_70' title="bbox 1906 2579 3604 2649">
     <span class='ocr_line' id='line_1_70' title="bbox 1906 2579 3604 2649; baseline 0.004 -17"><span class='ocrx_word' id='word_1_551' title='bbox 1906 2579 2051 2647; x_wconf 86' lang='lat' dir='ltr'><strong>quod</strong></span> <span class='ocrx_word' id='word_1_552' title='bbox 2092 2582 2306 2647; x_wconf 80' lang='lat' dir='ltr'><strong>fugeret</strong></span> <span class='ocrx_word' id='word_1_553' title='bbox 2354 2580 2537 2634; x_wconf 85' lang='lat' dir='ltr'><strong>Jacob.</strong></span> <span class='ocrx_word' id='word_1_554' title='bbox 2593 2580 2899 2649; x_wconf 87' lang='lat' dir='ltr'><strong>Postquam</strong></span> <span class='ocrx_word' id='word_1_555' title='bbox 2945 2579 3268 2636; x_wconf 89' lang='lat' dir='ltr'><strong>intellectus</strong></span> <span class='ocrx_word' id='word_1_556' title='bbox 3311 2590 3365 2637; x_wconf 93' lang='lat' dir='ltr'><strong>et</strong></span> <span class='ocrx_word' id='word_1_557' title='bbox 3408 2582 3604 2638; x_wconf 90' lang='lat' dir='ltr'><strong>omnia</strong></span> 
     </span>
    </p>
   </div>
   <div class='ocr_carea' id='block_1_71' title="bbox 1906 2667 3604 2740">
    <p class='ocr_par' dir='ltr' id='par_1_71' title="bbox 1906 2667 3604 2740">
     <span class='ocr_line' id='line_1_71' title="bbox 1906 2667 3604 2740; baseline 0.004 -19"><span class='ocrx_word' id='word_1_558' title='bbox 1906 2681 2037 2737; x_wconf 74' lang='lat' dir='ltr'><strong>quae</strong></span> <span class='ocrx_word' id='word_1_559' title='bbox 2082 2667 2133 2723; x_wconf 89' lang='lat' dir='ltr'><strong>ei</strong></span> <span class='ocrx_word' id='word_1_560' title='bbox 2190 2669 2396 2739; x_wconf 86' lang='lat' dir='ltr'><strong>subjici</strong></span> <span class='ocrx_word' id='word_1_561' title='bbox 2445 2668 2653 2724; x_wconf 90' lang='lat' dir='ltr'><strong>debent</strong></span> <span class='ocrx_word' id='word_1_562' title='bbox 2699 2668 2792 2738; x_wconf 89' lang='lat' dir='ltr'><strong>pio</strong></span> <span class='ocrx_word' id='word_1_563' title='bbox 2841 2668 3120 2725; x_wconf 88' lang='lat' dir='ltr'><strong>desiderio</strong></span> <span class='ocrx_word' id='word_1_564' title='bbox 3164 2671 3284 2740; x_wconf 86' lang='lat' dir='ltr'><strong>jam</strong></span> <span class='ocrx_word' id='word_1_565' title='bbox 3329 2678 3497 2739; x_wconf 90' lang='lat' dir='ltr'><strong>euut,</strong></span> <span class='ocrx_word' id='word_1_566' title='bbox 3549 2678 3604 2727; x_wconf 89' lang='lat' dir='ltr'><strong>et</strong></span> 
     </span>
    </p>
   </div>
   <div class='ocr_carea' id='block_1_72' title="bbox 1907 2756 3600 2828">
    <p class='ocr_par' dir='ltr' id='par_1_72' title="bbox 1907 2756 3600 2828">
     <span class='ocr_line' id='line_1_72' title="bbox 1907 2756 3600 2828; baseline 0.002 -17"><span class='ocrx_word' id='word_1_567' title='bbox 1907 2756 2118 2812; x_wconf 84' lang='lat' dir='ltr'><strong>ﬂuctus</strong></span> <span class='ocrx_word' id='word_1_568' title='bbox 2167 2771 2442 2812; x_wconf 89' lang='lat' dir='ltr'><strong>curarum</strong></span> <span class='ocrx_word' id='word_1_569' title='bbox 2490 2757 2682 2813; x_wconf 63' lang='lat' dir='ltr'><strong>saeculi</strong></span> <span class='ocrx_word' id='word_1_570' title='bbox 2720 2760 3137 2825; x_wconf 90' lang='lat' dir='ltr'><strong>transmittunt,</strong></span> <span class='ocrx_word' id='word_1_571' title='bbox 3189 2759 3261 2813; x_wconf 89' lang='lat' dir='ltr'><strong>ad</strong></span> <span class='ocrx_word' id='word_1_572' title='bbox 3306 2773 3600 2828; x_wconf 89' lang='lat' dir='ltr'><strong>acervum,</strong></span> 
     </span>
    </p>
   </div>
   <div class='ocr_carea' id='block_1_73' title="bbox 1906 2833 3603 2915">
    <p class='ocr_par' dir='ltr' id='par_1_73' title="bbox 1906 2833 3603 2915">
     <span class='ocr_line' id='line_1_73' title="bbox 1906 2833 3603 2915; baseline 0.002 -16"><span class='ocrx_word' id='word_1_573' title='bbox 1906 2844 2007 2915; x_wconf 91' lang='lat' dir='ltr'><strong>qui</strong></span> <span class='ocrx_word' id='word_1_574' title='bbox 2041 2844 2191 2899; x_wconf 88' lang='lat' dir='ltr'><strong>infra</strong></span> <span class='ocrx_word' id='word_1_575' title='bbox 2236 2859 2338 2914; x_wconf 91' lang='lat' dir='ltr'><strong>per</strong></span> <span class='ocrx_word' id='word_1_576' title='bbox 2367 2859 2619 2901; x_wconf 90' lang='lat' dir='ltr'><strong>amorem</strong></span> <span class='ocrx_word' id='word_1_577' title='bbox 2652 2833 2902 2915; x_wconf 69' lang='lat' dir='ltr'><strong>proximi</strong></span> <span class='ocrx_word' id='word_1_578' title='bbox 2945 2846 3239 2912; x_wconf 90' lang='lat' dir='ltr'><strong>dilatatur,</strong></span> <span class='ocrx_word' id='word_1_579' title='bbox 3268 2855 3323 2902; x_wconf 91' lang='lat' dir='ltr'><strong>et</strong></span> <span class='ocrx_word' id='word_1_580' title='bbox 3369 2861 3603 2903; x_wconf 90' lang='lat' dir='ltr'><strong>sursum</strong></span> 
     </span>
    </p>
   </div>
   <div class='ocr_carea' id='block_1_74' title="bbox 1908 2930 3601 3003">
    <p class='ocr_par' dir='ltr' id='par_1_74' title="bbox 1908 2930 3601 3003">
     <span class='ocr_line' id='line_1_74' title="bbox 1908 2930 3601 3003; baseline 0.004 -19"><span class='ocrx_word' id='word_1_581' title='bbox 1908 2930 1967 2986; x_wconf 88' lang='lat' dir='ltr'><strong>in</strong></span> <span class='ocrx_word' id='word_1_582' title='bbox 1998 2930 2094 2986; x_wconf 89' lang='lat' dir='ltr'><strong>Dei</strong></span> <span class='ocrx_word' id='word_1_583' title='bbox 2133 2930 2431 2987; x_wconf 89' lang='lat' dir='ltr'><strong>dilectione</strong></span> <span class='ocrx_word' id='word_1_584' title='bbox 2468 2932 2858 2999; x_wconf 89' lang='lat' dir='ltr'><strong>acuminatur,</strong></span> <span class='ocrx_word' id='word_1_585' title='bbox 2909 2946 3079 2987; x_wconf 86' lang='lat' dir='ltr'><strong>verus</strong></span> <span class='ocrx_word' id='word_1_586' title='bbox 3120 2931 3237 3001; x_wconf 87' lang='lat' dir='ltr'><strong>ipse</strong></span> <span class='ocrx_word' id='word_1_587' title='bbox 3268 2933 3441 2989; x_wconf 88' lang='lat' dir='ltr'><strong>Jacob</strong></span> <span class='ocrx_word' id='word_1_588' title='bbox 3473 2948 3601 3003; x_wconf 90' lang='lat' dir='ltr'><strong>per-</strong></span> 
     </span>
    </p>
   </div>
   <div class='ocr_carea' id='block_1_75' title="bbox 1909 3017 3600 3091">
    <p class='ocr_par' dir='ltr' id='par_1_75' title="bbox 1909 3017 3600 3091">
     <span class='ocr_line' id='line_1_75' title="bbox 1909 3017 3600 3091; baseline 0.004 -20"><span class='ocrx_word' id='word_1_589' title='bbox 1909 3018 2010 3088; x_wconf 88' lang='lat' dir='ltr'><strong>git,</strong></span> <span class='ocrx_word' id='word_1_590' title='bbox 2040 3017 2236 3088; x_wconf 90' lang='lat' dir='ltr'><strong>ibique</strong></span> <span class='ocrx_word' id='word_1_591' title='bbox 2268 3027 2531 3088; x_wconf 89' lang='lat' dir='ltr'><strong>mortem,</strong></span> <span class='ocrx_word' id='word_1_592' title='bbox 2561 3033 2679 3090; x_wconf 91' lang='lat' dir='ltr'><strong>qua</strong></span> <span class='ocrx_word' id='word_1_593' title='bbox 2704 3020 2906 3076; x_wconf 91' lang='lat' dir='ltr'><strong>nubila</strong></span> <span class='ocrx_word' id='word_1_594' title='bbox 2936 3021 3103 3075; x_wconf 88' lang='lat' dir='ltr'><strong>vallis</strong></span> <span class='ocrx_word' id='word_1_595' title='bbox 3132 3020 3309 3091; x_wconf 91' lang='lat' dir='ltr'><strong>hujus</strong></span> <span class='ocrx_word' id='word_1_596' title='bbox 3338 3021 3600 3086; x_wconf 88' lang='lat' dir='ltr'><strong>declinet,</strong></span> 
     </span>
    </p>
   </div>
   <div class='ocr_carea' id='block_1_76' title="bbox 1908 3107 3605 3180">
    <p class='ocr_par' dir='ltr' id='par_1_76' title="bbox 1908 3107 3605 3180">
     <span class='ocr_line' id='line_1_76' title="bbox 1908 3107 3605 3180; baseline 0.004 -19"><span class='ocrx_word' id='word_1_597' title='bbox 1908 3107 2146 3162; x_wconf 89' lang='lat' dir='ltr'><strong>invenit.</strong></span> <span class='ocrx_word' id='word_1_598' title='bbox 2196 3110 2294 3161; x_wconf 89' lang='lat' dir='ltr'><strong>Die</strong></span> <span class='ocrx_word' id='word_1_599' title='bbox 2325 3110 2501 3175; x_wconf 87' lang='lat' dir='ltr'><strong>tertio,</strong></span> <span class='ocrx_word' id='word_1_600' title='bbox 2554 3108 2608 3163; x_wconf 91' lang='lat' dir='ltr'><strong>id</strong></span> <span class='ocrx_word' id='word_1_601' title='bbox 2655 3117 2738 3164; x_wconf 91' lang='lat' dir='ltr'><strong>est</strong></span> <span class='ocrx_word' id='word_1_602' title='bbox 2768 3122 2870 3179; x_wconf 90' lang='lat' dir='ltr'><strong>per</strong></span> <span class='ocrx_word' id='word_1_603' title='bbox 2916 3108 3233 3176; x_wconf 88' lang='lat' dir='ltr'><strong>Trinitatis,</strong></span> <span class='ocrx_word' id='word_1_604' title='bbox 3279 3124 3410 3180; x_wconf 76' lang='lat' dir='ltr'><strong>quae</strong></span> <span class='ocrx_word' id='word_1_605' title='bbox 3452 3110 3605 3167; x_wconf 86' lang='lat' dir='ltr'><strong>Deus</strong></span> 
     </span>
    </p>
   </div>
   <div class='ocr_carea' id='block_1_77' title="bbox 1907 3195 3604 3267">
    <p class='ocr_par' dir='ltr' id='par_1_77' title="bbox 1907 3195 3604 3267">
     <span class='ocr_line' id='line_1_77' title="bbox 1907 3195 3604 3267; baseline 0.002 -16"><span class='ocrx_word' id='word_1_606' title='bbox 1907 3202 2013 3264; x_wconf 88' lang='lat' dir='ltr'><strong>est,</strong></span> <span class='ocrx_word' id='word_1_607' title='bbox 2060 3195 2493 3267; x_wconf 89' lang='lat' dir='ltr'><strong>intelligentiam</strong></span> <span class='ocrx_word' id='word_1_608' title='bbox 2544 3199 2887 3253; x_wconf 89' lang='lat' dir='ltr'><strong>nuntiamus</strong></span> <span class='ocrx_word' id='word_1_609' title='bbox 2924 3197 3228 3253; x_wconf 89' lang='lat' dir='ltr'><strong>candidato</strong></span> <span class='ocrx_word' id='word_1_610' title='bbox 3272 3206 3604 3255; x_wconf 89' lang='lat' dir='ltr'><strong>sanctorum</strong></span> 
     </span>
    </p>
   </div>
   <div class='ocr_carea' id='block_1_78' title="bbox 1907 3282 3600 3356">
    <p class='ocr_par' dir='ltr' id='par_1_78' title="bbox 1907 3282 3600 3356">
     <span class='ocr_line' id='line_1_78' title="bbox 1907 3282 3600 3356; baseline 0.004 -19"><span class='ocrx_word' id='word_1_611' title='bbox 1907 3282 2186 3339; x_wconf 86' lang='lat' dir='ltr'><strong>exercitui</strong></span> <span class='ocrx_word' id='word_1_612' title='bbox 2272 3283 2424 3355; x_wconf 60' lang='lat' dir='ltr'><strong>fuga</strong></span> <span class='ocrx_word' id='word_1_613' title='bbox 2484 3293 2729 3353; x_wconf 76' lang='lat' dir='ltr'><strong>nostrae,</strong></span> <span class='ocrx_word' id='word_1_614' title='bbox 2807 3300 2925 3356; x_wconf 90' lang='lat' dir='ltr'><strong>qua</strong></span> <span class='ocrx_word' id='word_1_615' title='bbox 2989 3294 3219 3355; x_wconf 89' lang='lat' dir='ltr'><strong>peccata</strong></span> <span class='ocrx_word' id='word_1_616' title='bbox 3278 3286 3600 3355; x_wconf 88' lang='lat' dir='ltr'><strong>evitamus,</strong></span> 
     </span>
    </p>
   </div>
   <div class='ocr_carea' id='block_1_79' title="bbox 1906 3371 3606 3446">
    <p class='ocr_par' dir='ltr' id='par_1_79' title="bbox 1906 3371 3606 3446">
     <span class='ocr_line' id='line_1_79' title="bbox 1906 3371 3606 3446; baseline 0.002 -20"><span class='ocrx_word' id='word_1_617' title='bbox 1906 3371 2192 3426; x_wconf 89' lang='lat' dir='ltr'><strong>notitiam.</strong></span> <span class='ocrx_word' id='word_1_618' title='bbox 2241 3372 2291 3427; x_wconf 88' lang='lat' dir='ltr'><strong>A</strong></span> <span class='ocrx_word' id='word_1_619' title='bbox 2337 3373 2549 3429; x_wconf 88' lang='lat' dir='ltr'><strong>sanctis</strong></span> <span class='ocrx_word' id='word_1_620' title='bbox 2608 3374 2762 3428; x_wconf 90' lang='lat' dir='ltr'><strong>enim</strong></span> <span class='ocrx_word' id='word_1_621' title='bbox 2820 3373 3156 3443; x_wconf 89' lang='lat' dir='ltr'><strong>spiritibus,</strong></span> <span class='ocrx_word' id='word_1_622' title='bbox 3212 3381 3370 3430; x_wconf 90' lang='lat' dir='ltr'><strong>tanto</strong></span> <span class='ocrx_word' id='word_1_623' title='bbox 3420 3374 3606 3446; x_wconf 89' lang='lat' dir='ltr'><strong>magis</strong></span> 
     </span>
    </p>
   </div>
   <div class='ocr_carea' id='block_1_80' title="bbox 1907 3460 3604 3535">
    <p class='ocr_par' dir='ltr' id='par_1_80' title="bbox 1907 3460 3604 3535">
     <span class='ocr_line' id='line_1_80' title="bbox 1907 3460 3604 3535; baseline 0.002 -21"><span class='ocrx_word' id='word_1_624' title='bbox 1907 3460 2264 3516; x_wconf 89' lang='lat' dir='ltr'><strong>continentia</strong></span> <span class='ocrx_word' id='word_1_625' title='bbox 2326 3469 2524 3517; x_wconf 90' lang='lat' dir='ltr'><strong>nostra</strong></span> <span class='ocrx_word' id='word_1_626' title='bbox 2588 3461 2871 3529; x_wconf 88' lang='lat' dir='ltr'><strong>noscitur,</strong></span> <span class='ocrx_word' id='word_1_627' title='bbox 2940 3469 3162 3533; x_wconf 89' lang='lat' dir='ltr'><strong>quanto</strong></span> <span class='ocrx_word' id='word_1_628' title='bbox 3223 3464 3440 3535; x_wconf 88' lang='lat' dir='ltr'><strong>majore</strong></span> <span class='ocrx_word' id='word_1_629' title='bbox 3505 3463 3604 3519; x_wconf 93' lang='lat' dir='ltr'><strong>Dei</strong></span> 
     </span>
    </p>
   </div>
   <div class='ocr_carea' id='block_1_81' title="bbox 1908 3551 2639 3621">
    <p class='ocr_par' dir='ltr' id='par_1_81' title="bbox 1908 3551 2639 3621">
     <span class='ocr_line' id='line_1_81' title="bbox 1908 3551 2639 3621; baseline 0.004 -17"><span class='ocrx_word' id='word_1_630' title='bbox 1908 3551 2230 3621; x_wconf 88' lang='lat' dir='ltr'><strong>cognitione</strong></span> <span class='ocrx_word' id='word_1_631' title='bbox 2262 3551 2639 3607; x_wconf 91' lang='lat' dir='ltr'><strong>illustramur.</strong></span> 
     </span>
    </p>
   </div>
   <div class='ocr_carea' id='block_1_82' title="bbox 1982 3639 3604 3709">
    <p class='ocr_par' dir='ltr' id='par_1_82' title="bbox 1982 3639 3604 3709">
     <span class='ocr_line' id='line_1_82' title="bbox 1982 3639 3604 3709; baseline 0.004 -18"><span class='ocrx_word' id='word_1_632' title='bbox 1982 3639 2145 3695; x_wconf 75' lang='lat' dir='ltr'><strong>Vnus.</strong></span> <span class='ocrx_word' id='word_1_633' title='bbox 2196 3642 2283 3693; x_wconf 84' lang='lat'><strong>23.</strong></span> <span class='ocrx_word' id='word_1_634' title='bbox 2318 3669 2386 3679; x_wconf 96' lang='lat'><strong>—</strong></span> <span class='ocrx_word' id='word_1_635' title='bbox 2432 3640 2536 3705; x_wconf 87' lang='lat' dir='ltr'><strong>Qui</strong></span> <span class='ocrx_word' id='word_1_636' title='bbox 2582 3642 2876 3709; x_wconf 87' lang='lat' dir='ltr'><strong>assumptis</strong></span> <span class='ocrx_word' id='word_1_637' title='bbox 2912 3640 3186 3706; x_wconf 87' lang='lat' dir='ltr'><strong>fratribus</strong></span> <span class='ocrx_word' id='word_1_638' title='bbox 3233 3645 3367 3709; x_wconf 87' lang='lat' dir='ltr'><strong>suis,</strong></span> <span class='ocrx_word' id='word_1_639' title='bbox 3417 3642 3472 3698; x_wconf 87' lang='lat' dir='ltr'><strong>id</strong></span> <span class='ocrx_word' id='word_1_640' title='bbox 3519 3650 3604 3698; x_wconf 84' lang='lat' dir='ltr'><strong>est</strong></span> 
     </span>
    </p>
   </div>
   <div class='ocr_carea' id='block_1_83' title="bbox 1907 3727 3603 3799">
    <p class='ocr_par' dir='ltr' id='par_1_83' title="bbox 1907 3727 3603 3799">
     <span class='ocr_line' id='line_1_83' title="bbox 1907 3727 3603 3799; baseline 0.002 -16"><span class='ocrx_word' id='word_1_641' title='bbox 1907 3727 2207 3798; x_wconf 90' lang='lat' dir='ltr'><strong>spiritibus</strong></span> <span class='ocrx_word' id='word_1_642' title='bbox 2253 3727 2529 3798; x_wconf 89' lang='lat' dir='ltr'><strong>angelicis</strong></span> <span class='ocrx_word' id='word_1_643' title='bbox 2578 3728 2636 3782; x_wconf 89' lang='lat' dir='ltr'><strong>in</strong></span> <span class='ocrx_word' id='word_1_644' title='bbox 2684 3736 2947 3783; x_wconf 88' lang='lat' dir='ltr'><strong>nostrum</strong></span> <span class='ocrx_word' id='word_1_645' title='bbox 3001 3729 3288 3785; x_wconf 87' lang='lat' dir='ltr'><strong>auxilium</strong></span> <span class='ocrx_word' id='word_1_646' title='bbox 3337 3730 3603 3799; x_wconf 91' lang='lat' dir='ltr'><strong>precibus</strong></span> 
     </span>
    </p>
   </div>
   <div class='ocr_carea' id='block_1_84' title="bbox 1909 3816 3600 3885">
    <p class='ocr_par' dir='ltr' id='par_1_84' title="bbox 1909 3816 3600 3885">
     <span class='ocr_line' id='line_1_84' title="bbox 1909 3816 3600 3885; baseline 0.001 -14"><span class='ocrx_word' id='word_1_647' title='bbox 1909 3816 2031 3871; x_wconf 88' lang='lat' dir='ltr'><strong>veri</strong></span> <span class='ocrx_word' id='word_1_648' title='bbox 2080 3816 2272 3871; x_wconf 88' lang='lat' dir='ltr'><strong>Laban</strong></span> <span class='ocrx_word' id='word_1_649' title='bbox 2318 3817 2510 3871; x_wconf 90' lang='lat' dir='ltr'><strong>ascitis</strong></span> <span class='ocrx_word' id='word_1_650' title='bbox 2573 3816 2681 3871; x_wconf 89' lang='lat' dir='ltr'><strong>sub</strong></span> <span class='ocrx_word' id='word_1_651' title='bbox 2734 3816 2847 3871; x_wconf 93' lang='lat' dir='ltr'><strong>Deo</strong></span> <span class='ocrx_word' id='word_1_652' title='bbox 2904 3817 3069 3872; x_wconf 86' lang='lat' dir='ltr'><strong>Patre</strong></span> <span class='ocrx_word' id='word_1_653' title='bbox 3124 3817 3400 3874; x_wconf 90' lang='lat' dir='ltr'><strong>fratribus</strong></span> <span class='ocrx_word' id='word_1_654' title='bbox 3457 3818 3600 3885; x_wconf 89' lang='lat' dir='ltr'><strong>suis,</strong></span> 
     </span>
    </p>
   </div>
   <div class='ocr_carea' id='block_1_85' title="bbox 1906 3904 3603 3973">
    <p class='ocr_par' dir='ltr' id='par_1_85' title="bbox 1906 3904 3603 3973">
     <span class='ocr_line' id='line_1_85' title="bbox 1906 3904 3603 3973; baseline 0.004 -19"><span class='ocrx_word' id='word_1_655' title='bbox 1906 3906 2216 3969; x_wconf 86' lang='lat' dir='ltr'><strong>persecutus</strong></span> <span class='ocrx_word' id='word_1_656' title='bbox 2255 3907 2334 3957; x_wconf 88' lang='lat' dir='ltr'><strong>est</strong></span> <span class='ocrx_word' id='word_1_657' title='bbox 2377 3919 2494 3957; x_wconf 90' lang='lat' dir='ltr'><strong>eum</strong></span> <span class='ocrx_word' id='word_1_658' title='bbox 2536 3910 2732 3973; x_wconf 87' lang='lat' dir='ltr'><strong>septem</strong></span> <span class='ocrx_word' id='word_1_659' title='bbox 2765 3904 2975 3967; x_wconf 89' lang='lat' dir='ltr'><strong>diebus,</strong></span> <span class='ocrx_word' id='word_1_660' title='bbox 3031 3905 3084 3959; x_wconf 87' lang='lat' dir='ltr'><strong>id</strong></span> <span class='ocrx_word' id='word_1_661' title='bbox 3118 3912 3205 3960; x_wconf 90' lang='lat' dir='ltr'><strong>est</strong></span> <span class='ocrx_word' id='word_1_662' title='bbox 3249 3906 3425 3961; x_wconf 86' lang='lat' dir='ltr'><strong>totius</strong></span> <span class='ocrx_word' id='word_1_663' title='bbox 3470 3905 3603 3961; x_wconf 67' lang='lat' dir='ltr'><strong>vitae</strong></span> 
     </span>
    </p>
   </div>
   <div class='ocr_carea' id='block_1_86' title="bbox 1910 3990 3604 4064">
    <p class='ocr_par' dir='ltr' id='par_1_86' title="bbox 1910 3990 3604 4064">
     <span class='ocr_line' id='line_1_86' title="bbox 1910 3990 3604 4064; baseline 0.004 -20"><span class='ocrx_word' id='word_1_664' title='bbox 1910 3990 2112 4058; x_wconf 88' lang='lat' dir='ltr'><strong>spatio,</strong></span> <span class='ocrx_word' id='word_1_665' title='bbox 2160 4006 2293 4061; x_wconf 68' lang='lat' dir='ltr'><strong>qum</strong></span> <span class='ocrx_word' id='word_1_666' title='bbox 2335 4000 2544 4062; x_wconf 88' lang='lat' dir='ltr'><strong>septem</strong></span> <span class='ocrx_word' id='word_1_667' title='bbox 2587 3992 2789 4049; x_wconf 89' lang='lat' dir='ltr'><strong>diebus</strong></span> <span class='ocrx_word' id='word_1_668' title='bbox 2818 3994 3090 4061; x_wconf 88' lang='lat' dir='ltr'><strong>volvitur,</strong></span> <span class='ocrx_word' id='word_1_669' title='bbox 3143 3993 3355 4049; x_wconf 86' lang='lat' dir='ltr'><strong>divinis</strong></span> <span class='ocrx_word' id='word_1_670' title='bbox 3404 4008 3604 4064; x_wconf 90' lang='lat' dir='ltr'><strong>prose-</strong></span> 
     </span>
    </p>
   </div>
   <div class='ocr_carea' id='block_1_87' title="bbox 1911 4078 3604 4153">
    <p class='ocr_par' dir='ltr' id='par_1_87' title="bbox 1911 4078 3604 4153">
     <span class='ocr_line' id='line_1_87' title="bbox 1911 4078 3604 4153; baseline 0.004 -21"><span class='ocrx_word' id='word_1_671' title='bbox 1911 4078 2114 4148; x_wconf 90' lang='lat' dir='ltr'><strong>quitur</strong></span> <span class='ocrx_word' id='word_1_672' title='bbox 2163 4080 2550 4148; x_wconf 86' lang='lat' dir='ltr'><strong>adminiculis,</strong></span> <span class='ocrx_word' id='word_1_673' title='bbox 2583 4081 2806 4152; x_wconf 90' lang='lat' dir='ltr'><strong>angelis</strong></span> <span class='ocrx_word' id='word_1_674' title='bbox 2833 4082 2905 4136; x_wconf 91' lang='lat' dir='ltr'><strong>ad</strong></span> <span class='ocrx_word' id='word_1_675' title='bbox 2944 4096 3038 4136; x_wconf 91' lang='lat' dir='ltr'><strong>eos</strong></span> <span class='ocrx_word' id='word_1_676' title='bbox 3068 4082 3451 4149; x_wconf 80' lang='lat' dir='ltr'><strong>venientibus,</strong></span> <span class='ocrx_word' id='word_1_677' title='bbox 3502 4083 3604 4153; x_wconf 90' lang='lat' dir='ltr'><strong>qui</strong></span> 
     </span>
    </p>
   </div>
   <div class='ocr_carea' id='block_1_88' title="bbox 1912 4166 3604 4241">
    <p class='ocr_par' dir='ltr' id='par_1_88' title="bbox 1912 4166 3604 4241">
     <span class='ocr_line' id='line_1_88' title="bbox 1912 4166 3604 4241; baseline 0.003 -19"><span class='ocrx_word' id='word_1_678' title='bbox 1912 4166 2301 4225; x_wconf 66' lang='lat' dir='ltr'><strong>haereditatem</strong></span> <span class='ocrx_word' id='word_1_679' title='bbox 2349 4170 2585 4240; x_wconf 91' lang='lat' dir='ltr'><strong>capiunt</strong></span> <span class='ocrx_word' id='word_1_680' title='bbox 2624 4170 2828 4226; x_wconf 89' lang='lat' dir='ltr'><strong>salutis</strong></span> <span class='ocrx_word' id='word_1_681' title='bbox 2875 4170 3076 4238; x_wconf 88' lang='lat' dir='ltr'><strong>(Hebr.</strong></span> <span class='ocrx_word' id='word_1_682' title='bbox 3113 4185 3149 4238; x_wconf 78' lang='grc' dir='ltr'><strong>ι,</strong></span> <span class='ocrx_word' id='word_1_683' title='bbox 3190 4171 3300 4239; x_wconf 83' lang='grc'>14);</span> <span class='ocrx_word' id='word_1_684' title='bbox 3350 4170 3440 4227; x_wconf 89' lang='lat' dir='ltr'><strong>vel</strong></span> <span class='ocrx_word' id='word_1_685' title='bbox 3471 4185 3604 4241; x_wconf 88' lang='lat' dir='ltr'><strong>per-</strong></span> 
     </span>
    </p>
   </div>
   <div class='ocr_carea' id='block_1_89' title="bbox 104 4256 3606 4334">
    <p class='ocr_par' dir='ltr' id='par_1_89' title="bbox 104 4256 3606 4334">
     <span class='ocr_line' id='line_1_89' title="bbox 104 4256 3606 4334; baseline 0.001 -22"><span class='ocrx_word' id='word_1_686' title='bbox 104 4260 226 4312; x_wconf 81' lang='lat' dir='ltr'><strong>sitis</strong></span> <span class='ocrx_word' id='word_1_687' title='bbox 282 4258 469 4312; x_wconf 84' lang='lat' dir='ltr'><strong>liberis</strong></span> <span class='ocrx_word' id='word_1_688' title='bbox 515 4264 566 4313; x_wconf 89' lang='lat' dir='ltr'><strong>et</strong></span> <span class='ocrx_word' id='word_1_689' title='bbox 606 4260 926 4327; x_wconf 82' lang='lat' dir='ltr'><strong>conjugibus</strong></span> <span class='ocrx_word' id='word_1_690' title='bbox 964 4262 1080 4314; x_wconf 88' lang='lat' dir='ltr'><strong>suis</strong></span> <span class='ocrx_word' id='word_1_691' title='bbox 1125 4276 1288 4330; x_wconf 86' lang='lat' dir='ltr'><strong>super</strong></span> <span class='ocrx_word' id='word_1_692' title='bbox 1333 4265 1583 4334; x_wconf 83' lang='lat' dir='ltr'><strong>camelos,</strong></span> <span class='ocrx_word' id='word_1_693' title='bbox 1636 4266 1793 4320; x_wconf 81' lang='lat' dir='ltr'><strong>abiit.</strong></span> <span class='ocrx_word' id='word_1_694' title='bbox 1837 4270 1880 4324; x_wconf 76' lang='grc' dir='ltr'>ι)</span> <span class='ocrx_word' id='word_1_695' title='bbox 1911 4256 2178 4326; x_wconf 90' lang='lat' dir='ltr'><strong>sequitur</strong></span> <span class='ocrx_word' id='word_1_696' title='bbox 2202 4258 2343 4313; x_wconf 90' lang='lat' dir='ltr'><strong>vitia</strong></span> <span class='ocrx_word' id='word_1_697' title='bbox 2370 4258 2543 4314; x_wconf 86' lang='lat' dir='ltr'><strong>Jacob</strong></span> <span class='ocrx_word' id='word_1_698' title='bbox 2588 4258 2905 4328; x_wconf 90' lang='lat' dir='ltr'><strong>impetratis</strong></span> <span class='ocrx_word' id='word_1_699' title='bbox 2937 4259 2987 4314; x_wconf 90' lang='lat' dir='ltr'><strong>ei</strong></span> <span class='ocrx_word' id='word_1_700' title='bbox 3029 4259 3366 4315; x_wconf 88' lang='lat' dir='ltr'><strong>muneribus</strong></span> <span class='ocrx_word' id='word_1_701' title='bbox 3404 4262 3606 4330; x_wconf 67' lang='lat' dir='ltr'><strong>gratiae</strong></span> 
     </span>
    </p>
   </div>
   <div class='ocr_carea' id='block_1_90' title="bbox 109 4347 1803 4418">
    <p class='ocr_par' dir='ltr' id='par_1_90' title="bbox 109 4347 1803 4418">
     <span class='ocr_line' id='line_1_90' title="bbox 109 4347 1803 4418; baseline 0.002 -18"><span class='ocrx_word' id='word_1_702' title='bbox 109 4347 368 4413; x_wconf 84' lang='lat' dir='ltr'><strong>Tulitque</strong></span> <span class='ocrx_word' id='word_1_703' title='bbox 414 4362 618 4401; x_wconf 88' lang='lat' dir='ltr'><strong>omnem</strong></span> <span class='ocrx_word' id='word_1_704' title='bbox 674 4347 1058 4415; x_wconf 85' lang='lat' dir='ltr'><strong>substantiam,</strong></span> <span class='ocrx_word' id='word_1_705' title='bbox 1100 4353 1150 4403; x_wconf 87' lang='lat' dir='ltr'><strong>et</strong></span> <span class='ocrx_word' id='word_1_706' title='bbox 1191 4364 1395 4418; x_wconf 85' lang='lat' dir='ltr'><strong>greges,</strong></span> <span class='ocrx_word' id='word_1_707' title='bbox 1443 4354 1493 4403; x_wconf 87' lang='lat' dir='ltr'><strong>et</strong></span> <span class='ocrx_word' id='word_1_708' title='bbox 1531 4349 1803 4418; x_wconf 86' lang='lat' dir='ltr'><strong>quidquid</strong></span> 
     </span>
    </p>
   </div>
   <div class='ocr_carea' id='block_1_91' title="bbox 107 4432 1803 4508">
    <p class='ocr_par' dir='ltr' id='par_1_91' title="bbox 107 4432 1803 4508">
     <span class='ocr_line' id='line_1_91' title="bbox 107 4432 1803 4508; baseline 0.003 -20"><span class='ocrx_word' id='word_1_709' title='bbox 107 4437 163 4487; x_wconf 86' lang='lat' dir='ltr'><strong>in</strong></span> <span class='ocrx_word' id='word_1_710' title='bbox 205 4436 592 4503; x_wconf 66' lang='lat' dir='ltr'><strong>Mesopotamia</strong></span> <span class='ocrx_word' id='word_1_711' title='bbox 622 4439 973 4504; x_wconf 85' lang='lat' dir='ltr'><strong>acquisierat,</strong></span> <span class='ocrx_word' id='word_1_712' title='bbox 1014 4453 1242 4507; x_wconf 86' lang='lat' dir='ltr'><strong>pergens</strong></span> <span class='ocrx_word' id='word_1_713' title='bbox 1292 4438 1367 4492; x_wconf 90' lang='lat' dir='ltr'><strong>ad</strong></span> <span class='ocrx_word' id='word_1_714' title='bbox 1396 4432 1548 4493; x_wconf 82' lang='lat' dir='ltr'><strong>Isaac</strong></span> <span class='ocrx_word' id='word_1_715' title='bbox 1589 4444 1803 4508; x_wconf 86' lang='lat' dir='ltr'><strong>patrem</strong></span> 
     </span>
    </p>
   </div>
   <div class='ocr_carea' id='block_1_92' title="bbox 103 4525 1802 4597">
    <p class='ocr_par' dir='ltr' id='par_1_92' title="bbox 103 4525 1802 4597">
     <span class='ocr_line' id='line_1_92' title="bbox 103 4525 1802 4597; baseline 0.002 -19"><span class='ocrx_word' id='word_1_716' title='bbox 103 4539 264 4578; x_wconf 82' lang='lat' dir='ltr'><strong>suum</strong></span> <span class='ocrx_word' id='word_1_717' title='bbox 314 4525 376 4577; x_wconf 86' lang='lat' dir='ltr'><strong>in</strong></span> <span class='ocrx_word' id='word_1_718' title='bbox 405 4528 604 4578; x_wconf 89' lang='lat' dir='ltr'><strong>terram</strong></span> <span class='ocrx_word' id='word_1_719' title='bbox 652 4526 932 4581; x_wconf 84' lang='lat' dir='ltr'><strong>Chanaan.</strong></span> <span class='ocrx_word' id='word_1_720' title='bbox 970 4526 1163 4597; x_wconf 87' lang='lat' dir='ltr'><strong>Surgit</strong></span> <span class='ocrx_word' id='word_1_721' title='bbox 1208 4541 1340 4582; x_wconf 90' lang='lat' dir='ltr'><strong>cum</strong></span> <span class='ocrx_word' id='word_1_722' title='bbox 1389 4542 1447 4583; x_wconf 91' lang='lat' dir='ltr'><strong>se</strong></span> <span class='ocrx_word' id='word_1_723' title='bbox 1494 4527 1802 4582; x_wconf 87' lang='lat' dir='ltr'><strong>adversum</strong></span> 
     </span>
    </p>
   </div>
   <div class='ocr_carea' id='block_1_93' title="bbox 103 4612 1800 4684">
    <p class='ocr_par' dir='ltr' id='par_1_93' title="bbox 103 4612 1800 4684">
     <span class='ocr_line' id='line_1_93' title="bbox 103 4612 1800 4684; baseline 0.001 -16"><span class='ocrx_word' id='word_1_724' title='bbox 103 4627 163 4668; x_wconf 87' lang='lat' dir='ltr'><strong>se</strong></span> <span class='ocrx_word' id='word_1_725' title='bbox 190 4613 426 4667; x_wconf 91' lang='lat' dir='ltr'><strong>animus</strong></span> <span class='ocrx_word' id='word_1_726' title='bbox 471 4613 657 4684; x_wconf 86' lang='lat' dir='ltr'><strong>erigit.</strong></span> <span class='ocrx_word' id='word_1_727' title='bbox 693 4612 980 4684; x_wconf 90' lang='lat' dir='ltr'><strong>Conjuges</strong></span> <span class='ocrx_word' id='word_1_728' title='bbox 1007 4622 1062 4670; x_wconf 92' lang='lat' dir='ltr'><strong>et</strong></span> <span class='ocrx_word' id='word_1_729' title='bbox 1109 4614 1314 4670; x_wconf 89' lang='lat' dir='ltr'><strong>liberos</strong></span> <span class='ocrx_word' id='word_1_730' title='bbox 1356 4614 1589 4670; x_wconf 87' lang='lat' dir='ltr'><strong>camelis</strong></span> <span class='ocrx_word' id='word_1_731' title='bbox 1622 4613 1800 4683; x_wconf 86' lang='lat' dir='ltr'><strong>impo-</strong></span> 
     </span>
    </p>
   </div>
   <div class='ocr_carea' id='block_1_94' title="bbox 101 4701 1805 4772">
    <p class='ocr_par' dir='ltr' id='par_1_94' title="bbox 101 4701 1805 4772">
     <span class='ocr_line' id='line_1_94' title="bbox 101 4701 1805 4772; baseline 0.001 -17"><span class='ocrx_word' id='word_1_732' title='bbox 101 4701 208 4767; x_wconf 90' lang='lat' dir='ltr'><strong>nit,</strong></span> <span class='ocrx_word' id='word_1_733' title='bbox 257 4715 395 4756; x_wconf 90' lang='lat' dir='ltr'><strong>cum</strong></span> <span class='ocrx_word' id='word_1_734' title='bbox 425 4708 737 4771; x_wconf 89' lang='lat' dir='ltr'><strong>utramque</strong></span> <span class='ocrx_word' id='word_1_735' title='bbox 777 4704 979 4770; x_wconf 89' lang='lat' dir='ltr'><strong>vitam,</strong></span> <span class='ocrx_word' id='word_1_736' title='bbox 1012 4709 1066 4758; x_wconf 93' lang='lat' dir='ltr'><strong>et</strong></span> <span class='ocrx_word' id='word_1_737' title='bbox 1109 4716 1283 4771; x_wconf 89' lang='lat' dir='ltr'><strong>opera</strong></span> <span class='ocrx_word' id='word_1_738' title='bbox 1327 4716 1399 4758; x_wconf 88' lang='lat' dir='ltr'><strong>ex</strong></span> <span class='ocrx_word' id='word_1_739' title='bbox 1428 4703 1510 4758; x_wconf 90' lang='lat' dir='ltr'><strong>eis</strong></span> <span class='ocrx_word' id='word_1_740' title='bbox 1552 4717 1654 4772; x_wconf 92' lang='lat' dir='ltr'><strong>pro</strong></span> <span class='ocrx_word' id='word_1_741' title='bbox 1686 4702 1805 4757; x_wconf 90' lang='lat' dir='ltr'><strong>sola</strong></span> 
     </span>
    </p>
   </div>
   <div class='ocr_carea' id='block_1_95' title="bbox 102 4776 1805 4860">
    <p class='ocr_par' dir='ltr' id='par_1_95' title="bbox 102 4776 1805 4860">
     <span class='ocr_line' id='line_1_95' title="bbox 102 4776 1805 4860; baseline 0.001 -16"><span class='ocrx_word' id='word_1_742' title='bbox 102 4788 318 4844; x_wconf 83' lang='lat' dir='ltr'><strong>ccelesti</strong></span> <span class='ocrx_word' id='word_1_743' title='bbox 369 4776 629 4848; x_wconf 79' lang='lat' dir='ltr'><strong>libertate</strong></span> <span class='ocrx_word' id='word_1_744' title='bbox 677 4798 995 4859; x_wconf 90' lang='lat' dir='ltr'><strong>procreata,</strong></span> <span class='ocrx_word' id='word_1_745' title='bbox 1039 4795 1177 4844; x_wconf 64' lang='lat' dir='ltr'><strong>I23</strong></span> <span class='ocrx_word' id='word_1_746' title='bbox 1219 4790 1624 4860; x_wconf 89' lang='lat' dir='ltr'><strong>ponderositati</strong></span> <span class='ocrx_word' id='word_1_747' title='bbox 1672 4803 1805 4845; x_wconf 91' lang='lat' dir='ltr'><strong>car-</strong></span> 
     </span>
    </p>
   </div>
   <div class='ocr_carea' id='block_1_96' title="bbox 104 4875 1809 4948">
    <p class='ocr_par' dir='ltr' id='par_1_96' title="bbox 104 4875 1809 4948">
     <span class='ocr_line' id='line_1_96' title="bbox 104 4875 1809 4948; baseline 0.001 -18"><span class='ocrx_word' id='word_1_748' title='bbox 104 4875 195 4930; x_wconf 87' lang='lat' dir='ltr'><strong>nis</strong></span> <span class='ocrx_word' id='word_1_749' title='bbox 224 4877 531 4946; x_wconf 75' lang='lat' dir='ltr'><strong>przeponit,</strong></span> <span class='ocrx_word' id='word_1_750' title='bbox 556 4876 763 4947; x_wconf 89' lang='lat' dir='ltr'><strong>hisque</strong></span> <span class='ocrx_word' id='word_1_751' title='bbox 790 4891 856 4932; x_wconf 88' lang='lat' dir='ltr'><strong>ac</strong></span> <span class='ocrx_word' id='word_1_752' title='bbox 884 4877 931 4933; x_wconf 91' lang='lat' dir='ltr'><strong>si</strong></span> <span class='ocrx_word' id='word_1_753' title='bbox 956 4877 1099 4948; x_wconf 90' lang='lat' dir='ltr'><strong>jugo</strong></span> <span class='ocrx_word' id='word_1_754' title='bbox 1122 4877 1408 4948; x_wconf 90' lang='lat' dir='ltr'><strong>deprimit.</strong></span> <span class='ocrx_word' id='word_1_755' title='bbox 1437 4879 1657 4935; x_wconf 87' lang='lat' dir='ltr'><strong>Omnem</strong></span> <span class='ocrx_word' id='word_1_756' title='bbox 1683 4878 1809 4932; x_wconf 86' lang='lat' dir='ltr'><strong>sub-</strong></span> 
     </span>
    </p>
   </div>
   <div class='ocr_carea' id='block_1_97' title="bbox 102 4965 1803 5037">
    <p class='ocr_par' dir='ltr' id='par_1_97' title="bbox 102 4965 1803 5037">
     <span class='ocr_line' id='line_1_97' title="bbox 102 4965 1803 5037; baseline 0.002 -19"><span class='ocrx_word' id='word_1_757' title='bbox 102 4966 391 5031; x_wconf 81' lang='lat' dir='ltr'><strong>stantiam,</strong></span> <span class='ocrx_word' id='word_1_758' title='bbox 424 4965 715 5021; x_wconf 88' lang='lat' dir='ltr'><strong>naturalia</strong></span> <span class='ocrx_word' id='word_1_759' title='bbox 758 4966 928 5033; x_wconf 90' lang='lat' dir='ltr'><strong>dona,</strong></span> <span class='ocrx_word' id='word_1_760' title='bbox 961 4981 1168 5034; x_wconf 89' lang='lat' dir='ltr'><strong>greges,</strong></span> <span class='ocrx_word' id='word_1_761' title='bbox 1209 4966 1401 5035; x_wconf 91' lang='lat' dir='ltr'><strong>accipe</strong></span> <span class='ocrx_word' id='word_1_762' title='bbox 1449 4966 1803 5037; x_wconf 88' lang='lat' dir='ltr'><strong>cogitatuum</strong></span> 
     </span>
    </p>
   </div>
   <div class='ocr_carea' id='block_1_98' title="bbox 106 5051 1808 5124">
    <p class='ocr_par' dir='ltr' id='par_1_98' title="bbox 106 5051 1808 5124">
     <span class='ocr_line' id='line_1_98' title="bbox 106 5051 1808 5124; baseline 0.001 -17"><span class='ocrx_word' id='word_1_763' title='bbox 106 5051 516 5124; x_wconf 78' lang='lat' dir='ltr'><strong>frequentiam,</strong></span> <span class='ocrx_word' id='word_1_764' title='bbox 552 5067 683 5123; x_wconf 65' lang='lat' dir='ltr'><strong>quae</strong></span> <span class='ocrx_word' id='word_1_765' title='bbox 726 5056 784 5107; x_wconf 89' lang='lat' dir='ltr'><strong>in</strong></span> <span class='ocrx_word' id='word_1_766' title='bbox 810 5054 1219 5123; x_wconf 86' lang='lat' dir='ltr'><strong>Mesopotamia,</strong></span> <span class='ocrx_word' id='word_1_767' title='bbox 1262 5053 1321 5109; x_wconf 89' lang='lat' dir='ltr'><strong>id</strong></span> <span class='ocrx_word' id='word_1_768' title='bbox 1350 5062 1453 5121; x_wconf 89' lang='lat' dir='ltr'><strong>est,</strong></span> <span class='ocrx_word' id='word_1_769' title='bbox 1490 5054 1546 5108; x_wconf 93' lang='lat' dir='ltr'><strong>in</strong></span> <span class='ocrx_word' id='word_1_770' title='bbox 1588 5054 1808 5110; x_wconf 90' lang='lat' dir='ltr'><strong>elevata</strong></span> 
     </span>
    </p>
   </div>
   <div class='ocr_carea' id='block_1_99' title="bbox 106 5140 1807 5212">
    <p class='ocr_par' dir='ltr' id='par_1_99' title="bbox 106 5140 1807 5212">
     <span class='ocr_line' id='line_1_99' title="bbox 106 5140 1807 5212; baseline 0.001 -17"><span class='ocrx_word' id='word_1_771' title='bbox 106 5141 426 5207; x_wconf 83' lang='lat' dir='ltr'><strong>vocatione,</strong></span> <span class='ocrx_word' id='word_1_772' title='bbox 473 5140 628 5211; x_wconf 90' lang='lat' dir='ltr'><strong>quod</strong></span> <span class='ocrx_word' id='word_1_773' title='bbox 657 5146 741 5196; x_wconf 91' lang='lat' dir='ltr'><strong>est</strong></span> <span class='ocrx_word' id='word_1_774' title='bbox 785 5154 1037 5210; x_wconf 90' lang='lat' dir='ltr'><strong>superna</strong></span> <span class='ocrx_word' id='word_1_775' title='bbox 1066 5141 1339 5212; x_wconf 85' lang='lat' dir='ltr'><strong>dignatio.</strong></span> <span class='ocrx_word' id='word_1_776' title='bbox 1373 5141 1517 5197; x_wconf 88' lang='lat' dir='ltr'><strong>Cum</strong></span> <span class='ocrx_word' id='word_1_777' title='bbox 1564 5142 1635 5196; x_wconf 92' lang='lat' dir='ltr'><strong>ad</strong></span> <span class='ocrx_word' id='word_1_778' title='bbox 1665 5155 1807 5197; x_wconf 89' lang='lat' dir='ltr'><strong>con-</strong></span> 
     </span>
    </p>
   </div>
   <div class='ocr_carea' id='block_1_100' title="bbox 108 5229 1808 5301">
    <p class='ocr_par' dir='ltr' id='par_1_100' title="bbox 108 5229 1808 5301">
     <span class='ocr_line' id='line_1_100' title="bbox 108 5229 1808 5301; baseline 0 -18"><span class='ocrx_word' id='word_1_779' title='bbox 108 5230 433 5286; x_wconf 83' lang='lat' dir='ltr'><strong>versionem</strong></span> <span class='ocrx_word' id='word_1_780' title='bbox 487 5229 769 5294; x_wconf 88' lang='lat' dir='ltr'><strong>venimus,</strong></span> <span class='ocrx_word' id='word_1_781' title='bbox 817 5229 1314 5301; x_wconf 88' lang='lat' dir='ltr'><strong>conquisivimus;</strong></span> <span class='ocrx_word' id='word_1_782' title='bbox 1360 5230 1557 5301; x_wconf 88' lang='lat' dir='ltr'><strong>sicque</strong></span> <span class='ocrx_word' id='word_1_783' title='bbox 1587 5229 1662 5284; x_wconf 86' lang='lat' dir='ltr'><strong>ad</strong></span> <span class='ocrx_word' id='word_1_784' title='bbox 1695 5245 1808 5299; x_wconf 89' lang='lat' dir='ltr'><strong>pa-</strong></span> 
     </span>
    </p>
   </div>
   <div class='ocr_carea' id='block_1_101' title="bbox 114 5315 1807 5389">
    <p class='ocr_par' dir='ltr' id='par_1_101' title="bbox 114 5315 1807 5389">
     <span class='ocr_line' id='line_1_101' title="bbox 114 5315 1807 5389; baseline 0.001 -17"><span class='ocrx_word' id='word_1_785' title='bbox 114 5323 261 5381; x_wconf 83' lang='lat' dir='ltr'><strong>trem,</strong></span> <span class='ocrx_word' id='word_1_786' title='bbox 297 5318 355 5373; x_wconf 90' lang='lat' dir='ltr'><strong>in</strong></span> <span class='ocrx_word' id='word_1_787' title='bbox 418 5331 534 5387; x_wconf 93' lang='lat' dir='ltr'><strong>quo</strong></span> <span class='ocrx_word' id='word_1_788' title='bbox 562 5315 761 5373; x_wconf 63' lang='lat' dir='ltr'><strong>mterni</strong></span> <span class='ocrx_word' id='word_1_789' title='bbox 806 5317 958 5373; x_wconf 90' lang='lat' dir='ltr'><strong>risus</strong></span> <span class='ocrx_word' id='word_1_790' title='bbox 1008 5319 1223 5389; x_wconf 88' lang='lat' dir='ltr'><strong>gaudia</strong></span> <span class='ocrx_word' id='word_1_791' title='bbox 1268 5326 1423 5386; x_wconf 89' lang='lat' dir='ltr'><strong>sunt,</strong></span> <span class='ocrx_word' id='word_1_792' title='bbox 1489 5320 1543 5373; x_wconf 93' lang='lat' dir='ltr'><strong>in</strong></span> <span class='ocrx_word' id='word_1_793' title='bbox 1592 5325 1807 5374; x_wconf 89' lang='lat' dir='ltr'><strong>terram</strong></span> 
     </span>
    </p>
   </div>
   <div class='ocr_carea' id='block_1_102' title="bbox 112 5404 1807 5477">
    <p class='ocr_par' dir='ltr' id='par_1_102' title="bbox 112 5404 1807 5477">
     <span class='ocr_line' id='line_1_102' title="bbox 112 5404 1807 5477; baseline -0.001 -13"><span class='ocrx_word' id='word_1_794' title='bbox 112 5421 326 5473; x_wconf 88' lang='lat' dir='ltr'><strong>veram,</strong></span> <span class='ocrx_word' id='word_1_795' title='bbox 360 5406 577 5461; x_wconf 86' lang='lat' dir='ltr'><strong>scilicet</strong></span> <span class='ocrx_word' id='word_1_796' title='bbox 625 5404 1030 5476; x_wconf 88' lang='lat' dir='ltr'><strong>stabilitatem;</strong></span> <span class='ocrx_word' id='word_1_797' title='bbox 1065 5408 1324 5464; x_wconf 84' lang='lat' dir='ltr'><strong>Chanaan</strong></span> <span class='ocrx_word' id='word_1_798' title='bbox 1375 5407 1530 5477; x_wconf 91' lang='lat' dir='ltr'><strong>quod</strong></span> <span class='ocrx_word' id='word_1_799' title='bbox 1565 5414 1648 5462; x_wconf 90' lang='lat' dir='ltr'><strong>est</strong></span> <span class='ocrx_word' id='word_1_800' title='bbox 1677 5421 1807 5463; x_wconf 90' lang='lat' dir='ltr'><strong>mu-</strong></span> 
     </span>
    </p>
   </div>
   <div class='ocr_carea' id='block_1_103' title="bbox 113 5492 1806 5563">
    <p class='ocr_par' dir='ltr' id='par_1_103' title="bbox 113 5492 1806 5563">
     <span class='ocr_line' id='line_1_103' title="bbox 113 5492 1806 5563; baseline -0.002 -12"><span class='ocrx_word' id='word_1_801' title='bbox 113 5494 341 5551; x_wconf 82' lang='lat' dir='ltr'><strong>tationis</strong></span> <span class='ocrx_word' id='word_1_802' title='bbox 369 5493 687 5563; x_wconf 85' lang='lat' dir='ltr'><strong>pergimus,</strong></span> <span class='ocrx_word' id='word_1_803' title='bbox 727 5492 826 5549; x_wconf 92' lang='lat' dir='ltr'><strong>ubi</strong></span> <span class='ocrx_word' id='word_1_804' title='bbox 858 5507 993 5549; x_wconf 89' lang='lat' dir='ltr'><strong>vere</strong></span> <span class='ocrx_word' id='word_1_805' title='bbox 1025 5507 1060 5550; x_wconf 87' lang='lat' dir='ltr'><strong>a</strong></span> <span class='ocrx_word' id='word_1_806' title='bbox 1088 5492 1563 5562; x_wconf 89' lang='lat' dir='ltr'><strong>corruptibilitate</strong></span> <span class='ocrx_word' id='word_1_807' title='bbox 1591 5494 1806 5549; x_wconf 91' lang='lat' dir='ltr'><strong>immu-</strong></span> 
     </span>
    </p>
   </div>
   <div class='ocr_carea' id='block_1_104' title="bbox 468 5591 1004 5659">
    <p class='ocr_par' dir='ltr' id='par_1_104' title="bbox 468 5591 1004 5659">
     <span class='ocr_line' id='line_1_104' title="bbox 468 5591 1004 5659; baseline 0.004 -4"><span class='ocrx_word' id='word_1_808' title='bbox 468 5591 747 5657; x_wconf 77' lang='lat' dir='ltr'><strong>PATBOL.</strong></span> <span class='ocrx_word' id='word_1_809' title='bbox 800 5592 1004 5659; x_wconf 81' lang='lat' dir='ltr'><strong>CLVI.</strong></span> 
     </span>
    </p>
   </div>
   <div class='ocr_carea' id='block_1_105' title="bbox 1914 4345 3605 4417">
    <p class='ocr_par' dir='ltr' id='par_1_105' title="bbox 1914 4345 3605 4417">
     <span class='ocr_line' id='line_1_105' title="bbox 1914 4345 3605 4417; baseline 0.002 -16"><span class='ocrx_word' id='word_1_810' title='bbox 1914 4345 2288 4415; x_wconf 82' lang='lat' dir='ltr'><strong>septiformis,</strong></span> <span class='ocrx_word' id='word_1_811' title='bbox 2339 4354 2396 4402; x_wconf 92' lang='lat' dir='ltr'><strong>et</strong></span> <span class='ocrx_word' id='word_1_812' title='bbox 2438 4350 2499 4401; x_wconf 89' lang='lat' dir='ltr'><strong>in</strong></span> <span class='ocrx_word' id='word_1_813' title='bbox 2543 4354 2718 4401; x_wconf 88' lang='lat' dir='ltr'><strong>monte</strong></span> <span class='ocrx_word' id='word_1_814' title='bbox 2773 4348 2988 4404; x_wconf 85' lang='lat' dir='ltr'><strong>Galaad</strong></span> <span class='ocrx_word' id='word_1_815' title='bbox 3033 4347 3485 4417; x_wconf 89' lang='lat' dir='ltr'><strong>comprehendit,</strong></span> <span class='ocrx_word' id='word_1_816' title='bbox 3546 4349 3605 4404; x_wconf 93' lang='lat' dir='ltr'><strong>in</strong></span> 
     </span>
    </p>
   </div>
   <div class='ocr_carea' id='block_1_106' title="bbox 1911 4434 3600 4507">
    <p class='ocr_par' dir='ltr' id='par_1_106' title="bbox 1911 4434 3600 4507">
     <span class='ocr_line' id='line_1_106' title="bbox 1911 4434 3600 4507; baseline 0.003 -19"><span class='ocrx_word' id='word_1_817' title='bbox 1911 4434 2248 4490; x_wconf 87' lang='lat' dir='ltr'><strong>excellentia</strong></span> <span class='ocrx_word' id='word_1_818' title='bbox 2289 4435 2498 4491; x_wconf 89' lang='lat' dir='ltr'><strong>scilicet</strong></span> <span class='ocrx_word' id='word_1_819' title='bbox 2550 4436 2799 4505; x_wconf 89' lang='lat' dir='ltr'><strong>proximi</strong></span> <span class='ocrx_word' id='word_1_820' title='bbox 2840 4445 2894 4491; x_wconf 94' lang='lat' dir='ltr'><strong>et</strong></span> <span class='ocrx_word' id='word_1_821' title='bbox 2943 4436 3038 4491; x_wconf 92' lang='lat' dir='ltr'><strong>Dei</strong></span> <span class='ocrx_word' id='word_1_822' title='bbox 3081 4435 3396 4501; x_wconf 87' lang='lat' dir='ltr'><strong>charitatis,</strong></span> <span class='ocrx_word' id='word_1_823' title='bbox 3447 4439 3600 4507; x_wconf 91' lang='lat' dir='ltr'><strong>quod</strong></span> 
     </span>
    </p>
   </div>
   <div class='ocr_carea' id='block_1_107' title="bbox 1910 4521 3606 4590">
    <p class='ocr_par' dir='ltr' id='par_1_107' title="bbox 1910 4521 3606 4590">
     <span class='ocr_line' id='line_1_107' title="bbox 1910 4521 3606 4590; baseline 0.004 -16"><span class='ocrx_word' id='word_1_824' title='bbox 1910 4521 2151 4589; x_wconf 88' lang='lat' dir='ltr'><strong>speciale</strong></span> <span class='ocrx_word' id='word_1_825' title='bbox 2196 4528 2280 4576; x_wconf 90' lang='lat' dir='ltr'><strong>est</strong></span> <span class='ocrx_word' id='word_1_826' title='bbox 2323 4521 2708 4577; x_wconf 90' lang='lat' dir='ltr'><strong>testimonium</strong></span> <span class='ocrx_word' id='word_1_827' title='bbox 2759 4532 2967 4578; x_wconf 74' lang='lat' dir='ltr'><strong>nostrae</strong></span> <span class='ocrx_word' id='word_1_828' title='bbox 2998 4522 3459 4590; x_wconf 89' lang='lat' dir='ltr'><strong>Christianitatis,</strong></span> <span class='ocrx_word' id='word_1_829' title='bbox 3500 4540 3606 4580; x_wconf 91' lang='lat' dir='ltr'><strong>nos</strong></span> 
     </span>
    </p>
   </div>
   <div class='ocr_carea' id='block_1_108' title="bbox 1913 4608 3604 4681">
    <p class='ocr_par' dir='ltr' id='par_1_108' title="bbox 1913 4608 3604 4681">
     <span class='ocr_line' id='line_1_108' title="bbox 1913 4608 3604 4681; baseline 0.004 -19"><span class='ocrx_word' id='word_1_830' title='bbox 1913 4608 2077 4676; x_wconf 91' lang='lat' dir='ltr'><strong>plene</strong></span> <span class='ocrx_word' id='word_1_831' title='bbox 2106 4609 2342 4678; x_wconf 91' lang='lat' dir='ltr'><strong>superni</strong></span> <span class='ocrx_word' id='word_1_832' title='bbox 2372 4608 2638 4664; x_wconf 87' lang='lat' dir='ltr'><strong>candoris</strong></span> <span class='ocrx_word' id='word_1_833' title='bbox 2683 4610 2979 4665; x_wconf 87' lang='lat' dir='ltr'><strong>delectatio</strong></span> <span class='ocrx_word' id='word_1_834' title='bbox 3008 4611 3402 4681; x_wconf 87' lang='lat' dir='ltr'><strong>apprehendit.</strong></span> <span class='ocrx_word' id='word_1_835' title='bbox 3430 4615 3604 4668; x_wconf 86' lang='lat' dir='ltr'><strong>Acer-</strong></span> 
     </span>
    </p>
   </div>
   <div class='ocr_carea' id='block_1_109' title="bbox 1912 4698 3605 4771">
    <p class='ocr_par' dir='ltr' id='par_1_109' title="bbox 1912 4698 3605 4771">
     <span class='ocr_line' id='line_1_109' title="bbox 1912 4698 3605 4771; baseline 0.003 -19"><span class='ocrx_word' id='word_1_836' title='bbox 1912 4710 2023 4753; x_wconf 90' lang='lat' dir='ltr'><strong>vus</strong></span> <span class='ocrx_word' id='word_1_837' title='bbox 2068 4704 2281 4763; x_wconf 91' lang='lat' dir='ltr'><strong>autem,</strong></span> <span class='ocrx_word' id='word_1_838' title='bbox 2352 4704 2416 4752; x_wconf 91' lang='lat' dir='ltr'><strong>ut</strong></span> <span class='ocrx_word' id='word_1_839' title='bbox 2465 4698 2624 4761; x_wconf 85' lang='lat' dir='ltr'><strong>dixi,</strong></span> <span class='ocrx_word' id='word_1_840' title='bbox 2679 4698 2828 4754; x_wconf 90' lang='lat' dir='ltr'><strong>infra</strong></span> <span class='ocrx_word' id='word_1_841' title='bbox 2892 4699 3266 4768; x_wconf 71' lang='lat' dir='ltr'><strong>diffunditur,</strong></span> <span class='ocrx_word' id='word_1_842' title='bbox 3337 4702 3605 4771; x_wconf 92' lang='lat' dir='ltr'><strong>superius</strong></span> 
     </span>
    </p>
   </div>
   <div class='ocr_carea' id='block_1_110' title="bbox 1914 4786 3602 4857">
    <p class='ocr_par' dir='ltr' id='par_1_110' title="bbox 1914 4786 3602 4857">
     <span class='ocr_line' id='line_1_110' title="bbox 1914 4786 3602 4857; baseline 0.004 -18"><span class='ocrx_word' id='word_1_843' title='bbox 1914 4792 2281 4856; x_wconf 88' lang='lat' dir='ltr'><strong>angustatur,</strong></span> <span class='ocrx_word' id='word_1_844' title='bbox 2312 4786 2370 4840; x_wconf 90' lang='lat' dir='ltr'><strong>in</strong></span> <span class='ocrx_word' id='word_1_845' title='bbox 2415 4800 2533 4855; x_wconf 92' lang='lat' dir='ltr'><strong>quo</strong></span> <span class='ocrx_word' id='word_1_846' title='bbox 2562 4794 2645 4841; x_wconf 89' lang='lat' dir='ltr'><strong>est</strong></span> <span class='ocrx_word' id='word_1_847' title='bbox 2672 4795 2726 4842; x_wconf 93' lang='lat' dir='ltr'><strong>et</strong></span> <span class='ocrx_word' id='word_1_848' title='bbox 2756 4802 2917 4843; x_wconf 89' lang='lat' dir='ltr'><strong>amor</strong></span> <span class='ocrx_word' id='word_1_849' title='bbox 2947 4789 3221 4857; x_wconf 90' lang='lat' dir='ltr'><strong>proximi,</strong></span> <span class='ocrx_word' id='word_1_850' title='bbox 3255 4797 3309 4845; x_wconf 91' lang='lat' dir='ltr'><strong>et</strong></span> <span class='ocrx_word' id='word_1_851' title='bbox 3354 4796 3602 4845; x_wconf 90' lang='lat' dir='ltr'><strong>contem-</strong></span> 
     </span>
    </p>
   </div>
   <div class='ocr_carea' id='block_1_111' title="bbox 1914 4873 3608 4944">
    <p class='ocr_par' dir='ltr' id='par_1_111' title="bbox 1914 4873 3608 4944">
     <span class='ocr_line' id='line_1_111' title="bbox 1914 4873 3608 4944; baseline 0.002 -15"><span class='ocrx_word' id='word_1_852' title='bbox 1914 4873 2088 4944; x_wconf 90' lang='lat' dir='ltr'><strong>platio</strong></span> <span class='ocrx_word' id='word_1_853' title='bbox 2163 4874 2283 4929; x_wconf 89' lang='lat' dir='ltr'><strong>Dei.</strong></span> <span class='ocrx_word' id='word_1_854' title='bbox 2350 4873 2544 4944; x_wconf 70' lang='lat' dir='ltr'><strong>(Vsus.</strong></span> <span class='ocrx_word' id='word_1_855' title='bbox 2616 4875 2728 4943; x_wconf 70' lang='grc'>24.)</span> <span class='ocrx_word' id='word_1_856' title='bbox 2791 4876 3051 4944; x_wconf 85' lang='lat' dir='ltr'><strong>Viditque</strong></span> <span class='ocrx_word' id='word_1_857' title='bbox 3114 4879 3172 4931; x_wconf 84' lang='lat' dir='ltr'><strong>in</strong></span> <span class='ocrx_word' id='word_1_858' title='bbox 3236 4881 3435 4932; x_wconf 85' lang='lat' dir='ltr'><strong>somnis</strong></span> <span class='ocrx_word' id='word_1_859' title='bbox 3498 4880 3608 4933; x_wconf 90' lang='lat' dir='ltr'><strong>sibi</strong></span> 
     </span>
    </p>
   </div>
   <div class='ocr_carea' id='block_1_112' title="bbox 1913 4964 3606 5036">
    <p class='ocr_par' dir='ltr' id='par_1_112' title="bbox 1913 4964 3606 5036">
     <span class='ocr_line' id='line_1_112' title="bbox 1913 4964 3606 5036; baseline 0.002 -18"><span class='ocrx_word' id='word_1_860' title='bbox 1913 4964 2174 5018; x_wconf 87' lang='lat' dir='ltr'><strong>dicentem</strong></span> <span class='ocrx_word' id='word_1_861' title='bbox 2223 4964 2441 5017; x_wconf 84' lang='lat' dir='ltr'><strong>Deum:</strong></span> <span class='ocrx_word' id='word_1_862' title='bbox 2475 4965 2613 5020; x_wconf 85' lang='lat' dir='ltr'><strong>Cave</strong></span> <span class='ocrx_word' id='word_1_863' title='bbox 2661 4980 2727 5017; x_wconf 90' lang='lat' dir='ltr'><strong>ne</strong></span> <span class='ocrx_word' id='word_1_864' title='bbox 2769 4965 3075 5034; x_wconf 86' lang='lat' dir='ltr'><strong>quidquam</strong></span> <span class='ocrx_word' id='word_1_865' title='bbox 3124 4981 3312 5035; x_wconf 85' lang='lat' dir='ltr'><strong>aspere</strong></span> <span class='ocrx_word' id='word_1_866' title='bbox 3363 4968 3606 5036; x_wconf 87' lang='lat' dir='ltr'><strong>loquaris</strong></span> 
     </span>
    </p>
   </div>
   <div class='ocr_carea' id='block_1_113' title="bbox 1914 5051 3603 5125">
    <p class='ocr_par' dir='ltr' id='par_1_113' title="bbox 1914 5051 3603 5125">
     <span class='ocr_line' id='line_1_113' title="bbox 1914 5051 3603 5125; baseline 0.004 -20"><span class='ocrx_word' id='word_1_867' title='bbox 1914 5056 2102 5106; x_wconf 89' lang='lat' dir='ltr'><strong>contra</strong></span> <span class='ocrx_word' id='word_1_868' title='bbox 2126 5051 2307 5105; x_wconf 88' lang='lat' dir='ltr'><strong>Jacob.</strong></span> <span class='ocrx_word' id='word_1_869' title='bbox 2363 5052 2575 5119; x_wconf 86' lang='lat' dir='ltr'><strong>Laban,</strong></span> <span class='ocrx_word' id='word_1_870' title='bbox 2612 5052 2668 5107; x_wconf 92' lang='lat' dir='ltr'><strong>id</strong></span> <span class='ocrx_word' id='word_1_871' title='bbox 2712 5060 2795 5107; x_wconf 93' lang='lat' dir='ltr'><strong>est</strong></span> <span class='ocrx_word' id='word_1_872' title='bbox 2824 5053 3069 5107; x_wconf 88' lang='lat' dir='ltr'><strong>candida</strong></span> <span class='ocrx_word' id='word_1_873' title='bbox 3100 5053 3195 5108; x_wconf 87' lang='lat' dir='ltr'><strong>illa</strong></span> <span class='ocrx_word' id='word_1_874' title='bbox 3233 5054 3454 5123; x_wconf 84' lang='lat' dir='ltr'><strong>civitas,</strong></span> <span class='ocrx_word' id='word_1_875' title='bbox 3485 5056 3603 5125; x_wconf 91' lang='lat' dir='ltr'><strong>jam</strong></span> 
     </span>
    </p>
   </div>
   <div class='ocr_carea' id='block_1_114' title="bbox 1915 5139 3608 5214">
    <p class='ocr_par' dir='ltr' id='par_1_114' title="bbox 1915 5139 3608 5214">
     <span class='ocr_line' id='line_1_114' title="bbox 1915 5139 3608 5214; baseline 0.004 -21"><span class='ocrx_word' id='word_1_876' title='bbox 1915 5139 1975 5195; x_wconf 91' lang='lat' dir='ltr'><strong>in</strong></span> <span class='ocrx_word' id='word_1_877' title='bbox 2022 5139 2220 5194; x_wconf 87' lang='lat' dir='ltr'><strong>divina</strong></span> <span class='ocrx_word' id='word_1_878' title='bbox 2266 5139 2459 5210; x_wconf 90' lang='lat' dir='ltr'><strong>quiete</strong></span> <span class='ocrx_word' id='word_1_879' title='bbox 2512 5140 2823 5210; x_wconf 87' lang='lat' dir='ltr'><strong>consopita,</strong></span> <span class='ocrx_word' id='word_1_880' title='bbox 2872 5141 3046 5208; x_wconf 85' lang='lat' dir='ltr'><strong>videt,</strong></span> <span class='ocrx_word' id='word_1_881' title='bbox 3110 5142 3164 5197; x_wconf 92' lang='lat' dir='ltr'><strong>id</strong></span> <span class='ocrx_word' id='word_1_882' title='bbox 3217 5150 3300 5198; x_wconf 90' lang='lat' dir='ltr'><strong>est</strong></span> <span class='ocrx_word' id='word_1_883' title='bbox 3346 5143 3608 5214; x_wconf 89' lang='lat' dir='ltr'><strong>intelligit</strong></span> 
     </span>
    </p>
   </div>
   <div class='ocr_carea' id='block_1_115' title="bbox 1916 5228 3611 5303">
    <p class='ocr_par' dir='ltr' id='par_1_115' title="bbox 1916 5228 3611 5303">
     <span class='ocr_line' id='line_1_115' title="bbox 1916 5228 3611 5303; baseline 0.003 -20"><span class='ocrx_word' id='word_1_884' title='bbox 1916 5229 2098 5283; x_wconf 91' lang='lat' dir='ltr'><strong>Deum</strong></span> <span class='ocrx_word' id='word_1_885' title='bbox 2160 5228 2268 5283; x_wconf 90' lang='lat' dir='ltr'><strong>sibi</strong></span> <span class='ocrx_word' id='word_1_886' title='bbox 2321 5229 2693 5299; x_wconf 87' lang='lat' dir='ltr'><strong>inspirantem</strong></span> <span class='ocrx_word' id='word_1_887' title='bbox 2749 5245 2863 5286; x_wconf 90' lang='lat' dir='ltr'><strong>non</strong></span> <span class='ocrx_word' id='word_1_888' title='bbox 2922 5238 3121 5285; x_wconf 90' lang='lat' dir='ltr'><strong>contra</strong></span> <span class='ocrx_word' id='word_1_889' title='bbox 3178 5231 3435 5287; x_wconf 91' lang='lat' dir='ltr'><strong>homines</strong></span> <span class='ocrx_word' id='word_1_890' title='bbox 3485 5248 3611 5303; x_wconf 90' lang='lat' dir='ltr'><strong>pro-</strong></span> 
     </span>
    </p>
   </div>
   <div class='ocr_carea' id='block_1_116' title="bbox 1916 5316 3609 5387">
    <p class='ocr_par' dir='ltr' id='par_1_116' title="bbox 1916 5316 3609 5387">
     <span class='ocr_line' id='line_1_116' title="bbox 1916 5316 3609 5387; baseline 0.003 -16"><span class='ocrx_word' id='word_1_891' title='bbox 1916 5316 2055 5386; x_wconf 66' lang='lat' dir='ltr'><strong>priae</strong></span> <span class='ocrx_word' id='word_1_892' title='bbox 2104 5323 2329 5372; x_wconf 64' lang='lat' dir='ltr'><strong>naturae</strong></span> <span class='ocrx_word' id='word_1_893' title='bbox 2376 5319 2698 5386; x_wconf 86' lang='lat' dir='ltr'><strong>participes,</strong></span> <span class='ocrx_word' id='word_1_894' title='bbox 2747 5318 3003 5387; x_wconf 84' lang='lat' dir='ltr'><strong>qualibet</strong></span> <span class='ocrx_word' id='word_1_895' title='bbox 3051 5318 3357 5387; x_wconf 85' lang='lat' dir='ltr'><strong>asperitate</strong></span> <span class='ocrx_word' id='word_1_896' title='bbox 3403 5320 3609 5376; x_wconf 88' lang='lat' dir='ltr'><strong>debere</strong></span> 
     </span>
    </p>
   </div>
   <div class='ocr_carea' id='block_1_117' title="bbox 1915 5405 3611 5475">
    <p class='ocr_par' dir='ltr' id='par_1_117' title="bbox 1915 5405 3611 5475">
     <span class='ocr_line' id='line_1_117' title="bbox 1915 5405 3611 5475; baseline -0.001 -15"><span class='ocrx_word' id='word_1_897' title='bbox 1915 5405 2152 5471; x_wconf 89' lang='lat' dir='ltr'><strong>moveri,</strong></span> <span class='ocrx_word' id='word_1_898' title='bbox 2197 5406 2292 5462; x_wconf 89' lang='lat' dir='ltr'><strong>sed</strong></span> <span class='ocrx_word' id='word_1_899' title='bbox 2320 5421 2440 5461; x_wconf 69' lang='lat' dir='ltr'><strong>suae</strong></span> <span class='ocrx_word' id='word_1_900' title='bbox 2486 5406 2787 5461; x_wconf 86' lang='lat' dir='ltr'><strong>auterioris</strong></span> <span class='ocrx_word' id='word_1_901' title='bbox 2835 5405 3161 5475; x_wconf 87' lang='lat' dir='ltr'><strong>fragilitatis</strong></span> <span class='ocrx_word' id='word_1_902' title='bbox 3210 5407 3485 5463; x_wconf 90' lang='lat' dir='ltr'><strong>memoria</strong></span> <span class='ocrx_word' id='word_1_903' title='bbox 3530 5409 3611 5461; x_wconf 79' lang='lat' dir='ltr'><strong>eis</strong></span> 
     </span>
    </p>
   </div>
   <div class='ocr_carea' id='block_1_118' title="bbox 1916 5496 2187 5563">
    <p class='ocr_par' dir='ltr' id='par_1_118' title="bbox 1916 5496 2187 5563">
     <span class='ocr_line' id='line_1_118' title="bbox 1916 5496 2187 5563; baseline -0.004 -16"><span class='ocrx_word' id='word_1_904' title='bbox 1916 5496 2187 5563; x_wconf 88' lang='lat' dir='ltr'><strong>compati.</strong></span> 
     </span>
    </p>
   </div>
   <div class='ocr_carea' id='block_1_119' title="bbox 3262 5599 3301 5654">
    <p class='ocr_par' dir='ltr' id='par_1_119' title="bbox 3262 5599 3301 5654">
     <span class='ocr_line' id='line_1_119' title="bbox 3262 5599 3301 5654; baseline 0 0"><span class='ocrx_word' id='word_1_905' title='bbox 3262 5599 3301 5654; x_wconf 89' lang='lat'><strong>8</strong></span> 
     </span>
    </p>
   </div>
  </div>
