3902 6054
306 224 407 275 235
1158 218 1220 274 V.
1268 217 1598 273 GUIBEBTI
1658 215 1951 271 ABBATIS
2006 216 2064 271 S.
2132 213 2379 271 MARUE
2437 214 2526 270 DE
2575 212 2967 270 NOVIGENTO
3126 224 3137 235 ‘
3697 214 3805 265 '236

374 355 544 414 Vens.
600 358 688 411 25.
738 384 807 394 —
861 356 1089 423 Jamque
1124 354 1288 409 Iacob
1348 352 1666 410 extenderat
1700 355 1760 407 in
1814 355 1990 407 monte
2031 350 2077 406 A
2109 349 2320 407 formas
2366 351 2479 406 Deo
2510 349 2808 417 attribuat,
2858 347 3246 404 machinatur.
3298 346 3491 417 (Vens.
3527 347 3641 417 31.)
3695 346 3805 403 Sed

309 446 739 506 tabernaculum,
794 459 912 499 cum
961 444 1055 498 ille
1109 447 1418 498 consecutus
1473 458 1593 497 eum
1636 445 1832 510 fuisset
1878 457 1997 495 cum
2103 440 2288 507 Jacob,
2336 439 2572 509 spiritus
2640 438 2853 494 scilicet
2914 445 3108 494 noster
3162 450 3230 492 ac
3305 436 3353 491 si
3410 436 3800 499 ratiocinans,

305 536 577 602 fratribus
634 535 771 589 suis.
831 532 1256 587 Tabernaculum
1314 531 1478 586 Jacob
1533 530 1810 593 extendit,
1864 544 1993 585 cum
2107 527 2279 584 infert
2332 544 2345 583 :
2405 528 2562 594 Quod
2629 528 2798 581 inscio
2868 532 2916 580 te
2982 527 3300 595 profectus,
3368 525 3582 581 scilicet
3646 524 3803 595 quod

305 623 641 680 exercitium
672 620 883 676 divinae
923 620 1139 675 militia:
1170 618 1351 675 ﬁdelis
1381 619 1623 690 quilibet
1664 618 1994 688 amplificat,
2106 617 2427 673 inconsulte
2467 631 2500 672 a
2527 624 2628 673 tua
2670 615 3065 672 conformitate
3096 614 3268 685 paulo
3307 613 3528 685 digredi
3559 621 3805 670 conatus

305 720 361 768 et
384 709 668 781 producit.
718 711 814 764 Ille
839 708 1218 778 consequitur
1248 724 1366 762 cum
1393 709 1667 775 fratribus
1695 710 1830 774 suis,
1864 720 1997 763 cum
2105 720 2254 769 sum,
2308 708 2466 759 timui
2493 720 2558 759 ne
2584 706 2843 759 violenter
2883 706 3129 770 auferres
3171 704 3317 770 ﬁlias
3349 707 3490 763 tuas,
3525 702 3577 756 id
3617 709 3700 758 est
3729 716 3804 756 ne

305 799 643 871 angelorum
693 811 830 854 sane
860 796 1118 853 subsidio
1146 810 1380 866 precum
1412 796 1599 852 munit
1647 794 1900 851 auxiliis.
1935 796 1998 849 In
2106 793 2370 849 nimietas
2415 794 2670 865 aggressi
2718 791 2993 863 propositi
3038 792 3245 847 faceret
3292 805 3379 845 me
3425 790 3687 846 decidere
3729 790 3803 845 ab

302 888 499 945 eodem
551 892 725 941 monte
788 885 1001 941 Galaad
1051 886 1244 940 Laban
1304 884 1429 940 ﬁxit
1472 884 1800 950 tentorium,
1859 883 1998 954 quia
2104 890 2355 952 utraque
2380 882 2518 938 vita.

305 978 363 1032 in
413 975 722 1045 utriusque
765 974 896 1029 vitae
941 974 1131 1029 studio
1177 980 1233 1029 et
1260 973 1573 1029 eminentia
1619 973 1817 1029 statuit
1861 972 1995 1029 olim
2178 971 2345 1027 Vens.
2397 973 2484 1026 32.
2540 1001 2608 1011 —
2650 969 2807 1036 Quod
2854 974 3031 1024 autem
3079 970 3224 1035 furti
3268 983 3352 1022 me
3403 970 3592 1034 arguis
3649 968 3804 1036 apud

302 1066 445 1122 dum
494 1077 667 1121 carne
714 1062 1048 1130 adviveret;
1095 1061 1231 1118 felix
1271 1061 1368 1116 illa
1401 1060 1624 1129 civitas,
1668 1060 1999 1117 intentionis
2105 1073 2469 1127 quemcunque
2552 1061 2822 1113 inveneris
2892 1061 3023 1113 Deos
3116 1062 3235 1112 tuos
3318 1062 3534 1111 necetur
3617 1072 3801 1111 coram

304 1152 671 1211 desiderium.
710 1151 955 1208 Intentio
1005 1165 1206 1221 nempe
1228 1157 1284 1206 ct
1330 1150 1640 1206 tentorium
1672 1164 1705 1205 a
1736 1148 1998 1204 tendendo
2100 1147 2373 1213 fratribus
2403 1149 2516 1202 suis
2562 1146 2685 1219 [al.,
2720 1144 2971 1218 nostris]
3004 1146 3165 1211 Quod
3196 1154 3281 1202 est
3319 1144 3367 1200 si
3410 1144 3565 1200 falsae
3591 1145 3799 1201 credu-

303 1242 596 1299 dicuntur.
1780 1250 1783 1251 '
2102 1234 2276 1291 litatis
2320 1251 2402 1290 me
2430 1239 2618 1303 arguis
2667 1235 2727 1290 in
2767 1248 3121 1305 quocunque
3172 1232 3348 1289 animi
3401 1247 3573 1289 sensu
3621 1232 3801 1303 quid-

376 1332 541 1387 Vnns.
597 1333 686 1396 26,
745 1331 834 1383 27.
893 1358 960 1367 —
1003 1328 1083 1382 Et
1130 1327 1279 1382 dixit
1330 1327 1406 1381 ad
1458 1327 1623 1384 Iacob
1655 1342 1668 1382 :
1698 1328 1876 1394 Quare
1915 1329 1994 1381 ita
2102 1323 2253 1393 piam
2292 1324 2566 1393 repereris
2614 1324 2683 1380 de
2734 1324 2846 1380 Deo
2904 1323 3196 1393 ﬁctilium,
3249 1322 3493 1378 aliorum
3539 1322 3800 1392 ejusdem

301 1422 480 1489 egisti,
513 1423 573 1473 ut
602 1418 738 1472 clam
783 1431 865 1469 me
893 1416 1135 1484 abigeres
1182 1417 1326 1484 ﬁlias
1365 1430 1509 1469 meas
1559 1418 1720 1485 quasi
1747 1417 1994 1485 captivas
2102 1414 2307 1467 mentis
2392 1412 2782 1468 intellectuum
2852 1412 3151 1468 aboleatur
3198 1411 3435 1482 judicio.
3502 1412 3794 1480 Scrutare,

302 1508 527 1578 gladio?
569 1508 677 1563 Cur
706 1508 989 1572 ignorante
1016 1520 1098 1557 me
1122 1506 1312 1571 fugere
1356 1505 1597 1569 voluisti,
1628 1519 1721 1558 nec
1750 1504 1995 1558 indicare
2101 1500 2377 1570 quidquid
2420 1506 2634 1556 tuorum
2679 1501 2830 1570 apud
2857 1517 2939 1555 me
2992 1502 3261 1554 inveneris
3299 1503 3478 1566 aufer.
3509 1499 3670 1566 Quod
3712 1507 3800 1556 est

303 1599 439 1652 mihi
486 1600 548 1649 ut
615 1609 969 1664 prosequerer
1019 1598 1068 1646 te
1127 1608 1247 1646 cum
1301 1593 1501 1661 gaudio
1557 1598 1607 1646 et
1667 1595 1892 1648 canticis
1942 1598 1994 1648 et
2030 1651 2071 1664 ﬁ
2100 1588 2365 1655 scrutari,
2413 1602 2501 1644 me
2545 1589 2699 1655 doce,
2735 1597 2790 1644 et
2819 1588 3094 1658 quidquid
3140 1593 3373 1653 tuorum,
3406 1588 3463 1643 id
3508 1595 3593 1644 est
3620 1588 3799 1658 spiri-

303 1686 582 1758 tympanis
612 1651 661 1738 et
689 1651 942 1738 cithara?
972 1683 1052 1737 Ac
1082 1682 1126 1737 si
1167 1651 1326 1738 dicat
1345 1699 1357 1737 :
1393 1682 1534 1739 Cum
1562 1682 1682 1753 jam
1715 1690 1767 1738 te
1798 1682 1992 1739 videas
2030 1651 2074 1707 Β
2101 1651 2360 1733 ιιιειιίιιῐη⁷
2394 1692 2525 1746 quae
2567 1676 2668 1733 tibi
2686 1651 2883 1747 magis
2914 1651 3248 1745 competunt
3290 1651 3483 1732 rerum
3512 1651 3668 1745 apud
3690 1691 3794 1742 me,

303 1773 676 1829 constitutum
722 1772 779 1827 in
809 1771 1109 1827 cacumine
1152 1771 1472 1839 charitatis,
1513 1771 1666 1827 unde
1713 1771 1995 1827 inconsul-
2102 1764 2314 1820 scilicet
2356 1765 2512 1835 apud
2561 1766 2882 1821 sensualem
2937 1764 3402 1835 imaginationem
3446 1779 3628 1820 meam
3678 1778 3801 1819 cor-

301 1861 374 1916 tis
437 1860 716 1930 exemplis
782 1860 939 1926 meis,
1008 1873 1186 1929 quam
1243 1872 1486 1929 regnare
1547 1873 1647 1929 per
1706 1859 1991 1916 malorum
2104 1852 2293 1921 rumpi
2358 1852 2603 1921 Videris,
2673 1853 2932 1923 exemplo
2989 1867 3055 1907 ac
3114 1866 3277 1921 prece
3352 1852 3595 1907 dimove.
3662 1852 3797 1907 Haec

301 1949 600 2006 victoriam
651 1947 877 2018 probas,
930 1947 1084 2018 quod
1116 1955 1201 2003 est
1247 1948 1393 2003 clam
1428 1962 1536 2014 me,
1571 1948 1800 2018 abigere
1830 1948 1994 2020 elegi-
2100 1955 2173 1997 ex
2218 1941 2694 2010 contemplatione
2736 1942 3014 1997 claritatis
3060 1949 3386 1996 sanctorum
3432 1940 3796 1996 intellectua-

301 2039 372 2094 sti
418 2052 452 2093 a
505 2046 559 2093 te
615 2035 940 2106 diligentias
1007 2036 1137 2090 vita:
1203 2035 1510 2106 utriusque
1563 2038 1742 2105 quasi,
1807 2036 1860 2092 id
1909 2044 1993 2092 est
2101 2028 2229 2084 liter
2266 2038 2322 2084 et
2353 2028 2544 2085 inferri
2575 2038 2630 2085 et
2681 2030 2878 2086 referri
2932 2030 3132 2085 solent.
3174 2032 3300 2085 Haec
3343 2029 3523 2083 dicens
3571 2032 3793 2096 ignora-

301 2140 538 2191 revera,
599 2128 849 2195 captivas
905 2124 1111 2192 gladio,
1181 2124 1231 2179 id
1286 2132 1371 2180 est
1420 2123 1699 2179 abductas
1767 2125 1991 2181 mortali
2103 2117 2195 2170 bat
2240 2117 2385 2187 quod
2433 2120 2632 2173 Rachel
2674 2119 2870 2184 furata
2911 2123 3043 2172 esset
3103 2117 3269 2171 idola.
3314 2115 3460 2172 Sunt
3507 2130 3644 2172 sane
3690 2115 3792 2186 qui

300 2212 632 2269 desertionis
697 2220 753 2268 et
816 2212 1113 2282 apostasia:
1188 2219 1434 2282 peccato.
1513 2214 1639 2281 Cur,
1709 2213 1987 2285 inquam,
2100 2218 2380 2275 magnum
2413 2206 2555 2276 quid
2602 2220 2722 2262 sese
2768 2206 3179 2276 contemplatos
3207 2213 3431 2275 putant,
3475 2206 3523 2260 si
3567 2205 3793 2275 aliquas

298 2309 547 2371 coeptum
596 2300 949 2371 propositum
996 2303 1280 2367 ignorante
1307 2317 1408 2366 me,
1444 2301 1499 2357 id
1537 2310 1621 2357 est
1652 2302 1987 2368 indiscusso,
2101 2293 2373 2363 gloriosas
2409 2293 2624 2350 formas
2656 2296 2768 2351 Deo
2797 2294 3105 2350 aseribant.
3149 2294 3425 2365 Ignorant
3453 2292 3607 2348 enim
3636 2292 3793 2363 quod

299 2397 366 2445 ut
413 2390 748 2459 praedictum
792 2397 904 2457 est,
956 2404 1073 2457 me,
1121 2404 1533 2460 expavescere,
1586 2391 1743 2461 quod
1796 2390 1991 2447 animo
2100 2382 2309 2438 Rachel
2365 2397 2497 2453 quae
2557 2390 2673 2439 tota
2730 2382 3130 2439 intellectualis
3177 2396 3298 2437 esse
3353 2381 3519 2437 debet
3568 2381 3790 2437 furtum

295 2478 488 2547 fugere
525 2487 629 2545 est,
682 2480 920 2546 voluisti,
971 2494 1064 2532 nec
1107 2478 1353 2532 indicare
1404 2479 1725 2533 retractatis
1777 2480 1990 2534 trium-
2100 2469 2289 2539 faciat.
2336 2472 2379 2526 Si
2414 2471 2825 2542 imaginarium
2854 2471 3174 2543 quidquam
3207 2471 3277 2526 ad
3313 2469 3538 2525 libitum
3579 2469 3648 2524 de
3681 2470 3791 2525 Deo

299 2566 545 2636 phorum
592 2581 849 2623 meorum
898 2566 1170 2632 consiliis,
1204 2575 1267 2622 ut
1296 2580 1433 2622 mox
1464 2581 1565 2636 per
1605 2566 1803 2622 eadem
1847 2581 1989 2622 con-
2098 2559 2408 2631 conlingat.

298 2663 460 2724 cepto
488 2655 685 2724 vigore
725 2654 937 2723 gaudia
967 2654 1414 2723 comparationis
1456 2668 1593 2709 meae
1624 2655 1726 2710 tibi
1775 2655 1991 2711 confer—
2170 2647 2342 2703 VEns.
2394 2650 2481 2703 33.
2533 2678 2599 2688 —
2654 2651 2932 2715 Ingressus
2979 2663 3103 2714 ergo
3148 2648 3336 2703 Laban
3387 2647 3790 2701 tabernaculum

300 2755 442 2809 rem,
492 2741 712 2797 cantico
756 2742 994 2796 internae
1040 2741 1248 2796 laetitiae
1298 2742 1590 2797 fastidium
1637 2743 1841 2799 dimove

2244 2737 2258 2788 b
2321 2741 2372 2789 et
2431 2737 2564 2804 Liaa,
2632 2742 2682 2791 et
2739 2739 3024 2805 utriusque
3078 2737 3316 2803 famulae,
3381 2752 3488 2791 non
3563 2738 3785 2790 invenit.

298 2839 639 2900 tympanum
683 2829 892 2884 divinae
923 2829 1327 2898 speculationis
1354 2830 1509 2885 omni
1553 2845 1665 2887 aere
1699 2833 1991 2901 perennio-
2096 2824 2258 2878 Jacob
2305 2830 2355 2877 et
2397 2825 2509 2878 Liae
2565 2825 2990 2889 tabernaculum,
3039 2823 3276 2879 rationis
3316 2831 3401 2879 est
3447 2832 3502 2879 et
3551 2823 3795 2878 actionis

297 2919 413 2987 ris;
481 2917 574 2973 hic
629 2917 782 2972 enim
850 2916 1142 2986 incipitur,
1205 2926 1260 2973 et
1324 2918 1379 2972 in
1429 2917 1626 2974 futuro
1682 2934 1986 2989 nunquam
2031 2913 2209 3007 CInice
2264 2913 2642 2983 exercitium;
2709 2922 2957 2984 utraque
3019 2927 3154 2968 vero
3204 2912 3458 2979 famula,
3521 2912 3790 2983 quaelibet

298 3005 518 3074 ﬁnitur,
550 3013 604 3061 et
652 3005 818 3060 dulce
864 3004 1074 3060 mirum
1123 3004 1182 3060 in
1215 3005 1443 3061 arcanis
1487 3006 1584 3062 Dei
1633 3016 1892 3074 resonet,
1935 3015 1991 3064 et
2038 3000 2074 3007 '
2101 3002 2382 3056 virtutum
2419 3015 2629 3072 genera
2656 3001 2889 3072 utrique
2912 3004 3040 3057 vitae
3079 3000 3450 3057 subsidentia.
3481 3001 3546 3056 In
3573 3001 3791 3071 quibus

295 3095 596 3161 citharam,
653 3108 769 3163 quo
818 3093 1042 3164 magnis
1099 3096 1274 3164 atque
1329 3094 1648 3151 minoribus
1714 3097 1991 3165 proximis
2098 3089 2227 3145 totis
2273 3090 2468 3145 Laban
2529 3105 2640 3145 non
2694 3090 2913 3146 invenit
2978 3090 3147 3157 idola,
3199 3090 3338 3161 quia
3395 3090 3453 3145 in
3513 3090 3602 3145 his
3657 3105 3788 3160 quae

295 3196 591 3254 congruus
631 3196 793 3237 amor
835 3183 1000 3252 quasi
1030 3196 1210 3238 sonus
1256 3184 1442 3238 cordis
1474 3184 1736 3249 infertur,
1784 3186 1989 3241 admo—
2096 3178 2466 3234 scientialiter
2523 3180 2841 3235 secundum
2914 3179 3205 3235 hominem
3263 3178 3787 3248 administrantur,

293 3286 507 3329 verem.
560 3272 709 3326 Dum
756 3271 909 3325 enim
957 3271 1110 3326 ultra
1166 3272 1403 3328 modum
1451 3272 1678 3339 ditaris,
1729 3273 1869 3329 dum
1916 3274 1985 3330 de
2094 3266 2355 3323 consulta
2425 3281 2689 3337 supernae
2742 3267 3019 3324 claritatis
3087 3267 3499 3337 spiritualitas,
3559 3267 3790 3324 divinas

293 3363 781 3417 circumventtone
816 3368 871 3414 ct
912 3360 1191 3415 mercedis
1228 3360 1546 3417 imitatione
1592 3361 1982 3432 conquereris,
2093 3354 2355 3424 quandiu
2379 3353 2451 3410 de
2482 3355 2595 3411 Deo
2620 3369 2734 3410 non
2763 3355 2957 3427 agitur
2988 3369 3103 3411 non
3135 3356 3353 3411 invenit
3381 3355 3677 3412 formulas.

294 3449 464 3521 quasi
499 3449 797 3520 ignorante
831 3462 919 3503 me
942 3462 1110 3517 opere
1141 3449 1395 3518 cmperis.
2164 3443 2336 3499 Vens.
2383 3445 2470 3498 34.
2512 3472 2584 3485 -
2633 3445 2867 3513 Cumque
2915 3447 3174 3500 intrasset
3233 3449 3289 3499 in
3336 3448 3624 3499 tentorium
3669 3448 3787 3501 Ba-

364 3538 535 3595 Vens.
602 3539 691 3592 28.
745 3566 819 3578 —
871 3539 988 3593 Non
1040 3552 1093 3590 es
1158 3552 1356 3607 passus
1409 3542 1469 3591 ut
1521 3540 1792 3593 oscularer
1839 3540 1984 3608 ﬁlias
2092 3532 2276 3597 chelis,
2326 3532 2423 3586 illa
2453 3534 2722 3598 festinans
2752 3533 3036 3588 abscondit
3076 3533 3225 3588 idola
3262 3534 3446 3588 subter
3486 3538 3789 3589 stramenta

292 3641 457 3692 meas,
494 3625 550 3680 id
586 3633 692 3694 est,
744 3633 806 3681 ut
852 3639 948 3680 ore
978 3632 1032 3680 et
1061 3624 1267 3694 spiritu
1299 3626 1669 3682 consiliorum
1702 3641 1979 3695 meorum,
2091 3621 2299 3685 cameli,
2349 3620 2594 3690 seditque
2638 3621 2887 3691 desuper.
2958 3624 3262 3678 Tentorium
3313 3623 3561 3677 Rachelis
3610 3622 3789 3679 intrat

291 3722 346 3769 et
391 3713 798 3781 intentionum,
856 3728 986 3784 qua;
1034 3714 1094 3769 in
1144 3713 1284 3768 meis
1331 3714 1490 3770 vides
1534 3715 1777 3783 actibus,
1840 3721 1983 3770 I24
2088 3722 2219 3763 cum
2247 3722 2314 3764 ea
2342 3723 2473 3778 qua?
2515 3709 2573 3763 in
2607 3710 2786 3766 Deum
2840 3724 3027 3780 usque
3059 3710 3316 3767 tenditur
3355 3710 3785 3780 contemplatio-

290 3802 602 3859 imbuerem
650 3802 797 3857 vitas
847 3809 991 3868 tuas,
1055 3816 1202 3873 quas
1233 3802 1304 3858 ob
1362 3803 1816 3859 conformitatem
1873 3805 1982 3860 mei
2088 3810 2218 3852 nem
2272 3797 2494 3864 Laban,
2548 3798 2600 3853 id
2649 3806 2730 3854 est
2782 3798 3100 3868 spiritualis
3148 3799 3417 3869 splendor
3464 3800 3781 3855 examinat.

288 3903 356 3945 ac
383 3890 430 3946 si
460 3891 682 3957 matris,
732 3904 887 3946 meas
913 3891 1038 3945 dico
1086 3890 1252 3945 filias.
1299 3892 1478 3946 Stulte
1518 3897 1770 3960 operatus
1823 3917 1829 3942 4

2243 3887 2407 3940 tualis
2447 3890 2625 3939 autem
2644 3887 2866 3953 judicat
2895 3889 3074 3941 omnia
3105 3886 3160 3945 (Ι
3190 3887 3309 3943 Cor.
3350 3901 3407 3953 ιι,
3448 3887 3553 3956 15).
3599 3887 3782 3956 Unde,

286 3992 428 4031 nunc
501 3977 695 4046 (Vens.
768 3979 860 4045 29)
919 3978 1064 4030 valet
1138 3991 1328 4030 manus
1400 3993 1517 4031 mea
1581 3977 1806 4032 reddere
1878 3980 1982 4033 tibi
2087 3974 2296 4043 spiritu
2345 3974 2668 4029 illustrante
2715 3975 2996 4042 animum,
3057 3975 3273 4039 Rachel,
3317 3973 3372 4029 id
3427 3980 3509 4029 est
3555 3974 3784 4029 interna

286 4065 507 4118 malum.
552 4063 710 4130 Quod
755 4071 838 4118 est
871 4078 883 4116 :
919 4064 1122 4119 Potens
1167 4072 1249 4118 cst
1298 4066 1464 4128 Deus,
1516 4065 1616 4135 qui
1662 4079 1892 4135 manus,
1923 4067 1978 4123 id
2086 4062 2349 4118 discretio
2400 4062 2598 4118 festiue
2644 4064 2943 4130 abscondit,
2995 4062 3281 4134 quidquid
3325 4063 3394 4118 de
3424 4063 3537 4118 Deo
3581 4076 3779 4132 corpo-

284 4158 367 4207 est
426 4151 699 4206 fortitudo
751 4164 876 4206 mea
929 4158 1031 4215 est,
1090 4151 1323 4207 reddere
1370 4152 1469 4207 tibi
1527 4151 1744 4208 malum
1795 4167 1972 4221 nunc,
2085 4164 2249 4206 reum
2299 4151 2603 4222 cogitabat,
2650 4166 3044 4222 superponens
3086 4151 3328 4207 virtutes
3378 4151 3592 4220 animi,
3645 4164 3780 4222 qua;

284 4239 497 4295 scilicet
544 4239 600 4294 in
629 4239 876 4307 aeternis,
910 4239 1125 4309 quibus
1154 4240 1233 4295 nil
1267 4240 1536 4309 praeterit,
1581 4255 1684 4296 nec
1715 4241 1974 4298 futurum
2015 4252 2060 4307 1)
2085 4246 2223 4295 sunt
2248 4244 2547 4294 stramenta
2576 4242 2785 4302 cameli,
2837 4241 2891 4296 id
2923 4248 3028 4308 est,
3058 4241 3419 4296 munimenta
3456 4249 3512 4296 et
3536 4249 3781 4299 ornatus

282 4335 385 4394 est,
418 4328 515 4384 sed
541 4342 766 4398 semper
796 4342 1066 4398 praesens.
1096 4329 1172 4384 At
1201 4330 1347 4383 Deus
1374 4333 1555 4399 patris
1578 4332 1765 4393 vestri,
1800 4331 1972 4398 Deus,
2086 4328 2322 4396 torpida;
2355 4329 2561 4394 carnis,
2597 4329 2654 4383 in
2697 4328 2913 4399 quibus
2949 4328 3340 4398 disquirendis
3388 4329 3568 4385 multo
3612 4329 3782 4386 licen-

281 4416 543 4473 videlicet
603 4416 769 4472 Pater
814 4424 1022 4485 vester,
1077 4416 1198 4471 heri
1244 4417 1395 4471 dixit
1441 4419 1596 4485 mihi,
1647 4418 1700 4474 id
1752 4427 1835 4475 est
1875 4434 1977 4490 per
2084 4415 2199 4472 tius
2248 4423 2429 4486 potest
2493 4416 2740 4487 quisque
2793 4416 3046 4481 versari,
3107 4430 3281 4487 quam
3349 4417 3472 4473 sine
3526 4418 3778 4489 imagine

281 4505 611 4561 memoriam
636 4505 934 4574 praeteritae
965 4520 1103 4561 mete
1133 4506 1432 4575 passionis,
1459 4521 1638 4577 quam
1662 4508 1719 4562 in
1743 4508 1975 4565 homine
2082 4504 2265 4560 Deum
2312 4504 2721 4575 contemplari;
2768 4512 2824 4561 et
2867 4505 3098 4573 desuper
3144 4505 3297 4561 sedet
3344 4506 3483 4562 dum
3534 4506 3778 4562 fundata

279 4593 480 4649 vivens
507 4600 779 4663 expertus
809 4608 960 4661 sum,
995 4593 1245 4649 innotuit
1286 4594 1423 4649 mihi
1450 4634 1465 4661 ,
1508 4608 1580 4649 ne
1640 4593 1975 4650 hominibus
2079 4592 2294 4648 virtute
2333 4594 2615 4649 substanti
2660 4593 2853 4649 stultis
2899 4594 3367 4663 phantasmatum
3416 4594 3776 4651 discursibus

277 4682 527 4752 compati
574 4681 937 4753 dedignarer,
986 4682 1114 4738 licet
1156 4683 1277 4752 jam
1335 4683 1393 4737 in
1435 4682 1617 4753 gloria
1664 4681 1967 4738 detinerer.
2078 4680 2447 4750 deprimendo
2491 4681 2771 4751 praesidet.
2806 4682 3189 4750 Scrutantique
3236 4685 3543 4749 tentorium,
3592 4687 3644 4737 et
3690 4685 3774 4738 nil

347 4770 517 4828 Vnus.
567 4772 653 4826 30.
691 4802 756 4811 —
803 4774 952 4838 Esto,
1003 4771 1209 4841 inquit,
1260 4785 1327 4825 ac
1356 4772 1401 4826 si
1451 4772 1647 4827 dicat:
1682 4771 1972 4827 Ponamus
2075 4770 2371 4823 invenienti
2443 4769 2633 4837 (Vens.
2697 4770 2781 4838 35)
2839 4771 2919 4823 ait
2970 4785 2983 4823 :
3046 4772 3123 4825 Ne
3183 4773 3455 4825 irascatur
3522 4770 3771 4826 dominus

275 4860 442 4915 modo
510 4867 563 4916 te
623 4859 721 4916 ubi
780 4872 882 4929 pro
945 4867 1098 4916 certo
1155 4859 1229 4913 ad
1287 4866 1403 4915 tuos
1461 4861 1649 4928 cives,
1709 4859 1970 4916 videlicet
2074 4872 2222 4912 meus
2279 4857 2426 4925 quod
2476 4873 2654 4911 coram
2710 4862 2760 4911 te
2815 4872 3098 4923 assurgere
3136 4873 3356 4926 nequeo,
3416 4861 3549 4928 quia
3595 4857 3770 4929 juxta

272 4947 530 5014 cmlicos,
587 4956 642 5005 et
707 4948 943 5004 domum
1017 4950 1198 5017 patris
1261 4948 1723 5018 supercmlestem
1782 4949 1968 5004 redire
2074 4944 2506 5000 consuetudinem
2552 4947 2880 5011 feminarum
2927 4962 3070 5000 nunc
3126 4946 3327 5001 accidit
3373 4948 3531 5002 mihi.
3584 4951 3666 5004 Ac
3720 4950 3769 5005 si

270 5049 499 5106 cupere,
545 5037 642 5093 sed
684 5036 823 5092 illud
875 5036 1161 5106 quomodo
1208 5036 1509 5093 defendere
1555 5038 1762 5107 poteris
1810 5036 1964 5106 quod
2072 5033 2223 5089 dicat
2265 5050 2279 5087 :
2330 5032 2411 5089 Ne
2476 5032 2829 5104 indigneris,
2901 5034 3168 5102 domine,
3225 5035 3319 5090 cui
3388 5036 3471 5092 uti
3524 5036 3768 5093 Domino

268 5127 491 5190 furatus
538 5139 591 5179 es
621 5124 744 5179 deos
790 5139 951 5188 meos,
1009 5123 1063 5179 id
1105 5131 1189 5180 est
1231 5125 1385 5194 quod
1429 5139 1541 5181 non
1585 5132 1773 5191 recte,
1824 5124 1962 5180 dum
2070 5122 2285 5189 subest,
2337 5121 2497 5190 quid,
2530 5128 2584 5177 et
2627 5121 2721 5177 cui
2755 5122 3004 5177 voluerit
3046 5122 3199 5190 dare,
3251 5123 3402 5193 quod
3448 5138 3638 5181 coram
3671 5134 3762 5194 te,

268 5211 422 5268 ultra
445 5212 680 5269 modum
726 5211 829 5269 tibi
869 5212 1029 5268 dives
1081 5211 1308 5281 videris,
1336 5221 1391 5271 et
1433 5214 1492 5269 in
1527 5212 1963 5281 contemplanda
2070 5210 2128 5265 in
2163 5209 2415 5266 interiori
2448 5209 2661 5266 scilicet
2709 5209 2938 5266 homine
2982 5224 3286 5282 assurgere
3337 5212 3406 5268 ad
3440 5220 3512 5281 te,
3559 5221 3623 5268 ut
3662 5228 3760 5283 es,

266 5301 511 5369 subtilis,
559 5309 615 5358 et
662 5302 1020 5372 phantastice
1082 5302 1183 5358 tibi
1235 5301 1416 5358 Deum
1470 5315 1568 5371 per
1626 5300 1961 5357 innumeras
2068 5298 2575 5369 contemplandum
2603 5314 2845 5370 nequeo,
2876 5300 3017 5370 quia
3041 5300 3214 5371 juxta
3243 5314 3455 5358 morem
3491 5302 3762 5360 humana:

265 5390 547 5460 imagines
595 5390 810 5461 ﬁngis?
858 5390 1016 5457 Quod
1066 5390 1217 5446 enim
1258 5389 1458 5446 furtim
1513 5390 1591 5455 ﬁt,
1642 5403 1757 5444 non
1809 5395 1959 5445 recte
2068 5387 2324 5445 mollitiei
2371 5389 2572 5458 patior.
2623 5389 2710 5443 Sic
2753 5388 2942 5442 delusa
2991 5389 3295 5445 sollicitudo
3345 5394 3631 5459 querentis
3658 5399 3756 5447 est.

265 5476 346 5533 ﬁt.
405 5477 548 5534 Deos
620 5492 756 5549 ergo
822 5478 1092 5549 furatur,
1154 5478 1253 5549 qui
1329 5478 1596 5548 privatim
1670 5477 1957 5549 quomodo
2065 5476 2382 5534 Sollicitudo
2412 5478 2701 5546 quaerentis
2748 5476 3060 5544 deluditur,
3093 5479 3624 5551 cum,anticipante
3655 5495 3758 5537 nos
