3904 6066
106 177 209 232 237

1279 178 1633 236 MORALIUM
1671 180 1744 236 IN
1781 181 2086 237 GENESIN
2128 184 2257 240 LIB.
2288 184 2430 239 VIII.

3500 195 3605 249 238

108 306 203 361 Dei
258 306 463 376 gratia,
518 321 618 376 per
666 306 1074 376 correptioncm
1123 322 1157 363 a
1194 315 1401 364 nostrae
1448 307 1809 366 discretionis
1846 312 1891 365 A
1920 321 1974 367 et
2006 314 2206 380 Deum,
2242 317 2341 386 qui
2374 317 2622 373 Trinitas
2650 326 2753 386 est,
2789 319 3122 377 medullitus
3147 336 3309 378 nosse
3343 337 3606 393 quaerens

104 404 275 466 captu
307 396 463 466 quod
497 396 687 466 puniri
722 395 924 452 debeat
950 411 1063 452 non
1096 396 1407 452 invenitur.

173 485 348 541 Vnus.
398 487 486 554 36,
541 487 627 539 37.
685 514 758 526 —
820 487 1153 553 Tumensque
1198 486 1380 548 Jacob,
1440 501 1558 540 cum
1613 488 1801 555 jurgio

102 577 182 626 ait
215 590 228 626 :
264 574 442 639 Quam
476 573 539 627 ob
586 575 799 643 culpam
833 590 1010 628 meam
1051 579 1101 627 et
1129 574 1191 627 ob
1235 575 1380 642 quod
1414 580 1694 644 peccatum
1723 578 1802 631 sic

102 663 367 715 exarsisti
406 666 527 730 post
574 677 675 727 me,
722 666 773 715 et
816 667 1094 716 scrutatus
1138 678 1191 717 es
1239 678 1443 717 omnem
1496 666 1799 734 supellecti-

107 753 210 806 lem
270 750 492 804 meam?
569 750 712 816 Quid
782 753 1043 805 invenisti
1108 751 1173 804 de
1225 758 1419 806 cuneta
1490 754 1803 810 substantia

102 839 291 894 domus
338 838 490 894 tuae?
520 841 661 894 Pone
699 842 786 894 hic
834 855 1013 894 coram
1060 841 1337 906 fratribus
1382 844 1512 896 meis
1561 848 1612 896 et
1658 846 1798 908 tuis,

99 934 148 981 et
182 928 436 997 judicent
476 930 618 982 inter
666 945 746 982 me
777 934 827 983 et
875 935 941 982 te.
976 928 1120 985 Cum
1168 930 1424 985 humana
1474 945 1633 986 mens
1687 939 1798 988 tam

100 1017 356 1072 districte
388 1017 794 1073 conscientiam
825 1027 1083 1087 oportere
1112 1018 1317 1074 discuti
1351 1026 1553 1088 pensat
1583 1020 1802 1090 grande

102 1103 316 1173 saepius
361 1103 512 1173 apud
561 1118 618 1159 se
668 1104 959 1159 fastidium
1005 1104 1225 1171 tolerat,
1275 1105 1430 1160 unde
1473 1110 1700 1172 tumens,
1747 1115 1802 1162 et

103 1191 269 1261 quasi
317 1191 635 1247 furibunda
679 1191 920 1247 interius
968 1192 1194 1248 clamat.
1250 1192 1417 1259 Quze,
1460 1193 1567 1260 ait,
1616 1194 1800 1263 eulpze

105 1279 368 1335 nimietas
433 1278 654 1350 exigit,
724 1287 787 1336 ut
857 1288 1012 1336 tanto
1074 1280 1189 1336 zelo
1243 1294 1335 1336 me
1408 1281 1797 1353 insequendo,

104 1384 133 1422 o
199 1367 523 1437 spiritualis
583 1367 902 1438 diligentia,
955 1368 1250 1437 eﬁ'erveas,
1325 1379 1380 1426 et
1426 1377 1569 1426 totos
1619 1371 1799 1426 animi

105 1471 359 1513 necessus
400 1456 624 1512 rimeris
662 1464 717 1512 et
745 1456 1025 1527 colligas?
1058 1458 1205 1524 Quid
1229 1461 1487 1513 invenisti
1514 1473 1683 1529 penes
1710 1474 1799 1515 me

104 1548 165 1601 de
208 1547 544 1614 substantia,
582 1546 637 1601 id
684 1553 766 1601 est
793 1547 861 1602 de
903 1546 991 1602 bis
1035 1548 1304 1603 omnibus
1346 1548 1797 1616 terrenitatibus,

102 1650 229 1705 qua:
260 1634 468 1690 merito
514 1635 778 1690 substare
827 1642 881 1690 et
910 1635 1142 1691 subesse
1183 1636 1389 1692 debent
1435 1636 1629 1692 domui
1666 1644 1796 1705 tuae,

102 1725 152 1779 id
212 1731 299 1779 est
364 1731 602 1779 tuorum
670 1724 1085 1779 conscientize‘?
1146 1724 1400 1781 Ponatur
1466 1725 1524 1780 in
1585 1725 1801 1796 judicio

99 1813 311 1868 divinae
357 1819 470 1867 tua:
519 1819 573 1867 et
628 1812 899 1867 humana:
952 1813 1190 1868 rationis
1242 1828 1406 1881 meae,
1455 1821 1508 1869 et
1556 1814 1801 1884 profecto

103 1914 199 1969 pro
220 1913 354 1954 mea
384 1898 750 1955 immunitate
778 1899 1015 1969 peccati.

134 1988 307 2044 Vnus.
361 1989 448 2041 38.
500 2017 569 2026 ——
627 1990 840 2056 Viginti
891 1991 1051 2043 annis
1102 1991 1192 2056 fui
1249 1994 1455 2056 tecum,
1506 1990 1562 2045 id
1613 1998 1696 2045 est
1748 1997 1802 2046 et

101 2075 407 2131 denarium
452 2075 827 2145 plenitudinis
870 2076 1013 2147 legis
1057 2076 1112 2132 in
1163 2086 1365 2139 mente,
1408 2085 1462 2134 et
1498 2077 1801 2135 denarium

103 2165 387 2220 virtutum
438 2163 495 2218 id
550 2170 634 2219 est
682 2178 969 2220 annorum
1020 2166 1405 2234 perfectionis,
1460 2167 1649 2223 Laban
1697 2182 1801 2223 su-

103 2267 281 2322 perno
324 2252 563 2308 candori
610 2253 835 2307 servavi
889 2260 1029 2307 n5
1078 2254 1133 2308 in
1183 2268 1372 2324 opere,
1419 2270 1538 2310 oves
1583 2255 1798 2325 simpli-

102 2342 255 2397 cium
304 2340 737 2406 beneﬁciorum,
779 2349 835 2396 et
873 2357 1051 2410 capra:
1097 2343 1643 2413 contemplationum
1690 2351 1800 2398 ste-

99 2431 225 2484 riles
278 2443 311 2484 a
359 2429 552 2485 fructu
610 2443 710 2499 per
768 2429 1116 2500 bypocrisim
1167 2446 1273 2485 non
1323 2433 1513 2498 fuere,
1565 2435 1798 2494 arietes,

100 2518 430 2586 rationales,
485 2516 696 2573 scilicet
726 2526 937 2586 motus,
989 2526 1267 2590 tanquam
1300 2534 1540 2591 gregum
1588 2522 1802 2592 cogita-

101 2608 327 2663 tionum
360 2606 536 2662 duces
570 2606 627 2661 in
671 2608 1001 2676 memetipso
1032 2622 1136 2677 per
1181 2608 1453 2664 vitiorum
1500 2610 1803 2666 admissio-

100 2710 232 2752 nem
288 2710 403 2751 non
440 2695 765 2764 consumpsi
799 2696 993 2766 (Vnus.
1041 2698 1131 2768 39)
1161 2714 1255 2751 nec
1299 2704 1517 2768 captum
1547 2715 1581 2753 a
1611 2700 1799 2767 bestia,

102 2785 155 2839 id
204 2792 294 2840 est
350 2784 639 2854 direptum
685 2799 717 2840 a
758 2784 985 2840 diabolo
1034 2785 1276 2841 interius
1327 2786 1541 2842 bonum
1591 2786 1804 2842 sanctis

104 2871 465 2963 quibuslibet
514 2888 627 2929 non
675 2874 775 2929 feci
819 2874 1089 2930 ostentui.
1138 2875 1299 2930 Unde
1348 2863 1607 2931 Psalnius
1640 2890 1652 2930 :
1686 2877 1803 2931 Non
1840 2907 1880 2963 ο

103 2962 519 3029 confundantur
563 2978 728 3033 super
768 2979 852 3017 me
900 2965 999 3033 qui
1040 2969 1290 3033 quaerunt
1320 2968 1385 3031 te,
1443 2966 1583 3018 Deus
1628 2964 1802 3019 Israel

105 3052 279 3119 (Psat.
352 3064 548 3120 LXVIII,
620 3054 697 3116 8).
756 3053 871 3119 Ego
942 3052 1202 3105 damnum
1273 3067 1422 3106 omne
1490 3052 1796 3115 reddebam,

102 3139 526 3209 compensando
574 3140 834 3196 videlicet
880 3147 1110 3211 peccata
1157 3140 1485 3209 laboribus;
1530 3140 1803 3209 quidquid

101 3232 255 3295 furto
318 3230 571 3298 peribat,
628 3228 839 3285 scilicet
910 3228 1279 3299 subreptione
1335 3228 1585 3296 diaboli,
1645 3245 1678 3282 a
1721 3245 1803 3284 me

103 3317 383 3385 exigebas,
438 3318 717 3373 subaudis
768 3321 1006 3372 restitui.
1060 3318 1257 3386 (Vens.
1304 3317 1412 3385 40.)
1464 3320 1565 3372 Die
1610 3317 1666 3372 in
1713 3317 1803 3371 his

103 3421 236 3479 quae
298 3403 686 3476 intelligebam
740 3420 752 3459 :
800 3408 963 3462 Nocte
1014 3404 1073 3460 in
1121 3405 1207 3461 bis
1255 3420 1386 3475 quae
1441 3405 1801 3476 ignorabam,

103 3489 158 3544 id
203 3497 292 3546 est
326 3492 383 3545 in
432 3491 597 3548 bonis
625 3500 680 3548 et
721 3492 778 3548 in
824 3493 1007 3561 malis,
1059 3497 1194 3548 astu
1238 3493 1567 3550 cenodoxiae
1607 3494 1805 3548 urebar

104 3579 159 3633 in
204 3579 397 3648 bonis,
430 3587 484 3636 et
515 3594 588 3636 ex
632 3581 753 3651 ipso
796 3588 1021 3653 torpore
1066 3596 1190 3638 meo
1239 3596 1307 3637 ac
1352 3581 1399 3637 si
1430 3581 1561 3653 gelu
1590 3596 1805 3652 coque-

103 3668 208 3722 bar
239 3669 300 3723 in
329 3668 536 3739 malis;
567 3669 812 3738 fugiebat
857 3685 1072 3725 somnus
1104 3670 1468 3741 negligentiae
1514 3670 1581 3724 ab
1614 3671 1806 3725 inten—

104 3756 366 3813 tionibus
413 3757 572 3823 meis,
608 3757 760 3827 quod
786 3764 867 3813 est
896 3759 1082 3812 oculis.
1135 3757 1578 3828 Intelligentiam
1613 3765 1804 3813 autem

101 3842 173 3895 ad
204 3842 330 3898 sola
379 3843 528 3899 bona
562 3845 842 3914 pertinere
887 3845 1121 3908 scimus.
1167 3846 1306 3916 quia
1334 3846 1415 3901 nil
1464 3847 1662 3913 scitur,
1697 3846 1803 3902 nisi

102 3930 264 3998 quod
291 3945 495 3987 verum
518 3940 624 4001 est,
650 3941 704 3989 et
730 3933 774 3988 si
800 3933 1009 3988 falsum
1041 3933 1240 4001 scitur,
1267 3934 1321 3988 in
1346 3941 1569 3990 tantum
1606 3934 1803 4002 scitur,

104 4018 160 4073 in
191 4027 483 4090 quantum
506 4021 712 4077 falsum
736 4036 855 4078 esse
886 4023 1097 4092 scitur;
1131 4022 1414 4092 quidquid
1437 4037 1574 4078 vero
1603 4036 1806 4077 verum

102 4116 211 4175 est,
247 4108 467 4165 bonum
503 4124 621 4166 esse
650 4111 1027 4174 convincitur,
1064 4110 1122 4165 in
1153 4118 1437 4180 quantum
1471 4125 1669 4167 verum
1703 4117 1802 4165 est.

175 4196 352 4252 Vsus.
382 4197 472 4251 41.
504 4228 572 4236 —
595 4197 1009 4268 Quatuordecim
1032 4201 1192 4252 annis
1214 4202 1417 4253 servivi
1430 4200 1534 4253 tibi
1555 4215 1655 4269 pro
1674 4201 1808 4268 ﬁlia-

105 4285 225 4352 bus,
258 4290 312 4339 et
341 4300 437 4339 sea:
462 4301 564 4355 pro
594 4287 846 4355 gregibus
877 4289 1006 4341 tuis.
1035 4289 1137 4342 Per
1162 4288 1601 4358 quaternarium
1626 4288 1808 4342 Evan-

105 4374 278 4443 gelia,
310 4387 416 4443 per
453 4374 756 4430 denarium
813 4376 1015 4445 Legem
1068 4376 1398 4445 accipimus.
1442 4376 1579 4442 Quae
1625 4376 1809 4446 primo

107 4464 336 4533 Legem,
368 4470 493 4532 post
522 4463 902 4533 Evangelium
933 4478 1066 4518 cum
1102 4462 1531 4533 impleverimus
1559 4465 1627 4519 ad
1664 4463 1811 4519 ﬁlias

103 4551 353 4607 cmlestis
383 4551 584 4607 matris
630 4552 911 4619 Ecclesiae,
949 4552 1196 4607 activam
1227 4551 1440 4608 scilicet
1469 4560 1523 4607 et
1553 4561 1811 4608 eontem-

106 4640 412 4710 plativam,
447 4639 798 4696 accedemus.
827 4640 937 4695 Sex
968 4655 1103 4696 vero
1133 4640 1203 4696 ad
1235 4640 1649 4710 plenitudinem
1678 4653 1810 4695 cum

108 4728 461 4798 pertineant,
486 4727 626 4797 quia
647 4742 745 4783 sex
767 4728 970 4784 diebus
996 4727 1190 4784 omnia
1218 4728 1371 4783 Deus
1392 4727 1604 4795 fecerit,
1632 4740 1813 4782 annos

104 4816 397 4871 virtutum
442 4816 889 4872 claritudinibus
934 4816 1184 4888 integros
1231 4830 1264 4871 a
1312 4816 1477 4872 nobis
1523 4815 1815 4886 exigimus

106 4904 388 4973 plenarie,
444 4911 508 4959 ut
537 4903 952 4975 cogitationum
1004 4903 1277 4975 gregibus
1315 4903 1597 4958 dominari
1630 4902 1815 4972 possi-

106 5006 239 5049 mus
271 4993 345 5049 ad
372 4992 811 5048 similitudinem
844 4992 1092 5047 civitatis
1113 5006 1397 5062 superate,
1422 5006 1552 5062 quae
1574 4992 1813 5062 hasjam

111 5083 359 5151 possidet
402 5083 748 5137 inconcussa
795 5081 1025 5151 penitus
1069 5094 1223 5150 pace.
1271 5081 1576 5134 Immutasti
1609 5095 1818 5149 quoque

108 5171 404 5226 mercedem
434 5186 609 5224 meam
653 5170 831 5224 decem
857 5169 1091 5223 vicibus.
1132 5169 1425 5223 Mercedem
1454 5168 1818 5223 immutatam

109 5259 283 5314 decem
304 5258 522 5314 vicibus
549 5257 838 5328 queritur,
870 5256 1008 5312 dum
1033 5256 1302 5325 corporis,
1327 5256 1481 5326 quod
1514 5263 1820 5326 quaterna-

111 5348 193 5403 rio
214 5356 451 5420 propter
471 5345 755 5402 elementa
775 5346 1060 5416 signatur,
1085 5352 1137 5400 et
1164 5344 1389 5411 animm,
1415 5359 1545 5415 qua:
1568 5343 1819 5400 ternario

114 5437 352 5493 arbitria
368 5450 480 5492 sua
502 5433 791 5506 praecipua
815 5434 966 5490 bona
999 5432 1069 5488 im
1080 5431 1508 5503 passibilitatem
1541 5445 1777 5502 sperans
1801 5449 1816 5497 ;

1912 402 2229 458 carnalium
2281 412 2677 474 tempestatum
2713 409 2876 475 mole,
2923 409 3091 465 etiam
3136 411 3207 466 ab
3255 425 3355 482 spe
3387 426 3606 469 merce-

1911 489 1996 545 dis
2028 490 2081 544 in
2119 491 2376 548 timorem
2413 509 2592 563 poena:
2626 498 3001 553 convertitur.

1985 578 2151 635 Vens.
2204 581 2290 634 42.
2325 613 2392 620 -
2426 584 2547 638 Nisi
2581 585 2723 638 Deus
2751 587 2934 653 patris
2963 588 3070 640 mei
3100 587 3402 655 Abraham,
3438 588 3493 643 id
3524 598 3608 646 est

1910 668 2097 735 Deus,
2135 668 2234 738 qui
2290 671 2552 738 praesidet
2589 673 2794 728 rationi
2848 689 2985 729 mea)
3017 675 3381 733 cohibuisset.
3417 679 3607 733 Abra-

1910 755 2035 809 ham
2066 757 2239 825 enim,
2289 765 2446 827 pater
2474 760 2660 814 videns
2702 765 2964 831 populum
2997 763 3222 829 dicitur,
3262 774 3317 821 et
3364 765 3610 822 intellec-

1911 845 2027 899 ctui
2057 852 2291 914 paterne
2342 848 2638 916 providere
2670 850 2845 921 vulgo
2874 853 3284 921 cogitationum
3330 855 3607 923 pertinere

1910 934 2135 1003 proprie
2166 936 2374 1002 scitur;
2406 940 2456 989 et
2486 939 2645 991 timor
2672 937 2846 1000 Isaac,
2881 939 2935 994 id
2966 949 3049 996 est
3084 941 3252 996 timor
3284 942 3607 999 amissionis

1910 1022 2105 1092 gaudii
2138 1023 2355 1078 aeterni.
2414 1025 2572 1081 Isaac
2618 1026 2770 1081 enim
2821 1028 3033 1084 dicitur
3068 1031 3213 1084 risus
3256 1029 3498 1087 forsitan
3531 1032 3604 1087 ob

1911 1118 1990 1166 tot
2042 1110 2424 1167 difﬁcultates.
2475 1114 2518 1169 Ο
2551 1114 2763 1181 Laban,
2823 1115 2877 1170 id
2922 1124 3005 1172 est
3048 1118 3290 1174 caelestis
3341 1120 3601 1189 claritas,

1910 1214 2041 1270 quae
2073 1214 2187 1268 quo
2218 1200 2465 1271 amplius
2495 1216 2529 1256 a
2560 1216 2647 1257 me
2681 1203 2985 1273 quaeritur,
3025 1212 3179 1261 tanto
3212 1209 3394 1278 magis
3426 1207 3610 1263 differ-

1910 1294 2024 1354 tur,
2059 1288 2282 1343 nudum
2331 1304 2567 1359 prorsus
2615 1298 2668 1346 et
2697 1292 2963 1362 impotem
3008 1294 3244 1363 justitiaa
3295 1295 3608 1352 dimisisses

1913 1375 1969 1429 in
2018 1376 2298 1443 libidines,
2352 1378 2565 1447 quibus
2597 1392 2808 1449 corpus
2855 1380 3125 1437 afﬁcitur.
3161 1385 3529 1451 Afﬂictionem
3560 1392 3609 1438 et

1911 1464 2143 1518 laborem
2191 1481 2469 1531 manuum,
2527 1468 2577 1521 id
2628 1476 2709 1523 est
2752 1482 2991 1537 operum
3042 1485 3320 1539 meorum,
3370 1476 3609 1541 respexit

1913 1555 2072 1609 Deus.
2124 1552 2232 1607 sub
2271 1567 2388 1623 qua
2435 1554 2716 1609 malorum
2765 1555 2977 1611 tribula
3026 1556 3148 1612 haec
3196 1560 3417 1613 tantilla
3458 1561 3607 1616 bona

1911 1639 2147 1710 o'perer;
2180 1647 2227 1694 et
2276 1645 2461 1708 arguit
2511 1648 2559 1696 te
2588 1645 2725 1709 heri,
2768 1643 2821 1699 id
2853 1652 2935 1700 est
2982 1647 3341 1715 argumentis
3369 1648 3608 1703 eviden—

1911 1728 2066 1784 tibus
2100 1730 2397 1799 praeteritae
2440 1731 2815 1787 humanitatis
2859 1732 2959 1787 tibi
2991 1734 3238 1789 ostendit
3269 1750 3445 1805 quam
3490 1736 3607 1792 cle-

1912 1816 2183 1871 mentiam
2218 1818 2422 1873 debeas
2461 1818 2549 1872 his
2580 1819 2679 1888 qui
2721 1820 3140 1890 periclitantur,
3174 1838 3305 1878 cum
3337 1831 3400 1880 tu
3434 1832 3605 1894 portu

1911 1902 2129 1972 potiare
2177 1902 2398 1958 salutis.
2454 1905 2579 1959 Heri
2631 1912 2822 1960 autem
2878 1920 2979 1975 pro
3020 1911 3295 1975 praeterito
3347 1911 3602 1979 ponitur.

1912 1991 2051 2045 Hinc
2071 1992 2248 2046 Isaias
2269 1996 2588 2061 praeparata
2609 1998 2686 2047 est
2708 1993 2775 2046 ab
2794 1995 2912 2048 heri
2937 1995 3178 2064 Topheth
3202 2012 3214 2049 :
3240 1997 3439 2064 (Isaia.
3473 2012 3609 2067 xxx,

1912 2080 2023 2148 33).
2058 2078 2187 2132 Haec
2218 2079 2504 2148 principue
2537 2087 2797 2151 aguntur
2826 2080 2884 2135 in
2915 2082 3281 2152 conscientia,
3315 2100 3446 2140 cum
3476 2099 3609 2141 san-

1911 2173 2029 2221 ctos
2054 2165 2321 2220 ardenter
2348 2166 2684 2234 expetimus,
2716 2174 2770 2222 et
2812 2167 2971 2222 tarde
3002 2167 3272 2238 opitulari
3306 2171 3606 2227 sentimus.

1982 2254 2153 2311 Vnus.
2197 2255 2285 2309 43.
2325 2284 2383 2292 -
2413 2254 2572 2308 Filiae
2601 2258 2652 2307 et
2691 2257 2814 2323 ﬁlii,
2848 2255 2928 2310 ait
2958 2256 3174 2323 Laban,
3209 2264 3259 2312 et
3282 2274 3468 2328 greges
3502 2263 3603 2326 tui,

1911 2348 1961 2397 et
1986 2346 2166 2396 omnia
2207 2358 2324 2411 qua
2355 2345 2548 2410 cernis,
2598 2359 2715 2397 mea
2745 2349 2889 2398 sunt.
2944 2344 3024 2400 Ac
3066 2345 3112 2399 si
3152 2347 3467 2402 Jerusalem
3507 2362 3605 2403 su-

1912 2445 2090 2501 perna
2137 2431 2428 2500 loquatur.
2481 2432 2732 2487 Inﬁrmaa
2762 2440 2817 2487 et
2848 2432 3017 2487 fortes
3069 2433 3275 2489 animai
3309 2434 3364 2489 in
3414 2436 3606 2492 Eccle-

1912 2520 1996 2573 sia
2041 2534 2141 2575 seu
2186 2526 2432 2575 rectores
2482 2519 2567 2575 vel
2623 2520 2859 2589 regendi
2901 2528 3090 2576 motus
3145 2521 3197 2575 in
3259 2523 3607 2578 conscientia

1910 2611 1965 2659 et
2010 2604 2421 2675 cogitationum
2472 2607 2529 2662 in
2582 2607 2765 2663 imum
2816 2618 3011 2665 coacta
3059 2611 3375 2681 congeries,
3425 2619 3479 2667 et
3521 2612 3602 2680 si,

1912 2707 2030 2764 qua
2055 2697 2191 2748 sunt
2232 2710 2363 2764 (tuae
2396 2711 2567 2766 penes
2594 2704 2646 2752 te
2677 2698 2850 2766 proba
2898 2699 3228 2764 intenderis,
3270 2714 3342 2754 ex
3375 2701 3514 2756 meis
3538 2714 3606 2757 ea

1911 2781 2189 2851 exemplis
2240 2783 2416 2839 habes
2461 2792 2513 2840 et
2557 2785 2848 2841 doctrinis.
2895 2786 3038 2852 Quid
3081 2803 3299 2856 possum
3328 2792 3508 2856 facere
3533 2792 3605 2858 ﬁ-

1913 2871 2004 2924 liis
2036 2876 2085 2925 et
2112 2872 2394 2941 nepotibus
2434 2875 2609 2928 meis?
2658 2874 2816 2940 Quod
2847 2881 2930 2929 est
2964 2889 2975 2928 :
3007 2875 3106 2929 His
3135 2891 3280 2946 quos
3310 2878 3381 2932 ad
3415 2878 3602 2947 ﬁdem,

1913 2958 1999 3014 vel
2027 2973 2201 3029 opera
2233 2959 2426 3030 genui,
2460 2961 2548 3017 vel
2580 2961 2668 3017 his
2700 2963 2799 3031 qui
2845 2963 2913 3017 ad
2948 2962 3095 3018 idem
3132 2965 3305 3035 geniti
3339 2974 3475 3021 sunt
3505 2980 3607 3037 per

1911 3060 2006 3101 eos
2045 3061 2191 3116 quos
2235 3048 2430 3118 genui,
2477 3048 2761 3118 quomodo
2806 3063 3008 3104 nocere
3054 3050 3310 3120 queam?
3359 3052 3440 3108 Ne
3469 3067 3605 3124 ergo

1910 3141 2154 3201 tumeas,
2202 3149 2273 3191 ne
2325 3134 2521 3207 jurgia
2569 3136 2784 3192 intrare
2830 3138 3093 3206 concites,
3146 3139 3243 3194 sed
3283 3140 3473 3210 (Vnus.
3516 3141 3605 3211 44)

1855 3238 1861 3244 ’
1916 3225 2054 3279 Veni
2115 3223 2186 3279 ad
2234 3224 2685 3280 conformitatem
2735 3224 2840 3280 mei
2868 3267 2881 3292 ,
2928 3233 2983 3280 et
3030 3240 3131 3295 per
3183 3226 3289 3282 hoc
3335 3226 3607 3283 inibimus

1909 3313 2088 3379 foedus
2131 3312 2341 3368 amoris
2384 3312 2576 3379 debiti,
2624 3318 2684 3367 ut
2734 3315 2806 3368 sit
2845 3316 3207 3371 testimonium
3238 3330 3401 3372 amor
3447 3316 3601 3386 ipse,

1914 3400 2067 3470 quod
2099 3415 2212 3457 non
2241 3401 2510 3457 avellaris
2539 3416 2573 3456 a
2598 3416 2726 3458 mea
2754 3403 3088 3458 mutatione.

1982 3490 2149 3544 Vnus.
2199 3490 2287 3543 45.
2324 3519 2393 3531 -
2444 3491 2588 3547 Tulit
2640 3493 2824 3558 itaque
2865 3492 3027 3545 Jacob
3071 3492 3327 3560 lapidem,
3380 3492 3606 3549 intelle-

1913 3584 2040 3633 ctus
2069 3577 2283 3633 scilicet
2325 3578 2571 3648 arripuit
2600 3578 2706 3633 sibi
2746 3578 2923 3633 animi
2956 3579 3317 3647 soliditatem,
3346 3595 3418 3636 ne
3446 3580 3607 3637 dein-

1913 3680 2042 3735 ceps
2072 3665 2258 3721 evolet
2296 3665 2354 3720 in
2388 3667 2721 3734 vanitatem,
2766 3668 3033 3737 hancque
3060 3669 3117 3720 in
3168 3669 3386 3721 titulum
3415 3668 3605 3739 erigit,

1915 3753 2055 3824 quia
2102 3754 2173 3808 ad
2224 3768 2349 3810 eam
2398 3755 2693 3810 concitatis
2734 3755 3065 3824 quibusque
3108 3754 3261 3810 intra
3304 3756 3395 3810 vel
3442 3763 3609 3812 extra

1915 3842 2185 3910 motibus,
2237 3843 2403 3912 quasi
2436 3843 2507 3898 ad
2546 3843 2837 3913 quoddam
2881 3842 3212 3913 praesidium
3245 3842 3471 3915 insigne
3512 3858 3607 3900 re-

1916 3931 2116 3987 currit.
2166 3930 2430 3987 Soliditas
2477 3938 2688 3999 autem,
2740 3930 2864 4001 ipsa
2909 3938 2992 3987 est
3026 3931 3248 3987 sincera
3288 3931 3605 3988 humilitas.

1920 4018 2117 4089 (Vnus.
2150 4018 2265 4087 46.)
2308 4022 2567 4088 Dixitque
2595 4021 2868 4086 fratribus
2917 4022 3048 4074 suis.
3085 4021 3313 4076 Fratres
3355 4028 3491 4077 sunt
3518 4020 3609 4076 vel

1918 4107 2136 4164 robusti
2187 4108 2407 4178 quique
2438 4116 2627 4164 motus
2675 4108 2871 4175 animi,
2906 4123 3007 4165 seu
3038 4109 3298 4177 virtutes,
3341 4123 3408 4164 ac
3436 4109 3483 4165 si
3510 4109 3613 4164 ﬁlii

1850 4208 1890 4261 Ι)
1916 4209 1989 4251 ex
2027 4195 2225 4251 eadem
2257 4204 2443 4252 mente
2474 4196 2668 4266 geniti.
2712 4198 2920 4265 Atrei-te
2951 4197 3181 4266 lapides,
3234 4196 3446 4252 scilicet
3475 4211 3610 4267 pro—

1916 4284 2108 4355 ponite
2136 4283 2194 4339 in
2226 4285 2380 4339 omni
2416 4292 2547 4340 actu
2589 4293 2774 4341 vestro
2806 4285 3042 4341 affectus
3081 4285 3288 4341 solidos
3318 4299 3385 4340 ac
3415 4286 3613 4342 humi—

1917 4371 2015 4427 les.
2070 4372 2179 4436 Qui
2226 4377 2610 4439 congregantes
2651 4376 2892 4439 fecerunt
2951 4376 3241 4442 tumulum,
3296 4374 3351 4430 id
3397 4382 3483 4430 est
3540 4373 3612 4429 ad

1918 4458 2196 4515 unitatem
2239 4449 2643 4516 contendentes
2681 4460 2835 4531 justo
2880 4461 3079 4517 ordine
3119 4462 3507 4518 dilataverunt
3556 4476 3615 4517 se

1918 4560 2020 4618 per
2053 4547 2386 4603 cliaritatem
2414 4548 2673 4615 inferius,
2710 4558 2773 4604 ut
2799 4550 3035 4605 subtiles
3064 4551 3261 4607 ﬁerent
3283 4551 3337 4606 in
3372 4559 3617 4607 contem-

1922 4634 2172 4704 platione
2188 4637 2470 4705 superius.
2498 4636 2681 4707 Super
2711 4638 2865 4693 hunc
2885 4639 3213 4705 comedunt,
3238 4639 3377 4695 dum
3396 4639 3455 4694 in
3472 4639 3615 4694 cha-

1922 4724 2089 4781 ritate
2116 4724 2375 4792 radicati,
2400 4734 2455 4782 et
2486 4726 2709 4782 fundati
2737 4726 2933 4782 divina
2953 4728 3255 4783 dulcedine
3278 4728 3495 4798 (Ephes.
3531 4743 3612 4795 Ill,

1932 4815 2043 4882 l7),
2077 4827 2207 4883 quae
2229 4814 2600 4883 diligentibus
2628 4815 2684 4869 in
2718 4823 2983 4884 promptu
3015 4818 3115 4881 est,
3145 4830 3263 4871 sese
3291 4815 3577 4871 reﬁciunt.

1992 4902 2164 4959 VEns.
2198 4903 2285 4955 47.
2317 4888 2389 4944 ὲ-
2425 4904 2586 4958 Vocat
2616 4903 2803 4957 Laban
2838 4905 3125 4958 Tumulum
3166 4907 3337 4970 testis,
3365 4909 3415 4957 et
3441 4905 3617 4958 Jacob

1921 4992 2187 5048 Acervum
2236 4991 2547 5058 testimonii,
2598 4992 2969 5061 unusquisque
3009 4992 3181 5060 juccta
3234 4994 3619 5061 proprietatem

1924 5081 2123 5148 linguae
2141 5094 2270 5133 suae.
2305 5080 2478 5135 Aliter
2506 5081 2675 5135 sentit
2704 5087 2757 5134 et
2793 5079 3049 5148 loquitur
3088 5080 3303 5147 Laban,
3336 5080 3501 5135 aliter
3527 5081 3619 5135 Ja-

1924 5168 2045 5232 cob,
2083 5167 2221 5238 quia
2244 5168 2393 5223 alius
2414 5167 2733 5223 intellectus
2760 5175 2839 5223 est
2873 5168 3257 5239 supernejam
3275 5168 3617 5236 viventium,

1925 5262 1980 5311 et
2012 5255 2125 5310 alia
2152 5254 2427 5324 efﬁcacia,
2462 5256 2611 5311 alius
2646 5256 2700 5309 in
2733 5269 2900 5311 carne
2933 5254 3284 5325 degentium,
3317 5264 3371 5311 et
3401 5255 3512 5310 alia
3542 5271 3625 5311 eo-

1926 5358 2058 5400 rum
2116 5343 2417 5400 dcsideria.
2472 5344 2759 5399 Tumulus
2812 5350 3169 5398 mortuorum
3228 5344 3437 5399 usitate
3485 5344 3626 5400 sciet

1927 5432 2058 5488 dici.
2090 5433 2157 5488 Et
2211 5432 2339 5501 plus
2369 5440 2452 5487 est
2484 5431 2639 5486 testis
2669 5445 2846 5503 quam
2889 5430 3299 5499 testimonium,
3329 5430 3467 5500 quia
3498 5445 3625 5486 ma-
