3904 6066
289 236 397 291 239

1179 237 1242 290 V.
1284 233 1619 291 GUIBERTI
1657 232 1947 290 ABBATIS
1986 234 2042 288 S.
2087 233 2323 288 MARIIE
2360 232 2453 288 DE

2516 233 2899 290 NOVIGENTO
3687 238 3801 291 240

293 366 382 439 gis
422 366 811 423 testimonium
863 372 991 437 eget
1034 371 1172 421 teste
1215 377 1393 434 quam
1443 363 1598 420 testis
1646 362 1984 419 testimonio.
2026 367 2073 418 A
2100 363 2431 431 fueruntque
2473 366 2523 416 ei
2566 364 2776 418 obviam
2806 364 2990 432 angeli
3038 367 3152 420 Dei.
3205 366 3535 423 Intellectus
3576 368 3808 425 fmderis

294 455 490 511 Laban
534 469 670 526 ergo
701 454 982 510 candidus
1032 453 1122 508 ille
1151 461 1402 516 senatus.
1450 451 1550 523 qui
1595 460 1834 507 mortem
1870 451 1990 521 jam

291 543 431 600 obiit
469 543 741 613 explicito
795 541 1116 598 testimonio
1157 541 1309 608 fidei,
1359 554 1427 596 ac
1453 541 1644 611 operis
1686 540 1806 610 jam
1840 543 1994 595 testis

291 633 567 689 emeritus
614 632 800 687 factus
830 639 932 687 est.
965 631 1139 687 Jacob
1183 638 1376 686 autem
1408 643 1658 699 prmsens
1686 629 1989 699 fragilitas,

291 734 564 776 acervum
614 719 794 775 multo
842 720 1051 775 sudore
1099 719 1386 790 congerit,
1431 719 1571 774 dum
1624 717 1992 788 professionis

290 823 408 864 suae
445 807 765 864 testimonia
830 807 996 878 gerit.
1037 806 1232 879 (Vens.
1266 806 1379 875 48.)
1428 807 1688 860 Tumulus
1718 808 1864 859 testis
1908 812 1992 860 est

290 897 437 951 inter
467 896 660 951 Laban
690 903 744 951 et
769 896 960 961 Jacob,
1013 895 1153 950 dum
1202 903 1255 950 et
1284 894 1458 949 Jacob
1481 893 1602 962 jam
1634 893 1989 949 salvatorum

291 984 473 1039 inhiat
521 983 677 1050 sorti,
724 991 776 1039 et
806 983 1010 1039 salvati
1049 982 1167 1053 jam
1202 982 1666 1038 condescendunt
1711 987 1853 1036 I26
1882 981 1990 1036 ad-

280 1072 543 1142 juvando
589 1072 1006 1127 salvandorum
1057 1072 1326 1140 passioni.
1380 1071 1525 1127 Cum
1578 1070 1731 1126 enim
1762 1069 1833 1124 ad
1879 1083 1988 1124 ex-

286 1158 541 1229 emplum
585 1169 917 1215 sanctorum
964 1159 1408 1224 reminiscimur,
1460 1159 1625 1229 quasi
1672 1158 1742 1213 ad
1793 1167 1989 1214 tumu-

287 1247 409 1303 lum
461 1247 834 1317 respicimus,
883 1248 988 1316 ipsi
1034 1247 1103 1302 ad
1167 1247 1461 1303 tumulum
1520 1246 1733 1303 scilicet
1779 1247 1851 1301 ad
1900 1245 1988 1301 sui

287 1334 490 1407 quales
518 1336 655 1390 olim
687 1335 903 1390 fuerint
945 1333 1278 1390 memoriam
1306 1349 1364 1389 se
1408 1334 1686 1402 referunt,
1718 1348 1850 1390 cum
1887 1348 1987 1389 no-

295 1423 399 1490 bis,
432 1423 534 1493 qui
559 1424 742 1480 eidem
774 1423 1110 1479 innatamus
1135 1423 1274 1490 salo,
1306 1423 1702 1479 miserescunt.

361 1512 531 1569 VERS.
593 1513 681 1580 49,
741 1513 828 1567 50.
887 1542 959 1553 -
1014 1514 1295 1566 Intueatur
1360 1514 1618 1565 Dominus
1685 1517 1734 1565 et
1775 1509 1990 1580 judicet

290 1603 436 1654 inter
464 1614 582 1665 nos,
634 1601 852 1668 quando
899 1602 1269 1654 recesserimus
1305 1616 1339 1654 a
1382 1601 1556 1666 nobis,
1612 1603 1663 1654 si
1714 1601 1989 1668 afﬂimeris

291 1687 439 1758 ﬁlias
488 1703 653 1752 meas,
706 1694 757 1743 et
802 1687 1173 1742 introduxeris
1222 1703 1422 1742 umores
1470 1689 1611 1742 alias
1658 1703 1822 1758 super
1867 1702 1992 1761 eas;

283 1778 467 1832 nullus
510 1781 769 1831 sermonis
798 1780 976 1831 nostri
1007 1779 1157 1832 testis
1203 1782 1281 1832 est
1310 1778 1517 1847 absque
1549 1780 1672 1844 Deo,
1726 1779 1823 1847 qui
1851 1792 1991 1846 pra-

284 1879 404 1919 sens
433 1866 675 1934 respicit.
710 1864 940 1920 Becedit
974 1864 1167 1919 Laban
1199 1878 1233 1918 a
1261 1864 1455 1930 Jacob,
1488 1879 1622 1920 cum
1652 1863 1834 1919 sancti
1867 1863 1994 1933 qui-

286 1950 447 2019 libet,
502 1960 558 2008 et
604 1952 651 2006 si
692 1952 954 2021 exempla
999 1951 1358 2022 reliquerint,
1404 1960 1597 2008 nostro
1646 1959 1837 2007 tamen
1889 1965 1991 2006 nos

290 2041 636 2110 relinquunt
663 2039 923 2095 arbitrio.
956 2040 1286 2109 Afﬂigimus
1305 2041 1470 2109 filias,
1498 2048 1552 2096 et
1581 2038 1991 2109 superinduxi-

284 2142 417 2184 mus
464 2143 660 2183 umores
703 2130 866 2195 alias,
901 2142 1035 2183 cum
1083 2128 1297 2183 dimoto
1339 2130 1647 2198 utriusque
1692 2129 1821 2183 vitae
1851 2142 1989 2184 con-

283 2216 475 2282 sortio,
520 2215 743 2272 libidini
774 2216 1018 2285 propriae
1050 2217 1377 2272 voluntates
1407 2218 1782 2272 admovemus
1812 2217 1987 2272 adul—

283 2314 454 2371 teras,
504 2318 678 2375 super
723 2305 939 2374 quibus
986 2305 1167 2360 Deum
1218 2314 1658 2374 prospectorem,
1705 2314 1759 2360 et
1809 2305 1981 2361 inter-

284 2408 491 2449 norum
540 2400 731 2449 testem
795 2393 1159 2448 diseretorem
1193 2394 1307 2449 fore
1351 2402 1613 2461 constat,
1676 2394 1779 2464 qui
1828 2395 1986 2451 solus

285 2482 543 2537 intuetur
576 2481 975 2537 conscientias.

354 2571 532 2626 Vsus.
593 2572 677 2623 52.
732 2600 800 2608 —
847 2570 910 2624 Si
959 2574 1137 2622 autem
1193 2567 1317 2641 [al.,
1360 2567 1479 2640 aut]
1530 2585 1623 2638 ego
1663 2572 1978 2639 praeteriero

281 2672 507 2726 pergens
554 2657 629 2709 ad
673 2662 721 2709 te
754 2657 902 2725 illuc,
953 2660 1049 2709 aut
1099 2662 1157 2709 tu
1207 2659 1559 2727 praeterieris,
1609 2659 1812 2711 malum
1843 2659 1983 2712 mihi

282 2748 546 2815 cogitans,
602 2744 657 2799 id
690 2753 771 2799 est
821 2744 867 2799 si
917 2760 1021 2814 ego
1051 2745 1190 2800 dum
1243 2760 1332 2800 me
1364 2746 1436 2800 ad
1477 2754 1529 2801 te
1579 2754 1980 2815 perrecturum

284 2828 585 2903 profiteor,
655 2831 797 2886 illud
858 2831 1246 2888 testimonium
1308 2835 1632 2903 praeteriero
1696 2848 1975 2903 peccans,

284 2928 387 2976 aut
465 2928 528 2975 tu
591 2918 931 2989 praeterieris
989 2920 1147 2990 quod
1222 2921 1341 2976 fieri
1412 2936 1524 2977 non
1588 2931 1807 2992 potest,
1882 2923 1978 2978 tibi

283 3007 387 3063 soli
443 3007 701 3078 cogitans
758 3015 988 3078 tuaque
1043 3006 1240 3078 gloriae
1288 3010 1695 3080 congaudens,
1755 3017 1820 3066 ut
1870 3012 1976 3066 sci-

282 3096 413 3152 licet
469 3110 570 3166 pro
632 3110 721 3151 me
777 3096 1057 3152 laboranti
1113 3111 1277 3153 orare
1334 3098 1582 3164 desinas,
1631 3100 1787 3170 quod
1845 3114 1981 3169 pro-

284 3185 430 3240 fecto
465 3185 510 3239 si
544 3185 641 3239 fiat
670 3185 887 3240 malum
935 3185 1075 3240 mihi
1119 3186 1244 3241 erit.
1279 3187 1472 3257 (Vens.
1511 3188 1623 3259 53.)
1673 3188 1977 3255 Discretor,

281 3280 335 3328 et
374 3272 557 3343 judex
588 3274 696 3328 crit
743 3273 953 3328 horum
1006 3277 1140 3327 Deus
1201 3276 1507 3342 Abraham,
1564 3276 1618 3331 id
1669 3285 1773 3342 est,
1813 3276 1982 3332 intel—

282 3361 648 3417 lectualitatis
704 3368 835 3428 tute,
892 3378 923 3417 ο
978 3363 1181 3426 Jacob,
1236 3372 1292 3419 et
1354 3362 1502 3419 idem
1570 3378 1775 3420 rursus
1836 3365 1981 3420 Deus

283 3450 517 3515 Nachor,
571 3448 627 3503 id
677 3455 759 3503 est
812 3450 1040 3519 requies
1088 3450 1342 3515 luminis,
1404 3452 1557 3521 quod
1606 3460 1691 3507 est
1745 3452 1975 3517 Lahan,

281 3537 481 3593 aeterni
529 3536 742 3592 scilicet
791 3538 1079 3607 candoris,
1113 3540 1211 3609 qui
1258 3541 1401 3595 Deus
1438 3543 1622 3609 patris
1665 3549 1767 3607 est,
1801 3558 1982 3596 eorum

282 3627 452 3689 Deus,
521 3624 735 3680 scilicet
788 3624 993 3681 Christi
1059 3626 1381 3682 secundum
1434 3641 1738 3697 personam
1805 3629 1976 3685 servi.

281 3712 408 3782 Ipse
449 3713 601 3768 enim
642 3714 718 3768 ita
768 3714 924 3769 caelis
957 3715 1310 3782 dominatur,
1343 3723 1407 3772 ut
1448 3725 1633 3773 terrae.
1665 3720 1826 3772 Jurat
1856 3718 1975 3788 [al.,

273 3801 490 3868 juravit
537 3798 685 3872 ergo]
739 3803 900 3856 Jacob
940 3818 1040 3872 per
1079 3806 1323 3858 timorem
1360 3807 1542 3874 patris
1586 3806 1777 3871 Isaac,
1828 3806 1980 3861 intra

276 3888 414 3957 jura
443 3888 655 3944 divinae
704 3889 844 3960 legis
872 3904 930 3945 se
981 3891 1250 3959 continet,
1301 3891 1508 3948 timens
1536 3907 1608 3949 ne
1651 3893 1979 3950 excedendo

280 3975 504 4045 paterni
536 3976 731 4046 gaudii
764 3985 979 4033 aeterna
1011 3978 1226 4035 visione
1255 3994 1315 4035 se
1334 3981 1537 4049 privet.

350 4062 521 4119 Vens.
558 4064 644 4117 54.
677 4093 748 4104 -
795 4066 1192 4135 lmmolatisque
1238 4067 1511 4123 vitiorum
1541 4069 1802 4124 omnium
1846 4082 1978 4125 vere

280 4150 392 4204 Deo
444 4148 668 4218 placitis
711 4153 969 4218 victimis,
1006 4155 1065 4206 in
1110 4158 1303 4220 monte,
1340 4152 1395 4208 id
1439 4161 1524 4209 est
1571 4153 1629 4209 in
1667 4154 1978 4210 eminentia

279 4324 586 4381 rationales
636 4334 802 4383 vocat
828 4328 1021 4396 Jacob,
1075 4329 1128 4384 id
1170 4338 1254 4386 est
1298 4329 1638 4397 intellectus,
1690 4339 1753 4386 ut
1800 4345 1977 4387 come-

278 4407 435 4476 dant,
464 4408 583 4479 jam
614 4417 861 4466 mactato
891 4413 1046 4467 omni
1078 4414 1335 4481 crimine,
1369 4415 1705 4485 angelorum
1744 4430 1970 4486 panem,

277 4497 379 4567 qui
408 4505 492 4553 est
521 4498 803 4554 Christus.
851 4500 1172 4556 Comedunt
1199 4510 1253 4557 et
1287 4510 1519 4559 manent
1546 4503 1646 4569 ibi,
1679 4502 1973 4560 Christum

276 4599 530 4657 namque
577 4601 783 4657 panem
842 4596 1173 4659 gustantes,
1228 4599 1660 4660 perseveranter
1714 4592 1975 4664 incorpo-

277 4683 486 4731 rantur
521 4675 624 4730 illi.
676 4675 868 4745 (Vens.
918 4678 1032 4745 55.)
1064 4679 1254 4732 Laban
1293 4694 1417 4732 vero
1460 4679 1527 4732 de
1555 4683 1706 4734 nocte
1746 4697 1973 4736 consur-

273 4776 423 4829 gens,
457 4762 513 4818 id
560 4771 644 4818 est
674 4763 743 4818 de
774 4765 988 4833 peccati
1017 4765 1243 4831 inertia
1286 4781 1488 4823 verum
1531 4768 1705 4824 Jacob
1734 4784 1973 4841 surgere

273 4850 508 4919 faciens,
563 4852 837 4907 osculatus
904 4858 983 4907 est
1033 4855 1173 4922 ﬁlios
1233 4870 1358 4909 suos
1417 4861 1467 4909 et
1518 4858 1700 4925 ﬁlias,
1760 4859 1971 4915 caelesti

274 4939 486 4995 scilicet
518 4953 666 5010 pane
709 4954 775 4995 ac
825 4941 1129 4997 dulcedine
1164 4942 1354 5003 fortes.
1405 4951 1459 4999 ct
1501 4944 1761 5002 infirmos
1789 4954 1972 5004 status

274 5028 472 5096 animi,
511 5043 657 5098 quos
684 5029 755 5084 ad
786 5043 941 5099 spem
970 5045 1283 5100 supernam
1314 5041 1613 5103 genuerat,
1648 5036 1968 5104 animavit;

274 5120 325 5170 et
349 5115 627 5170 benedixit
668 5119 767 5182 eis,
825 5116 879 5172 id
908 5124 992 5173 est
1019 5120 1280 5189 exemplo
1326 5121 1510 5189 auxit,
1564 5131 1877 5191 revertens,
1913 5124 1969 5178 id

272 5209 355 5258 est
385 5202 593 5258 reverti
643 5204 855 5260 faciens
902 5204 1091 5274 ipsum
1122 5209 1180 5261 in
1231 5209 1401 5264 locum
1454 5224 1630 5277 suum,
1678 5209 1970 5266 Christum

272 5289 555 5352 videlicet,
586 5293 688 5362 qui
734 5307 865 5348 cum
898 5293 971 5350 sit
1017 5296 1302 5364 omnium,
1356 5297 1620 5368 specialis
1660 5305 1850 5354 tamen
1896 5298 1971 5354 Ιορ

273 5393 378 5436 cus
407 5386 491 5434 est
521 5394 578 5435 se
608 5381 995 5451 diligentiam.

868 5469 1095 5528 CAPUT
1131 5472 1370 5528 XXXII.

342 5553 514 5611 Vens.
548 5557 598 5608 l.
629 5582 698 5598 -—
722 5557 889 5611 Jacob
923 5575 1133 5628 quoque
1160 5560 1301 5615 abiit
1329 5562 1523 5618 itinere
1552 5578 1656 5632 quo
1686 5570 1917 5635 mperat
1949 5582 1963 5622 :

2102 451 2294 507 Laban
2326 459 2510 521 coepta
2554 452 2944 521 prosequitur,
2977 459 3032 509 et
3061 463 3377 509 occurrunt
3406 455 3516 524 piae
3554 456 3681 525 ejus
3716 459 3803 512 in-

2102 539 2358 604 tentioni,
2396 542 2576 595 instar
2606 541 2967 611 angelorum,
2990 555 3121 612 qum
3150 542 3298 597 bona
3328 542 3417 598 his
3448 545 3700 614 gerenda
3720 546 3809 601 de-

2101 627 2367 682 nuntient
2394 628 2569 683 verba
2589 628 2771 683 divini
2792 628 3027 700 eloquii.
3058 630 3249 699 (Vens.
3268 633 3349 700 2.)
3371 633 3480 686 Hos
3503 648 3623 686 cum
3641 635 3808 687 vidis-

2096 721 2196 781 set,
2251 716 2303 770 id
2351 724 2434 771 est
2487 716 2873 781 intellexisset,
2924 721 3049 772 ait:
3093 720 3297 773 Castra
3345 721 3448 774 Dei
3494 725 3623 775 sunt
3670 724 3801 778 haec.

2098 803 2295 858 Castra
2324 803 2550 873 proprie
2572 804 2943 861 militantium
2966 814 3121 862 sunt.
3143 809 3284 873 Haec,
3308 807 3516 878 inquit,
3543 810 3620 865 nil
3641 810 3806 866 aliud

2099 904 2276 961 quam
2322 891 2533 948 divina;
2567 893 2780 948 militiae
2811 895 3086 950 exercitia
3121 909 3189 950 ac
3229 896 3628 952 coercitionem
3660 912 3804 967 pra)-

2095 979 2306 1035 dicant.
2357 980 2556 1036 Castra
2610 981 2765 1035 enim
2815 995 2848 1035 a
2895 982 3178 1036 coercendo
3229 981 3525 1037 dicuntur.
3585 985 3801 1040 Arcent

2098 1081 2235 1124 sane
2278 1082 2311 1122 a
2340 1083 2397 1122 se.
2429 1069 2672 1132 hostem,
2719 1078 2773 1124 et
2819 1070 3253 1138 disciplinaliter
3299 1084 3360 1125 se
3416 1074 3799 1144 restringunt.

2099 1158 2363 1226 Appellat
2416 1172 2606 1211 nomen
2660 1159 2764 1211 loci
2811 1159 2962 1212 illius
3020 1161 3286 1226 Manain,
3348 1160 3407 1213 id
3460 1166 3538 1214 est
3598 1168 3802 1229 castra,

2098 1245 2237 1315 quia
2279 1242 2572 1302 Christum
2616 1246 2704 1301 vel
2741 1247 2915 1315 ipsam
2962 1246 3339 1317 Scripturam,
3387 1249 3444 1303 in
3477 1264 3595 1319 qua
3624 1250 3804 1306 locari

2099 1332 2389 1401 debemus,
2436 1335 2862 1390 munimentum
2900 1334 3424 1406 cohibitionemque
3452 1351 3617 1393 suam
3645 1340 3805 1393 aesti-

2099 1428 2235 1477 mat.

2170 1509 2341 1566 VEltS.
2376 1513 2428 1576 3,
2456 1512 2508 1565 4.
2539 1540 2607 1548 -
2628 1512 2782 1565 Misit
2803 1516 2979 1564 autem
3001 1515 3217 1565 nuntios
3231 1516 3354 1565 ante
3365 1528 3420 1566 se
3432 1513 3505 1566 ad
3517 1516 3664 1568 Esau
3675 1517 3802 1581 fra-

2100 1603 2233 1651 trem
2253 1613 2409 1652 suum
2428 1601 2486 1652 in
2508 1604 2707 1652 terram
2729 1599 2790 1653 Se
2799 1603 2850 1652 ir
2867 1603 3100 1665 regionis
3122 1600 3321 1664 Edam,
3340 1605 3703 1671 praecepitque
3719 1607 3802 1657 eis

2036 1672 2075 1724 Β
2103 1685 2285 1741 dicens
2311 1703 2323 1741 :
2347 1692 2387 1742 Α
2397 1687 2511 1756 pud
2535 1687 2727 1742 Laban
2754 1690 3133 1758 peregrinatus
3153 1703 3273 1741 sum
3296 1705 3462 1757 usque
3491 1692 3547 1743 in
3568 1706 3803 1758 praesen-

2104 1778 2205 1828 tem
2233 1774 2392 1828 diem.
2428 1775 2626 1830 Nuntii
2659 1774 2760 1844 qui
2795 1783 3051 1844 praeeunt
3077 1776 3251 1831 Jacob
3282 1777 3353 1831 ad
3406 1777 3573 1843 Esaii,
3606 1786 3803 1833 motus

2101 1869 2238 1917 sunt
2266 1863 2743 1931 compunctionis,
2776 1870 2830 1917 et
2878 1862 3161 1918 desideria
3202 1862 3442 1932 pietatis,
3477 1878 3607 1933 quae
3646 1878 3801 1934 saepe

2099 1958 2320 2006 constat
2370 1950 2596 2005 mittere
2655 1949 3035 2017 intellectum,
3089 1950 3159 2005 ad
3209 1950 3614 2007 emolliendum
3663 1966 3801 2007 eum

2098 2038 2200 2108 qui
2233 2039 2369 2094 olim
2403 2038 2509 2093 sibi
2545 2037 2801 2106 improbe
2830 2037 3240 2094 dominabatur
3275 2038 3561 2094 affectum.
3597 2040 3801 2117 Frater

2096 2127 2327 2194 dicitur,
2362 2127 2501 2197 quia
2529 2141 2601 2182 ex
2622 2126 2819 2182 eadem
2845 2136 3030 2182 mente
3059 2135 3245 2198 quaet
3274 2128 3420 2183 ratio
3441 2126 3720 2198 gignitur.
3741 2129 3801 2184 Is

2094 2216 2249 2271 Esau
2280 2215 2339 2271 in
2368 2223 2521 2270 terra
2561 2214 2683 2270 Seir
2711 2220 3049 2281 commanet,
3084 2215 3238 2286 quod
3273 2218 3483 2284 pilosus
3509 2215 3797 2286 interpre-

2096 2312 2270 2371 tatur,
2321 2304 2461 2374 quia
2507 2301 2728 2358 afi‘ectio
2762 2302 2820 2357 in
2871 2303 3109 2359 terrenis
3151 2303 3343 2373 jacere
3377 2304 3653 2374 gaudens,
3687 2319 3796 2360 su-

2093 2392 2418 2461 perﬂuitate
2485 2392 2688 2447 crebra
2738 2392 3077 2462 contegitur.
3136 2392 3283 2448 Nam
3340 2392 3582 2449 vanitati
3640 2407 3795 2463 saepe

2089 2478 2331 2535 libenter
2361 2479 2684 2548 addicitur;
2734 2479 2878 2534 etin
2928 2480 3160 2550 regione
3203 2480 3402 2548 Edom,
3457 2481 3511 2536 id
3543 2490 3626 2536 est
3672 2495 3797 2549 pee-

2091 2566 2222 2634 cati,
2269 2567 2423 2637 quod
2472 2575 2556 2623 est
2588 2567 2738 2621 circa
2771 2577 3088 2635 peccatum,
3139 2577 3254 2624 tota
3287 2570 3560 2625 aviditate
3603 2584 3797 2625 versa-

2090 2662 2203 2709 tur.
2241 2654 2421 2709 Edom
2444 2655 2602 2709 enim
2631 2659 2853 2721 sanguis
2875 2655 3109 2723 dicitur,
3138 2666 3192 2712 ct
3217 2658 3457 2728 sanguis
3490 2665 3792 2727 peceatum

2088 2742 2298 2813 signat.
2324 2743 2494 2812 Apud
2524 2743 2737 2813 Laban,
2769 2744 2978 2814 inquit,
3009 2746 3219 2802 caelesti
3244 2747 3480 2802 candori
3514 2745 3793 2802 iuhiando

2089 2838 2350 2885 versatus
2382 2844 2533 2894 sum,
2568 2845 2751 2901 usque
2783 2832 2840 2887 in
2876 2832 3037 2889 illum
3070 2848 3158 2889 me
3186 2834 3518 2902 extendens,
3551 2835 3653 2905 qui
3684 2850 3795 2891 nec

2091 2920 2360 2989 praeterit,
2413 2934 2517 2974 nec
2564 2920 2817 2988 futurus,
2866 2923 2962 2977 sed
3013 2937 3234 2993 semper
3281 2922 3614 2979 mternitatis
3662 2939 3795 2980 con-

2092 3008 2302 3063 stantia
2331 3022 2582 3078 praascus
2610 3017 2712 3065 est.
2748 3010 2872 3079 Ipse
2901 3012 3057 3066 enim
3095 3013 3174 3067 ait
3207 3027 3220 3066 :
3253 3014 3367 3078 Ego
3396 3028 3515 3067 sum
3542 3015 3639 3081 qui
3666 3028 3790 3068 sum

2091 3096 2289 3167 (Exod.
2324 3112 2402 3164 ιιι,
2434 3097 2560 3166 14);
2589 3105 2643 3153 et
2673 3114 2689 3166 ;
2724 3100 2829 3165 Qui
2859 3106 2937 3153 est
2965 3102 3117 3154 misit
3143 3116 3226 3154 me
3245 3101 3431 3169 (ibid,
3461 3100 3569 3171 l5).

2163 3185 2333 3241 Vens.
2370 3188 2419 3239 5.
2451 3216 2517 3225 —
2548 3186 2727 3241 Habeo
2776 3188 2947 3256 boves,
2984 3188 3333 3245 maturitatis
3379 3194 3433 3244 et
3462 3189 3791 3259 prudentiae

2089 3273 2147 3328 in
2178 3274 2528 3329 discussione
2572 3275 2954 3343 terrenitatis;
2997 3279 3175 3331 asinos
3220 3277 3674 3347 irrepugnantize
3718 3293 3789 3334 ac

2089 3362 2501 3432 simplicitatis:
2531 3378 2650 3417 oves
2691 3364 2978 3420 muniﬁcas
3012 3365 3310 3436 utilitatis;
3341 3381 3540 3434 servos,
3572 3376 3791 3436 proter-

2087 3450 2213 3506 vias
2254 3451 2473 3520 animi;
2526 3453 2755 3507 ancillas
2804 3453 3042 3508 lascivas
3070 3461 3124 3509 et
3173 3453 3524 3509 titillationes
3570 3454 3785 3509 carnis.

2088 3537 2193 3593 Ilia
2224 3546 2283 3594 ut
2328 3539 2577 3608 praesint,
2612 3540 2733 3595 haec
2764 3548 2827 3596 ut
2858 3540 3084 3596 subsint
3124 3541 3328 3597 habeo.
3355 3543 3615 3612 Mittoque
3641 3558 3789 3596 nunc

2089 3629 2425 3695 legationem,
2458 3628 2613 3683 haud
2649 3629 2891 3684 dubium
2924 3630 3068 3700 quin
3093 3630 3272 3686 animi
3298 3630 3678 3699 devotionern,
3709 3630 3790 3684 ad

2085 3717 2392 3785 Dominum,
2440 3724 2492 3771 te
2524 3717 2735 3772 scilicet
2781 3717 2880 3787 qui
2933 3719 3210 3774 hactenus
3256 3732 3432 3788 super
3461 3733 3549 3775 me
3596 3719 3789 3789 impe»

2087 3804 2237 3859 rium
2287 3805 2619 3874 usurpasti,
2670 3812 2730 3860 ut
2780 3809 3051 3862 inveniam
3099 3810 3339 3876 gratiam
3384 3810 3443 3861 in
3496 3812 3787 3877 conspectu

2087 3896 2196 3959 tuo,
2232 3892 2289 3948 id
2319 3900 2403 3948 est
2455 3901 2517 3949 ut
2549 3894 2645 3950 Dei
2678 3895 2924 3965 gratiam
2953 3910 3068 3951 non
3108 3896 3403 3953 luxuriam
3449 3905 3550 3953 aut
3582 3897 3784 3953 avari-

2086 3979 2223 4036 tiam
2256 3981 2493 4050 patiaris
2522 3981 2769 4038 inveniri
2803 3986 2859 4039 in
2894 3984 3205 4041 intentione
3233 3992 3353 4041 tua.

2156 4068 2329 4125 Vens.
2374 4072 2424 4124 6.
2470 4100 2543 4111 —
2597 4072 2820 4126 Reversi
2863 4075 3048 4128 nuntii
3090 4072 3166 4127 ad
3213 4073 3401 4128 Jacob.
3458 4074 3655 4129 Nuntii
3707 4074 3788 4128 ad

2082 4158 2258 4212 Jacob
2304 4166 2707 4227 revertuntur,
2765 4175 2897 4216 cum
2968 4161 3376 4217 intellectualia
3425 4160 3706 4217 desideria
3748 4176 3786 4218 a

182 4252 191 4259 ο
278 4236 528 4303 virtutis,
560 4239 771 4303 fratres
802 4239 1056 4309 ejusdem
1087 4243 1293 4297 mentis
1323 4241 1468 4296 filios
1494 4249 1685 4298 motus
1714 4256 1977 4314 quosque
2016 4271 2057 4324 ο
2084 4246 2304 4302 carnali
2329 4245 2536 4304 alTectu
2564 4249 3023 4305 diverberantur.
3052 4252 3427 4318 Accessimus,
3460 4251 3641 4319 aiunt,
3678 4265 3786 4321 per

2085 4334 2192 4404 piae
2223 4335 2569 4392 oblationem
2616 4338 2931 4394 voluntatis
2973 4339 3044 4394 ad
3091 4338 3376 4407 effectum,
3408 4346 3458 4394 et
3499 4356 3610 4394 ecce
3656 4357 3783 4395 cum

2082 4423 2500 4492 quadringentis
2545 4426 2683 4480 viris
2735 4429 2794 4481 in
2841 4443 3117 4482 occursum
3166 4428 3268 4481 tibi
3312 4433 3586 4498 prOperat,
3640 4442 3779 4484 cum

2083 4512 2456 4570 universitate
2501 4515 2761 4570 videlicet
2813 4515 3137 4586 temporalis
3162 4516 3467 4586 superbiae,
3518 4517 3783 4573 adversi-

2080 4606 2265 4656 tatum
2296 4601 2396 4657 tibi
2442 4602 2729 4658 molestias
2759 4604 3021 4659 concitat.
3057 4603 3163 4659 Per
3210 4604 3382 4671 viros,
3415 4604 3561 4661 sicut
3591 4612 3645 4660 et
3673 4620 3781 4676 per

2080 4689 2385 4756 masculos,
2420 4690 2595 4745 stulta
2624 4690 2888 4759 audacia,
2936 4706 3037 4762 per
3069 4692 3459 4749 centenarium
3494 4694 3779 4750 universi-

2080 4783 2186 4843 tas,
2220 4777 2593 4847 quaternario
2626 4778 2908 4849 accipitur
2939 4779 3344 4850 temporalitas.

2150 4864 2321 4920 Vnus.
2345 4869 2396 4931 7,
2420 4867 2471 4919 8.
2497 4895 2560 4906 --
2579 4869 2789 4921 Timens
2809 4868 2973 4922 Jacob
2993 4867 3170 4934 valde,
3194 4869 3387 4923 divisit
3398 4870 3655 4938 populum
3676 4875 3780 4940 qui

2077 4966 2256 5006 secum
2294 4958 2431 5007 I27
2465 4959 2600 5021 erat,
2634 4971 2819 5023 greges
2856 4972 3065 5026 quoque
3106 4960 3155 5011 et
3183 4972 3324 5024 oves,
3366 4964 3416 5012 et
3445 4959 3694 5025 camelos,
3722 4966 3778 5015 et

2078 5039 2231 5095 boves
2261 5043 2318 5094 in
2347 5040 2487 5097 duas
2509 5047 2732 5097 turmas.
2765 5043 2908 5100 Cum
2943 5044 3135 5100 carnis
3165 5043 3462 5101 imminere
3491 5047 3780 5105 sentimus

2076 5126 2353 5196 impetum
2384 5138 2816 5199 scquestramus
2840 5131 2912 5187 ah
2944 5131 3165 5198 ovium,
3202 5131 3397 5199 boum,
3420 5134 3779 5194 camelorum

2078 5216 2132 5272 id
2162 5224 2247 5273 est
2274 5218 2382 5289 piae
2427 5218 2731 5291 largitatis,
2761 5228 2973 5277 sanctae
3002 5221 3321 5291 gravitatis,
3373 5235 3441 5277 ac
3470 5223 3778 5282 humilita-

2078 5302 2165 5371 tis,
2198 5318 2441 5375 gregum
2489 5321 2740 5377 quoque,
2792 5308 3153 5378 cogitationis
3199 5308 3415 5365 scilicet
3463 5315 3773 5381 gregatim,

2074 5400 2128 5448 ct
2174 5393 2618 5463 disciplinariter
2664 5396 2887 5465 agentis
2933 5411 3072 5452 vera
3122 5411 3189 5452 ac
3228 5398 3353 5453 utili
3402 5399 3772 5471 substantia;

2075 5481 2352 5550 populum
2379 5483 2733 5539 carnalitatis
2765 5485 2993 5555 vulgari
3028 5485 3261 5541 lascivia
3285 5485 3690 5556 instrepeutem
3714 5490 3774 5545 in

2071 5574 2327 5624 turmam
2350 5578 2406 5624 et
2438 5577 2708 5637 turmam,
2739 5579 2803 5628 ut
2833 5586 2964 5629 caro
2994 5575 3362 5645 concupiscat
3395 5575 3452 5631 in
3477 5575 3770 5647 spiritum,
