3902 6054
129 176 230 228 241

1317 176 1684 235 MORALIUM
1724 177 1796 231 IN
1834 176 2134 234 GENESIN
2174 180 2301 234 LIB.
2342 179 2485 235 VIII.

128 316 185 363 et
236 309 488 379 spiritus
530 311 591 366 in
640 324 874 367 carnem
919 311 1071 379 (Gal.
1126 326 1178 377 ν,
1233 312 1337 381 17).
1382 312 1444 368 Si
1487 313 1832 381 percusserit,
1873 312 1921 366 A
1949 321 2171 375 menta,
2230 326 2413 368 unum
2462 311 2676 368 scilicet
2716 312 3048 380 denarium,
3102 319 3157 369 et
3214 327 3314 383 per
3364 314 3650 372 internam

129 397 359 467 inquit,
391 401 541 453 Esau
568 414 753 466 unam,
805 399 861 455 id
891 405 974 454 est
1014 400 1059 453 si
1090 398 1423 454 seditionem
1458 399 1697 455 allectus
1743 413 1844 455 ex-

130 486 276 541 citat
328 487 388 542 in
434 486 862 557 corporalibus,
909 500 977 543 ea
1027 501 1159 557 quie
1209 487 1486 543 remotius
1535 487 1609 543 ab
1658 486 1740 543 eis
1784 502 1846 543 se

130 576 344 647 egerit,
378 589 515 646 pars
547 576 874 633 salvabitur
902 577 960 631 in
1002 575 1421 645 spiritualibus.
1455 575 1561 632 Sed
1596 576 1656 631 in
1688 583 1844 632 tanto

130 664 459 720 certamine
487 664 561 721 ad
594 665 773 721 Deum
808 678 1035 721 necesse
1058 670 1158 731 est,
1192 664 1365 720 homo
1388 663 1628 720 interior
1648 678 1707 720 se
1726 678 1849 720 ver-

129 760 235 807 tat.
277 752 483 821 (Vnus.
516 753 596 823 9.)
635 754 801 820 Deus,
834 753 932 819 ait,
962 755 1145 822 patris
1174 752 1595 816 meiAbraham,
1626 757 1677 806 et
1709 754 1844 807 Deus

128 842 315 906 Isaac,
353 840 409 895 id
443 848 527 896 est
554 840 726 907 Dens,
759 839 864 910 qui
895 854 997 910 per
1034 838 1313 894 rationem
1345 840 1539 895 lumen
1563 848 1617 895 et
1643 837 1844 895 aeterni

129 928 343 998 gaudii
374 943 531 998 spem
565 928 704 984 mihi
738 927 1136 998 patrocinaris.
1171 929 1409 994 Domine,
1439 930 1537 997 qui
1566 927 1844 983 indixeris

128 1017 289 1083 mihi,
326 1024 392 1071 ut
443 1025 759 1072 reverterer
796 1018 855 1070 in
882 1020 1103 1083 terram,
1145 1015 1200 1070 id
1244 1023 1329 1071 est
1361 1015 1841 1072 incultibilitatem

130 1104 355 1159 mentis
407 1103 732 1175 frugifera;
778 1111 832 1160 et
864 1118 963 1174 per
1012 1104 1161 1159 hanc
1194 1103 1252 1158 in
1296 1103 1483 1160 locum
1534 1107 1842 1159 nativitatis

129 1207 315 1255 meae,
379 1200 595 1248 statum
656 1191 873 1248 scilicet
931 1191 1416 1247 immutabilitatis
1484 1192 1844 1263 originaliter

128 1280 275 1335 mihi
328 1280 554 1348 debitae,
602 1288 668 1337 ut
716 1281 797 1336 sic
827 1281 1045 1337 bonum
1094 1279 1236 1336 mihi
1282 1280 1380 1335 ﬁat
1411 1278 1544 1335 vitae
1590 1288 1837 1336 aeternae.

129 1368 333 1436 (Vens.
392 1369 506 1437 10.)
556 1371 735 1423 Minor
783 1384 935 1435 sum,
988 1372 1229 1435 Domine,
1266 1370 1472 1423 cunctis
1511 1369 1841 1425 misericor-

126 1455 304 1520 diter,
342 1464 395 1511 et
446 1457 662 1526 absque
694 1456 894 1512 merito
944 1457 1081 1511 mihi
1115 1463 1231 1512 ate
1262 1456 1523 1524 collatis;
1570 1472 1705 1512 nam
1732 1472 1841 1513 ex—

127 1544 284 1599 cellit
334 1545 526 1615 gratia
571 1544 845 1611 ofﬁcium,
879 1552 933 1600 et
980 1544 1220 1600 veritate
1264 1548 1443 1599 minor
1472 1561 1611 1612 sum,
1662 1559 1837 1615 quam

125 1632 418 1701 promissa
475 1633 849 1703 compleveris
898 1641 954 1689 et
998 1633 1331 1703 complebis.
1383 1635 1451 1689 In
1499 1634 1684 1688 baculo
1728 1649 1842 1689 meo

126 1723 378 1775 transivi
418 1721 709 1776 Jordanem
755 1724 940 1786 istum,
977 1720 1395 1790 temporalibus
1443 1720 1532 1776 his
1577 1720 1841 1778 videlicet

126 1808 301 1865 bonis
332 1816 620 1879 tanquam
649 1808 838 1865 baculi
864 1808 1066 1865 solatio
1100 1809 1349 1865 innitens
1370 1808 1630 1874 transivi,
1663 1809 1843 1866 donec

125 1897 623 1968 concupiscentiis
650 1899 777 1967 ejus
825 1897 990 1967 plene
1019 1911 1304 1963 exuerer;
1345 1898 1654 1954 Iordanem
1693 1911 1839 1967 prie-

126 1986 314 2041 sentis
357 1986 575 2054 saeculi,
609 1986 711 2056 qui
739 1987 1045 2042 descensus
1071 2000 1271 2042 eorum
1303 1985 1533 2053 dicitur,
1567 1986 1668 2055 qui
1710 1984 1841 2040 val-

124 2073 238 2129 lem
271 2073 674 2145 lacrymarum
706 2082 1048 2141 excurrunt,
1084 2079 1136 2128 et
1158 2089 1300 2128 nunc
1332 2090 1451 2128 cum
1478 2075 1690 2128 duabus
1722 2079 1841 2128 tur-

124 2165 230 2216 mis
276 2162 596 2230 regredior,
650 2162 702 2217 id
766 2170 849 2218 est
901 2176 1035 2217 cum
1084 2162 1213 2218 forti
1278 2161 1556 2218 divisione
1603 2161 1841 2232 spiritus

126 2251 419 2306 adversus
465 2264 717 2319 carnem,
765 2250 836 2306 ad
870 2265 1023 2317 cum,
1066 2250 1168 2320 qui
1210 2251 1462 2320 potentia
1492 2248 1590 2323 [f.,
1638 2257 1840 2320 poten-

127 2335 293 2406 tiam]
324 2335 554 2392 deitatis
582 2351 804 2406 semper
830 2352 989 2393 nunc
1006 2338 1195 2402 habet,
1234 2352 1349 2393 non
1375 2339 1494 2407 jam
1531 2338 1840 2394 mundanae

125 2425 415 2494 cuiquam
448 2424 527 2479 rei
558 2425 813 2490 acclinis,
847 2427 1013 2495 quasi
1045 2427 1167 2482 sine
1196 2426 1403 2483 baculo
1439 2434 1711 2482 revertor.

204 2512 389 2568 Vnus.
448 2516 532 2567 11.
582 2543 651 2552 —
701 2516 804 2581 Tu,
860 2514 1125 2584 inquam,
1182 2516 1430 2580 Domine,
1483 2530 1607 2569 erue
1644 2530 1726 2569 me
1774 2515 1841 2570 de

126 2616 303 2654 manu
349 2603 553 2665 fratris
582 2604 706 2664 mei.
754 2601 964 2658 scilicet
993 2603 1061 2657 de
1108 2610 1382 2672 potestate
1429 2602 1668 2659 affectus
1708 2617 1840 2659 car-

130 2689 305 2755 nalis,
340 2693 475 2757 quia
500 2690 659 2743 valde
702 2693 858 2745 timeo
887 2707 952 2744 ne
999 2694 1214 2745 veniens
1266 2692 1338 2747 ad
1388 2691 1699 2760 penetralia
1741 2705 1841 2747 ra-

134 2777 345 2840 tionis,
392 2781 664 2846 percutiat
708 2783 966 2843 matrcm,
1019 2778 1355 2837 charitatem
1406 2796 1525 2835 cum
1564 2782 1732 2848 ﬁliis,
1785 2781 1841 2836 id

1951 400 2281 456 eorumdem
2347 407 2841 456 sacramentorum
2920 400 3326 471 efﬁcientiam,
3390 403 3653 461 videlicet

1954 487 2232 554 alterum,
2286 489 2451 559 quasi
2504 502 2605 559 per
2652 487 3013 544 vicenarium
3059 496 3467 558 temperamus.
3518 492 3651 547 Oves

1953 575 2229 631 ducentas.
2261 575 2405 632 Oves
2436 575 2856 646 simplicitatem
2885 575 2943 631 in
2975 591 3053 643 se,
3084 584 3138 633 et
3170 577 3242 632 ob
3273 578 3502 635 velleris
3532 580 3647 635 im-

1952 662 2303 733 pensionem,
2352 663 2611 719 beneficii
2654 662 2712 718 in
2759 663 2903 719 alios
2950 664 3344 731 extensionem
3393 666 3645 738 signant.

1951 749 2222 807 Ducentae
2254 752 2448 821 itaque
2491 765 2624 807 oves
2653 752 2887 816 dantur,
2922 766 3052 808 cum
3102 767 3217 807 non
3248 752 3433 809 solum
3461 755 3645 819 nobis,

1914 898 1917 903 ,
1951 839 2049 895 sed
2095 839 2267 895 etiam
2318 838 2595 909 proximis
2624 839 2892 909 perfectio
2940 838 3166 909 pietatis
3197 838 3460 906 infertur,
3496 839 3650 895 unde

1952 928 2210 996 pravitas
2271 928 2461 984 cordis
2517 927 2858 983 obstruitur.
2926 930 3146 982 Arietes
3198 926 3646 983 cervicositatem

1954 1014 2227 1086 ﬁgurant,
2255 1015 2359 1086 qui
2392 1029 2492 1085 per
2522 1015 2877 1087 geminatum
2908 1015 3211 1072 denarium
3245 1015 3479 1079 dantur,
3509 1014 3647 1084 quia

1950 1117 2051 1173 per
2090 1104 2416 1160 interiorem
2479 1111 2533 1160 et
2583 1104 2924 1160 exteriorem
2972 1104 3238 1175 Decalogi
3286 1102 3644 1173 adimpletio-

1950 1206 2082 1248 nem
2112 1207 2362 1263 nequam
2394 1192 2682 1263 appetitus
2710 1192 2853 1248 colla
2884 1200 3250 1263 premuntur.

2019 1281 2190 1339 Vnus.
2224 1286 2307 1337 l5.
2340 1313 2408 1320 —
2439 1283 2686 1337 Camelos
2711 1283 2874 1347 fetas.
2899 1281 3164 1338 Camelns
3191 1280 3265 1337 ab
3300 1279 3647 1337 incurvitate

1948 1368 2136 1426 dictus
2164 1369 2567 1426 sustinentiam
2599 1370 2809 1437 innuit,
2844 1384 2975 1440 quae
3006 1377 3146 1425 tunc
3178 1368 3291 1424 feta
3313 1376 3415 1437 est,
3449 1368 3495 1424 si
3526 1382 3641 1437 eos,

1951 1472 2096 1528 quos
2135 1459 2395 1525 sustinet,
2439 1458 2662 1529 diligit;
2715 1459 2820 1512 has
2852 1472 2953 1528 per
2996 1455 3380 1528 trigenarium
3418 1456 3643 1522 damus,

1950 1561 2083 1602 cum
2126 1561 2229 1617 pro
2277 1546 2396 1603 solo
2442 1546 2738 1602 Trinitatis
2785 1559 2980 1602 amore
3030 1546 3085 1601 id
3133 1545 3381 1616 agimus.
3445 1546 3649 1600 Vaccas

1952 1635 2344 1704 quadraginta.
2394 1634 2595 1690 Vaccae
2641 1648 2743 1703 per
2810 1632 3345 1704 quadragenarium
3394 1632 3646 1699 dantur,

1948 1737 2079 1779 cum
2113 1722 2350 1779 lascivia
2377 1722 2572 1779 saeculi
2594 1736 2693 1793 per
2714 1729 2965 1792 quatuor
2994 1720 3305 1792 Evangelia
3334 1727 3389 1777 et
3418 1720 3649 1777 Decalo-

1949 1826 2088 1882 gum
2119 1818 2465 1867 coarctatur.
2500 1810 2697 1877 Tauri,
2731 1824 2981 1879 quorum
3015 1808 3249 1879 quidem
3295 1822 3498 1865 carnes
3524 1808 3649 1865 esui

1949 1900 2190 1965 habiles,
2241 1899 2481 1970 sanguis
2523 1913 2659 1954 vero
2705 1898 2929 1954 lethifer
2975 1904 3078 1965 est,
3135 1898 3342 1954 bonam
3392 1897 3649 1954 exterius

1949 1989 2251 2055 actionem,
2279 1988 2376 2044 sed
2410 2001 2650 2057 pravam
2681 1986 3051 2043 intentionem
3075 1986 3391 2052 insinuant,
3423 1985 3525 2056 qui
3546 2000 3649 2056 per

1950 2078 2307 2150 geminatum
2338 2075 2665 2142 denarium,
2698 2089 2771 2131 ex
2805 2074 3127 2145 septenario
3156 2082 3212 2130 et
3243 2074 3493 2131 ternario
3524 2088 3652 2130 con-

1948 2172 2196 2222 stantem
2231 2163 2578 2227 inferuntur,
2612 2171 2676 2219 nt
2706 2177 2806 2233 per
2842 2163 3010 2218 ﬁdem
3040 2170 3093 2218 et
3117 2161 3363 2233 gratiam
3394 2176 3646 2233 nequam

1947 2252 2283 2309 intentionis
2312 2259 2446 2307 vota
2476 2258 2792 2308 mutentur.
2828 2254 3050 2313 Asinas,
3084 2250 3385 2322 segnitiem
3430 2250 3646 2306 scilicet

1948 2349 2002 2398 et
2033 2349 2347 2411 stuporem,
2397 2338 2749 2409 accipimus;
2800 2339 2889 2395 bis
2935 2339 3240 2395 denarium
3280 2353 3384 2425 pro
3432 2336 3644 2393 visibili

1946 2438 2001 2487 et
2028 2428 2301 2485 invisibili
2327 2436 2820 2484 sacramentorum
2850 2426 3125 2493 efﬁcacia,
3160 2434 3225 2483 ut
3254 2439 3434 2496 supra
3461 2424 3640 2481 sumi-

1950 2531 2098 2573 mus.
2133 2515 2240 2572 Sed
2281 2517 2477 2582 asinai,
2510 2530 2614 2585 per
2642 2514 2771 2571 ﬁdei
2801 2529 2869 2570 ac
2900 2514 3139 2585 spiritus
3170 2514 3425 2586 vigorem
3457 2526 3492 2567 a
3524 2520 3646 2568 tor-

1950 2620 2085 2676 pore
2118 2604 2426 2670 suscitatis,
2469 2605 2650 2673 pullos
2691 2604 2885 2671 decem,
2922 2603 2975 2658 id
3008 2611 3091 2659 est
3136 2615 3309 2673 opera
3352 2601 3443 2655 vel
3477 2599 3643 2655 affec-

1948 2701 2043 2750 tus
2072 2693 2389 2750 secundum
2425 2692 2770 2763 Decalogum
2797 2692 3023 2747 habent.
3055 2691 3249 2761 (Vens.
3291 2689 3400 2755 l6.)
3429 2689 3500 2744 Et
3526 2689 3647 2744 haec

1944 2798 2046 2852 per
2089 2797 2282 2836 manus
2320 2797 2596 2836 servorum
2641 2780 2869 2850 singula
2912 2780 3103 2847 mittit,
3135 2780 3276 2834 dum
3317 2792 3418 2849 per
3457 2777 3646 2833 ofﬁcia

130 2873 218 2921 est
263 2864 565 2921 effectibus
591 2865 730 2922 suis.
766 2866 961 2935 (Vsus.
997 2867 1107 2937 l2.)
1138 2869 1217 2921 Tu
1248 2869 1452 2922 locutus
1482 2884 1534 2922 es
1573 2869 1717 2937 quod
1746 2870 1841 2924 di-
1879 2904 1920 2958 ρ
1950 2872 2340 2927 membrorum
2379 2884 2510 2939 quae
2540 2869 2712 2924 menti
2748 2869 3070 2925 inserviunt
3101 2880 3350 2937 quaeque
3374 2864 3648 2922 exhibere

135 2956 344 3008 latares
388 2969 564 3009 semen
605 2970 796 3021 meum,
832 2953 983 3024 piam
1031 2955 1295 3011 videlicet
1346 2956 1739 3023 intentionem,
1766 2972 1839 3013 ex

132 3056 257 3113 qua
290 3042 424 3097 boni
456 3042 742 3112 prodeunt
789 3043 1031 3099 fructus.
1067 3044 1218 3099 Sicut
1247 3059 1468 3098 arenam
1498 3046 1687 3111 maris,
1722 3060 1840 3113 qua

127 3146 251 3200 prae
292 3130 644 3185 multitudine
684 3133 965 3184 numerari
992 3147 1099 3185 non
1128 3136 1325 3200 potest,
1364 3132 1416 3186 id
1461 3139 1545 3187 est
1589 3132 1737 3188 sicut
1766 3146 1838 3187 ex

132 3232 315 3275 arena
341 3218 424 3274 sal
452 3219 776 3283 conﬁcitur,
809 3228 863 3275 et
893 3219 1037 3275 cibis
1065 3220 1183 3275 sale
1214 3220 1501 3285 conditur,
1538 3220 1616 3276 ila
1647 3220 1840 3276 inten-

135 3309 215 3363 tio
244 3315 301 3363 et
331 3307 479 3362 actio
508 3322 635 3363 mea
662 3307 941 3376 sapientia
973 3306 1172 3363 divina
1211 3308 1559 3363 condiretur.
1598 3308 1841 3364 Intentio

136 3409 264 3451 mea
314 3394 601 3463 siquidem
652 3394 1193 3463 sapientiﬁcaretur,
1246 3403 1301 3450 et
1353 3409 1426 3450 ex
1474 3396 1590 3464 ipso
1643 3409 1842 3464 sapore

135 3483 284 3539 actio
328 3481 678 3538 condiretur.
713 3486 907 3538 Arena
940 3491 1131 3539 autem
1161 3498 1294 3539 cum
1327 3484 1493 3539 valde
1524 3485 1720 3554 gravis
1748 3485 1838 3552 sit,

136 3572 310 3628 etiam
346 3570 692 3627 humilitatis
729 3572 1121 3628 maturitatem
1167 3572 1487 3644 signiﬁcat;
1519 3587 1592 3628 ex
1623 3573 1731 3629 hac
1759 3572 1842 3629 sal

139 3660 221 3725 ﬁt,
256 3659 400 3731 quia
429 3660 580 3716 Deus
629 3660 888 3730 parvulis
919 3661 1270 3718 intellectum
1314 3662 1408 3717 dat
1443 3662 1613 3733 (Psal.
1647 3677 1839 3730 cxvm,

141 3748 286 3819 130).
317 3748 457 3814 Quae
483 3761 659 3803 arena
687 3763 803 3804 non
830 3757 1195 3817 numeratur,
1225 3750 1365 3820 quia
1397 3748 1622 3806 fructus
1646 3749 1843 3806 humi—

137 3837 315 3894 litatis
342 3850 412 3891 ac
439 3835 828 3907 intelligentiae
855 3850 889 3892 a
909 3837 1071 3893 nullo
1097 3837 1624 3908 comprehenditur.

209 3926 385 3982 Vnus.
444 3928 529 3979 l3.
577 3955 648 3964 —
692 3926 930 3995 Cumque
977 3925 1263 3981 dormisset
1303 3927 1384 3979 ibi
1432 3931 1582 3980 nocte
1626 3926 1726 3980 illa
1767 3940 1843 3979 se-

138 4017 367 4084 paravit
395 4013 461 4069 de
499 4014 580 4069 his
611 4030 730 4083 qua:
777 4014 1011 4068 habebat
1041 4031 1265 4069 munera
1296 4015 1453 4070 Esau
1501 4016 1679 4080 fratri
1724 4029 1838 4068 suo.

142 4106 302 4159 Nocte
334 4102 563 4164 dormit.
593 4116 724 4158 cum
747 4101 1049 4172 spiritibus
1070 4102 1438 4159 interioribus
1464 4102 1765 4158 intendens
1785 4101 1843 4156 in

145 4194 265 4263 ipso
293 4191 622 4247 tentationis
650 4191 888 4246 horrore
909 4204 940 4246 a
968 4191 1287 4247 visibilium
1319 4191 1629 4261 cupiditate
1658 4190 1841 4260 quies-

144 4282 235 4337 cit.
270 4280 509 4350 Separat
539 4281 605 4334 de
637 4282 720 4335 his
765 4295 885 4348 que
928 4280 1088 4335 habet
1115 4296 1342 4334 munera
1388 4283 1556 4346 Esau,
1589 4293 1721 4334 cum
1772 4279 1841 4334 de

144 4369 375 4425 virtutis
421 4368 712 4438 opulentia
760 4368 919 4438 apud
968 4382 1029 4423 se
1069 4367 1323 4439 colligit,
1375 4368 1528 4423 unde
1576 4367 1843 4423 aﬁ‘ectum

150 4457 400 4512 hiantem
451 4455 872 4511 rationabiliter
927 4456 1225 4513 obstruere
1274 4458 1468 4526 possit.
1520 4456 1603 4511 lbi
1653 4463 1843 4512 autem

148 4546 206 4601 in
234 4545 434 4602 eadem
460 4545 776 4602 intentione
808 4545 917 4601 sub
948 4552 1077 4615 typo
1107 4546 1342 4601 seminis
1367 4546 1539 4612 dicta,
1570 4545 1847 4601 dormisse

149 4634 356 4705 signat.
404 4633 595 4702 (Vens.
631 4633 741 4704 14.)
771 4633 973 4704 Caprae
1002 4633 1266 4690 ducentae
1309 4634 1711 4704 perfectionem
1744 4648 1848 4703 ge-

150 4722 318 4777 minae
363 4719 862 4790 contemplationis
908 4720 1266 4791 signiﬁcant,
1296 4720 1509 4775 divinae
1549 4718 1760 4775 scilicet
1794 4726 1850 4773 et

151 4808 405 4875 moralis,
448 4823 580 4878 quae
621 4808 910 4878 pracipne
952 4808 1186 4876 dicitur,
1238 4808 1426 4865 virtus
1471 4806 1845 4863 discretionis.

152 4898 349 4967 Caprae
375 4896 528 4952 enim
560 4896 746 4953 ardua
775 4903 1000 4967 petunt.
1034 4898 1225 4952 Hircos
1252 4899 1474 4964 viginti.
1508 4895 1850 4953 Vicenarius

154 4998 223 5040 ex
252 4983 482 5039 duobus
511 4984 763 5040 denariis
792 4991 1012 5040 constat
1037 5002 1053 5052 ;
1085 4985 1359 5041 denarius
1399 4998 1534 5040 vero
1564 4998 1636 5040 ex
1676 4990 1852 5053 septe-

156 5072 320 5129 nario
342 5078 399 5127 et
436 5071 710 5127 ternario.
743 5072 851 5128 Per
899 5073 1220 5129 ternarium
1250 5073 1411 5139 ﬁdes,
1448 5086 1549 5141 per
1583 5079 1853 5142 septena-

158 5161 307 5217 rinm
337 5159 587 5229 Spiritus
611 5160 764 5217 datio
793 5161 1107 5231 accipitur;
1140 5161 1356 5232 quibus
1386 5161 1612 5217 duobus
1649 5158 1855 5230 plenus

158 5247 516 5305 Christianus
541 5247 809 5305 efﬁcitur.
846 5251 1057 5320 Capi-as
1080 5264 1216 5321 ergo
1246 5249 1471 5316 damus,
1504 5263 1633 5305 cum
1666 5247 1856 5305 carnis

162 5335 438 5392 desiderio
498 5334 613 5391 vim
667 5336 921 5406 provida
984 5336 1482 5406 contemplationis
1527 5336 1852 5407 objicimus.

171 5423 379 5492 Viginti
404 5423 584 5478 hircos
612 5424 821 5480 damus
849 5439 983 5480 cum
1022 5424 1259 5480 fetorem
1290 5424 1645 5481 carnalitatis
1672 5431 1726 5480 et
1757 5439 1859 5494 per

168 5511 470 5568 invisibilia
520 5526 653 5582 quae
694 5513 1054 5581 suscepimus
1101 5512 1230 5569 ﬁdei
1274 5527 1342 5569 ac
1385 5514 1621 5583 spiritus
1660 5527 1857 5569 sacra-

1948 2960 2256 3017 contendit.
2292 2960 2554 3026 Dixitque
2591 2959 2775 3025 pueris
2811 2974 2823 3010 :
2858 2956 3169 3012 Antecedite
3198 2971 3299 3018 me,
3329 2959 3379 3008 et
3420 2957 3491 3009 sit
3514 2968 3644 3021 spa-

1947 3051 2082 3103 tium
2121 3050 2265 3101 inter
2305 3061 2516 3114 gregem
2549 3049 2599 3098 et
2632 3059 2863 3112 gregem.
2892 3044 3063 3099 Pueri
3108 3043 3472 3109 antecedunt,
3510 3054 3645 3096 cum

1949 3135 2190 3192 humilia
2217 3133 2499 3190 desideria
2527 3131 2762 3188 effectus
2806 3145 3045 3202 operum
3078 3136 3356 3200 praeeunt.
3393 3129 3647 3198 Spatium

1944 3225 2011 3283 ﬁt
2038 3227 2181 3279 inter
2223 3238 2438 3291 gregem
2466 3225 2518 3274 et
2547 3236 2782 3289 gregem,
2815 3234 2947 3276 cum
2990 3227 3146 3275 certa
3192 3217 3394 3288 ﬁgitur
3435 3216 3646 3273 distin-

1947 3314 2059 3369 ctio
2094 3313 2240 3367 inter
2271 3310 2511 3365 rationis
2540 3317 2726 3365 motus
2755 3315 2809 3365 et
2837 3308 3028 3364 carnis
3052 3306 3310 3362 aﬁ‘ectus.

2026 3405 2166 3454 ne
2194 3399 2364 3455 Vnus.
2394 3399 2478 3464 l7,
2517 3400 2595 3463 18,
2628 3400 2710 3452 19.
2738 3427 2806 3436 ——-
2827 3397 2907 3451 Et
2924 3397 3183 3466 praecpit
3199 3397 3396 3465 priori,
3421 3395 3603 3450 dicens
3629 3410 3644 3447 :

1948 3489 2010 3545 Si
2029 3488 2243 3542 obviam
2262 3487 2514 3540 habueris
2536 3488 2687 3539 Esau
2705 3488 2937 3551 fratrem
2953 3499 3142 3547 meum,
3158 3489 3209 3537 et
3223 3483 3645 3550 interrogaverit

1948 3582 2030 3630 te:
2053 3576 2168 3639 Quo
2188 3574 2346 3628 vadis
2366 3578 2416 3628 et
2435 3575 2591 3642 cujus
2607 3587 2681 3639 es,
2701 3578 2752 3626 et
2771 3573 2927 3643 cujus
2947 3577 3073 3626 sunt
3094 3575 3200 3626 ista
3222 3587 3342 3640 quae
3361 3575 3601 3640 sequeris
3622 3573 3651 3624 Σ)

1948 3664 2129 3718 dices:
2154 3663 2309 3718 Servi
2329 3665 2411 3716 tui
2442 3661 2632 3727 Iacob;
2657 3677 2881 3715 munera
2916 3663 3066 3715 misit
3086 3660 3303 3714 domino
3337 3673 3450 3714 meo
3475 3661 3644 3713 Esau.

1948 3751 2128 3818 Prior,
2174 3749 2462 3805 secundus
2507 3756 2562 3805 et
2589 3749 2791 3805 tertius
2832 3756 2889 3804 et
2914 3747 3011 3804 alii
3043 3753 3348 3816 sequentes
3387 3758 3641 3816 gregem,

1949 3840 2156 3896 diversi
2192 3838 2333 3892 mihi
2362 3836 2633 3893 videntur
2663 3837 2898 3894 habitus
2925 3836 3123 3900 animi,
3159 3834 3259 3905 qui
3291 3834 3490 3905 prima;
3517 3846 3651 3902 sug-

1951 3926 2214 3999 gestioni.
2249 3926 2518 3982 secundae
2572 3925 2956 3993 delectationi,
2987 3932 3044 3981 et
3087 3923 3265 3980 tertiae
3293 3920 3650 3979 consensioni

1949 4024 2003 4073 et
2049 4015 2269 4072 emeris
2316 4014 2606 4071 malorum
2655 4014 3016 4084 processibus
3061 4011 3401 4069 obsistentes
3448 4023 3650 4066 occur-

1952 4111 2108 4161 runt.
2155 4104 2226 4159 Et
2273 4117 2345 4159 ex
2390 4102 2480 4159 his
2534 4102 2861 4159 sortiuntur
2908 4114 3219 4157 numerum
3265 4111 3399 4155 cum
3440 4096 3654 4168 quibus

1952 4199 2153 4264 agunt.
2187 4191 2263 4257 Si,
2314 4190 2522 4261 inquit,
2558 4191 2808 4246 carnalis
2840 4190 3108 4246 voluntas
3150 4188 3252 4244 tibi
3284 4184 3573 4257 ingruerit
3598 4192 3653 4241 et

1953 4280 2323 4337 intentionem
2376 4293 2495 4349 quo
2526 4277 2743 4349 dirigas
2788 4277 3137 4343 discusserit,
3178 4284 3233 4332 et
3262 4276 3357 4332 cui
3407 4274 3652 4331 Domino

1954 4367 2255 4432 inservias,
2291 4374 2346 4422 et
2374 4367 2467 4423 cui
2491 4366 2710 4423 utilitas
2738 4380 2939 4422 eorum
2963 4364 3201 4421 attineat
3227 4378 3359 4434 quae
3378 4377 3551 4433 exseq
3563 4377 3655 4419 ne.

1954 4457 2052 4524 ris,
2088 4456 2240 4511 dices
2273 4470 2286 4509 :
2322 4456 2431 4511 Deo
2482 4455 2585 4511 soli
2614 4454 2852 4524 spiritus
2898 4453 3076 4509 animi
3131 4453 3321 4520 intuli,
3354 4451 3475 4522 ipsa
3515 4451 3655 4506 vitia

1954 4543 2421 4614 supplantando.
2472 4558 2585 4599 non
2636 4557 2735 4613 pro
2778 4557 2886 4599 sua
2934 4542 3031 4598 sed
3082 4554 3208 4597 mea
3255 4539 3655 4596 commoditate

1955 4632 2185 4688 obedire
2232 4632 2405 4688 statui
2450 4631 2586 4702 ipsi,
2621 4639 2802 4687 totum
2851 4630 3004 4701 quod
3052 4642 3370 4700 prosequor
3397 4627 3653 4683 studium

1956 4718 2181 4785 devovi,
2213 4725 2269 4774 et
2302 4717 2427 4785 tibi,
2455 4732 2488 4774 o
2519 4716 2778 4784 affectus,
2813 4716 2918 4788 qui
2959 4716 3092 4773 olim
3126 4714 3358 4771 servitio
3390 4727 3515 4769 meo
3544 4712 3653 4768 ab-

1962 4821 2101 4864 usus
2129 4821 2211 4874 es,
2258 4806 2475 4877 quibus
2504 4806 2757 4863 bestialis
2795 4813 2896 4862 tua
2942 4804 3134 4861 feritas
3162 4803 3403 4859 satietur
3429 4800 3659 4856 ratioci-

1958 4895 2152 4951 nando
2185 4893 2333 4949 misi.
2382 4893 2574 4964 (Vnus.
2599 4893 2709 4960 20.)
2753 4896 2824 4948 Et
2851 4893 3066 4948 addetis
3101 4907 3113 4946 :
3147 4893 3269 4960 Ipse
3310 4905 3521 4960 quoque
3547 4904 3659 4942 ser-

1958 5000 2057 5038 cus
2102 4987 2225 5037 tuus
2266 4981 2370 5052 qui
2413 4981 2513 5038 tibi
2562 4981 2876 5051 aliquando
2920 4978 3183 5036 inserviit
3226 4978 3418 5043 Iacob,
3476 4976 3533 5032 id
3577 4984 3659 5032 est

1959 5071 2303 5136 intellectus,
2358 5071 2466 5125 iter
2514 5073 2788 5135 nostrum,
2832 5068 3191 5125 devotionem
3245 5065 3460 5122 scilicet
3506 5064 3660 5121 desi-

1962 5159 2106 5216 derii
2160 5158 2338 5215 nostri
2417 5158 2635 5214 fortiter
2696 5157 3013 5213 muniendo
3073 5157 3440 5227 prosequitur.
3504 5155 3662 5209 Dia-it

1962 5250 2105 5303 enim
2148 5263 2161 5301 :
2216 5246 2445 5302 Placabo
2489 5247 2647 5301 illum
2697 5246 3011 5301 muneribus
3075 5261 3194 5315 qua:
3232 5243 3567 5315 praecedunt,
3612 5246 3663 5296 et

1964 5341 2150 5407 postea
2193 5336 2384 5391 videbo
2413 5352 2552 5404 eum,
2602 5337 2844 5404 forsitan
2881 5335 3284 5405 prapitiabitur
3312 5334 3469 5388 mihi.
3503 5331 3661 5396 Quod

1965 5433 2050 5483 est
2082 5440 2095 5479 :
2124 5425 2391 5482 IEstimat
2434 5425 2589 5495 quod
2641 5424 2954 5495 praelibatis
2997 5422 3295 5481 affectibus
3340 5420 3664 5479 effectibus-

1968 5527 2084 5584 que
2124 5512 2399 5582 pietatum
2428 5526 2561 5567 eum
2604 5514 2844 5583 mitiget,
2879 5521 3072 5583 postea
3099 5511 3345 5579 videbit,
3378 5509 3432 5566 id
3463 5516 3545 5566 est
3578 5508 3662 5561 vi-

3548 184 3652 238 242
3738 246 3741 251 ν
