3904 6066
262 230 367 287 243

1164 230 1226 283 ν.
1267 226 1594 284 GUIBERTI
1635 228 1924 284 ABBATIS
1962 230 2017 283 S.
2062 227 2302 281 ΜΑΒΙΑΞ
2338 226 2431 281 DE
2470 225 2855 281 NOVIGENTO

3658 223 3765 275 ’2“

264 364 417 429 dere,
452 364 607 435 quod
636 370 719 419 est
767 360 1082 432 intelligere
1113 375 1243 417 cum
1292 360 1488 429 faciet;
1519 365 1573 414 et
1620 372 1752 414 cum
1782 356 1953 413 intel—
1992 357 2041 412 A
2067 356 2464 412 excellentiam
2521 355 2817 426 dignitatis
2880 354 3164 410 aestimare
3241 365 3447 424 queam
3502 350 3763 407 insinua.

267 452 508 520 lexerit,
563 451 681 522 jam
745 449 1042 506 remissius
1110 454 1260 518 aget.
1313 447 1510 516 (Vens.
1572 448 1684 517 21.)
1732 448 1960 501 Munera

267 541 618 612 praecedunt,
649 539 743 594 sed
774 537 935 592 Iacob
961 539 1020 591 in
1049 539 1242 591 castris
1272 541 1421 589 nocte
1450 537 1549 589 illa
1577 542 1786 601 manet,
1821 532 1959 604 quia

267 629 412 685 ratio
459 628 583 682 licet
614 638 841 681 summa
878 626 1000 695 jam
1047 624 1198 679 bona
1241 623 1440 693 egerit,
1475 623 1739 693 quandiu
1784 629 1962 678 tenta-

268 715 437 773 tionis
479 713 569 770 vel
600 712 793 770 saeculi
825 727 942 767 nox
971 721 1073 780 est,
1118 720 1174 767 et
1204 711 1380 767 nescit
1424 720 1621 767 utrum
1653 725 1846 767 amore
1884 725 1960 766 an

264 804 392 860 odio
423 803 600 874 digna
644 809 746 858 est.
801 803 994 868 (Eccle.
1030 815 1109 869 ix,
1167 803 1231 869 1),
1284 801 1437 856 intra
1482 799 1850 857 continentiae
1894 813 1962 855 ac

266 891 484 948 timoris
510 897 697 946 castra
722 904 779 945 se
799 889 1107 945 contrahit.

339 981 510 1037 VEtts.
543 981 632 1033 22.
667 1010 736 1017 —
767 980 1003 1047 Cumque
1040 983 1251 1032 mature
1279 979 1623 1045 surrexisset,
1658 980 1783 1032 tulit
1822 978 1961 1032 duas

266 1083 460 1123 uxores
507 1083 656 1134 suas,
697 1073 746 1121 et
791 1067 1011 1121 totidem
1056 1068 1318 1133 famulas,
1362 1083 1479 1120 cum
1523 1067 1768 1120 undecim
1809 1068 1959 1136 ﬁliis,

266 1163 319 1212 et
346 1159 605 1211 transivit
628 1156 828 1210 vadum
859 1155 1043 1209 Iacob.
1074 1155 1244 1211 Iacob
1279 1164 1468 1210 autem
1502 1156 1647 1209 lucta
1677 1155 1765 1212 vel
1796 1172 1962 1210 arena

269 1245 497 1314 dicitur,
547 1245 605 1300 in
632 1260 747 1315 quo
778 1244 1078 1300 conflictus
1114 1251 1168 1299 et
1196 1243 1540 1313 confligendi
1575 1244 1752 1312 locus,
1784 1259 1962 1299 mun-

270 1333 380 1389 dus
409 1332 621 1388 scilicet
650 1340 704 1387 et
737 1331 971 1387 tentatio
1009 1331 1135 1401 ejus
1166 1330 1527 1402 intelligitur.
1559 1331 1663 1387 Sed
1694 1332 1833 1402 quia
1862 1345 1965 1387 ea-

272 1421 398 1477 dem
431 1434 606 1475 arena
639 1420 851 1474 vadum
874 1419 1216 1488 appellatur,
1247 1428 1561 1489 proventus
1588 1434 1661 1475 ex
1688 1421 1799 1475 Deo
1831 1434 1963 1475 cum

275 1509 583 1565 tentatione
629 1508 863 1564 futurus
902 1507 1186 1562 innuitur.
1228 1509 1443 1561 Mature
1489 1508 1676 1579 surgit
1716 1522 1849 1564 cum
1896 1508 1966 1564 de

273 1597 503 1653 levitate
567 1595 929 1666 cogitationis
987 1595 1287 1665 gravitatis
1337 1610 1516 1651 manu
1575 1611 1635 1652 se
1687 1597 1957 1668 subrigit.

2066 447 2172 503 Cur
2203 448 2423 514 quwris,
2458 444 2555 512 ait,
2603 459 2792 499 nomen
2829 459 3025 509 meum,
3058 441 3213 512 quod
3257 456 3361 497 nec
3402 440 3627 507 audire,
3660 454 3771 494 nec

2066 534 2113 589 si
2156 534 2358 590 audire
2389 533 2584 588 valeas
2627 546 2830 602 capere
2875 531 3102 601 possis?
3146 533 3215 585 Et
3247 529 3521 584 benedimit
3556 545 3679 583 eum
3710 530 3771 581 in

2066 622 2246 676 eodem
2292 623 2420 689 loco,
2453 621 2507 676 id
2539 627 2622 676 est
2654 621 2938 676 virtutum
2983 632 3116 674 eum
3160 615 3581 686 multiplicitate
3610 613 3771 669 dita-

2066 710 2168 778 vit,
2207 717 2667 779 perseverantem
2717 710 2765 762 In
2798 707 3114 773 t'IlﬂI‘IIalIS,
3150 720 3280 775 quae
3306 704 3479 759 corda
3511 717 3634 759 una
3664 716 3773 758 ea-

2067 800 2315 869 demque
2372 798 2524 864 facit,
2558 811 2690 853 vere
2745 797 2924 851 3olalo
2963 803 3018 850 et
3065 792 3253 850 stabili
3288 792 3424 848 loco.
3480 791 3770 857 Statuisti,

2069 888 2166 954 ait,
2226 887 2285 942 in
2336 885 2456 941 loco
2508 884 2755 955 spatioso
2808 884 2976 954 pedes
3028 896 3184 938 meos
3234 882 3402 950 (Psal.
3457 895 3593 947 xxx,
3657 880 3769 949 10).

2071 977 2265 1044 (Vens.
2324 977 2438 1043 30.)
2471 975 2648 1030 Vocat
2703 989 2891 1027 nomen
2951 973 3053 1025 loci
3100 973 3250 1026 illius
3301 968 3562 1032 Phanuel,
3610 968 3772 1038 quod

2068 1072 2153 1119 est
2178 1065 2347 1129 facies
2382 1065 2498 1127 Dei,
2538 1062 2676 1132 quia
2708 1061 2766 1116 in
2792 1060 3092 1116 dilectione
3126 1057 3417 1128 praecipua
3440 1057 3534 1113 Dei
3559 1057 3774 1127 cogni-

2071 1154 2146 1209 tio
2177 1162 2282 1217 est,
2329 1159 2383 1208 et
2415 1152 2517 1222 qui
2565 1152 2714 1207 hanc
2760 1149 2953 1217 habet,
3007 1163 3039 1203 a
3067 1150 3200 1215 Deo,
3238 1148 3413 1218 juxta
3452 1146 3772 1217 Epistolam

2069 1242 2319 1308 Joannis,
2369 1241 2635 1311 cognitus
2682 1247 2786 1295 est.
2825 1239 2888 1293 in
2947 1236 3089 1293 facie
3123 1236 3275 1292 enim
3320 1236 3521 1292 notitia
3574 1243 3683 1303 est,
3719 1243 3776 1291 et

2073 1331 2225 1385 Deus
2257 1330 2373 1398 ipse
2423 1327 2672 1383 charitas
2717 1334 2800 1383 est
2831 1326 2879 1392 (I
2900 1328 3056 1380 Ioan.
3108 1340 3187 1392 ιιι,
3238 1324 3340 1392 16).
3406 1324 3531 1377 Vidi
3586 1324 3774 1377 Domi-

2071 1432 2199 1471 num
2235 1415 2361 1489 [al.,
2409 1414 2621 1487 Deum],
2663 1417 2811 1481 facie
2861 1414 2935 1468 ad
2961 1416 3157 1481 faciem
3190 1418 3240 1467 et
3285 1414 3442 1467 salva
3486 1414 3647 1479 facta
3694 1416 3776 1466 est

2074 1508 2258 1559 anima
2275 1521 2410 1559 mea.
2434 1504 2591 1570 Quod
2607 1511 2688 1558 est
2714 1520 2726 1558 :
2752 1502 3015 1558 Intellexi
3038 1502 3361 1569 Dominum,
3391 1500 3780 1572 intelligentia

2078 1592 2421 1665 cognitionis
2463 1592 2589 1663 ejus
2619 1592 2942 1647 illustrante
2972 1590 3234 1647 notitiam
3282 1604 3491 1656 meam,
3533 1596 3588 1645 et
3635 1588 3783 1659 quia

278 1688 481 1741 Uxores
525 1685 767 1752 famulas
814 1700 934 1739 cum
981 1683 1228 1738 undecim
1272 1686 1402 1750 ﬁliis
1444 1684 1606 1753 tollit,
1658 1700 1791 1742 cum
1830 1657 1966 1741 cbn-
2005 1657 2049 1713 Β
2081 1657 2182 1752 ι)θῖ
2214 1682 2321 1737 hoc
2374 1682 2531 1752 quod
2560 1695 2694 1737 eum
2744 1694 2934 1749 nosco,
2985 1681 3140 1735 nosci
3172 1693 3261 1735 me
3308 1678 3383 1735 ab
3414 1678 3552 1747 ipso,
3610 1657 3669 1733 id
3698 1684 3786 1733 est

276 1773 703 1844 templationem
748 1780 802 1828 et
830 1779 1025 1828 actum
1073 1787 1204 1828 cum
1246 1772 1401 1827 vitiis
1433 1773 1782 1829 ancillariter
1827 1774 1972 1829 sub-

270 1862 627 1936 jacentibus,
680 1869 735 1918 et
795 1861 1063 1931 operibus
1116 1861 1362 1917 necdum
1419 1862 1488 1916 ad
1551 1863 1971 1918 duodenarium

278 1951 639 2022 perfectionis
686 1950 1008 2020 apostolicae
1059 1950 1515 2021 attingentibus,
1579 1950 1637 2005 in
1685 1958 1971 2022 quantum

281 2040 553 2110 praevalet
581 2053 616 2095 a
656 2038 1069 2109 temporalibus
1108 2039 1367 2105 extollit,
1415 2046 1470 2094 et
1497 2039 1698 2093 vadum
1744 2039 1971 2106 transit,

281 2129 604 2183 secundum
653 2127 864 2183 scilicet
922 2126 1074 2196 quod
1130 2126 1326 2182 multis
1380 2126 1760 2183 imbecillibus
1816 2141 1975 2183 mare

283 2211 844 2267 turbulentissimum
858 2217 961 2279 est,
981 2211 1330 2281 contemptui
1345 2211 1563 2267 habens
1576 2226 1705 2267 cum
1722 2211 1975 2267 Iditbum

282 2299 548 2355 transilit.

353 2388 525 2444 Vens.
561 2390 652 2453 23,
702 2390 793 2442 24.
829 2416 897 2427 -
948 2386 1410 2454 Transductisque
1453 2386 1696 2442 omnibus
1746 2402 1865 2457 quae
1903 2386 1977 2440 ad

281 2491 337 2530 se
361 2476 724 2545 pertinebant,
772 2477 1044 2531 remansit
1085 2476 1266 2541 solus;
1312 2480 1361 2528 et
1389 2491 1502 2529 ecce
1543 2479 1625 2528 vir
1668 2476 1979 2529 luctabatur

283 2580 408 2619 cum
437 2580 493 2618 eo
524 2580 693 2634 usque
739 2580 913 2617 mane.
943 2563 1147 2619 Omnia
1178 2578 1308 2633 quae
1339 2564 1407 2619 ad
1441 2579 1497 2619 se
1542 2566 1827 2634 pertinent
1854 2572 1977 2620 tra-

284 2652 463 2720 ducit,
515 2667 645 2706 cum
695 2651 931 2720 spiritus
982 2659 1034 2706 et
1088 2652 1261 2706 totius
1308 2665 1427 2707 suae
1474 2652 1704 2708 virtutis
1758 2653 1979 2708 fructus

287 2746 446 2794 trans
490 2738 702 2793 vadum
751 2738 808 2793 in
857 2746 1028 2808 portu
1077 2737 1289 2793 ctelesti
1338 2739 1650 2795 constituit.
1705 2740 1980 2795 Remanet

285 2828 450 2893 solus,
486 2827 643 2897 quia,
676 2826 813 2882 velit
854 2825 1012 2894 nolit,
1064 2840 1299 2895 corpore
1328 2827 1614 2883 detinetur
1655 2827 1709 2883 in
1754 2836 1978 2898 tempo-

2079 1771 2211 1842 eligi
2241 1785 2359 1826 non
2391 1770 2612 1837 dubito,
2633 1769 2835 1825 salutis
2858 1768 3069 1824 animae
3089 1767 3324 1837 spiritus
3353 1774 3567 1823 certam
3590 1773 3781 1821 teneo.

2148 1860 2317 1918 Vens.
2349 1861 2436 1913 31.
2471 1890 2538 1898 -
2582 1860 2848 1927 Ortusque
2876 1862 2954 1912 est
2979 1860 3168 1911 statim
3198 1858 3298 1921 sol,
3324 1860 3621 1926 postquam
3648 1870 3784 1924 pro-

2080 1964 2295 2016 gressus
2323 1953 2400 2003 est
2428 1948 2687 2012 Phanuel,
2732 1945 2971 2002 incaluit
3002 1945 3263 2001 videlicet
3294 1958 3428 2000 mox
3463 1942 3637 1999 menti
3665 1943 3790 2011 jus-

2085 2035 2219 2091 titize
2268 2035 2372 2090 lux
2420 2043 2475 2091 et
2520 2036 2728 2102 fervor,
2777 2043 3085 2105 postquam
3141 2035 3240 2089 Dei
3281 2032 3544 2089 notitiam
3591 2030 3790 2102 attigit

2083 2124 2246 2180 ratio.
2296 2124 2573 2191 Phanuel,
2624 2123 2795 2179 etiam
2830 2123 3227 2193 transgressio,
3262 2129 3443 2191 potest
3472 2135 3593 2176 esse
3640 2134 3784 2190 prae-

2083 2217 2168 2266 ter
2197 2210 2521 2281 generalem
2567 2209 2670 2265 Dei
2698 2210 3081 2280 cognitionem
3129 2209 3309 2278 ipsius
3355 2206 3784 2276 contemplatio.

2082 2302 2204 2368 Ipse
2231 2315 2354 2354 vero
2410 2299 2565 2355 haud
2621 2299 2865 2354 dubium
2904 2304 3048 2352 no
3085 2298 3229 2367 quin
3264 2296 3605 2360 intellectus,
3639 2296 3789 2350 clauo

2084 2388 2304 2442 dicabat
2350 2387 2506 2457 pede,
2551 2387 2692 2457 quia
2744 2387 2861 2442 vim
2889 2387 3161 2441 amiserat
3198 2384 3512 2440 affectionis
3564 2398 3783 2454 pravae.

2086 2478 2280 2550 (Vens.
2320 2477 2433 2548 32.)
2467 2478 2644 2543 Quam
2684 2478 2747 2531 ob
2780 2493 3000 2532 causam
3029 2493 3132 2531 non
3165 2476 3443 2531 comedunt
3474 2476 3582 2535 filii
3610 2476 3788 2530 Israel

2084 2584 2330 2629 nervum,
2364 2567 2420 2621 id
2449 2574 2533 2622 est
2584 2581 2700 2622 non
2744 2566 3058 2621 admittunt
3101 2565 3499 2620 obstinationis
3548 2564 3783 2630 vitium,

2087 2670 2218 2727 quae
2250 2658 2512 2710 emarcuit
2562 2655 2620 2710 in
2651 2653 3124 2724 concupiscentiis
3174 2653 3508 2720 intellectus,
3557 2653 3629 2708 ad
3678 2652 3790 2707 hoc

2088 2744 2301 2800 scilicet
2356 2752 2419 2799 ut
2447 2745 2630 2799 Deum
2677 2757 2811 2799 vere
2862 2744 3005 2796 diem
3036 2742 3255 2812 ubique
3294 2747 3606 2811 praesentem
3642 2740 3792 2795 liber

2088 2833 2410 2903 attingeret,
2453 2848 2510 2886 eo
2537 2832 2683 2901 quod
2725 2831 3075 2901 mitigaverit
3105 2832 3256 2886 Deus
3285 2830 3557 2887 duritiam
3590 2829 3792 2885 libidi-

286 2914 526 2971 ralibus.
567 2916 665 2969 Vir
695 2930 814 2968 cum
851 2930 908 2968 eo
940 2929 1106 2982 usque
1129 2929 1283 2968 mane
1315 2914 1586 2980 luctatur,
1619 2916 1757 2971 dum
1792 2916 1981 2973 virtus
2016 2940 2058 2996 ο
2089 2934 2362 2976 nosarum
2397 2918 2884 2976 consuetudinum
2930 2920 3074 2989 ejus,
3107 2922 3157 2971 et
3199 2918 3561 2987 οὸετιῳιιιηὶι,
3596 2917 3651 2972 id
3702 2924 3792 2972 est

289 3017 543 3072 superna
573 3002 783 3058 volenti
817 3002 944 3073 ejus
974 3016 1260 3058 summam
1284 3004 1679 3072 conscendere,
1710 3012 1774 3061 ut
1796 3004 1981 3077 magis

288 3091 560 3146 accendat
593 3090 829 3147 rationis
874 3090 1150 3147 desiderio
1197 3090 1580 3160 dispensative
1630 3092 1975 3164 refragatur.

289 3180 545 3247 Quaesivi,
573 3180 650 3235 ait
671 3179 730 3235 in
751 3179 1000 3236 Canticis
1023 3179 1137 3248 illa,
1161 3185 1210 3233 et
1236 3195 1342 3234 non
1367 3183 1549 3235 inveni
1578 3183 1762 3248 illum;
1793 3186 1982 3238 vocavi

289 3271 340 3321 et
365 3282 471 3321 non
496 3267 795 3336 respondit.
830 3268 1015 3336 (Cant.
1048 3283 1104 3332 v,
1126 3268 1203 3337 6.)
1236 3267 1357 3322 Non
1381 3276 1571 3323 tamen
1595 3269 1695 3324 diu
1717 3268 1981 3327 differtur

290 3355 502 3410 divinae
537 3355 936 3411 illustrationis
981 3369 1168 3424 mane,
1200 3370 1331 3426 quae
1375 3371 1502 3425 spes
1546 3372 1649 3412 nos
1677 3357 1891 3415 excitat
1925 3359 1982 3413 in

291 3442 620 3499 luctamine.

362 3532 536 3589 Vens.
568 3535 656 3587 25.
707 3564 773 3572 —
819 3534 928 3598 Qui
968 3548 1087 3587 cum
1122 3532 1350 3598 videret,
1401 3532 1553 3589 Deus
1604 3534 1789 3604 plane,
1840 3536 1984 3606 quod

293 3621 605 3679 differendo
656 3628 788 3677 vota
839 3636 1096 3690 superare
1140 3636 1247 3675 non
1293 3626 1488 3691 posset,
1535 3626 1713 3690 tetigit
1761 3640 1984 3678 nervum

289 3714 512 3780 femoris
556 3711 692 3781 ejus,
727 3710 782 3766 id
812 3717 895 3766 est
939 3710 1311 3766 mansuefecit
1355 3711 1792 3769 obstinationem
1830 3713 1987 3768 lasci-

292 3801 402 3855 viae
430 3798 745 3869 corporalis
797 3800 959 3869 ejus,
1011 3804 1060 3852 et
1089 3801 1275 3852 statim
1319 3812 1353 3854 a
1381 3801 1690 3869 superfluae
1743 3802 1986 3859 humore

294 3887 649 3961 remissionis
694 3888 972 3940 emarcuit.
1034 3887 1223 3954 (Vens.
1270 3888 1382 3957 26.)
1426 3891 1678 3952 Dimitte,
1718 3890 1831 3957 ait,
1883 3907 1981 3957 me,

287 3978 408 4046 jam
455 3977 596 4029 enim
634 3976 880 4029 ascendit
926 3990 1147 4029 aurora.
1197 3979 1277 4030 Ac
1306 3976 1353 4031 si
1406 3977 1603 4032 dicat:
1639 3977 1763 4033 Jam
1819 3992 1987 4035 mane

298 4065 437 4121 illud
485 4063 642 4134 quod
686 4063 1106 4133 praestolabaris
1133 4064 1330 4131 habes,
1359 4066 1480 4136 jam
1527 4066 1598 4121 al)
1633 4067 1988 4137 insequendo

297 4152 592 4223 quiescere
638 4160 812 4221 potes.
864 4153 1001 4221 Non,
1031 4152 1129 4220 ait,
1173 4153 1467 4215 dimittam,
1510 4156 1623 4208 nisi
1652 4155 1987 4211 benediaceris

2087 3009 2158 3064 ad
2193 3008 2665 3078 impassibilitatis
2696 3007 2941 3078 gratiam
2971 3006 3141 3063 etiam
3174 3006 3233 3060 in
3264 3006 3372 3061 hac
3403 3006 3518 3061 vita
3543 3006 3666 3075 jam
3696 3020 3793 3061 ve-

2088 3098 2252 3153 nerit.
2290 3097 2416 3152 Filii
2442 3104 2631 3153 autem
2672 3095 2845 3151 Israel
2878 3103 3014 3151 sunt
3047 3095 3149 3165 qui
3183 3096 3334 3151 vices
3362 3094 3461 3150 Dei
3487 3094 3592 3150 sibi
3626 3094 3790 3164 prin-

2089 3186 2330 3255 cipando
2354 3192 2582 3257 gerunt.

2668 3273 2899 3329 CAPUT
2940 3273 3202 3328 XXXIII.

2162 3363 2330 3418 Vens.
2368 3366 2420 3429 l,
2466 3365 2518 3416 2.
2552 3393 2620 3402 -
2661 3363 2868 3416 Levans
2908 3366 3087 3416 autem
3121 3361 3297 3415 oculos
3348 3360 3488 3414 vidit
3516 3363 3669 3415 Esau
3696 3376 3791 3414 ve-

2089 3454 2323 3506 nientem
2382 3456 2432 3505 et
2487 3468 2605 3505 cum
2661 3466 2718 3505 eo
2773 3450 3196 3520 quadringentos
3248 3452 3434 3518 viros;
3492 3449 3792 3517 diuisitque

2089 3543 2229 3611 ﬁlios
2279 3542 2386 3594 Liae
2432 3545 2482 3594 et
2517 3540 2730 3605 Rachel,
2781 3539 3170 3606 ambarumque
3210 3539 3567 3605 famularum,
3598 3542 3649 3591 et
3688 3554 3788 3608 po-

2091 3632 2202 3684 suit
2246 3634 2505 3698 utrasque
2547 3629 2805 3693 ancillas,
2851 3631 2901 3681 et
2939 3628 3080 3694 filios
3131 3642 3317 3680 earum
3364 3628 3421 3679 in
3465 3628 3785 3695 principio;

2093 3721 2248 3774 Liam
2304 3733 2428 3771 vero
2477 3722 2528 3770 et
2582 3716 2725 3786 ﬁlios
2781 3717 2895 3783 ejus
2949 3718 3008 3768 in
3060 3715 3290 3768 secundo
3328 3716 3469 3791 (loco.
3526 3714 3715 3785 Erigit
3758 3728 3794 3769 a

2095 3806 2335 3863 terrenis
2390 3806 2628 3875 spiritus
2690 3803 3081 3868 intentionem,
3141 3810 3196 3858 et
3273 3801 3542 3872 prospicit
3600 3802 3795 3859 carnis

2095 3894 2361 3951 affectum
2393 3894 2481 3949 his
2528 3893 2938 3955 imminentem,
2972 3900 3028 3947 et
3070 3906 3201 3947 cum
3233 3906 3297 3946 eo
3340 3891 3515 3946 totius
3544 3890 3796 3947 saecula-

2096 3985 2281 4040 ritatis
2320 3983 2842 4052 praesumptionem.
2878 3983 2956 4037 De
3006 3980 3449 4052 quadringentis
3494 3994 3673 4050 supra
3702 3980 3796 4035 di—

2094 4072 2291 4128 ximus
2320 4071 2513 4127 latius.
2561 4070 2839 4127 Discernit
2871 4070 3017 4125 inter
3059 4083 3235 4138 opera
3267 4069 3370 4137 piae
3418 4068 3791 4135 actualitatis,

2095 4169 2150 4217 et
2179 4174 2351 4230 opera
2380 4160 2529 4215 Balm
2575 4166 2629 4214 et
2652 4159 2836 4225 Zelfae,
2870 4158 3135 4213 videlicet
3169 4157 3467 4213 vetustatis
3498 4164 3553 4211 et
3594 4156 3795 4227 glorim

296 4242 462 4306 mihi,
521 4239 634 4296 nisi
689 4239 951 4296 videlicet
1006 4240 1078 4296 ad
1129 4241 1529 4296 certitudinem
1577 4242 1985 4301 benedictionis
2023 4265 2069 4320 ι)
2100 4248 2287 4304 inanis
2332 4256 2387 4304 et
2415 4248 2557 4304 vitia
2585 4261 2655 4303 ex
2689 4247 2962 4316 vitiisque
2997 4246 3241 4302 orientia
3270 4245 3538 4315 quaelibet
3571 4244 3624 4299 in
3660 4259 3789 4314 pro-

295 4336 523 4385 zeternae
563 4343 655 4384 me
698 4329 1054 4399 perduxeris.
1089 4329 1282 4394 (Vens.
1325 4328 1440 4399 27.)
1490 4330 1642 4396 Quod
1670 4347 1878 4398 nomen,
1910 4333 1987 4388 in-

298 4418 445 4490 quit,
494 4423 572 4472 est
612 4417 761 4473 tibi?
815 4418 876 4472 1d
925 4425 1008 4473 est
1056 4417 1419 4474 reminiscere
1464 4419 1553 4473 tui
1587 4419 1986 4489 professionem

298 4506 585 4578 propositi.
637 4506 770 4562 Ait:
803 4507 984 4561 Iacob.
1018 4506 1102 4561 Ad
1152 4506 1603 4574 subversionem,
1659 4509 1867 4579 inquit,
1900 4512 1986 4566 vi-

294 4610 429 4652 vere
460 4595 769 4652 deliberavi
815 4594 1108 4650 vitiorum.
1163 4595 1352 4663 (Vens.
1384 4596 1496 4666 28.)
1549 4597 1672 4653 Non
1720 4598 1799 4653 ait
1831 4598 1982 4655 vitio-

294 4698 426 4741 rum
495 4683 1051 4754 supplantandorum
1102 4683 1202 4738 tibi
1277 4684 1442 4739 modo
1506 4685 1828 4743 sollicitudo
1893 4688 1987 4743 in—

296 4774 546 4842 cumbet,
598 4773 653 4828 id
686 4780 809 4837 est,
854 4787 961 4825 non
1005 4771 1168 4827 Iacob
1206 4771 1511 4839 vocaberis,
1541 4774 1637 4829 sed
1686 4777 1876 4838 Israel.
1932 4775 1987 4831 id

295 4871 380 4920 est
410 4863 672 4933 princeps
703 4876 837 4918 cum
869 4862 1004 4929 Deo,
1043 4860 1133 4916 vel
1164 4860 1406 4917 dilectus
1450 4862 1567 4929 Dei,
1601 4871 1664 4919 ut
1688 4864 1809 4934 jam
1841 4877 1985 4934 qua-

296 4952 430 5008 dam
459 4951 724 5007 collativa
771 4950 977 5005 deitate
1017 4962 1149 5005 cum
1184 4949 1303 5019 ipso
1352 4949 1503 5006 intra
1547 4959 1596 5007 te
1646 4952 1832 5021 ipsum
1872 4952 1986 5007 Deo

297 5040 686 5111 principatum
715 5046 933 5106 teneas,
963 5046 1018 5094 et
1048 5039 1337 5108 consopita
1359 5040 1692 5109 passionum
1724 5039 1983 5108 strepitu,

293 5143 366 5184 ex
400 5129 512 5185 Deo
554 5128 623 5183 ad
655 5128 835 5183 Deum
882 5134 933 5183 te
964 5127 1201 5198 dirigas,
1232 5135 1288 5184 et
1330 5128 1545 5199 pacatis
1589 5128 1859 5184 omnibus
1897 5128 1986 5184 his

293 5217 399 5273 uni
439 5217 724 5286 intendas,
777 5216 1052 5288 quoniam
1112 5218 1159 5273 si
1206 5225 1635 5287 perseveranter
1682 5218 1755 5273 ad
1803 5218 1982 5273 Deum

295 5305 470 5362 anxie
536 5306 914 5376 quaerendum
988 5307 1596 5377 complectendumqne
1661 5306 1820 5363 fortis
1883 5320 1981 5374 es,

295 5401 514 5465 quanto
543 5394 729 5466 magis
754 5402 953 5451 contra
985 5396 1241 5451 homines
1271 5394 1628 5465 praevalebis,
1660 5404 1861 5452 contra
1880 5395 1985 5452 hu-

296 5483 588 5540 manitatis
629 5484 840 5540 scilicet
887 5484 1241 5540 tentationes.
1275 5483 1463 5549 (Vens.
1505 5483 1619 5554 29)
1667 5487 1734 5540 Et
1772 5486 1932 5541 Iacob
1967 5502 1982 5540 :

298 5574 402 5627 Dic
432 5573 571 5627 mihi
596 5588 701 5642 quo
732 5572 1030 5642 appellat-is
1074 5573 1304 5637 nomine,
1343 5571 1397 5627 id
1437 5580 1520 5628 est
1545 5571 1831 5643 quomodo
1868 5581 1983 5630 tuae

2097 4337 2293 4407 patulo
2342 4351 2442 4406 per
2470 4335 2880 4391 confessionem
2927 4336 3132 4403 ponit,'
3155 4334 3295 4403 quia
3323 4335 3507 4402 justus
3540 4332 3595 4387 in
3631 4333 3790 4402 prin-

2095 4427 2242 4497 cipio
2294 4430 2575 4479 accusator
2606 4428 2683 4478 est
2729 4426 2818 4477 sui
2860 4423 3044 4490 (Prov.
3092 4437 3250 4487 xvm,
3303 4425 3407 4489 17).
3446 4421 3565 4487 Lia,
3600 4421 3655 4476 id
3703 4430 3791 4478 est

2096 4515 2302 4581 activa,
2352 4528 2482 4568 cum
2520 4512 2670 4579 ﬁliis,
2704 4511 2760 4567 id
2797 4520 2879 4568 est
2908 4511 3113 4567 studiis
3154 4511 3275 4567 suis
3304 4513 3359 4565 in
3392 4511 3621 4565 secundo
3651 4511 3788 4579 loco,

2096 4611 2162 4659 ut
2190 4603 2271 4659 sic
2302 4602 2454 4657 infra
2495 4601 2823 4657 deserviant
2855 4599 3135 4670 proximo,
3172 4608 3236 4656 ut
3281 4599 3550 4669 superius
3596 4600 3788 4655 inten-

2098 4691 2308 4747 tionem
2352 4690 2609 4745 dcferant
2640 4691 2771 4744 Deo.
2834 4690 3041 4743 Rachel
3072 4693 3251 4743 autem
3285 4694 3336 4742 et
3377 4689 3573 4758 Ioseph
3601 4691 3788 4743 novis-

2094 4783 2256 4835 simos
2314 4777 2492 4848 ponit,
2549 4778 2689 4849 quia
2719 4778 2816 4834 Dei
2874 4777 3411 4847 contemplationem
3460 4777 3698 4832 sinceris
3734 4786 3792 4834 et

2097 4867 2362 4936 perfectis
2432 4866 2760 4929 mentibus,
2815 4880 2945 4937 quae
3008 4865 3189 4920 tilium
3238 4865 3482 4934 Ioseph,
3544 4864 3598 4919 id
3656 4872 3787 4933 est,

2096 4956 2348 5012 fructum
2397 4954 2727 5024 sempiterni
2774 4954 3070 5025 augmenti
3110 4968 3333 5023 semper
3379 4961 3594 5022 spectat
3620 4954 3794 5023 perti-

2095 5058 2231 5099 nere
2261 5045 2383 5100 scit.
2419 5045 2613 5114 (VERS.
2647 5046 2719 5109 3.)
2752 5045 2830 5097 Et
2856 5047 2972 5111 ipse
2999 5043 3350 5111 progrediens
3378 5041 3632 5098 adoravit
3660 5058 3789 5111 pro-

2093 5147 2194 5186 nus
2240 5135 2299 5187 in
2351 5139 2554 5187 terram
2602 5133 2820 5201 septies,
2867 5131 3032 5186 donec
3085 5115 3557 5200 appropinquaret
3609 5133 3791 5197 frater

2091 5222 2229 5290 ejus,
2278 5221 2582 5291 proﬁciens
2626 5220 2840 5276 scilicet
2869 5225 2924 5274 et
2970 5218 3090 5289 ipse
3133 5217 3205 5273 ad
3238 5218 3498 5274 eamdem
3529 5225 3783 5275 contem-

2095 5308 2422 5378 plationem,
2456 5316 2512 5364 et
2563 5308 2636 5364 ad
2669 5308 2927 5378 perfectae
2971 5306 3209 5362 visionis
3251 5314 3651 5378 augmentum.
3684 5308 3783 5362 Se-

2088 5399 2264 5466 pties;
2296 5397 2450 5466 quod
2491 5404 2576 5453 est
2614 5404 2668 5452 et
2693 5409 2956 5465 corpore,
2981 5401 3035 5451 et
3066 5395 3261 5450 anima
3293 5394 3640 5451 humiliatur
3664 5409 3785 5466 pro-

2092 5500 2204 5541 nus
2259 5485 2330 5540 ad
2384 5485 2563 5541 solam
2621 5485 2856 5540 vilitatis
2919 5485 3165 5555 propriae
3223 5484 3780 5549 considerationem,

2091 5573 2354 5644 quandiu
2406 5581 2645 5631 terrente
2706 5573 2986 5644 superbiae
3045 5573 3132 5630 bis
3190 5572 3429 5630 affectus
3486 5573 3779 5642 imminet,
