3904 6066
131 202 243 254 “235

1339 200 1702 255 MOHALIUM
1746 201 1811 254 ΙΝ
1851 200 2147 256 GENESIN
2191 201 2323 256 LIB.
2366 202 2508 257 VlIl.

3547 206 3649 263 246

126 329 589 396 Quaternarium
630 328 700 385 ad
769 343 998 400 corpus,
1069 328 1384 385 ternarium
1449 331 1522 385 ad
1582 329 1834 384 animam
1872 331 1920 384 A
1949 327 2247 398 quidpiam
2279 319 2547 397 animari,
2583 329 2809 401 citoque
2838 332 3079 389 deﬁcere
3112 333 3129 402 )
3162 348 3174 387 :
3218 334 3550 391 Gradiamur
3568 351 3651 390 st-

126 418 386 475 attinere
415 432 564 488 sape
591 418 878 489 diximus;
914 433 1043 488 qua
1063 426 1275 488 septem
1308 426 1463 474 sunt.

202 508 396 564 Vnus.
427 510 480 562 4.
505 537 571 549 -
598 509 829 565 Currens
867 510 1053 578 itaque
1082 510 1228 562 Esau
1270 508 1483 562 obviam
1528 509 1703 574 fratri
1748 521 1843 560 suo

124 596 492 664 amplexatus
531 600 608 649 est
651 611 790 662 eum,
837 598 1217 665 stringensque
1268 597 1460 650 collum
1505 601 1556 650 et
1595 596 1843 650 osculans

122 685 303 750 ﬂevit.
340 683 603 740 Carnalis
632 684 898 740 voluntas
939 684 1148 740 fervori
1195 684 1392 740 divino
1437 698 1732 750 occursus,
1786 683 1841 738 id

124 780 215 828 est
272 773 615 829 obedientia
664 773 1043 829 reverentiam
1112 773 1365 830 exhibet.
1436 775 1838 844 Amplexatur,

123 876 268 917 cum
338 862 631 918 dexteram
684 863 1074 932 prosperitatis
1113 862 1435 932 lavamque
1482 862 1842 918 adversitatis

123 949 463 1006 intellectus
492 952 727 1007 arbitrio
763 951 988 1023 ingerit.
1030 953 1235 1008 Collum
1276 952 1524 1023 stringit,
1556 966 1687 1008 cum
1734 966 1839 1007 vo-

124 1053 225 1093 ces
274 1039 649 1095 consiliorum
695 1041 821 1111 ejus
875 1041 981 1096 sibi
1047 1048 1343 1111 gratanter
1391 1039 1625 1111 colligit.
1685 1039 1839 1095 Collo

124 1128 292 1183 enim
316 1143 429 1183 vox
460 1129 758 1185 emittitur.
792 1129 1118 1196 Osculatur,
1163 1143 1296 1184 cum
1339 1129 1485 1184 idem
1530 1129 1757 1198 sapiens
1785 1135 1840 1183 et

124 1217 432 1286 sapientia
461 1217 656 1273 salivis
706 1218 852 1289 tingi
899 1232 957 1274 se
984 1219 1218 1288 patitur,
1264 1225 1320 1274 et
1366 1217 1601 1288 spiritus
1638 1218 1836 1273 suavi-

128 1310 247 1359 tate
278 1303 587 1360 imbuitur.
624 1305 746 1362 Flet
786 1320 942 1373 vero,
996 1320 1129 1362 cum
1168 1320 1202 1361 a
1231 1305 1405 1363 noxio
1444 1307 1685 1363 humore
1733 1306 1840 1376 spi-

126 1390 247 1447 ritu
279 1393 480 1449 eodem
526 1401 775 1450 torrente
843 1395 1109 1451 siccatur.
1167 1395 1343 1464 (Vsus
1391 1395 1463 1457 5.)
1521 1397 1839 1457 Levatisque

125 1482 302 1535 oculis
339 1481 477 1536 vidit
504 1483 756 1536 mulieres
777 1487 827 1538 et
852 1483 1116 1553 parvulos
1147 1499 1356 1541 earum.
1392 1484 1539 1550 Quid
1576 1486 1675 1548 ait,
1729 1484 1839 1538 sibi

122 1570 323 1623 volunt
345 1571 444 1624 isti
469 1572 583 1625 ?Et
604 1572 656 1624 si
693 1570 767 1624 ad
796 1576 845 1624 te
874 1573 1196 1640 pertinent?
1227 1571 1400 1626 Levat
1425 1571 1545 1642 jam
1596 1571 1669 1627 ab
1710 1571 1836 1628 imis

122 1658 330 1713 oculos
358 1658 562 1726 animi,
612 1666 666 1714 et
698 1658 850 1715 videt
875 1659 1015 1728 quia
1051 1660 1172 1729 jam
1203 1674 1315 1715 non
1371 1660 1584 1716 invidet
1632 1660 1836 1717 fecun-

122 1746 365 1802 ditatem
445 1748 671 1817 piorum
732 1748 1172 1818 propositorum,
1254 1756 1309 1804 et
1357 1755 1578 1804 teneros
1642 1749 1837 1804 adhuc

120 1833 366 1891 effectus
438 1851 639 1892 eorum
715 1836 1005 1907 disquirit,
1085 1836 1220 1906 quid
1276 1836 1455 1892 velint
1536 1851 1637 1906 per
1715 1837 1836 1893 hac

122 1922 325 1978 studia
393 1923 503 1980 sibi
555 1927 914 1995 conquirere,
974 1931 1025 1979 et
1077 1927 1128 1980 si
1194 1926 1267 1981 ad
1315 1925 1567 1996 aliquem
1637 1926 1838 1983 intelli-

124 2010 340 2081 gentia
364 2010 617 2068 fructum
657 2015 949 2082 pertinent.
984 2012 1133 2068 Solet
1163 2013 1317 2068 enim
1356 2027 1490 2068 caro
1520 2013 1833 2083 prasertim

125 2099 279 2154 inter
302 2099 527 2156 labores
557 2100 625 2157 de
654 2100 887 2171 pramio
920 2090 1231 2171 requirere.
1267 2102 1492 2155 Parvuli
1533 2105 1680 2162 sunt,
1730 2102 1828 2168 ait,

126 2202 261 2256 quos
293 2187 435 2241 mihi
462 2188 615 2241 dedit
667 2189 929 2242 Dominus
978 2204 1128 2242 servo
1171 2193 1280 2255 tuo,
1328 2187 1384 2244 id
1432 2196 1514 2245 est
1547 2188 1832 2245 virtutum

124 2276 373 2332 exordia
397 2283 551 2344 sunt,
612 2275 741 2332 licet
792 2276 1040 2343 infirma,
1095 2292 1227 2348 qua
1275 2277 1418 2332 mihi
1466 2278 1621 2333 dedit
1660 2280 1828 2345 Deus,

126 2368 192 2420 ut
229 2371 290 2420 et
320 2364 421 2420 tibi
474 2365 825 2421 honestatem
881 2365 1221 2436 conquiram
1280 2366 1392 2435 hic,
1425 2372 1480 2422 et
1536 2366 1591 2421 in
1636 2366 1832 2423 futuro

127 2453 372 2523 pramia
401 2453 677 2509 servitute
706 2453 882 2524 digna
912 2455 1273 2524 conquiram.

197 2542 374 2597 Vnus.
406 2544 459 2604 6,
492 2546 545 2597 7.
580 2573 646 2581 —
691 2543 1216 2612 Appropinquantes
1259 2544 1469 2598 ancilla
1505 2547 1556 2598 et
1593 2544 1709 2611 ﬁlii
1749 2560 1835 2598 ea-

128 2645 251 2682 rum
288 2630 665 2697 incurvantur,
712 2631 761 2683 id
792 2638 876 2685 est
906 2630 974 2686 de
1006 2630 1356 2686 latebrarum
1399 2632 1718 2688 recessibus
1738 2632 1830 2687 vi-

129 2718 231 2786 tia,
276 2732 409 2774 cum
450 2719 573 2774 suis
605 2718 901 2775 effectibus
921 2720 991 2775 ad
1039 2719 1625 2777 confessionislumen
1670 2737 1830 2779 acce-

128 2806 289 2862 denti
319 2808 430 2863 sub
478 2807 716 2863 rationis
758 2808 899 2878 jugo
948 2816 1292 2864 curvantur.
1332 2811 1435 2865 Lia
1478 2826 1597 2864 cum
1644 2812 1831 2866 liberis

126 2895 399 2952 similiter
426 2896 649 2964 adorat,
680 2897 817 2966 quia
844 2904 899 2952 et
930 2896 1115 2952 virtus
1142 2898 1350 2965 activa,
1381 2906 1434 2954 et
1454 2898 1581 2969 ejus
1619 2897 1826 2968 ofticia,
1870 2924 1910 2979 ο

129 2984 242 3039 sub
288 2984 526 3039 rationis
573 2984 913 3039 documento
972 2993 1094 3054 post
1131 2985 1255 3041 vitii
1304 2986 1722 3056 depressionem
1772 3004 1829 3045 se

130 3073 425 3140 ordinant,
456 3078 507 3126 et
545 3078 773 3127 extremi
812 3075 1009 3129 Rachel
1057 3078 1108 3127 et
1148 3076 1349 3142 Joseph
1388 3075 1649 3142 adorant,
1690 3078 1828 3147 quia

131 3163 232 3217 Dei
272 3162 673 3231 contemplatio
703 3176 832 3217 cum
858 3162 1117 3230 perfecta
1144 3162 1380 3219 visionis
1407 3163 1561 3233 quod
1593 3173 1829 3234 prasto-

132 3252 291 3308 latur
320 3257 653 3321 augmento,
688 3250 849 3320 quasi
892 3250 1237 3319 supremitas
1268 3252 1636 3307 sanctitatum
1669 3267 1827 3308 sum-

132 3354 328 3397 mase
377 3339 585 3395 rationi
639 3338 964 3395 humiliant.
1024 3339 1212 3407 (Vnus.
1262 3338 1338 3407 8.)
1389 3344 1515 3406 Quae
1558 3346 1707 3406 sunt,
1742 3341 1823 3396 in-

133 3430 262 3501 quit
287 3427 547 3495 affectus,
582 3430 700 3482 ista
729 3432 936 3493 turma,
977 3427 1029 3482 id
1056 3435 1139 3483 est
1186 3427 1467 3484 virtutum
1512 3430 1825 3500 congeries,

133 3530 283 3587 quas
306 3515 541 3581 obviam,
577 3514 788 3569 scilicet
819 3513 1056 3569 adverso
1088 3513 1315 3569 habui?
1353 3514 1490 3581 Quae
1523 3515 1622 3571 tibi
1654 3530 1829 3573 causa

132 3604 343 3677 agendi
385 3605 505 3659 hac
543 3601 850 3659 incubuit?
887 3605 951 3657 Ut
992 3605 1308 3675 invenirem,
1360 3604 1438 3659 ait
1483 3605 1825 3674 intellectus,

131 3692 186 3746 id
209 3699 314 3756 est,
342 3689 586 3747 inveniri
622 3690 859 3746 facerem
882 3688 941 3745 in
972 3698 1299 3760 conspectu,
1332 3692 1390 3747 in
1419 3693 1539 3749 acie
1566 3693 1829 3750 videlicet

129 3779 601 3837 considerationis
651 3787 764 3835 tua
820 3794 934 3834 non
1000 3779 1325 3847 avaritiam,
1383 3781 1479 3853 sed
1565 3785 1824 3850 gratiam.

129 3869 326 3938 (Vnus.
379 3869 455 3939 9.)
495 3869 675 3924 Habeo
737 3869 1001 3937 plurima,
1054 3871 1233 3935 frater
1260 3870 1355 3933 mi,
1402 3868 1515 3924 sint
1562 3876 1659 3925 tua
1706 3870 1824 3925 tibi.

130 3961 209 4012 Ac
248 3956 296 4013 si
341 3956 537 4012 dicat:
599 3956 833 4013 Frustra
893 3963 1185 4026 tantopere
1230 3956 1446 4024 niteris,
1498 3972 1629 4015 cum
1688 3960 1827 4016 mihi

130 4045 314 4102 multa
338 4045 576 4102 honesta
597 4045 655 4100 in
686 4045 982 4101 voluntate
1007 4052 1333 4116 suppetant,
1365 4061 1495 4116 qua
1526 4047 1595 4101 ad
1652 4047 1826 4104 vitam

130 4133 441 4200 sufficiant,
501 4146 606 4189 nec
656 4140 733 4189 tot
780 4132 1106 4190 novitatum
1164 4135 1599 4205 ingestionibus,
1680 4152 1828 4207 quas

133 4237 303 4293 penes
334 4232 387 4279 te
418 4222 599 4285 video,
634 4236 853 4293 egeam.
900 4222 1046 4290 Noli,
1084 4223 1420 4291 intellectus,
1478 4225 1557 4281 ita
1614 4227 1685 4283 ab
1732 4242 1824 4284 ar-
1866 4255 1909 4308 ι)

133 4320 287 4382 repto
318 4311 578 4367 deficere.
630 4311 818 4379 (Vsus.
860 4313 960 4378 l0.)
1009 4311 1114 4368 Sed
1158 4314 1210 4366 si
1253 4314 1434 4367 inveni
1479 4313 1601 4383 jam
1657 4318 1827 4373 semel

131 4403 187 4454 in
214 4400 405 4466 oculis,
439 4398 651 4455 scilicet
684 4398 996 4455 intentione
1035 4407 1153 4467 tua,
1181 4403 1445 4472 gratiam,
1470 4410 1662 4472 patere
1712 4420 1828 4459 mu-

132 4490 429 4544 musculum
460 4489 846 4557 temperantia
871 4488 937 4542 de
972 4489 1242 4553 manibus,
1272 4491 1426 4559 quod
1464 4500 1548 4546 est
1586 4492 1654 4547 de
1697 4507 1826 4562 ope-

134 4593 259 4635 rum
294 4591 552 4633 meorum
583 4577 855 4632 exercitio
895 4590 1140 4634 sumere.
1176 4579 1264 4634 Sic
1301 4581 1443 4633 enim
1481 4594 1612 4636 cum
1657 4581 1830 4638 intel-

133 4666 299 4723 lectui
337 4665 555 4735 pridem
596 4664 790 4721 favere
826 4666 1064 4736 coepisti,
1104 4667 1244 4734 vidi,
1296 4667 1351 4723 id
1406 4675 1491 4724 est
1539 4677 1827 4739 acceptam

130 4755 303 4812 habui
348 4756 567 4821 faciem,
624 4754 886 4810 notitiam
915 4755 1178 4811 videlicet
1237 4763 1416 4822 tuam,
1468 4771 1588 4827 qua
1620 4772 1655 4813 a
1716 4759 1829 4815 Deo

131 4844 303 4910 nosci,
341 4842 394 4898 id
418 4849 503 4898 est
526 4842 836 4912 approbari
860 4858 1131 4914 caperas,
1157 4847 1317 4913 quasi
1355 4845 1585 4900 viderim
1622 4848 1829 4901 vultum

131 4935 238 4998 Dei,
292 4940 358 4988 ut
408 4944 611 4987 revera
663 4931 830 5001 plane
886 4932 1261 5004 intelligerem
1323 4933 1674 4991 voluntatem
1734 4936 1829 4992 Dei

134 5021 387 5092 illapsam
415 5020 538 5076 tibi.
594 5020 709 5088 Vel,
749 5022 977 5089 vultum,
1033 5022 1087 5077 id
1129 5029 1212 5078 est
1241 5022 1603 5080 severitatem
1652 5024 1750 5080 Dei
1779 5032 1830 5081 te

134 5108 493 5180 pertimuisse
520 5108 911 5178 cognoverim.

199 5198 370 5254 Vsus.
418 5200 499 5264 tl,
553 5199 636 5250 t2.
668 5227 737 5236 —
786 5198 1009 5267 Suscipe
1039 5212 1176 5270 ergo
1215 5214 1327 5256 non
1379 5200 1535 5270 quod
1581 5200 1833 5257 astimas

138 5285 562 5350 detrimentum,
603 5284 701 5340 sed
749 5285 1182 5351 benedictionem,
1240 5286 1296 5342 id
1345 5294 1427 5344 est
1478 5287 1831 5359 multiplica-

140 5376 299 5431 tionis
319 5380 727 5444 augmentum.
776 5375 886 5429 Via:
913 5376 1091 5441 fratre
1120 5376 1460 5445 compellente
1509 5380 1827 5446 suscipiens,

143 5463 232 5518 vix
269 5462 486 5518 scilicet
531 5460 741 5516 rationi
792 5461 1008 5526 favens,
1060 5464 1139 5516 ait
1183 5463 1551 5530 (consuetudo
1600 5473 1685 5522 est
1716 5466 1831 5521 hu-

146 5565 314 5607 mana
380 5550 697 5606 voluntatis
748 5550 857 5606 cito
913 5550 1147 5622 quidem
1206 5552 1343 5608 satis
1388 5553 1458 5607 ad
1531 5553 1831 5623 spirituale

1951 418 2066 470 mut
2125 417 2339 487 pariter
2400 418 2614 475 scilicet
2689 420 3126 489 contendamus,
3183 437 3376 492 eroque
3450 425 3646 484 socius.

1954 504 2154 561 amodo
2184 505 2448 562 desiderii
2478 506 2582 562 tui.
2629 508 2908 578 Appetere
2946 523 3085 566 sane
3112 511 3538 581 quodammodo
3571 515 3652 565 ire

1948 602 2049 649 est.
2074 594 2238 650 Ratio
2271 609 2404 650 vero
2432 609 2866 667 praproperum
2926 612 3152 654 necesse
3201 606 3286 655 est
3331 608 3651 657 remoretur

1949 680 2252 751 impetum.

2027 775 2170 824 I30
2210 770 2380 827 Vsus.
2430 775 2513 827 t3.
2569 802 2638 812 —
2684 774 2863 841 Nosti,
2919 775 3152 844 domine,
3203 778 3348 846 quod
3386 779 3649 847 parvulos

1947 858 2173 913 habeam
2212 864 2439 929 teneros,
2470 864 2520 914 et
2567 876 2686 916 oves
2721 878 2783 916 ac
2842 863 2994 918 boves
3034 867 3178 930 fetas
3227 882 3451 931 mecum,
3511 882 3648 936 quas

1944 949 1996 1001 si
2040 949 2099 1000 in
2148 947 2476 1001 ambulando
2517 952 2691 1016 fecero
2737 951 3002 1017 laborare,
3055 956 3354 1008 morientur
3401 970 3513 1009 una
3560 956 3649 1009 die

1946 1037 2124 1089 cuncti
2151 1035 2553 1103 greges.:Quod
2583 1046 2667 1093 est
2714 1038 2903 1094 dicere
2939 1056 2952 1095 :
2987 1040 3143 1096 Nosti
3190 1056 3263 1097 ex
3310 1042 3648 1111 nuperrima

1945 1124 2313 1179 conversione
2346 1125 2500 1194 quod
2527 1124 2761 1181 inﬁrma
2801 1128 3041 1184 habeam
3083 1130 3416 1199 primordia,
3448 1136 3499 1185 et
3526 1148 3646 1187 oves

1945 1210 2399 1281 simplicitatum,
2425 1213 2683 1282 bovesque
2703 1214 3060 1272 discretionis
3097 1218 3292 1286 (boves
3333 1219 3485 1275 enim
3532 1228 3644 1276 ter-

1944 1313 2069 1355 ram
2095 1299 2436 1367 discutiunt)
2470 1301 2587 1357 solo
2630 1317 2785 1358 nunc
2826 1304 3077 1373 primum
3115 1306 3258 1362 bene
3291 1308 3499 1378 agendi
3539 1323 3644 1378 ap-

1943 1389 2123 1459 petitu
2155 1388 2426 1456 fetantur,
2458 1406 2594 1458 quas
2637 1393 2688 1444 si
2718 1393 3031 1463 plusquam
3062 1394 3217 1451 vires
3262 1396 3505 1467 exigunt
3548 1412 3643 1453 co-

1944 1489 2111 1546 egero
2138 1490 2325 1546 agere,
2357 1479 2656 1532 morientur
2686 1478 2895 1534 fastidii
2940 1480 3162 1537 defectu
3210 1497 3319 1536 una
3363 1484 3479 1550 die;
3524 1483 3644 1553 ipso

1944 1563 2155 1619 scilicet
2209 1578 2329 1619 sua
2404 1564 2802 1622 illustrationis
2849 1568 3008 1625 initio
3058 1570 3344 1627 universa
3414 1571 3642 1641 piarum

1875 1627 1915 1681 Β
1945 1652 2364 1723 cogitationum
2386 1654 2700 1724 congeries.
2744 1654 2933 1727 (Vnus.
2963 1658 3081 1723 14.)
3132 1627 3643 1713 Ρνωοεάαίῦοηιί-

1940 1755 2043 1795 nus
2073 1756 2219 1795 meus
2250 1746 2376 1795 ante
2402 1756 2614 1797 servum
2659 1759 2836 1810 suum,
2883 1748 2933 1800 et
2977 1762 3071 1814 ego
3118 1761 3324 1817 sequar
3373 1749 3644 1817 paulatim

1940 1832 2176 1898 vestigia
2200 1831 2338 1900 ejus,
2370 1834 2510 1887 sicut
2533 1833 2718 1888 videro
2761 1850 2917 1903 posse
2954 1838 3214 1906 parvulos
3265 1853 3425 1906 meos,
3480 1839 3642 1893 donec

1941 1921 2155 1974 veniam
2179 1920 2253 1974 ad
2279 1920 2557 1976 dominum
2587 1938 2761 1977 meum
2791 1926 2850 1977 in
2880 1926 3019 1980 Seir.
3060 1926 3251 1982 Tuum
3290 1933 3394 1995 est,
3425 1926 3638 1999 inquit,

1942 2023 2060 2078 pra
2092 2009 2315 2064 cunctis
2343 2009 2521 2064 animi
2550 2011 2800 2068 motibus
2832 2013 2912 2068 ire
2946 2014 3208 2083 volendo,
3242 2019 3292 2070 et
3330 2031 3425 2085 ego
3455 2017 3644 2088 gravi-

1942 2095 2073 2152 tatis
2100 2110 2212 2152 usu
2241 2097 2431 2166 proba
2458 2101 2691 2166 vestigia
2724 2100 3054 2158 intentionis
3083 2103 3374 2173 operando
3420 2119 3637 2174 sequar,

1941 2185 2026 2242 uti
2056 2186 2499 2243 teneritudinem
2528 2202 2713 2243 meam
2750 2190 2863 2259 pati
2898 2205 3055 2260 posse
3099 2206 3332 2258 novero,
3376 2193 3540 2247 donec
3568 2193 3641 2248 ad

1938 2281 2011 2343 te,
2043 2274 2145 2346 qui
2188 2275 2468 2331 Dominus
2515 2277 2731 2333 sanctis
2777 2278 3070 2335 desideriis
3103 2281 3411 2350 praeundo
3455 2296 3634 2348 mens,

1939 2371 1995 2419 et
2022 2364 2145 2419 dux
2175 2364 2290 2419 fore
2314 2363 2614 2432 debueras,
2650 2369 2865 2420 veniam
2894 2370 2953 2423 in
2981 2369 3119 2435 Seir,
3155 2367 3210 2424 id
3239 2376 3323 2425 est
3353 2369 3455 2426 tibi
3485 2384 3640 2425 una-

1939 2451 2172 2508 nimiter
2198 2452 2488 2508 consocier
2530 2452 2592 2508 in
2626 2454 2947 2525 asperitatis
2997 2464 3361 2526 peccatorum
3407 2465 3638 2513 tuorum

1939 2541 2311 2598 confessione.

2012 2630 2300 2688 VERS.15.
2349 2660 2420 2671 -
2456 2632 2601 2685 Dicit
2648 2635 2698 2686 ei
2751 2635 2922 2688 Esau.
2977 2635 3082 2690 Oro
3142 2638 3190 2687 te
3239 2637 3298 2688 tu
3326 2634 3392 2688 de
3434 2634 3637 2703 populo

1941 2721 2038 2789 qui
2064 2734 2267 2773 mecum
2295 2725 2392 2785 est,
2420 2722 2610 2775 saltem
2651 2724 2784 2776 socii
2823 2726 3137 2776 remaneant
3164 2724 3265 2776 via
3307 2727 3428 2778 tua.
3467 2721 3634 2789 Quia,

1940 2808 2153 2879 inquit,
2184 2807 2364 2864 uttibi
2383 2809 2613 2864 credam
2635 2809 2919 2881 suggeris,
2940 2810 2986 2864 si
3028 2817 3091 2865 ut
3115 2809 3214 2866 tibi
3246 2810 3634 2880 obtemperem

1940 2898 2047 2964 vis,
2075 2896 2271 2953 saltem
2318 2896 2543 2966 aliquos
2593 2896 3005 2966 cogitationum
3057 2897 3249 2954 minus
3298 2898 3631 2955 noxiarum.

1939 2992 2298 3049 operumque
2327 2979 2697 3037 sacularium
2731 2998 2870 3040 usus
2896 2986 3084 3041 studio
3115 2994 3213 3042 tuo
3234 2987 3322 3043 vel
3351 2986 3635 3044 remissio-

1940 3068 2029 3125 nis
2057 3067 2435 3138 aliquantula
2461 3084 2638 3126 causa
2667 3072 2944 3142 permisce
2976 3113 2991 3128 .
3030 3077 3168 3142 Non,
3202 3075 3281 3131 ait
3331 3075 3493 3144 ratio,
3534 3093 3633 3131 ne-

1938 3172 2076 3212 cesse
2099 3163 2176 3211 est
2188 3175 2211 3226 ,-
2246 3157 2352 3212 hoc
2379 3167 2483 3224 est,
2535 3159 2688 3216 unde
2732 3170 2991 3217 nostrum
3034 3163 3239 3219 melius
3280 3163 3501 3220 levetur
3544 3164 3630 3220 fa-

1936 3246 2169 3302 stidium
2201 3287 2214 3300 .
2263 3248 2374 3302 Uno
2402 3247 2639 3314 indigeo,
2679 3254 2741 3302 ut
2781 3251 3056 3305 inveniam
3103 3254 3163 3305 in
3217 3257 3518 3323 conspectu,
3571 3253 3629 3309 id

1935 3343 2020 3393 est
2048 3337 2105 3391 in
2126 3344 2225 3393 tua
2244 3339 2484 3404 gratiam
2509 3338 2833 3407 provisione
2852 3339 3130 3396 divinam.
3170 3341 3361 3407 (Vsus.
3402 3344 3487 3409 16,
3514 3342 3630 3413 17.)

1937 3425 2205 3480 Reversus
2233 3431 2313 3479 est
2346 3428 2532 3495 itaque
2569 3429 2718 3481 Esau
2755 3429 2849 3482 illo
2890 3429 2980 3482 die
3026 3430 3218 3482 itinere
3259 3445 3364 3499 quo
3412 3438 3632 3485 venerat

1936 3518 1996 3570 in
2024 3515 2161 3570 Seir.
2192 3516 2260 3583 Et
2287 3515 2452 3570 Jacob
2480 3518 2626 3570 venit
2664 3519 2720 3570 in
2757 3518 2970 3583 Socoth,
3005 3518 3118 3582 ubi,
3160 3518 3432 3585 aediﬁcata
3474 3519 3630 3574 domo

1937 3608 1987 3658 et
2009 3603 2143 3674 ﬁxis
2171 3605 2438 3669 tentoriis,
2470 3605 2767 3673 appellavit
2792 3606 2962 3660 locum
3004 3605 3216 3673 Socoth,
3244 3606 3306 3659 id
3345 3611 3425 3659 est
3451 3606 3629 3661 taber-

1936 3693 2169 3746 macuta.
2200 3691 2460 3747 Carnalis
2507 3692 2793 3762 appetitus
2836 3691 3072 3747 luminis
3118 3691 3353 3761 superni
3387 3693 3508 3763 jam
3540 3692 3631 3748 die

1936 3779 2195 3851 fulgidus
2223 3779 2418 3835 iisdem
2447 3779 2762 3835 devotionis
2801 3779 3112 3851 gressibus,
3166 3779 3384 3850 quibus
3421 3780 3629 3835 rationi

1935 3875 2301 3935 convenerat,
2350 3866 2583 3940 singula
2615 3882 2863 3939 quaque
2902 3876 3133 3939 peccata
3161 3876 3225 3924 ut
3268 3876 3427 3940 gesta
3471 3876 3628 3936 sunt,

1935 3970 2127 4013 secum
2160 3955 2623 4026 panitentialiter
2668 3956 3036 4013 memorando
3081 3959 3410 4026 revertitur,
3452 3957 3631 4013 donec

1935 4044 2371 4116 superﬂuitatis,
2421 4045 2763 4114 asperitatis,
2806 4059 2874 4101 ac
2914 4045 3105 4102 fetoris
3155 4044 3245 4102 sui
3290 4046 3632 4118 cogitatione

1936 4141 2234 4191 mactetur.
2269 4132 2388 4189 Seir
2423 4133 2574 4190 enim
2621 4134 2835 4203 pilosus
2878 4134 2969 4190 vel
3016 4136 3197 4190 hircus
3239 4135 3470 4191 dicitur.
3519 4134 3626 4204 Ibi,

1937 4235 2005 4279 ac
2034 4222 2081 4279 si
2112 4222 2171 4276 in
2199 4223 2386 4290 domo,
2421 4230 2853 4293 perseveranter
2903 4222 3141 4285 habitat,
3194 4224 3316 4296 figit
3364 4225 3628 4293 tentoria,

1938 4312 2232 4368 radicatur
2261 4311 2536 4367 charitate
2565 4312 2831 4379 distenta,
2871 4318 3037 4367 vocat
3069 4311 3171 4367 loci
3198 4319 3409 4368 statum
3444 4312 3633 4369 taber-

1938 4401 2167 4467 nacula,
2200 4399 2339 4469 quia
2363 4400 2419 4455 in
2445 4400 2738 4457 charitatis
2765 4400 3175 4467 immobilitate,
3208 4401 3428 4458 multus
3448 4401 3630 4469 labor,

1940 4489 2123 4545 multa
2145 4496 2229 4544 est
2258 4488 2477 4545 militia.

2009 4578 2178 4635 Vsus.
2215 4581 2298 4633 t8.
2336 4609 2400 4617 —
2430 4578 2570 4634 Inde
2599 4581 2802 4634 transit
2847 4582 2905 4633 in
2935 4580 3132 4645 Salem,
3164 4592 3295 4650 qua
3354 4580 3630 4649 interpre-

1937 4673 2095 4723 tatur
2117 4668 2380 4736 perfecta,
2399 4668 2587 4723 urbem
2615 4668 2996 4733 Sichimorum,
3029 4668 3185 4738 quod
3241 4676 3322 4724 est
3350 4670 3626 4735 humerus,

1938 4757 1997 4813 in
2028 4771 2146 4828 quo
2177 4756 2518 4827 intelligitur
2534 4756 2884 4826 obedientia;
2920 4757 3012 4812 cui
3053 4755 3399 4826 supponitur
3429 4755 3628 4813 hume-

1939 4860 2039 4902 rus
2077 4846 2148 4900 ad
2197 4844 2429 4901 ferenda
2468 4853 2887 4916 praceptorum
2934 4858 3130 4911 onera,
3174 4842 3331 4899 haud
3385 4843 3627 4900 dubium

1938 4934 2081 5005 quin
2114 4933 2237 5004 ipsa
2255 4933 2544 5004 patientia,
2568 4948 2698 5005 qua
2729 4935 2871 4990 urbs
2898 4931 3109 4988 scilicet
3139 4931 3443 4986 munitioni
3468 4940 3630 4988 terna

1937 5024 2183 5080 habetur
2219 5025 2278 5077 in
2306 5024 2588 5090 Chanaan,
2623 5022 2676 5079 id
2710 5031 2794 5079 est
2823 5020 3158 5077 mutationis
3190 5025 3356 5087 terra,
3405 5020 3465 5077 in
3514 5036 3632 5093 quo

1938 5111 2276 5183 intelligitur
2300 5127 2526 5169 morum
2560 5112 2857 5168 conversio
2886 5111 3128 5181 integra.
3155 5110 3430 5166 Chanaan
3474 5124 3635 5168 nam-

1938 5214 2055 5273 que
2079 5200 2288 5257 dicitur
2312 5206 2541 5256 mutata.
2579 5200 2739 5266 Quod
2775 5206 2956 5255 totum
2988 5206 3072 5256 est
3107 5214 3125 5254 ;
3154 5199 3399 5256 Profecit
3446 5215 3635 5272 usque

1938 5288 2010 5343 ad
2078 5287 2261 5344 Salem
2325 5289 2706 5344 Sichimorum
2765 5287 2965 5343 urbem
3025 5287 3084 5342 in
3145 5295 3299 5344 terra
3333 5288 3631 5352 Chanaan,

1938 5376 2108 5447 plane
2162 5377 2234 5432 ad
2284 5376 2684 5447 perfectionem
2741 5375 3082 5432 humilitatis
3156 5385 3210 5432 et
3278 5377 3632 5442 obedientia,

1939 5480 2070 5537 qua
2100 5466 2523 5523 munimentum
2572 5465 2691 5522 sola
2740 5471 2841 5533 est,
2893 5470 3081 5522 omnis
3118 5466 3351 5523 virtutis
3398 5465 3635 5535 reliqua

1937 5562 1992 5610 et
2023 5555 2445 5610 ﬁrmamentum
2478 5568 2704 5611 morum
2748 5554 3083 5612 mutationis
3135 5555 3315 5611 facta.
3348 5555 3637 5623 Postquam
