3904 6066
240 155 340 209 247

1135 156 1193 209 ν.
1236 154 1565 210 GUIBERTI
1606 154 1901 210 ABBATIS
1937 157 1995 211 S.
2035 156 2276 211 MARIIE
2315 156 2404 210 DE
2445 154 2840 210 NOVIGENTO

3655 154 3782 206 248

239 304 513 358 regressus
539 295 618 345 est
653 291 817 346 Jacob
848 290 913 344 de
947 292 1340 358 Mesopotamia
1379 291 1585 358 Syria»;
1633 295 1682 344 et
1714 291 1932 346 habita-
1969 293 2011 347 Α
2044 290 2311 351 teutionis
2338 290 2644 346 adimenda
2690 289 3092 346 sinceritatem.
3132 290 3377 345 Adamat
3421 289 3602 346 etiam
3663 304 3784 359 per

240 379 320 431 vit
339 376 513 448 juxta
540 379 819 450 oppidum,
856 380 912 434 id
940 386 1025 435 est
1076 380 1298 448 ubijper
1346 381 1697 435 vocationem
1752 379 1931 435 subli-

243 480 414 532 mem,
445 466 700 522 divinam
732 467 964 535 scilicet,
1023 467 1284 523 elevatur
1330 468 1403 524 ab
1462 468 1613 535 imis,
1645 476 1701 524 et
1748 468 1821 523 ad
1875 482 1934 523 se

242 554 480 624 spiritus
509 563 700 611 noster
725 555 1071 625 regreditur,
1105 563 1160 610 et
1197 555 1254 610 in
1303 555 1589 626 adjutorio
1634 554 1930 622 Altissimi,

243 643 346 712 qui
381 657 512 698 vere
542 643 705 699 nobis
742 657 903 712 opem
933 643 1051 708 dat,
1085 644 1253 713 quasi
1299 645 1470 714 juxta
1503 643 1781 714 oppidum
1824 644 1935 699 ha-

243 730 386 786 bitat
445 732 610 797 (Psal.
666 746 760 797 xc,
834 730 909 802 1.)
973 731 1158 802 (Vsus.
1230 733 1346 799 19.)
1408 733 1670 802 Emitque
1724 738 1936 802 partem

241 821 385 885 agri,
419 818 472 873 id
502 827 588 875 est
615 827 831 889 partem
857 820 1055 887 animi,
1078 819 1179 889 qui
1220 834 1357 891 ager
1386 821 1549 876 cultu
1578 821 1791 893 dignus
1828 827 1933 886 est,

240 905 453 962 scilicet
481 907 671 976 ipsum
724 908 1014 963 carnalem
1060 908 1348 975 affectum,
1414 909 1513 978 qui
1570 909 1749 964 animi
1804 923 1936 979 pars

244 993 478 1049 inferior
504 1003 607 1062 est,
636 1003 691 1051 et
722 997 777 1051 in
802 1011 921 1066 qua
949 997 1268 1065 spiritualis
1299 996 1513 1053 militiae
1565 998 1937 1053 tabernacula

238 1080 359 1151 jam
392 1081 742 1139 visceraliter
765 1084 986 1140 ﬁxerat.
1038 1087 1206 1150 Emit,
1259 1085 1519 1154 inquam,
1570 1100 1694 1141 eam
1726 1102 1760 1140 a
1804 1088 1935 1154 ﬁliis

242 1171 441 1225 Hemor
455 1175 634 1240 patris
664 1174 871 1228 Sichem
911 1179 1120 1227 centum
1164 1178 1342 1240 agnis,
1375 1188 1625 1244 expenso
1676 1174 1936 1230 videlicet

242 1260 500 1315 omnium
534 1261 712 1329 pretio
739 1261 1124 1331 voluptatum,
1171 1261 1362 1332 abegit
1407 1277 1533 1317 eam
1573 1263 1644 1318 ab
1670 1262 1939 1332 operibus

240 1348 450 1417 carnis,
484 1364 616 1419 quae
642 1349 721 1403 nil
755 1350 913 1405 aliud
946 1364 1121 1419 quam
1155 1349 1407 1406 laborem
1439 1352 1496 1405 in
1530 1352 1690 1407 nobis
1718 1365 1940 1420 procre-

240 1437 443 1502 abant;
475 1446 753 1507 tanquam
778 1455 812 1492 a
840 1439 973 1499 ﬁliis
1003 1441 1214 1504 Hemor,
1251 1440 1406 1509 quod
1434 1448 1519 1495 est
1565 1440 1781 1508 asinus,
1829 1455 1936 1508 pa-

240 1528 339 1580 tris
368 1526 597 1588 Sichem,
630 1526 786 1596 quod
814 1535 898 1583 est
921 1527 1121 1595 glaber,
1159 1535 1221 1583 ut
1268 1529 1588 1584 secundum
1639 1529 1821 1584 Deum
1872 1543 1938 1584 ea

242 1621 517 1682 uteretur,
552 1629 670 1685 qua
700 1615 832 1670 olim
859 1616 1066 1671 saeculo
1100 1630 1238 1671 usus
1287 1617 1472 1672 fuerat
1505 1632 1517 1670 :
1552 1617 1709 1687 quod
1753 1624 1933 1672 totum

238 1708 449 1758 centum
478 1705 655 1771 agnis,
682 1703 739 1758 id
757 1712 839 1760 est
862 1704 1109 1774 perfecta
1140 1705 1463 1761 humilitate
1485 1720 1551 1761 ac
1572 1705 1937 1775 simplicitate

239 1790 542 1847 emeritum
568 1799 671 1847 est.
706 1792 894 1862 (Vnus.
919 1793 1131 1860 20.)lbi
1161 1793 1331 1863 erigit
1359 1794 1558 1861 altare,
1591 1794 1730 1864 quia
1766 1794 1935 1850 ﬁdem

240 1880 505 1936 sublevat
536 1894 634 1949 per
662 1880 1081 1937 adminiculum
1101 1882 1447 1950 operationis
1476 1882 1670 1952 justas.
1705 1883 1938 1939 Invocat

241 1981 405 2036 super
421 1966 559 2019 illud
572 1969 934 2033 fortissimum
952 1971 1118 2022 Deum
1139 1969 1329 2034 Israel,
1353 1984 1484 2023 cum
1507 1983 1680 2038 super
1709 1969 1849 2025 illud
1873 1983 1940 2024 ac

242 2054 289 2109 si
316 2054 758 2110 fundamentum
804 2056 1075 2123 innitens,
1104 2065 1266 2112 vocat
1296 2056 1355 2110 in
1396 2070 1453 2111 se
1490 2057 1668 2112 Deum
1706 2058 1941 2113 fortissi-

244 2156 424 2208 mum,
454 2157 567 2198 non
597 2144 781 2199 solum
807 2144 912 2212 his,
946 2146 1043 2200 sed
1072 2153 1127 2201 et
1167 2145 1294 2200 aliis
1322 2159 1454 2201 cum
1495 2147 1667 2201 datur
1701 2147 1773 2202 ab
1822 2146 1940 2215 ipso

241 2230 497 2286 efﬁcacia
529 2232 835 2301 principari
865 2248 997 2288 cum
1038 2234 1152 2288 Deo
1181 2247 1355 2303 super
1380 2233 1537 2289 vitia.
1577 2234 1748 2290 [srael
1788 2235 1939 2291 enim

241 2318 494 2385 princeps
526 2331 644 2370 cum
666 2319 768 2371 Deo
798 2317 1028 2373 dicitur.

835 2440 1069 2497 CAPUT
1100 2441 1363 2498 XXXIV.

318 2544 500 2600 Vsus.
538 2547 586 2596 1.
628 2574 684 2583 -
724 2546 955 2612 Egressa
992 2549 1070 2598 est
1112 2550 1288 2599 autem
1343 2548 1519 2600 Dina:
1552 2549 1671 2615 ﬁlia
1720 2551 1850 2616 Liae,
1882 2553 1944 2603 ut

246 2631 456 2685 videret
517 2631 765 2685 mulieres
821 2634 1058 2699 regionis
1114 2635 1280 2687 illius.
1335 2635 1483 2689 Dina
1532 2636 1945 2706 interpretatur

247 2719 513 2773 indicium
535 2719 704 2772 istud.
744 2720 809 2774 In
840 2720 975 2789 quo‘,
1006 2720 1092 2774 vel
1126 2721 1182 2774 in
1224 2735 1341 2791 qua
1370 2722 1687 2792 accipimus
1713 2723 1945 2782 Tdiscre-

249 2810 484 2875 tionem,
521 2821 652 2876 quae
683 2815 737 2863 et
776 2807 901 2877 ipsa
955 2808 1241 2878 judicium
1289 2825 1438 2880 saepe
1469 2821 1726 2868 vocatur.
1787 2812 1946 2868 Istud

252 2904 446 2952 autem
500 2910 634 2951 cum
690 2896 763 2951 sit
815 2896 1350 2966 demonstrativum,
1413 2914 1533 2955 rem
1608 2909 1942 2970 praesentem

251 2984 560 3056 significat,
592 2991 647 3039 et
674 2984 752 3039 nil
786 2988 968 3055 magis
999 2986 1055 3040 in
1090 2995 1359 3056 promptu
1390 3000 1512 3042 esse
1544 2986 1729 3051 debet,
1765 3002 1940 3057 quam

253 3073 518 3130 discretio
547 3086 772 3142 semper
798 3075 1135 3130 necessaria.
1182 3075 1313 3130 Haec
1342 3075 1654 3146 egreditur,
1709 3090 1840 3131 cum
1871 3077 1945 3132 ad

253 3160 497 3216 aliorum
530 3160 887 3218 discutienda
929 3162 1158 3219 inﬁrma
1198 3171 1325 3219 acta
1362 3164 1614 3219 ducitur.
1661 3166 1805 3219 Filia
1834 3167 1947 3219 Liw

253 3248 483 3315 dicitur,
518 3248 657 3318 quia
678 3251 923 3306 actualis
945 3253 1062 3307 vita
1101 3266 1202 3321 per
1233 3252 1383 3307 hanc
1429 3260 1483 3307 et
1510 3260 1659 3308 recte
1701 3253 1948 3308 fecunda

255 3337 563 3393 invenitur.
622 3338 726 3394 Ubi
783 3340 937 3394 enim
992 3340 1072 3396 nil
1103 3340 1471 3408 discernitur,
1500 3340 1579 3396 nil
1618 3349 1703 3396 est
1749 3341 1947 3410 utique

254 3425 410 3495 quod
459 3425 672 3496 agitur.
714 3429 963 3482 Mulieres
1008 3431 1242 3496 regionis
1291 3429 1579 3496 videntur,
1613 3443 1746 3484 cum
1780 3429 1948 3498 tepidi

253 3514 512 3584 ejusdem
577 3523 784 3571 nostrae
848 3517 1142 3588 religionis
1215 3519 1580 3573 exsecutores
1651 3524 1944 3572 notantur.

256 3604 451 3675 (VERS.
498 3605 575 3675 2.)
621 3608 781 3663 Hanc
826 3605 981 3661 videt
1029 3606 1240 3661 Sichem
1273 3607 1431 3675 ﬁlius
1481 3609 1676 3662 Hemor
1732 3608 1945 3674 Hecaei,

255 3699 488 3771 quando
517 3698 624 3755 sibi
668 3697 816 3752 hanc
859 3695 1054 3766 allegit
1109 3694 1367 3763 affectus,
1430 3697 1487 3751 in
1544 3712 1659 3767 quo
1715 3710 1951 3766 prorsus

257 3787 554 3844 laboratur
609 3785 857 3852 invidias,
910 3784 1060 3839 asini
1105 3798 1308 3839 revera
1353 3784 1577 3854 pessimi
1634 3784 1805 3850 ﬁlius,
1878 3799 1951 3840 ex

255 3877 578 3932 carnalium
609 3873 989 3943 cupiditatum
1036 3872 1280 3941 pessimo
1327 3872 1548 3928 fervore
1596 3874 1947 3943 pregenitus.

259 3965 469 4020 Hemor
523 3963 675 4018 enim
734 3962 953 4025 asinus;
1015 3961 1258 4015 Hevaeus
1311 3963 1579 4029 pessimus
1634 3962 1723 4016 vel
1769 3963 1950 4029 ferus;

258 4053 480 4109 Sichem
542 4052 694 4106 labor
745 4048 974 4104 dicitur.
1020 4048 1109 4102 Ex
1168 4048 1390 4104 feritate
1446 4064 1584 4105 sane
1645 4049 1955 4119 corporalis

256 4139 748 4210 concupiscentiae,
777 4151 909 4207 quae
936 4136 1096 4192 asino
1125 4136 1407 4208 signatur,
1442 4137 1762 4194 innascitur
1812 4152 1954 4194 con—

258 4238 348 4285 tra
379 4229 522 4284 alios
560 4228 721 4284 labor
752 4225 1001 4293 invidiae,
1054 4240 1185 4296 quae
1210 4239 1311 4295 pro
1364 4233 1514 4282 certo
1545 4226 1707 4283 nulla
1737 4227 1952 4283 fruitur

258 4318 469 4388 quiete.
507 4318 584 4373 De
612 4316 720 4371 hac
749 4315 902 4370 enim
934 4314 1147 4370 dicitur
1181 4314 1335 4385 quod

326 4435 536 4488 Iustius
567 4429 784 4485 invidia
812 4430 956 4482 nihil
982 4433 1080 4494 est,
1113 4444 1232 4497 qua
1258 4431 1517 4498 primitus
1545 4432 1723 4498 ipsum

404 4507 687 4558 Auctorem
716 4501 884 4566 rodit,
918 4499 1320 4570 discruciatque
1339 4515 1510 4554 suum.

264 4624 400 4675 Ian
462 4617 552 4675 Ad
598 4617 706 4673 hoc
757 4614 924 4687 plane
953 4614 1196 4671 sciendze
1243 4616 1488 4671 aliorum
1540 4614 1806 4685 qualitati
1862 4615 1955 4669 in-

258 4707 506 4775 hiamus,
564 4713 627 4762 ut
678 4718 812 4760 cum
853 4717 1045 4759 naevos
1077 4701 1348 4758 vitiorum
1379 4702 1439 4757 in
1480 4702 1561 4757 eis
1619 4702 1952 4772 reperimus,

258 4796 527 4851 honorem
554 4793 685 4850 inde
716 4792 881 4848 nobis
918 4791 1163 4848 crevisse
1194 4797 1482 4861 putemus,
1528 4791 1669 4860 quia
1714 4790 1956 4847 inferius

259 4884 365 4940 hos
409 4883 691 4939 videmus.
726 4883 982 4950 Princeps
1025 4886 1110 4935 est
1156 4881 1352 4933 Hemor
1388 4882 1542 4933 terra
1595 4879 1956 4948 Hevaaorum,

258 4971 399 5043 quia
453 4970 681 5026 asinina
735 4977 788 5026 et
865 4968 1070 5025 stolida
1122 4967 1408 5038 cupiditas
1460 4966 1667 5022 feritati
1723 4968 1957 5023 omnino

259 5059 624 5130 principatur
690 5065 1064 5114 terrenorum.
1107 5057 1212 5125 Qui
1258 5062 1449 5111 autem
1502 5054 1763 5124 cupiunt,
1806 5056 1955 5111 invi-

260 5149 395 5205 dent
438 5146 687 5216 profecto
745 5146 874 5202 aliis
923 5147 1077 5217 quod
1121 5146 1381 5216 cupiunt.
1426 5143 1669 5199 Adamat
1734 5143 1957 5200 Sichem

260 5236 486 5303 Dinam,
519 5236 660 5306 quia
690 5234 912 5291 affectat
940 5234 1098 5291 labor
1131 5232 1359 5288 invidiae
1381 5232 1697 5288 distrahere
1721 5232 1794 5288 ab
1825 5232 1959 5287 ani-

261 5340 353 5382 mo
378 5323 469 5381 sui
502 5323 681 5394 ipsius
705 5322 1123 5379 discretionem.
1175 5321 1340 5390 Rapit
1372 5335 1503 5376 cum
1556 5320 1804 5378 aliorum
1849 5320 1957 5378 sibi

264 5414 410 5469 vitas
452 5412 736 5467 discutere
774 5410 940 5466 dulce
977 5410 1146 5480 sapit.
1208 5410 1425 5464 Dormit
1473 5424 1605 5465 cum
1638 5409 1736 5466 illa
1769 5409 1826 5466 vi
1857 5425 1955 5481 op-

264 5500 518 5572 primens
547 5498 851 5571 virginem,
895 5498 1033 5553 dum
1059 5497 1139 5553 illi
1171 5496 1520 5554 unanimiter
1551 5498 1823 5556 miscetur
1870 5499 1957 5554 in-

2043 379 2426 450 suggestionis
2486 379 2923 448 susceptionem,
2987 378 3137 448 rapit
3214 392 3314 448 per
3369 392 3778 446 consensum,

2044 468 2251 523 dormit
2282 481 2384 537 per
2411 466 2652 522 actionis
2682 465 3015 522 illationem.
3067 467 3186 522 Hoc
3212 466 3366 522 enim
3411 467 3780 538 syllogismo

2047 557 2249 612 utitur.
2276 556 2469 626 (Vsus.
2513 555 2589 626 3.)
2628 555 3077 626 Conglutinatur
3116 558 3304 610 anima
3342 557 3460 624 ejus
3508 571 3641 610 cum
3676 571 3777 621 ea,

2044 654 2176 700 cum
2196 644 2317 713 ipsa
2347 643 2541 699 livoris
2570 643 2830 707 intentio,
2866 643 3021 713 quod
3071 650 3154 699 est
3195 657 3267 699 ex
3307 643 3556 699 aliorum
3610 643 3782 698 infa-

2045 732 2161 786 mia
2186 732 2276 786 sui
2308 731 2489 801 ipsius
2520 733 2824 801 proxumo.
2853 746 2982 801 quae
3003 731 3170 802 quasi
3201 731 3469 801 quaedam
3510 731 3778 787 invidiae

2045 820 2258 887 anima,
2297 827 2400 887 est,
2456 819 2792 875 medullitus
2835 820 3090 875 adhaeret
3133 819 3459 875 discretioni
3508 826 3770 874 nostrae.

2048 910 2276 963 Tristem
2306 909 2590 962 blanditiis
2638 907 2858 974 delinit,
2908 922 3041 963 cum
3079 908 3249 977 coepti
3300 907 3422 963 vitii
3467 908 3780 978 poeniten-

2045 1005 2155 1052 tem
2190 996 2502 1066 aliquando
2527 1011 2599 1051 ex
2635 995 2873 1051 alterius
2900 996 3109 1065 probro
3142 1005 3279 1050 nata
3311 995 3416 1051 sibi
3467 996 3650 1051 laude
3685 1010 3778 1050 so-

2046 1086 2218 1152 latur,
2249 1094 2304 1141 et
2332 1084 2521 1156 ungit.
2570 1085 2763 1155 (Vnus.
2808 1086 2888 1153 4.)
2923 1087 3137 1139 Patrem
3187 1085 3399 1138 Hemor
3444 1092 3640 1155 rogat,
3700 1092 3777 1139 ut

2046 1174 2152 1229 sibi
2174 1176 2309 1228 hanc
2331 1176 2603 1242 conjttgem
2623 1173 2883 1242 accipiat,
2909 1188 3039 1228 cum
3065 1172 3442 1242 cupiditatum
3474 1172 3774 1228 libidines

2047 1263 2331 1326 admovet,
2355 1262 2697 1318 utmiseram
2716 1261 2969 1316 animam
2984 1261 3362 1316 lenocinando
3374 1261 3482 1317 sibi
3507 1261 3770 1317 vinciat.

2119 1351 2290 1408 Vnus.
2325 1356 2376 1405 5.
2409 1379 2478 1389 -
2526 1350 2681 1415 Quod
2748 1366 2866 1404 cum
2921 1350 3163 1404 audisset
3213 1350 3374 1404 Jacob
3427 1349 3770 1405 absentibus

2046 1442 2197 1510 ﬁliis,
2230 1443 2279 1492 et
2324 1442 2381 1493 in
2420 1445 2584 1508 pastu
2625 1442 2900 1507 occupatis
2937 1454 3203 1507 pecorum,
3250 1439 3406 1492 siluit
3446 1438 3616 1492 donec
3661 1454 3771 1492 re-

2047 1530 2247 1583 dirent.
2281 1528 2445 1583 Ratio
2494 1535 2688 1582 nostra
2727 1527 2878 1582 hanc
2923 1527 3015 1582 sui
3060 1527 3488 1596 corruptionem
3537 1526 3772 1583 intelli-

2048 1617 2130 1688 git
2151 1617 2424 1687 operibus
2446 1630 2547 1686 per
2572 1617 2774 1672 inanes
2805 1615 3038 1686 glorias,
3062 1629 3193 1685 quae
3237 1614 3478 1686 quidam
3516 1615 3772 1672 forasti-

2045 1720 2247 1761 corum
2272 1719 2548 1760 sensuum
2582 1712 2781 1774 pastus
2816 1711 2981 1772 sunt;
3032 1703 3122 1758 bis
3150 1703 3301 1759 enim
3351 1717 3631 1773 pecorum
3684 1704 3768 1760 si-

2047 1794 2207 1850 miles
2238 1807 2461 1861 sumus,
2494 1793 2712 1862 ubique
2741 1791 3049 1856 distractis,
3081 1792 3177 1847 sed
3209 1791 3433 1848 silentio
3467 1805 3500 1847 a
3531 1792 3771 1862 cupidi-

2046 1888 2231 1936 tatum
2262 1881 2505 1950 strepitu
2554 1881 2700 1935 facto
2740 1879 3001 1935 redeunt.
3043 1878 3233 1948 (Vnus.
3285 1883 3336 1946 6,
3381 1880 3462 1948 7.)
3519 1883 3769 1949 Egresso

2048 1974 2225 2023 autem
2267 1971 2462 2022 Hemor
2509 1972 2668 2036 patre
2711 1967 2921 2021 Sichem
2968 1970 3049 2031 ut,
3077 1968 3382 2035 loqueretur
3426 1967 3500 2022 ad
3550 1969 3765 2035 Jacob,

2047 2063 2098 2112 et
2128 2073 2241 2111 ecce
2269 2058 2376 2126 filii
2422 2056 2539 2125 ejus
2582 2056 2865 2111 veniebant
2921 2055 2987 2110 de
3033 2071 3191 2123 agro;
3255 2057 3550 2125 auditoque
3608 2059 3768 2127 quod

2048 2145 2341 2211 acciderat,
2382 2147 2515 2199 irati
2561 2149 2686 2199 sunt
2712 2144 2887 2208 valde,
2935 2159 2991 2197 eo
3027 2144 3172 2213 quod
3217 2145 3423 2211 foedam
3472 2161 3585 2199 rem
3628 2161 3763 2214 ope-

2047 2239 2204 2288 ratus
2233 2236 2369 2287 esset
2417 2235 2475 2286 in
2513 2234 2702 2298 Israel,
2746 2238 2796 2285 et
2832 2233 3036 2287 violata
3066 2232 3190 2295 filia
3234 2233 3418 2302 Jacob,
3465 2249 3579 2287 rem
3642 2235 3763 2287 illi-

2050 2324 2213 2376 citam
2240 2325 2621 2391 perpetrasset.
2641 2321 2811 2376 Facto
2851 2320 3075 2376 silentio
3120 2321 3325 2377 Hemor
3353 2321 3655 2391 egreditur
3696 2328 3764 2379 ut

2051 2410 2125 2466 ad
2153 2411 2325 2466 Iacob
2361 2410 2656 2479 loquatur,
2703 2410 2841 2479 quia
2892 2409 3188 2480 consopita
3217 2410 3389 2465 turba
3419 2411 3630 2466 mentis
3662 2426 3765 2467 cu-

2052 2498 2260 2569 piditas
2287 2497 2534 2554 carnalis
2576 2497 2785 2567 quietis
2833 2497 3136 2567 impatiens
3169 2498 3270 2553 diu
3317 2498 3481 2554 silere
3514 2514 3631 2554 non
3668 2514 3765 2569 pa-

2050 2587 2213 2654 titur,
2267 2587 2363 2642 sed
2438 2586 2715 2642 rationem
2780 2587 3018 2657 aggredi
3074 2585 3314 2657 cupiens
3373 2589 3761 2658 evagantium

2053 2688 2292 2743 operum
2324 2673 2511 2729 reditu
2560 2688 2626 2728 ac
2655 2673 3009 2729 restrictione
3042 2673 3370 2753 ollenditur.
3411 2674 3570 2746 Opus
3596 2677 3761 2747 quod

2053 2762 2276 2827 accidit,
2328 2761 2598 2831 audiunt,
2650 2762 3104 2826 etiraseuntur.
3161 2778 3293 2818 cum
3344 2764 3490 2819 ratio
3534 2778 3762 2820 memor

1982 2886 2022 2940 Ο
2057 2857 2314 2905 veterum
2356 2849 2640 2916 laborum,
2686 2864 2759 2904 ex
2807 2849 2942 2918 ipsis
2976 2848 3247 2919 operibus
3292 2850 3530 2906 docetur
3557 2865 3760 2921 quan-

2053 2945 2177 2994 tum
2217 2946 2415 2994 contra
2464 2938 2774 2994 fmditatem
2824 2939 3062 2993 internas
3114 2939 3617 3008 constupralionis,
3666 2955 3762 2997 me

2053 3026 2255 3081 merita
2283 3040 2524 3096 operum
2558 3025 2773 3094 perdat,
2805 3033 2860 3080 et
2885 3025 3073 3081 dolere
3104 3025 3326 3090 debeat,
3378 3042 3509 3083 cum
3540 3028 3762 3085 discre-

2055 3114 2132 3169 tio
2163 3115 2396 3170 rationis
2429 3114 2545 3169 ﬁlia
2576 3115 2648 3169 ad
2687 3114 2859 3169 totius
2899 3114 3110 3183 lepram
3138 3116 3363 3184 generis
3390 3116 3642 3172 vitietur.

2125 3203 2297 3259 Vens.
2331 3206 2382 3269 8,
2415 3205 2465 3257 9.
2491 3232 2560 3242 —
2591 3204 2855 3272 Loquitur
2898 3204 3085 3271 itaque
3123 3205 3318 3258 Hemor
3361 3205 3435 3257 ad
3477 3221 3561 3259 eos
3594 3222 3606 3259 :
3657 3206 3758 3261 Si-

2055 3292 2202 3345 chem
2229 3294 2334 3360 ﬁlii
2361 3294 2466 3345 mei
2502 3291 2734 3345 adhaesit
2780 3294 2965 3345 anima
3011 3292 3138 3359 ﬁliae
3183 3298 3390 3347 vestrae.
3444 3294 3583 3347 Date
3635 3312 3757 3351 eam

2056 3381 2143 3434 illi
2188 3395 2428 3444 umorem,
2479 3385 2529 3433 et
2566 3381 2866 3448 jungamus
2914 3382 3156 3435 vicissim
3203 3382 3489 3437 connubia.
3545 3384 3759 3440 Hemor

2057 3468 2314 3538 loquitur
2342 3468 2416 3523 ad
2441 3468 2602 3533 ﬁlios,
2635 3482 2767 3523 cum
2822 3467 3019 3524 ﬂuxus
3067 3468 3448 3539 cupiditatum
3482 3471 3551 3525 ad
3597 3487 3758 3528 ever-

2056 3557 2255 3613 tendos
2286 3556 2457 3612 instat
2481 3564 2645 3611 actus
2676 3563 2915 3612 nostros.
2970 3558 3214 3624 Invidia,
3251 3559 3459 3628 inquit,
3508 3561 3755 3617 saecula—

2059 3647 2137 3703 ris
2169 3646 2400 3702 cohaesit
2431 3645 2736 3712 subtiliter,
2789 3654 2863 3712 et,
2914 3653 2977 3702 ut
3021 3646 3103 3701 sic
3150 3647 3357 3715 dicam,
3419 3649 3756 3705 intentione-

2059 3736 2189 3792 liter
2239 3734 2567 3791 discretioni
2602 3738 2823 3790 vestrae.
2878 3735 2995 3790 Hoc
3037 3735 3190 3790 enim
3229 3735 3591 3806 signatquod
3637 3753 3752 3793 non

2061 3838 2288 3893 corpus,
2323 3823 2417 3878 sed
2452 3824 2645 3877 anima
2675 3822 2980 3879 adhaesisse
3027 3824 3258 3880 dicitur.
3303 3824 3390 3879 Ita
3423 3825 3752 3882 medullitus

2063 3913 2266 3982 illapsa
2321 3919 2405 3967 est
2461 3920 2526 3968 ut
2585 3911 2778 3966 dirimi
2829 3927 2863 3967 a
2912 3920 3097 3968 mente
3139 3920 3415 3982 nequeat;
3477 3913 3624 3969 unde
3671 3914 3751 3971 nil

2063 4001 2219 4057 aliud
2260 4008 2453 4065 restat,
2505 4000 2614 4054 nisi
2683 4007 2744 4055 ut
2790 4001 2995 4069 copula
3046 4008 3426 4071 utrorumque
3472 4016 3751 4061 consensu

2064 4090 2180 4156 ﬁat,
2215 4097 2279 4144 ut
2315 4102 2441 4144 eam
2487 4103 2606 4159 qua
2643 4102 2837 4144 carere
2868 4103 2982 4143 non
3034 4090 3261 4158 potestis
3316 4090 3576 4159 excipitis
3613 4106 3749 4162 gra-

1989 4185 2252 4249 Dtanter
2305 4176 2602 4244 invidiam,
2660 4176 2829 4247 cujus
2912 4176 3105 4231 utilem
3164 4177 3546 4246 experiamini
3608 4194 3748 4248 pru-

2060 4265 2333 4323 dentiam.
2392 4267 2561 4321 Filias
2606 4271 2835 4332 vestras,
2885 4264 2937 4319 id
2977 4272 3061 4320 est
3112 4264 3157 4320 si
3214 4266 3356 4335 quid
3414 4266 3637 4323 ﬂuxum
3690 4277 3744 4325 et

2063 4354 2262 4425 fragile
2339 4354 2499 4410 vobis
2553 4353 2718 4420 inest,
2780 4354 2981 4408 tradite
3046 4354 3197 4408 nobis
3271 4353 3328 4409 in
3380 4369 3551 4424 pecus
3601 4356 3747 4411 alen-

2063 4441 2232 4511 dum;
2263 4446 2313 4495 et
2330 4442 2475 4510 ﬁlias
2521 4445 2756 4507 nostras,
2796 4441 2843 4495 si
2876 4441 3016 4510 quid
3044 4441 3234 4496 itidem
3294 4443 3459 4499 molle
3510 4458 3545 4498 a
3590 4445 3747 4502 nobis

2066 4529 2308 4585 infertur
2359 4531 2607 4598 accipite.
2656 4528 2851 4600 (Vnus.
2891 4529 2998 4600 lO.)
3056 4531 3122 4583 Et
3166 4530 3409 4583 habitate
3450 4530 3743 4602 irrefraga-

2064 4617 2163 4672 bili
2194 4624 2387 4672 tenore
2433 4617 2726 4685 nobiscum.
2790 4620 2975 4681 Terra,
3011 4617 3067 4671 id
3118 4624 3202 4672 est
3260 4632 3469 4686 corpus
3504 4625 3742 4677 vestrum

2061 4708 2119 4758 in
2147 4709 2407 4775 potestate
2449 4704 2611 4761 liberi
2654 4705 2879 4762 arbitrii
2936 4704 3109 4761 vestri
3158 4714 3260 4773 est,
3294 4712 3530 4763 exercete
3558 4708 3622 4762 ad
3649 4723 3740 4764 vo-

2063 4791 2329 4862 luptates,
2417 4795 2770 4860 negotiamini
2852 4792 3314 4849 incertitudinem
3369 4794 3739 4862 spiritualium

2064 4894 2166 4950 pro
2191 4879 2519 4936 visibilibus
2561 4882 2797 4949 dantes;
2845 4882 3113 4950 possidete
3142 4897 3260 4935 eam
3315 4882 3387 4937 ad
3421 4882 3637 4939 libitum
3681 4899 3743 4942 eo

2066 4976 2308 5025 utentes.
2362 4969 2554 5033 (Vens.
2612 4971 2719 5037 ll.)
2778 4969 2882 5024 Sed
2928 4975 2979 5024 et
3025 4970 3254 5036 Sichem,
3307 4970 3363 5026 id
3392 4979 3474 5027 est
3521 4971 3740 5040 invidia,

2065 5071 2231 5112 voces
2260 5070 2394 5111 suas
2433 5057 2602 5111 habet
2638 5071 2649 5110 :
2690 5059 2970 5111 Inveniam
3010 5059 3250 5125 gratiam
3280 5073 3461 5112 coram
3512 5060 3668 5126 vobis,
3693 5067 3740 5114 et

2066 5161 2185 5215 quae
2213 5147 2517 5199 statueritis
2556 5145 2717 5212 dabo,
2754 5145 2970 5201 scilicet
3019 5146 3181 5201 vobis
3228 5145 3458 5217 ingrata
3497 5163 3603 5202 non
3628 5161 3735 5215 ero,

2065 5234 2206 5304 quia
2235 5234 2414 5290 multo
2445 5235 2665 5306 majora
2692 5234 2852 5290 vobis
2873 5247 3051 5304 quam
3074 5235 3193 5289 ulla
3226 5236 3499 5305 patientia
3519 5242 3738 5302 praesta-

2065 5337 2127 5379 re
2157 5330 2371 5392 potero.
2396 5324 2588 5396 (Vens.
2614 5323 2725 5393 12.)
2769 5326 2981 5390 Augete
3010 5322 3205 5390 dotem,
3241 5322 3382 5392 quid
3432 5322 3597 5392 plane
3646 5340 3737 5395 pro

2066 5426 2193 5467 mea
2238 5413 2583 5468 admissione
2620 5410 2900 5468 commodi
2934 5411 3243 5480 capessatis
3274 5425 3520 5467 munera
3563 5421 3733 5482 postu-

2066 5499 2200 5569 late,
2222 5515 2353 5571 qute
2393 5500 2665 5570 consequi
2713 5498 3067 5555 saeculariter
3116 5497 3296 5555 velitis
3327 5499 3548 5569 edicite,
3578 5502 3738 5560 satius
