3904 6066
110 264 209 316 249

1297 256 1664 315 MORALIUM
1707 255 1769 309 IN
1811 253 2104 308 GENESIN
2146 251 2279 307 LIB.
2322 250 2460 305 VIII.

3503 237 3602 287 250

112 398 269 454 vobis
300 398 421 454 haec
448 398 700 455 tribuam
732 410 908 468 quam
955 392 1341 466 assequamini
1373 407 1474 464 per
1505 389 1795 463 religionis
1834 391 1877 444 Α
1907 390 2104 446 bentes
2145 387 2516 445 intentionem
2564 387 2721 455 (quae
2770 379 2940 452 quasi
2977 377 3288 433 substantia
3330 380 3432 441 est,
3465 370 3605 442 quia

110 486 445 543 socordiam.

182 575 355 632 Vens.
409 575 611 642 13,14.
665 606 735 614 -
764 573 1181 644 Responderunt
1232 574 1337 642 ﬁlii
1381 572 1544 627 Jacob
1590 571 1803 627 Sichem

112 670 163 719 et
198 667 356 734 patri
405 665 523 731 ejus
560 667 834 720 smientes
879 666 937 717 in
991 662 1113 716 dolo
1159 662 1223 716 ob
1254 666 1505 731 stuprum
1551 662 1798 717 sororis:

114 757 229 809 Non
266 767 555 823 possumus
597 755 777 818 facere
807 751 952 821 quod
994 753 1204 820 petitis,
1258 766 1353 804 nec
1394 750 1527 804 dare
1570 764 1805 805 sororem

113 848 356 897 nostram
408 843 613 897 homini
662 843 1074 905 incircumciso;
1127 840 1271 909 quod
1316 840 1570 894 illicitum
1614 843 1664 892 et
1705 853 1805 892 ne-

112 934 322 999 farium
369 937 448 986 est
478 930 630 1000 apud
656 946 769 984 nos.
801 929 965 986 Ratio
1009 943 1079 984 ex
1126 929 1551 999 praeteritarum
1590 941 1803 983 memo-

115 1021 200 1075 ria
247 1021 531 1075 virtutum
583 1019 733 1074 vires
764 1018 997 1090 colligit,
1047 1018 1201 1073 unde
1245 1026 1300 1073 et
1326 1017 1619 1086 Scriptura
1661 1016 1807 1071 ﬁlios

114 1110 330 1175 fecisse,
368 1108 422 1163 id
463 1116 546 1163 est
579 1122 752 1177 opera
797 1107 953 1162 dicit.
994 1108 1061 1160 In
1093 1106 1213 1160 dolo
1259 1119 1396 1175 ergo
1442 1104 1805 1173 respondent,

115 1197 256 1266 quia
304 1195 485 1251 multo
542 1194 764 1265 majora
822 1202 1020 1250 contra
1068 1193 1275 1249 vitium
1330 1192 1515 1248 facere
1567 1191 1809 1247 interius

118 1292 447 1354 proponunt
473 1296 650 1352 quam
676 1282 929 1337 exterius
958 1296 1060 1352 per
1085 1294 1257 1350 opera
1278 1280 1571 1336 exhibent.
1595 1279 1813 1335 Discre-

117 1374 348 1439 tionem,
404 1372 601 1439 aiunt,
638 1379 891 1426 nostram
940 1369 1251 1426 sinceritati
1300 1370 1566 1425 devotam
1618 1368 1812 1424 livoris

119 1460 544 1517 incontinentiae
592 1460 830 1530 prodere
882 1458 1166 1514 nefarium
1202 1472 1416 1514 remur.
1467 1458 1809 1527 (Vans.15.)

117 1552 221 1607 Sed
270 1554 327 1604 in
378 1552 473 1605 hoc
502 1550 800 1603 valebimus
845 1548 1126 1614 fcederari,
1178 1550 1229 1600 si
1275 1554 1484 1601 nostrze
1529 1548 1810 1601 volueritis

118 1639 486 1710 parcimoniee
535 1637 863 1704 assimilari,
911 1644 975 1692 ut
1001 1650 1170 1692 omne
1202 1635 1608 1700 masculinum,
1645 1650 1814 1690 omne

1909 493 1975 535 ac
2006 479 2052 534 si
2102 478 2541 535 fundamentum
2588 469 2826 539 substat)
2876 473 2925 523 et
2966 481 3178 536 pecora,
3237 464 3340 534 pize
3390 460 3605 518 scilicet

1908 569 2180 627 custodiae
2208 582 2401 637 opera,
2432 563 2627 622 omnia
2656 562 2903 630 insuper
2923 557 3082 625 vitia,
3112 562 3212 611 aut
3255 554 3442 623 ipsum
3473 564 3604 606 cor-

1909 675 2038 731 pus,
2072 657 2229 729 quod
2260 658 2392 726 ipsae
2436 654 2686 710 rationes
2733 647 3023 720 possidere
3059 644 3355 707 videntur,
3412 645 3605 695 nostro

1912 726 2187 819 paulatim
2219 743 2454 814 imperio
2483 741 2842 797 addicentur.
3174 726 3179 733 ’

1984 837 2153 892 Vens.
2206 835 2292 888 24.
2338 862 2410 873 -—
2438 831 2669 885 Assensi
2709 831 2835 882 sunt
2864 837 3041 879 omnes
3083 819 3414 876 circumcisis
3467 830 3607 870 cun-

1910 928 2010 982 ctis
2054 923 2316 979 maribus.
2369 920 2546 977 Silent
2576 918 2647 973 ad
2686 924 2910 984 tempus
2956 910 3118 975 vitia,
3167 907 3366 978 sopitis
3414 910 3609 974 aperte

1914 1010 2376 1086 prmsumptionis
2413 1007 2684 1064 motibus.
2738 1004 2930 1075 (Vens.
2961 1003 3051 1066 25,
3095 997 3208 1067 26.)
3241 999 3310 1052 Et
3358 1010 3470 1050 ecce
3500 998 3607 1047 ter-

1916 1107 1989 1159 tio
2019 1104 2108 1157 die
2153 1100 2370 1170 quando
2416 1097 2775 1165 gravissimus
2819 1092 2972 1145 dolor
3001 1093 3078 1142 est
3121 1089 3425 1149 vulnerum,
3457 1098 3608 1136 arre-

1911 1195 2025 1263 ptis
2072 1191 2177 1244 duo
2206 1187 2371 1243 Jacob
2400 1187 2507 1256 ﬁlii
2554 1181 2766 1239 Simeon
2806 1184 2855 1234 et
2884 1180 3014 1232 Levi
3050 1178 3255 1243 fratres
3303 1175 3460 1228 Dina:
3489 1172 3607 1240 gla-

1916 1281 2027 1334 diis
2081 1279 2315 1347 ingressi
2366 1279 2491 1331 sunt
2548 1272 2734 1326 urbem
2780 1267 3140 1336 conﬁdenter:
3201 1263 3611 1331 interfectisque

1917 1371 2121 1423 cunctis
2175 1365 2451 1427 masculis,
2512 1364 2706 1417 Hemor
2763 1362 2812 1412 et
2861 1355 3069 1411 Sichem
3123 1356 3336 1422 pariter
3384 1364 3614 1405 necave-

1918 1463 2067 1524 runt,
2100 1458 2338 1511 tollentes
2384 1455 2574 1507 Dinam
2623 1449 2687 1503 de
2717 1447 2872 1502 domo
2922 1444 3131 1499 Sichem
3171 1456 3406 1495 sororem
3433 1452 3609 1493 suam.

1920 1548 2107 1602 Prima
2143 1546 2260 1600 dies
2289 1540 2601 1612 suggestio,
2634 1535 2886 1592 secunda
2911 1530 3227 1593 delectatio,
3264 1526 3431 1583 tertia
3474 1538 3615 1581 con—

1925 1650 2127 1693 sensus
2174 1633 2406 1689 dicitur.
2460 1629 2585 1685 Dies
2622 1634 2815 1682 autem
2865 1631 3003 1679 tunc
3049 1627 3185 1676 sunt
3231 1616 3465 1688 quando
3516 1620 3623 1684 per'

114 1729 383 1784 videlicet
436 1727 786 1796 superbum,
822 1739 921 1794 per
966 1724 1120 1795 quod
1173 1722 1544 1794 singulariter
1594 1722 1813 1778 invidia
1851 1689 1895 1745 Β
1927 1689 2362 1795 intelligentiam
2400 1719 2828 1774 discernuntur.
2878 1712 3187 1780 Postquam
3221 1720 3359 1777 ergo
3403 1703 3617 1775 grada-

119 1817 403 1887 gignitnr,
454 1813 802 1883 praecidatur
828 1826 861 1866 a
891 1812 1072 1867 vobis.
1123 1812 1187 1867 In
1220 1826 1336 1882 quo
1368 1811 1548 1867 ﬁdelis
1586 1811 1679 1867 ille
1710 1812 1817 1867 do-

118 1906 205 1959 lus
234 1911 342 1970 est,
374 1903 513 1973 quia
544 1902 589 1958 si
621 1915 654 1957 a
684 1901 995 1971 cupiditate
1021 1900 1282 1967 audacia,
1314 1915 1345 1956 a
1376 1902 1645 1971 superbia
1677 1914 1816 1971 pro-

120 1992 370 2061 pellatur
403 1989 641 2055 invidia,
673 1997 823 2045 stare
864 1996 1130 2059 poterunt
1158 1997 1405 2059 neutra;
1439 1989 1590 2060 quod
1624 1996 1815 2044 tamen

122 2081 239 2136 fieri
292 2095 409 2136 non
440 2080 610 2145 valet,
648 2078 787 2149 quia
825 2078 973 2133 sicut
1003 2078 1077 2133 ab
1112 2077 1243 2149 igne
1272 2078 1428 2133 calor
1457 2093 1571 2133 non
1603 2078 1817 2133 dividi—

121 2177 215 2225 tur
250 2177 316 2225 ut
356 2168 504 2239 ignis
527 2168 619 2232 sit,
668 2167 744 2222 ita
775 2180 808 2221 a
836 2166 1149 2237 cupiditate
1178 2166 1451 2236 superbia
1484 2166 1818 2237 invidiaque

121 2259 289 2314 solita
337 2254 708 2327 prmsumptio
754 2270 869 2310 non
895 2262 1218 2325 separatur,
1251 2255 1394 2324 quin
1429 2255 1487 2309 in
1533 2255 1653 2324 ipso
1681 2255 1819 2311 vitio
1860 2307 1867 2313 .

120 2348 211 2412 sit,
265 2354 320 2401 et
349 2344 555 2399 vitium
582 2343 673 2399 sit.
727 2342 919 2412 (Vsus.
958 2346 1041 2411 16,
1087 2346 1171 2410 17,
1231 2345 1316 2409 18,
1356 2345 1465 2408 19.)
1516 2343 1695 2411 Tunc,
1730 2343 1817 2398 in-

123 2436 271 2506 quit,
330 2432 591 2503 copulari
639 2431 829 2487 debita
884 2431 1265 2487 unanimitate
1320 2431 1641 2487 valebimus
1685 2446 1817 2487 cum

122 2522 365 2596 puritati
412 2536 513 2576 vos
562 2521 774 2575 instare
820 2521 1188 2576 senserimus.
1240 2520 1338 2575 Sin
1372 2520 1555 2585 aliter,
1602 2520 1818 2576 discre-

123 2616 276 2670 tione
309 2610 538 2666 divulsa
590 2622 623 2663 a
654 2615 841 2664 vestro
894 2607 1180 2679 contagio,
1228 2607 1588 2664 dirimemur.
1635 2610 1820 2664 Placet

120 2699 338 2756 oblatio
392 2696 539 2768 patri
569 2705 624 2752 et
654 2696 792 2763 ﬁlio,
822 2704 876 2752 et
925 2698 1118 2753 statim
1165 2698 1622 2763 circumciditur,
1679 2697 1821 2768 quia

123 2789 279 2845 vitiis
308 2787 383 2842 ad
439 2786 640 2841 horam
674 2785 901 2842 solitum
958 2793 1060 2853 est,
1098 2794 1161 2843 ut
1207 2787 1412 2843 virtuti
1457 2787 1646 2842 dolose
1675 2786 1819 2842 sub-

122 2879 359 2933 dantur.
402 2875 643 2929 Amabat
683 2877 825 2927 em'm
858 2875 1098 2944 puellam
1140 2875 1316 2938 valde,
1360 2880 1410 2929 et
1451 2878 1566 2945 ipse
1594 2880 1712 2929 erat
1742 2877 1821 2928 in-

121 2968 299 3035 clytus
330 2968 389 3017 in
431 2965 577 3018 omni
605 2963 759 3016 domo
788 2965 966 3031 patris
1009 2964 1116 3017 sui.
1145 2962 1326 3019 Valde
1357 2964 1594 3032 puellam
1642 2970 1816 3030 amat,

124 3055 269 3126 quia
315 3053 581 3109 diabolus
610 3065 711 3121 per
741 3050 1035 3114 invidiam,
1084 3050 1570 3120 pulchritudinem
1613 3050 1823 3105 discre-

124 3143 300 3200 tionis
345 3142 559 3198 faedare
605 3154 665 3195 se
702 3139 1094 3211 immergendo
1146 3139 1430 3208 praecipue
1476 3137 1722 3195 affectat.
1771 3139 1826 3194 Is

124 3233 282 3287 enim
334 3228 660 3286 invidentia;
708 3235 899 3284 motus
958 3229 1215 3296 inclytus,
1271 3228 1325 3282 id
1353 3235 1437 3283 est
1494 3229 1640 3283 inter
1687 3227 1823 3283 uni—

126 3335 298 3377 versa
355 3325 498 3374 me
547 3318 690 3373 vitia
747 3316 1133 3386 praecognitus
1184 3322 1306 3383 est,
1356 3316 1528 3371 etiam
1569 3319 1628 3369 in
1673 3316 1827 3370 domo

123 3411 308 3481 patris
340 3410 450 3474 sui,
492 3407 588 3462 illa
627 3405 837 3461 scilicet
877 3405 1047 3475 cujus
1087 3402 1222 3469 ﬁlia,
1257 3418 1433 3474 quam
1483 3404 1826 3473 concupive-

128 3508 218 3555 rat
270 3511 394 3561 rex,
451 3509 585 3550 cum
644 3493 852 3563 populo
900 3500 1005 3547 suo
1057 3491 1317 3547 oblivisci
1366 3491 1606 3562 jubetur
1657 3493 1823 3558 (Psal.

125 3600 282 3653 λων,
320 3588 405 3647 11,
447 3582 563 3654 12);
608 3581 788 3651 patris
831 3581 984 3636 enim
1017 3579 1227 3635 diaboli
1259 3587 1344 3636 est
1376 3580 1522 3636 inter
1562 3580 1829 3652 vulgares

126 3677 282 3732 enim
314 3673 481 3727 valde
509 3668 890 3726 exsecrationi
922 3669 1183 3724 habetur.

200 3764 378 3819 Vsus.
420 3763 510 3827 20,
543 3760 634 3825 21,
678 3760 766 3824 22,
807 3760 895 3812 23.
925 3788 994 3797 -
1034 3759 1383 3827 Ingressique
1426 3761 1645 3827 portam
1675 3757 1828 3812 urbis

128 3853 298 3907 locuti
342 3853 472 3903 sunt
502 3847 719 3916 populo.
761 3847 883 3900 Viri
925 3847 1022 3899 isti
1059 3843 1283 3915 paciﬁci
1311 3848 1478 3909 sunt;
1528 3858 1712 3915 usque
1757 3844 1829 3901 ad

130 3943 237 3996 hoc
277 3952 396 4009 quo
425 3935 583 4000 dicit,
618 3934 919 4001 efﬁciemur
952 3949 1089 3987 unus
1120 3935 1351 4004 populus
1393 3933 1517 4007 [al.,
1548 3951 1716 3989 unum
1745 3937 1831 4003 ef-

126 4032 378 4098 ﬁciamus
433 4020 731 4095 populum].
787 4025 1000 4077 Portam
1049 4022 1199 4076 urbis
1248 4021 1646 4093 ingrdiuntur,
1694 4035 1829 4079 cum

129 4116 273 4172 vitia
306 4130 368 4170 se
396 4114 468 4169 ad
499 4111 859 4168 conscientiae
899 4124 1141 4166 examen
1173 4110 1400 4177 adduci,
1435 4112 1600 4181 quasi
1632 4127 1828 4183 requa-

132 4205 370 4261 nimiter
401 4201 473 4256 ad
504 4207 947 4255 monumentum
991 4197 1311 4269 patiuntur.
1348 4201 1517 4254 Porta
1546 4197 1829 4269 judicium

1926 1814 2027 1870 tim
2078 1811 2286 1867 vitium
2341 1806 2541 1876 incipit
2590 1815 2912 1871 erumpere,
2970 1811 3102 1853 cum
3152 1795 3223 1851 ad
3275 1805 3616 1849 consensum

1920 1904 2037 1974 jam
2091 1895 2539 1970 deprehenditur
2602 1891 2746 1948 velle
2804 1887 3051 1959 prodire,
3110 1898 3210 1955 per
3261 1880 3617 1938 auditionem

1925 1971 2170 2047 tristitize
2221 1987 2323 2054 (sic
2349 1984 2502 2041 enim
2537 1982 2947 2050 interpretatur
2989 1971 3239 2041 Simeon)
3291 1976 3346 2026 et
3385 1983 3486 2039 per
3527 1982 3617 2023 as-

1926 2078 2310 2149 sumptionem
2354 2070 2588 2129 virtutis
2628 2069 2864 2124 internae
2898 2063 3033 2136 (nisi
3067 2062 3220 2117 enim
3249 2059 3391 2114 bene
3421 2063 3620 2113 contra

1925 2143 2077 2223 vitia.
2110 2163 2536 2222 contristemur,
2572 2168 2876 2226 nunquam
2909 2167 2944 2208 a
2988 2151 3086 2207 Dei
3119 2148 3325 2218 spiritu
3366 2143 3619 2202 assumi-

1928 2259 2099 2325 mur),
2147 2252 2366 2325 gladios
2408 2249 2650 2304 internae
2679 2252 2734 2301 et
2773 2251 3026 2299 externae
3057 2235 3419 2294 discretionis
3469 2232 3618 2288 reci-

1929 2321 2318 2416 pimiistevi
2362 2344 2554 2393 autem
2602 2332 2812 2389 dicitur
2860 2331 3191 2397 assumptus.
3251 2325 3384 2379 Sine
3414 2321 3619 2377 auditu

1925 2409 2062 2489 vero
2093 2428 2348 2495 tristitiae,
2393 2426 2447 2481 id
2496 2431 2579 2480 est
2620 2423 2741 2477 sine
2776 2417 3019 2489 proprias
3074 2412 3397 2485 cognitione
3451 2409 3616 2465 mise-

1928 2523 2047 2588 riae,
2079 2533 2194 2575 non
2220 2513 2532 2584 assumptio
2565 2512 2622 2567 fit
2649 2508 2903 2581 justitiee,
2937 2518 3113 2576 quam
3156 2517 3272 2557 non
3308 2508 3423 2556 tam
3451 2512 3619 2553 assu-

1924 2611 2141 2666 mimus
2171 2620 2346 2677 quam
2374 2604 2444 2658 ab
2473 2616 2541 2657 ea
2578 2596 2950 2662 assumimur,
2999 2593 3051 2649 id
3073 2598 3157 2648 est
3206 2590 3424 2646 fortiter
3463 2591 3621 2642 tene-

1930 2713 2083 2763 mur,
2135 2673 2266 2766 qua}
2315 2691 2569 2763 quadam
2606 2684 2980 2759 germanitate
3022 2694 3259 2751 prorsus
3301 2673 3622 2732 necessaria

1923 2790 2258 2860 junguntur
2305 2781 2484 2848 Dinze,
2531 2778 2587 2833 id
2634 2784 2718 2832 est
2764 2769 3090 2829 discretioni
3138 2775 3365 2824 nostrae.
3428 2766 3622 2833 Ingre-

1930 2852 2172 2932 diuntur
2224 2872 2346 2927 haec
2377 2869 2580 2925 urbem
2626 2862 2982 2921 conscientia:
3012 2866 3068 2914 et
3108 2854 3476 2926 exsurgentis
3502 2852 3622 2923 jam

1862 2971 1903 3027 C
1934 2964 2189 3022 audaciae
2249 2956 2603 3027 consumptis
2650 2952 2899 3009 motibus
2950 2947 3323 3018 cupiditatem
3378 2951 3434 2999 et
3483 2941 3626 2997 invi-

1933 3055 2087 3110 diam
2144 3050 2357 3121 pariter
2386 3052 2613 3109 necant,
2666 3042 2879 3097 Hemor
2916 3036 3127 3094 scilicet
3176 3042 3232 3091 et
3261 3032 3506 3099 Sicbem,
3571 3037 3625 3086 et

1933 3144 2004 3199 de
2032 3155 2206 3211 pravo
2237 3132 2614 3193 contubernio
2643 3137 2857 3187 eruunt
2888 3124 3306 3183 discretionem.

2004 3208 2178 3288 \lnns.
2226 3231 2313 3282 27.
2364 3254 2431 3265 -
2483 3222 2691 3288 Quibus
2739 3218 2964 3287 egressis
3004 3228 3100 3285 per
3147 3210 3387 3267 indultae
3432 3208 3540 3265 sibi
3593 3222 3628 3262 a

1934 3322 2049 3377 Deo
2081 3315 2343 3388 potentia:
2390 3311 2699 3375 licentiam,
2745 3308 2923 3362 ceteri
2965 3305 3071 3375 ﬁlii
3115 3301 3279 3358 Iacob
3334 3314 3492 3368 super
3535 3313 3627 3351 oc-

1934 3387 2354 3469 cisosirruunt,
2391 3402 2445 3456 id
2488 3407 2572 3455 est
2606 3398 2842 3467 reliquae
2874 3393 3115 3450 virtutes
3162 3389 3340 3445 animi
3389 3387 3628 3443 subacta

1935 3498 2078 3553 vitia
2103 3491 2324 3549 victrici
2354 3489 2574 3546 actione
2620 3485 2909 3556 operiunt,
2956 3487 3005 3536 et
3038 3480 3223 3534 urbem
3267 3473 3627 3533 conscientiae

1936 3600 1971 3643 a
2042 3582 2285 3653 strepitu
2340 3579 2501 3635 solito
2560 3575 2897 3639 desolantes,
2961 3566 3346 3638 corruptionis
3417 3566 3629 3621 damna

1935 3649 2326 3738 compensant.
2382 3664 2568 3733 (Vnus.
2605 3661 2715 3729 28.)
2765 3660 2896 3715 Oves
2938 3651 3394 3724 improvidentim
3436 3657 3492 3705 et
3539 3649 3628 3704 fa-

1938 3757 2178 3821 tuitatis,
2227 3760 2276 3810 et
2315 3755 2561 3806 armenta
2591 3746 3021 3810 hebetudinum,
3070 3741 3159 3797 vel
3207 3738 3626 3804 curiositatum,

1937 3847 2026 3904 his
2059 3845 2227 3915 plane
2275 3855 2342 3898 ac
2380 3839 2427 3896 si
2474 3836 2651 3895 armis
2687 3834 3043 3904 contegimus
3091 3828 3255 3886 nobis
3300 3826 3437 3898 ipsis
3490 3823 3630 3880 vitia

1937 3913 2151 3999 nostra,
2189 3932 2473 3996 asinosque
2509 3924 2835 3986 libidinum,
2871 3928 2925 3975 et
2967 3917 3161 3974 omnia
3201 3931 3319 3986 quae
3363 3916 3421 3969 in
3455 3913 3628 3967 domi-

1941 4021 2059 4085 bus,
2090 4024 2140 4073 et
2182 4020 2241 4071 in
2269 4017 2462 4088 agris;
2514 4013 2573 4068 in
2604 4009 2893 4066 mentibus
2946 4006 3159 4062 scilicet
3209 4013 3263 4060 et
3310 4000 3632 4058 forensibus

1938 4106 2224 4166 exercitiis
2269 4109 2444 4159 erant.
2501 4101 2696 4171 (Vnus.
2728 4101 2839 4161 29.)
2903 4096 3162 4152 Parvulos
3214 4098 3263 4146 et
3314 4106 3527 4158 umores,
3576 4089 3633 4145 id

1938 4205 2023 4251 est
2054 4202 2236 4265 empta
2260 4196 2377 4264 jam
2433 4204 2625 4261 opera,
2658 4197 2710 4245 et
2740 4201 2978 4256 operum
3026 4182 3426 4239 delectationes
3473 4187 3632 4235 utra-

129 4295 343 4365 signat,
392 4288 532 4359 quia
564 4286 619 4342 in
652 4286 827 4355 portis
875 4285 1201 4357 antiquitus
1244 4300 1335 4341 res
1363 4286 1553 4342 dubiae
1584 4286 1832 4340 ventila—
1870 4304 1917 4359 ι)
1943 4300 2057 4356 que
2087 4284 2306 4339 duxere
2336 4279 2584 4350 captiva,
2632 4276 2860 4333 sublata
2901 4274 2958 4328 in
2991 4270 3214 4329 mortali
3268 4282 3501 4337 corpore
3544 4281 3635 4322 re-

131 4382 371 4436 bantur.
423 4374 702 4443 Exempla
731 4373 867 4430 satis
914 4387 1201 4444 superque
1232 4381 1566 4444 suppetunt.
1617 4374 1831 4443 Populo

131 4470 464 4540 loquuntur
492 4463 631 4534 quia
676 4462 980 4518 subdolose
1026 4462 1253 4518 interim
1300 4462 1422 4532 paci
1470 4462 1833 4518 instituendze

130 4557 347 4621 favere,
379 4561 434 4609 et
477 4551 738 4621 strepitui
771 4551 977 4606 mentis
1005 4550 1257 4606 sedando
1286 4550 1578 4606 videntur.
1615 4550 1831 4618 Virilis,

130 4644 436 4714 inquiunt,
468 4648 521 4695 et
552 4639 790 4695 honesta
820 4637 941 4694 hzec
970 4645 1145 4708 atque
1193 4636 1429 4707 paciﬁca
1458 4638 1830 4704 continentia,

128 4733 359 4789 feratur
399 4730 606 4799 degere
662 4728 938 4781 nobiscum
985 4728 1044 4780 in
1074 4731 1219 4780 terra
1273 4726 1545 4797 corporis,
1601 4726 1831 4797 negotii,

125 4831 179 4879 et
229 4817 498 4877 exercitii
545 4816 637 4873 sui
684 4816 847 4871 lucra
893 4821 1138 4886 quaerat,
1170 4815 1385 4884 ipsum
1424 4814 1576 4870 enim
1626 4829 1836 4885 corpus

123 4912 401 4979 spatiosa,
449 4912 499 4959 et
529 4906 643 4959 lata
686 4911 927 4970 sectans,
973 4903 1136 4960 cultu
1180 4918 1296 4974 quo
1328 4904 1451 4959 haec
1502 4904 1837 4960 recidantur

122 5007 294 5071 eget;
344 4997 513 5065 ﬁlias,
568 4993 621 5047 id
671 4999 754 5048 est
786 4992 948 5047 ﬂuxa
986 5006 1184 5047 eorum
1216 4991 1497 5048 desideria
1535 4992 1701 5048 nobis
1729 5007 1837 5063 ap-

127 5098 437 5156 ponemus,
469 5088 525 5137 et
558 5079 826 5151 qualibet
859 5087 1189 5136 nostrarum
1236 5081 1487 5151 partium
1517 5080 1753 5136 lascivia
1783 5087 1838 5137 et

124 5174 348 5240 mollia,
381 5167 765 5226 rationalibus
794 5167 970 5223 animi
1006 5167 1256 5224 motibus
1288 5171 1631 5240 ingeremus.
1663 5172 1836 5225 Unum

128 5268 348 5316 tantum
392 5260 592 5313 bonum
634 5256 798 5312 nobis
824 5264 1176 5312 eventurum
1218 5256 1493 5327 differtur,
1534 5260 1584 5311 si
1627 5258 1839 5314 scilicet

126 5347 593 5406 circumcidamus
642 5345 715 5400 ad
767 5359 1020 5417 praesens
1067 5347 1346 5410 masculos,
1393 5344 1443 5400 id
1475 5354 1559 5401 est
1589 5352 1839 5403 temera-

130 5440 245 5496 rios
302 5440 586 5493 incursus
613 5435 824 5488 nostros
873 5433 1185 5503 paulisper,
1246 5433 1340 5488 sed
1393 5448 1507 5489 non
1560 5434 1661 5490 diu
1693 5450 1836 5491 con-

131 5529 530 5599 stringauius;
589 5522 737 5578 ritus
768 5531 820 5578 et
877 5522 1140 5578 instituta
1179 5522 1383 5577 mentis
1438 5522 1688 5591 ipsorum
1735 5538 1839 5579 nos

134 5616 350 5672 imitari
383 5610 754 5675 simulantes,
797 5616 852 5665 et
880 5611 960 5667 sic
999 5610 1094 5666 ﬁet
1127 5618 1190 5667 ut
1218 5608 1430 5666 sensim
1461 5610 1670 5667 animis
1714 5612 1840 5669 illa-

1942 4372 2158 4444 gnandi
2208 4369 2479 4441 potentia.
2515 4367 2708 4438 (Vsus.
2761 4367 2872 4429 30.)
2918 4362 3123 4428 Quibus
3169 4360 3409 4429 patratis
3458 4356 3633 4411 auda-

1943 4467 2074 4529 cter,
2111 4459 2261 4513 discit
2307 4456 2473 4511 Jacob
2521 4454 2596 4509 ad
2646 4454 2859 4509 Simeon
2899 4454 2950 4503 et
2996 4451 3138 4504 Levi.
3197 4446 3303 4503 Ubi
3360 4443 3637 4500 vivaciter

1945 4548 2190 4620 peccatis
2235 4545 2531 4602 obsistitur
2589 4540 2783 4606 Jacob,
2833 4539 2887 4593 id
2956 4545 3040 4593 est
3100 4536 3242 4591 ratio
3300 4532 3638 4589 humanitus

1943 4646 2088 4704 acta,
2135 4644 2189 4692 et
2210 4634 2572 4690 auditionem
2605 4630 2864 4692 tI‘ISlIlliB,
2908 4634 2963 4682 et
3020 4623 3468 4693 assumptionem
3503 4634 3636 4691 gra-

1946 4728 2036 4782 tiae
2088 4724 2256 4797 quasi
2301 4723 2357 4777 in
2403 4721 2493 4777 bis
2565 4730 2933 4791 perseverare
2973 4719 3241 4783 nequeat,
3291 4709 3525 4779 cmpisse
3580 4723 3637 4764 se

1947 4814 2249 4885 improbat.
2289 4811 2574 4866 Turbastis
2624 4823 2722 4873 me,
2762 4805 2816 4861 id
2847 4812 2931 4860 est
2974 4802 3201 4858 turbam
3250 4806 3452 4855 contra
3500 4796 3639 4853 vitia

1946 4905 2087 4961 mihi
2135 4901 2412 4967 movistis,
2464 4904 2513 4953 et
2544 4897 2786 4952 odiosum
2834 4909 2916 4947 me
2969 4891 3177 4959 fecistis
3222 4889 3542 4945 Chananaeis
3590 4890 3639 4939 et

1946 4993 2237 5048 Pherezaeis
2287 4987 2687 5045 habitatoribus
2741 4989 2914 5043 terrae,
2966 4979 3104 5050 quia
3153 4976 3412 5033 videlicet
3461 4989 3637 5046 nego-

1947 5078 2040 5135 tiis
2066 5078 2246 5133 animi
2280 5091 2313 5132 a
2345 5085 2570 5133 terreno
2618 5087 2761 5144 pene
2790 5067 3067 5127 desiderio
3100 5078 3405 5135 nunquam
3434 5062 3637 5126 feriati,

1944 5177 1999 5223 et
2029 5165 2249 5238 stupori
2280 5166 2351 5222 ad
2377 5165 2529 5221 mala
2557 5176 2782 5233 semper
2809 5174 3000 5230 pravae
3029 5156 3221 5213 carnis
3251 5155 3420 5210 ﬁnem
3455 5152 3635 5224 posui.

1946 5258 2078 5325 Vos,
2114 5259 2376 5326 inquam,
2407 5261 2598 5309 motus
2621 5248 2950 5322 spirituales
2983 5253 3246 5301 auctores
3284 5243 3461 5314 hujus
3506 5242 3642 5299 estis

1946 5346 2081 5402 odii.
2129 5344 2492 5402 Chananeeus
2521 5354 2746 5411 nempe,
2788 5337 3125 5406 negotiator;
3172 5333 3500 5389 Phereszeus
3547 5331 3640 5387 di-

1947 5434 2098 5492 citur
2122 5440 2360 5503 stupens.
2412 5430 2714 5503 Negotium
2745 5428 2895 5483 enim
2931 5422 3339 5495 pcraiuhulans
3370 5423 3425 5477 in
3486 5430 3639 5477 tene-

1948 5523 2084 5590 bris,
2116 5532 2171 5579 et
2227 5521 2452 5592 reprobi
2495 5532 2698 5574 sensus
2745 5517 2831 5573 vel
2876 5511 3313 5585 ponderositatis
3361 5523 3641 5578 corporea:

1948 5619 2148 5682 stupor
2177 5619 2344 5666 terrai
2393 5608 2635 5664 inhiant.
2696 5610 2800 5665 Nos
2838 5605 3001 5675 pauci
3029 5616 3233 5657 sumus.
3268 5599 3414 5667 Quia
3460 5596 3642 5652 virtu-
