3904 6066
273 260 367 311 251
1223 259 1283 310 V.
1326 258 1661 315 GUIBERTI
1700 259 1989 314 ABBATIS
2026 260 2081 314 S.
2127 258 2363 314 MARUE
2403 259 2491 314 DE
2530 258 2925 315 NOVIGEN'I‘O

3664 254 3770 309 252

272 394 396 445 tum
428 402 645 458 parvus
674 388 747 444 ad
779 387 1048 444 vitiorum
1085 389 1571 460 comparationem
1623 398 1708 446 est
1766 405 1968 446 nume-
2007 392 2051 445 A
2079 389 2340 457 aedificat,
2376 389 2516 461 quia
2544 395 2755 445 sancta
2786 388 3100 445 voluntatis
3134 389 3193 443 in
3226 388 3405 459 ipsius
3436 384 3772 444 mutationis

272 491 394 533 rus.
428 478 553 533 Illla
592 492 727 548 ergo
779 485 1127 549 congregata
1180 493 1311 548 quae
1353 492 1691 549 expugnare
1722 481 1971 550 coepistis

270 563 508 634 frustra,
547 568 849 635 percutiant
884 582 966 620 me
1011 572 1061 620 et
1095 567 1305 621 delabor
1333 583 1448 636 ego,
1492 574 1542 622 et
1592 569 1781 623 domus
1831 586 1967 636 mea,

276 654 383 710 hoc
420 653 708 710 tantillum
765 655 920 725 quod
962 655 1093 711 boni
1144 656 1425 712 habebam
1476 658 1734 713 exterius
1767 658 1973 715 delebi-

274 750 390 809 tur,
420 750 475 799 et
503 743 708 798 domus
737 744 1100 800 conscientiae
1139 745 1599 815 depopulabitur.
1650 746 1754 803 Sed
1787 748 1972 805 virtus

274 830 728 887 rationalitatum
790 831 1072 887 divinitus
1144 841 1331 889 erecta
1385 834 1521 890 dicit
1579 835 1774 903 (Vens.
1834 839 1968 908 3t):

272 919 537 987 Nunquid
593 924 653 973 ut
704 926 877 974 scorto
933 920 1089 975 abuti
1134 921 1359 985 debuere
1407 937 1586 977 sorore
1636 928 1873 979 nostra?
1908 925 1971 980 ld

271 1014 376 1074 est,
420 1007 690 1078 nunquid
746 1008 1144 1077 prostituenda
1190 1018 1274 1064 est
1329 1010 1562 1066 cuilibet
1607 1020 1970 1081 peccatorum

273 1095 426 1151 sordi
465 1096 730 1153 discretio
780 1105 973 1154 nostra
1022 1093 1093 1152 ex
1149 1106 1350 1167 matre,
1399 1114 1530 1168 quae
1579 1115 1683 1156 nos
1737 1102 1972 1171 protulit

273 1186 496 1241 ratione
526 1184 710 1255 proles
743 1185 996 1242 eximia?

868 1275 1099 1332 CAPUT
1139 1275 1374 1332 XXXV.

344 1362 517 1419 Vnus.
554 1366 601 1417 1.
659 1391 731 1404 -
781 1366 993 1418 Interea
1052 1365 1258 1420 mentis
1312 1363 1629 1423 certamina
1687 1368 1972 1440 decipien-

271 1457 386 1507 tem
421 1452 572 1507 Deus
603 1452 919 1522 alloquitur
955 1453 1193 1508 interius
1221 1454 1419 1509 Iacob.
1463 1455 1653 1522 Surge,
1686 1459 1739 1507 et
1788 1468 1970 1507 ascen-

265 1540 340 1605 _de
363 1541 547 1594 Bethel
589 1545 638 1593 et
685 1541 875 1595 habita
906 1541 1005 1607 ibi,
1054 1543 1256 1611 facque
1289 1544 1463 1597 altare
1511 1545 1607 1597 Deo
1657 1543 1754 1610 qui
1790 1557 1972 1611 appa-

274 1629 389 1681 ruit
434 1628 537 1681 tibi
578 1629 800 1697 quando
843 1629 1096 1698 fugiebas
1125 1633 1276 1685 Esau
1306 1632 1539 1698 fratrem
1586 1635 1757 1685 tuum.
1808 1629 1970 1696 Quod

273 1722 355 1771 est
396 1715 580 1772 dicere
610 1732 623 1770 :
663 1716 892 1788 Erigere
935 1717 1008 1774 ab
1054 1719 1182 1774 imis
1211 1719 1556 1790 cogitatibus
1582 1726 1636 1775 et
1666 1734 1970 1789 usquequo

275 1803 380 1860 tias
408 1803 614 1861 domus
657 1806 775 1873 Dei,
810 1806 965 1877 quod
1011 1814 1094 1863 est
1126 1808 1336 1875 Bethel,
1395 1808 1706 1878 provehere
1735 1808 1971 1863 virtuti-

274 1893 403 1960 bus,
435 1900 490 1949 et
520 1892 607 1949 fac
644 1901 784 1949 I33
813 1897 990 1949 altare
1025 1896 1187 1952 bona;
1231 1897 1548 1953 voluntatis
1575 1900 1703 1965 Deo,
1735 1895 1837 1966 qui
1900 1897 1967 1951 ti-

272 1981 330 2037 bi
360 1981 629 2038 inclaruit
667 1990 731 2039 ut
761 1982 1027 2039 allectum
1056 1984 1347 2040 carnalem
1398 1984 1699 2057 effugeres,
1737 1986 1793 2041 in
1856 2000 1972 2056 quo

274 2070 501 2139 piorum
548 2078 784 2127 actuum
812 2072 1091 2129 sacrificia
1120 2073 1394 2130 immoles.
1430 2075 1622 2140 (Vens.
1678 2076 1757 2145 2.)
1809 2075 1970 2130 Jacob

271 2172 396 2212 vero
446 2163 740 2212 convocata
795 2162 941 2214 omni
991 2160 1146 2215 domo
1200 2177 1319 2229 sua,
1378 2164 1510 2216 ait:
1553 2161 1793 2232 Abjicite
1849 2162 1971 2216 deos

274 2245 496 2312 alienos,
550 2250 649 2316 qui
688 2250 748 2302 in
797 2248 973 2303 medio
1001 2252 1170 2304 vestri
1222 2256 1367 2318 sunt,
1419 2256 1469 2305 et
1513 2251 1878 2319 mundamini,
1910 2267 1972 2304 ac

273 2339 476 2388 mutate
526 2338 844 2391 vestimenta
898 2343 1098 2393 vestra.
1178 2339 1305 2394 Post
1358 2340 1557 2395 altaris
1631 2339 1969 2395 erectionem

275 2437 451 2493 quam
486 2434 879 2493 proposuerat,
931 2426 1163 2481 domum
1214 2435 1509 2494 convocat,
1557 2428 1697 2498 quia
1744 2442 1967 2483 morum

274 2526 342 2568 ac
390 2514 566 2569 totius
616 2514 978 2584 cogitationis
1039 2515 1414 2586 dispersiones
1466 2516 1671 2572 frenat.
1707 2515 1969 2586 Abjicite,

274 2599 484 2669 inquit,
516 2615 601 2667 ea,
635 2601 851 2671 quibus
877 2610 1154 2673 tanquam
1189 2604 1512 2660 simulacris
1558 2605 1969 2672 inserviebatis,

273 2686 416 2743 vitia
441 2702 572 2757 quae
602 2690 658 2741 in
700 2689 874 2744 medio
904 2693 1072 2744 vestri
1097 2698 1277 2747 erant.
1318 2692 1380 2747 Id
1418 2700 1520 2759 est,
1569 2694 1839 2748 thronum
1890 2707 1974 2749 re-

277 2774 375 2847 gni
403 2775 459 2830 in
488 2783 681 2831 vestra
724 2785 914 2833 mente
945 2779 1235 2847 tenebant,
1286 2785 1337 2834 et
1363 2781 1706 2835 mundamini
1734 2781 1793 2836 in
1848 2796 1974 2837 con-

275 2863 529 2931 scientia,
563 2881 627 2919 ac
664 2871 868 2921 mutate
924 2880 1161 2936 operum
1214 2868 1631 2940 integumenta.
1672 2871 1864 2942 (Vnus.
1918 2875 1967 2940 3,

2079 479 2358 548 proposito
2388 485 2579 533 statim
2629 477 2852 533 fundat.
2901 480 3141 534 Domum
3174 477 3272 532 Dei
3323 475 3588 548 appellat,
3627 473 3770 545 quia

2077 566 2229 636 piam
2260 566 2611 622 aliectionem
2644 566 3001 622 solummodo
3044 575 3235 635 aptam
3279 566 3353 622 ad
3382 566 3492 621 Deo
3521 577 3769 620 manen-

2077 655 2216 710 dum
2254 658 2525 722 aestimat;
2578 656 2650 711 ibi
2698 655 2871 722 enim,
2924 654 2979 710 id
3009 663 3092 711 est
3141 670 3241 725 per
3296 656 3445 710 hanc
3499 651 3772 709 inclaruit

2074 742 2257 800 eidem
2284 745 2455 810 Deus,
2490 758 2620 799 cum
2652 744 2940 800 carnalem
2975 743 3198 800 timeret
3224 743 3509 798 affectum.

2150 833 2318 888 Vens.
2369 836 2420 887 8.
2452 862 2522 874 —
2556 834 2763 888 Eodem
2791 839 3023 901 tempore
3060 837 3273 887 mortua
3299 837 3377 886 est
3423 831 3630 884 Debora
3658 845 3770 883 nu-

2080 924 2195 976 triat:
2229 922 2491 990 Rebeccae,
2521 928 2571 976 et
2600 924 2812 992 sepulta
2841 922 2915 976 ad
2943 922 3157 976 radices
3188 921 3366 975 Bethel
3396 920 3579 975 subter
3609 934 3775 987 quer-

2078 1026 2231 1075 cum;
2283 1016 2634 1080 vocatumque
2684 1018 2763 1066 est
2807 1027 2996 1065 nomen
3047 1012 3149 1065 loci
3194 1012 3431 1075 Quercus
3479 1012 3655 1076 ﬂetus.
3708 1008 3774 1062 In

2076 1099 2186 1154 hac
2218 1099 2341 1169 ipsa
2371 1098 2476 1169 piae
2522 1099 2852 1155 intentionis
2902 1097 3188 1167 temperie,
3238 1097 3483 1152 moritur
3519 1094 3776 1151 carnalis

2078 1187 2367 1255 stimulus,
2399 1187 2501 1257 qui
2532 1187 2765 1258 quidem
2802 1185 3165 1243 dulcedinem
3196 1184 3419 1255 praefert
3450 1198 3602 1239 more
3643 1197 3778 1253 sug-

2078 1276 2369 1348 gestionis,
2419 1276 2517 1333 sed
2550 1276 2992 1333 amaritudinem
3038 1275 3210 1331 habet
3241 1288 3416 1344 quam
3457 1272 3774 1328 maximam

2078 1365 2137 1421 in
2166 1373 2420 1422 extremo
2470 1380 2571 1436 per
2616 1365 2884 1421 eil'ectum
2933 1364 3209 1421 criminis.
3243 1363 3466 1420 Debora
3517 1374 3774 1431 namque

2078 1455 2290 1510 dicitur
2320 1454 2460 1524 apis,
2491 1455 2645 1510 unde
2662 1452 2891 1510 Boetius
2922 1453 3018 1524 (De
3045 1454 3300 1508 consolat.
3331 1451 3531 1522 philos.
3566 1449 3666 1505 lib.
3694 1464 3777 1515 Ill,

2080 1551 2261 1599 metro
2292 1543 2344 1613 7)
2377 1560 2391 1597 :

2367 1630 2550 1685 Habet
2581 1631 2674 1685 hoc
2704 1631 2954 1700 voluptas
2982 1630 3175 1695 omnis,

2366 1720 2612 1775 Stimulis
2642 1718 2760 1788 agit
2786 1721 3049 1785 furentes,

2365 1809 2678 1877 Apiumque
2701 1823 2812 1877 par
2839 1809 3115 1861 volantum

2370 1897 2473 1952 Ubi
2500 1902 2659 1964 grata
2690 1897 2853 1951 mella
2875 1896 3048 1962 fudit,

2366 1985 2554 2051 Fugit,
2582 1988 2632 2037 et
2658 1986 2821 2037 nimis
2842 1986 3020 2037 tenaci

2366 2073 2513 2127 Perit
2544 2074 2653 2126 icta
2685 2071 2849 2125 corda
2879 2087 3079 2126 morsu.

2082 2165 2215 2220 Haec
2259 2160 2575 2217 stimulatio
2614 2160 2797 2216 nutrit
2839 2160 3170 2228 Rebeccam,
3201 2160 3256 2215 id
3294 2167 3378 2216 est
3414 2158 3780 2230 patientiam,

2082 2252 2221 2324 quia
2272 2250 2483 2308 talibus
2529 2249 2838 2306 exercitata
2872 2249 3150 2306 coalescit.
3204 2249 3301 2303 Ad
3351 2248 3563 2303 radices
3601 2248 3785 2302 Bethel

2081 2340 2370 2412 sspelitur,
2418 2338 2555 2409 quia
2577 2338 2685 2395 sub
2724 2337 2919 2393 divino
2953 2337 3174 2405 timore,
3209 2338 3309 2408 qui
3360 2337 3528 2392 radix
3573 2336 3785 2391 domus

2082 2430 2180 2486 Dei
2209 2437 2311 2496 est,
2364 2427 2826 2483 constabiliendae
2874 2427 3223 2483 reconditur.
3274 2426 3468 2482 Subter
3523 2439 3783 2509 quercum

2084 2518 2338 2590 ponitur,
2384 2516 2521 2572 dum
2558 2522 2836 2585 perpetua
2886 2515 3260 2587 negligentia,
3295 2522 3349 2571 et
3388 2515 3599 2583 agresti
3635 2527 3780 2583 qua-

2083 2608 2213 2663 dam
2237 2604 2685 2674 despicabilitate
2711 2603 3075 2673 deprimitur.
3104 2603 3257 2659 Talis
3279 2604 3450 2658 arbor
3480 2615 3781 2672 nusquam

2083 2696 2193 2752 nisi
2223 2709 2256 2749 a
2288 2693 2473 2765 porcis
2501 2694 2734 2763 petitur.
2776 2692 2881 2748 Sed
2906 2693 3046 2763 quia
3095 2693 3245 2748 hanc
3276 2690 3430 2748 solus
3464 2690 3778 2763 paenitudi-

2083 2784 2173 2840 nis
2231 2783 2395 2839 debet
2448 2781 2608 2837 dolor
2676 2780 2940 2848 invisere,
2998 2779 3285 2847 Quercum
3343 2780 3511 2836 ﬂetus
3561 2779 3783 2849 placuit

2083 2871 2392 2942 appellare.

274 2955 328 3007 4.
365 2955 384 3022 )
412 2954 649 3023 Surgite,
679 2956 1033 3011 ascendamus
1062 2958 1120 3010 in
1172 2958 1373 3023 Bethel,
1408 2966 1473 3014 ut
1502 2973 1681 3029 supra
1720 2960 1969 3031 positum
2011 2970 2051 3025 ί]
2153 2960 2324 3017 Vens.
2355 2961 2407 3025 9,
2447 2961 2527 3013 l0.
2562 2987 2635 2999 —
2662 2958 2941 3027 Apparuit
2967 2961 3146 3010 autem
3180 2959 3316 3011 Deus
3346 2957 3541 3009 iterum
3580 2955 3779 3018 Jacob,

275 3049 376 3099 est.
427 3043 701 3098 Dederunt
743 3047 794 3098 ei
838 3045 961 3099 deos
1008 3047 1211 3100 alienos
1261 3062 1393 3116 quos
1445 3048 1731 3115 habebant,
1782 3049 1835 3104 id
1887 3057 1967 3106 est
2075 3054 2366 3119 postquam
2411 3061 2656 3103 reversus
2701 3051 2779 3100 est
2833 3046 2899 3100 de
2945 3048 3334 3115 Mesopotamia
3381 3046 3581 3112 Syriae,
3622 3043 3783 3097 bene-

273 3130 417 3187 Vitia
446 3131 783 3189 obtulerunt
816 3133 1022 3188 rationi
1055 3136 1469 3191 consumenda.
1504 3137 1785 3191 Dederunt
1816 3138 1970 3193 enim
2078 3139 2329 3207 dixitque
2371 3138 2438 3203 ei,
2472 3136 2653 3190 dicens
2696 3152 2709 3190 :
2739 3137 2854 3191 Non
2878 3134 3150 3189 vocaberis
3198 3136 3347 3188 ultra
3373 3132 3561 3199 Jacob,
3594 3136 3647 3186 et
3679 3148 3783 3200 ap-

276 3219 507 3286 dicitur,
558 3234 673 3275 non
730 3222 1093 3291 restiterunt;
1144 3223 1279 3279 deos
1307 3231 1498 3280 autem
1548 3224 1793 3281 crimina
1835 3226 1967 3294 dici,
2072 3228 2304 3299 pellavit
2332 3241 2451 3280 eum
2481 3224 2680 3295 lisrael.
2728 3226 2802 3278 De
2830 3223 3219 3291 Mesopotamia
3268 3222 3460 3290 Syriae,
3494 3219 3548 3274 id
3578 3227 3665 3276 est
3711 3220 3786 3275 de

276 3307 434 3363 testis
461 3313 546 3363 est
578 3307 853 3376 psalmus.
885 3310 948 3366 Si
973 3311 1238 3377 audieris,
1272 3311 1481 3382 inquit,
1515 3329 1597 3367 me
1621 3329 1727 3368 non
1773 3316 1876 3368 erit
1912 3316 1972 3368 in

276 3399 326 3449 te
354 3395 484 3452 deus
523 3412 701 3452 recens
754 3400 919 3465 (Psal.
965 3414 1137 3468 Lxxx,
1177 3400 1279 3472 10).
1315 3403 1541 3456 Inaures
1595 3409 1786 3458 autem
1840 3403 1972 3458 deo-

276 3497 407 3539 rum
437 3491 574 3541 sunt
611 3485 955 3555 obedientia,
990 3502 1108 3558 qua
1151 3489 1396 3558 peccatis
1445 3489 1970 3559 obtemperabatur.

275 3572 354 3626 At
380 3572 471 3627 ille
522 3573 729 3638 iii/odit
779 3590 842 3629 ea
889 3576 1072 3629 subter
1101 3577 1480 3643 terebinthum,
1535 3592 1666 3647 qua:
1714 3586 1799 3633 est
1849 3584 1974 3647 post

275 3659 480 3716 urbem
533 3660 774 3718 Sichem.
808 3663 1120 3733 Postquam
1152 3663 1395 3731 Sichem,
1433 3665 1486 3719 id
1529 3674 1610 3721 est
1643 3666 1971 3722 invidentiae

273 3747 525 3804 laborem
558 3750 951 3820 postponimus
971 3752 1122 3820 deos,
1157 3752 1213 3807 id
1229 3760 1311 3809 est
1333 3753 1579 3807 crimina
1600 3768 1732 3809 cum
1772 3768 1971 3809 eorum

275 3835 599 3905 inauribus,
630 3838 890 3894 videlicet
914 3839 1356 3909 obeditionibus,
1403 3841 1602 3897 subter
1642 3841 1973 3912 amplitudi-

274 3938 404 3981 nem
454 3924 952 3997 fragrantiamque
1005 3928 1302 3985 charitatis
1350 3929 1781 4000 abscondimus;
1836 3937 1976 3987 tere-

275 4013 515 4070 binthus
533 4016 684 4071 enim
714 4017 827 4072 lata
858 4025 913 4072 et
942 4018 1225 4074 odorifera
1254 4019 1426 4075 arbor
1443 4027 1545 4076 est.

346 4102 519 4159 Vens.
554 4105 606 4180 5.
640 4135 708 4144 —
760 4106 995 4176 Cumque
1037 4110 1273 4177 profecti
1299 4113 1489 4175 essent,
1525 4113 1700 4165 terror
1750 4112 1845 4165 Dei
1885 4112 1973 4164 in-

277 4192 423 4243 vasit
464 4205 642 4245 omnes
692 4209 793 4261 per
822 4195 1112 4248 circuitum
1162 4197 1428 4259 civitates,
1465 4200 1516 4248 et
1545 4211 1652 4249 non
1698 4202 1826 4250 sunt
1854 4199 1977 4251 ausi

2077 3314 2395 3380 vocatione,
2420 3327 2551 3383 quae
2574 3327 2676 3368 nos
2689 3313 2760 3368 ab
2778 3311 2906 3367 imis
2925 3309 3129 3378 elevat,
3153 3317 3207 3367 et
3226 3309 3781 3373 sublimibusinfert,

2080 3404 2152 3459 ab
2182 3402 2414 3458 invidiae
2444 3401 2657 3458 ﬁnibus
2692 3401 2863 3457 habet
2893 3399 3131 3470 spiritus
3158 3406 3348 3455 noster
3371 3399 3779 3464 reversionem,

2079 3492 2181 3548 ubi
2212 3491 2419 3546 iterum
2464 3504 2560 3561 per
2604 3489 2802 3562 gratiae
2851 3488 3349 3559 amplificationem
3396 3495 3453 3543 et
3509 3501 3612 3558 per
3640 3501 3781 3542 con-

2080 3579 2465 3649 templationis
2505 3578 2943 3635 illustrationem
2991 3578 3142 3633 Deus
3169 3576 3278 3633 sibi
3309 3583 3567 3647 apparet,
3624 3582 3691 3631 ut
3723 3575 3784 3630 in

2080 3669 2269 3740 prima
2294 3668 2653 3738 apparitione
2678 3667 3022 3738 corrigatur,
3054 3666 3108 3720 in
3131 3666 3385 3722 secunda
3415 3679 3546 3735 quae
3567 3665 3785 3720 amissa

2080 3757 2268 3813 fuerat
2299 3757 2484 3827 gratia
2527 3762 2845 3824 reparctur.
2902 3757 3040 3821 Non,
3078 3753 3288 3824 inquit,
3326 3754 3475 3808 ultra
3504 3753 3781 3809 vitiorum

2081 3841 2496 3902 luc'taminibus
2536 3843 2865 3915 jactaberis,
2917 3843 3070 3914 quod
3116 3850 3218 3910 est,
3262 3844 3436 3898 Jacob
3484 3844 3783 3908 vocaberis,

2081 3935 2176 3990 sed
2203 3936 2379 3990 Israel
2409 3933 2518 3988 erit
2555 3932 2656 3988 tibi
2698 3946 2930 3997 nomen,
2961 3931 3017 3987 id
3060 3938 3147 3987 est
3186 3932 3469 3988 virtutum
3525 3931 3783 4002 potentia

2082 4037 2214 4079 cum
2242 4025 2351 4079 Deo
2380 4020 2812 4092 principaberis.
2849 4020 3043 4090 (Vnus.
3088 4019 3193 4090 11.)
3225 4020 3347 4089 Ego
3373 4022 3512 4074 Deus
3542 4022 3787 4089 omnipo—

2084 4116 2218 4178 tens,
2261 4119 2366 4167 etc.
2431 4109 2591 4175 Quod
2648 4117 2733 4165 est
2789 4107 2979 4165 dicere
3011 4127 3028 4162 :
3084 4108 3138 4164 Si
3193 4107 3643 4177 omnipotentem
3692 4123 3786 4165 me

2083 4200 2285 4268 credis,
2319 4214 2388 4254 ne
2416 4198 2642 4254 difﬁdas
2673 4206 2891 4270 gentes,
2922 4206 2977 4253 et
3009 4197 3245 4267 populos
3280 4197 3581 4254 nationum
3609 4211 3684 4253 ex
3731 4205 3787 4253 te

270 4281 532 4349 prosequi
579 4280 897 4380 recedentes.
955 4281 1099 4380 llum
1169 4282 1240 4337 ad
1308 4284 1483 4339 Deum
1561 4283 1976 4354 proficiscimur
2015 4289 2328 4380 Dfuturos.
2363 4287 2568 4344 Gentes
2599 4287 2814 4343 scilicet
2857 4286 3154 4353 vitiorum,
3189 4294 3244 4342 et
3291 4286 3533 4356 populos
3578 4293 3787 4355 sponte

278 4381 484 4424 sensus
505 4370 839 4439 exteriores,
881 4370 1098 4441 quibus
1131 4371 1309 4428 indita
1342 4379 1479 4428 sunt
1529 4372 1674 4429 livor
1701 4380 1755 4429 et
1804 4372 1975 4444 cupi-

278 4455 501 4522 ditates,
530 4457 633 4527 qui
682 4459 852 4514 etiam
899 4460 958 4514 in
989 4460 1169 4516 nostri
1216 4461 1461 4517 circuitu
1507 4462 1675 4532 quasi
1705 4461 1972 4532 quaedam

278 4551 414 4600 sunt
470 4545 636 4615 positi
698 4546 976 4617 civitates,
1030 4548 1129 4605 Dei
1190 4549 1391 4605 timore
1445 4558 1810 4621 premuntur,
1870 4565 1975 4606 nec

281 4633 495 4689 audent
546 4634 662 4691 vim
721 4634 931 4692 inferre
990 4652 1120 4693 cum
1170 4638 1500 4694 eorumdem
1550 4638 1830 4695 desideria
1878 4653 1971 4695 re-

274 4730 593 4799 {spuuntun
627 4724 817 4795 (Vnus.
853 4726 932 4796 6.)
972 4728 1125 4781 Venit
1153 4743 1279 4795 ergo
1306 4726 1474 4783 Jucob
1505 4730 1728 4793 Luzam,
1750 4744 1870 4799 quae
1897 4732 1977 4783 est

280 4811 339 4865 in
380 4816 527 4865 terra
576 4813 839 4869 Chanaan
888 4820 1231 4882 cognomento
1282 4816 1496 4881 Bethel;
1548 4818 1667 4885 ipse
1706 4821 1756 4871 et
1804 4818 1975 4870 omnis

278 4902 513 4969 populus
583 4916 702 4956 cum
761 4917 840 4956 eo.
892 4902 1044 4958 Luza
1098 4903 1310 4959 dicitur
1359 4904 1731 4973 amygdalum.
1783 4904 1976 4960 Bethel

281 4987 471 5042 domus
516 4991 629 5043 Dei.
675 4989 951 5046 Chanaan
998 4995 1229 5046 mutata.
1280 4993 1445 5048 Jacob
1493 4992 1564 5048 ad
1604 4992 1975 5064 amygdalum

279 5077 446 5143 venit,
479 5090 610 5131 cum
652 5077 891 5147 spiritus
936 5085 1126 5135 noster
1169 5093 1268 5149 per
1308 5080 1613 5149 passiones,
1664 5087 1718 5135 et
1757 5080 1975 5135 amari-

282 5162 513 5219 tudines
540 5166 884 5236 corporales,
928 5181 995 5223 ac
1023 5166 1069 5222 si
1121 5167 1347 5224 corticis
1393 5181 1461 5224 ac
1509 5168 1747 5224 internae
1794 5168 1978 5225 dulce-

283 5250 431 5307 dinis
459 5254 729 5311 nucleum
762 5255 1064 5328 pertingit;
1096 5257 1251 5328 quod
1290 5263 1483 5313 tamen
1514 5257 1573 5312 in
1608 5264 1776 5325 terra,
1810 5257 1864 5313 id
1894 5264 1978 5314 est

282 5338 341 5394 in
374 5344 561 5397 mente
585 5344 706 5414 jam
737 5344 975 5401 cultibili
1011 5358 1078 5401 ac
1105 5352 1330 5401 mutata
1359 5344 1441 5413 ﬁt,
1472 5349 1686 5399 mutata
1713 5344 1978 5402 videlicet

283 5429 356 5484 ad
388 5428 514 5497 hoc,
549 5439 614 5487 ut
661 5431 758 5489 ﬁat
786 5433 974 5489 domus
1018 5437 1131 5490 Dei.
1164 5437 1236 5490 Et
1266 5436 1440 5490 omnis
1475 5435 1711 5505 populus
1761 5434 1976 5506 cogita-

279 5517 500 5574 tionum
532 5535 643 5576 non
699 5522 820 5591 jam
868 5531 1065 5579 contra
1120 5538 1275 5590 eum,
1307 5524 1404 5580 sed
1456 5539 1576 5579 cum
1607 5540 1684 5591 eo,
1745 5523 1802 5580 in
1853 5524 1979 5596 ejus

284 5605 497 5663 scilicet
542 5609 892 5668 adminiculo
935 5619 1038 5668 est.
1087 5613 1280 5682 (Vsus.
1326 5610 1655 5682 7.)‘Altare
1704 5628 1840 5685 ergo
1896 5615 1979 5669 ibi

2083 4378 2376 4434 mentibus
2407 4377 2785 4444 innascentes,
2820 4389 2951 4445 quae
2996 4381 3208 4442 tamen,
3251 4375 3393 4445 quia
3423 4372 3789 4443 omnipotens

2083 4474 2199 4522 ate
2245 4466 2466 4531 credor,
2521 4463 2839 4534 superabis.
2891 4465 3083 4518 Cresae
3113 4477 3249 4534 ergo
3279 4464 3395 4533 spei
3454 4462 3783 4530 altitudine,

2084 4554 2181 4610 sed
2231 4554 2394 4623 prius
2440 4554 2805 4622 multiplicare
2848 4551 3159 4608 beneficiis.
3200 4553 3368 4618 Reges
3413 4550 3567 4607 enim
3600 4550 3782 4606 ratio-

2084 4641 2367 4697 nabilium
2400 4648 2659 4696 motuum
2710 4640 2775 4693 de
2803 4640 3000 4693 lumbis
3049 4641 3156 4694 tuis
3187 4639 3551 4708 egrediantur,
3597 4638 3650 4693 id
3699 4646 3787 4693 est

2084 4729 2153 4786 de
2192 4737 2430 4785 tuarum
2490 4728 2663 4784 insita
2697 4727 2920 4799 origine
2966 4727 3333 4798 voluptatum
3385 4724 3786 4783 carnalitatem

2082 4817 2410 4875 excedendo
2481 4817 2789 4887 procedent
2847 4816 3044 4888 (Vnus.
3107 4819 3214 4884 l2),
3271 4823 3326 4873 et
3393 4816 3789 4872 terrenitatem

2086 4912 2245 4961 tuam
2276 4906 2445 4961 sicuti
2476 4906 2724 4962 Abrahae
2752 4913 2808 4961 et
2832 4906 3014 4969 Isaac.
3036 4905 3093 4961 id
3120 4913 3205 4961 est
3227 4905 3435 4961 rationi
3464 4911 3518 4960 et
3538 4911 3790 4960 aeterno-

2084 5009 2214 5052 rum
2242 4995 2358 5065 spei
2391 4994 2595 5065 subjici
2628 4994 2813 5062 debet,
2848 4995 2951 5048 tibi
2984 4993 3310 5064 subjiciam,
3363 4999 3414 5047 et
3436 4995 3633 5048 semini
3671 4999 3789 5060 tuo,

2084 5085 2174 5141 his
2203 5084 2417 5140 scilicet
2449 5083 2549 5154 qui
2581 5090 2633 5139 te
2662 5082 3065 5140 imitabuntur.
3097 5083 3291 5153 (Vnus.
3327 5083 3434 5152 13.)
3465 5084 3535 5137 Et
3566 5083 3791 5135 recessit

2084 5173 2152 5229 ab
2178 5189 2255 5241 eo,
2289 5186 2424 5229 eum
2449 5172 2664 5228 scilicet
2697 5171 2929 5242 proprio
2958 5170 3290 5227 dimittendo
3319 5169 3581 5226 arbitrio.

2159 5260 2329 5316 Vsus.
2366 5259 2449 5327 14,
2486 5262 2569 5314 l5.
2615 5288 2685 5301 —
2728 5260 2833 5314 Ille
2859 5275 2983 5314 vero
3012 5261 3187 5313 erexit
3235 5260 3457 5313 titulum
3501 5257 3789 5327 lapideum

2085 5350 2146 5404 in
2175 5347 2289 5404 loco
2341 5362 2446 5417 quo
2493 5348 2699 5402 locutus
2726 5349 2911 5414 fuerat
2959 5348 3009 5401 ei
3037 5348 3196 5414 Deus,
3234 5345 3413 5400 libans
3455 5359 3621 5413 super
3663 5359 3789 5398 eum

2086 5436 2371 5504 libamina,
2421 5440 2472 5490 et
2517 5434 2798 5504 effundens
2840 5436 3030 5501 oleum,
3083 5448 3385 5503 vacansque
3431 5447 3623 5487 nomen
3680 5432 3791 5487 loci

2084 5526 2232 5581 illius
2288 5525 2488 5579 Bethel.
2539 5523 2765 5580 Titulus
2811 5523 3072 5594 lapideus
3127 5522 3374 5595 erigitur
3411 5524 3470 5576 in
3521 5523 3631 5578 loco
3677 5536 3788 5590 quo

2087 5614 2239 5671 Deus
2268 5613 2556 5683 apparuit,
2605 5627 2737 5670 cum
2772 5612 2967 5670 lumen
3000 5611 3365 5679 humilitatis,
3392 5625 3512 5682 qua
3565 5609 3647 5667 nil
3698 5618 3790 5666 est
