3904 6066
139 286 253 338 253

1328 280 1694 338 MORALIUM
1743 282 1809 335 IN
1862 281 2157 338 GENESIN
2212 281 2338 335 LIB.
2369 279 2510 335 Vill.

3550 282 3654 334 254

142 420 403 489 ﬁrmius,
447 419 506 475 in
539 428 750 487 mente,
789 419 885 474 cui
926 419 1077 474 Deus
1113 432 1180 473 ac
1217 417 1264 473 si
1308 417 1537 488 speciali
1578 416 1701 473 loco
1738 431 1843 472 suo
1880 417 1926 469 A
1956 423 2020 471 ut
2066 415 2338 484 soliditas,
2397 414 2759 483 durabilitas,
2809 414 3186 485 ejusdemque
3224 416 3452 485 pondus
3490 423 3652 471 note-

139 507 438 578 infulgere
484 506 809 572 consuevit,
855 506 1152 562 solidatur.
1206 506 1507 563 Libamina
1555 513 1610 562 et
1657 506 1845 562 oleum

140 596 241 652 hic
290 596 628 663 fundimus,
686 610 819 651 cum
881 594 975 651 tali
1035 595 1408 651 fundamento
1454 602 1509 651 et
1561 593 1847 650 orationes

140 683 531 754 imponimus,
577 690 631 739 et
673 683 861 738 oleum
909 682 1120 738 divinae
1163 683 1362 753 gratiae
1410 682 1575 738 nobis
1620 681 1845 738 infundi

140 771 496 828 humilitatis
537 772 716 841 ipsius
763 771 962 826 marito
1006 771 1347 827 obtinemus.
1388 776 1533 826 134
1570 771 1729 828 Unde
1766 770 1848 826 sic

138 860 383 927 vivere,
435 861 649 915 donum
696 860 944 929 proiecto
988 859 1085 915 Dei
1132 873 1251 916 esse
1299 874 1618 916 censemus.
1653 859 1843 930 (Vnus.

145 952 262 1015 l6.)
316 952 580 1017 Egressus
623 953 823 1009 autem,
865 953 1012 1002 venit
1053 965 1216 1002 verno
1262 953 1496 1018 tempore
1527 949 1601 1003 ad
1646 954 1845 1002 terram

142 1054 269 1103 qua
304 1038 455 1091 ducit
495 1037 820 1106 Ephratam.
859 1037 1203 1107 Egredimur
1230 1054 1393 1092 verno
1426 1043 1677 1107 tempore,
1713 1052 1844 1093 cum

142 1126 293 1183 ﬁnes
321 1126 732 1183 desideriorum
778 1125 971 1181 carnis
1007 1125 1355 1193 excedimus,
1397 1125 1578 1181 divini
1614 1126 1849 1195 spiritus

144 1215 320 1272 nobis
371 1215 557 1270 infuso
587 1214 792 1270 calore.
828 1215 923 1268 Ad
971 1219 1170 1269 terram
1219 1231 1337 1280 qum
1364 1216 1515 1269 ducit
1545 1215 1847 1285 Ephratam

145 1304 440 1370 venimus,
490 1304 627 1360 dum
659 1304 729 1359 ad
775 1302 1115 1359 soliditatem
1163 1304 1364 1372 animi,
1400 1318 1518 1375 qua
1547 1304 1618 1359 ad
1665 1304 1847 1375 frugi-

148 1390 334 1447 feram
378 1390 588 1447 divinae
628 1392 859 1447 venitur
888 1390 1253 1462 cognitionis,
1304 1392 1597 1463 regionem
1629 1393 1850 1462 pertin-

149 1480 366 1549 gimus.
410 1482 475 1534 In
523 1496 634 1546 qua
662 1497 782 1534 cum
824 1484 1133 1549 parturiret
1178 1482 1378 1535 Rachel
1422 1482 1619 1551 (νεεδ.
1657 1483 1740 1552 l7)
1784 1484 1848 1537 ob

148 1569 533 1638 difﬁcultatem
561 1573 760 1638 partus
783 1570 1091 1637 periclitari
1119 1574 1293 1639 cwpit.
1329 1570 1539 1626 Rachel
1579 1571 1847 1640 parturit,

144 1670 284 1711 cum
324 1655 399 1710 ad
436 1668 654 1722 veram,
706 1670 838 1725 quae
866 1656 1017 1711 Deus
1062 1662 1166 1721 est,
1203 1656 1424 1727 frugem
1472 1656 1659 1713 virtus
1705 1672 1847 1713 con-

144 1744 543 1814 templationis
604 1744 871 1811 inhians,
922 1758 1056 1800 cum
1105 1744 1441 1802 difﬁcultate
1493 1760 1743 1817 magna,
1792 1756 1847 1805 et

142 1832 469 1900 periculosa
527 1831 699 1888 etiam
770 1832 1084 1903 aliquando
1155 1833 1558 1905 defatigatione
1627 1836 1846 1905 animi,

139 1917 390 1973 visionis
426 1918 670 1974 internae
712 1917 976 1975 eil‘ectum
1020 1921 1251 1990 assequi
1291 1920 1468 1991 cupit.
1516 1921 1619 1978 Sed
1654 1923 1847 1979 obste-

147 2007 264 2061 trix
341 2021 475 2076 quae
523 2007 737 2063 nostris
795 2010 934 2064 solet
991 2008 1219 2065 obstare
1269 2010 1577 2080 periculis,
1636 2012 1848 2068 scilicet

143 2095 314 2161 ratio,
353 2102 602 2150 mentem
643 2109 713 2150 ne
763 2097 957 2152 timeat
987 2097 1271 2165 hortatur,
1303 2099 1442 2169 quia
1471 2114 1543 2156 ne
1594 2115 1629 2157 a
1665 2109 1848 2171 empto

144 2182 419 2254 refugiat,
459 2183 527 2239 de
558 2184 754 2240 aeterni
795 2184 1025 2241 fructus
1056 2186 1226 2257 quasi
1255 2187 1325 2244 de
1362 2188 1463 2243 ﬁlii
1495 2189 1692 2245 futura
1722 2190 1847 2245 ani-

144 2286 311 2327 mum
342 2271 389 2326 si
419 2274 869 2340 perseveraverit
900 2275 1248 2342 possessione
1276 2276 1512 2333 solatur.

222 2360 404 2417 Vnus.
457 2363 541 2414 l8.
593 2391 662 2399 —
692 2362 1016 2429 Egrediente
1060 2368 1243 2417 autem
1284 2368 1472 2418 anima
1494 2382 1613 2435 prz
1642 2367 1842 2429 dolore,

143 2454 194 2503 et
236 2454 550 2503 imminente
582 2450 705 2518 jam
744 2456 931 2512 morte,
981 2457 1193 2507 vocavit
1238 2470 1429 2508 nomen
1477 2455 1580 2523 ﬁlii
1616 2459 1704 2508 sui
1745 2456 1845 2507 Be-

143 2542 298 2598 noni,
349 2537 410 2591 id
439 2543 518 2591 est
560 2539 710 2607 [ilius
748 2540 949 2593 doloris
987 2544 1110 2593 mei.
1153 2540 1295 2596 Cum
1326 2555 1432 2596 nos
1478 2541 1657 2597 Deum
1707 2556 1846 2597 con-

146 2625 466 2694 templandi
507 2626 731 2682 devotio
781 2636 965 2697 urget,
1023 2642 1140 2697 prae
1188 2628 1394 2693 dolore,
1457 2630 1595 2698 quia
1638 2644 1845 2699 panem

140 2714 280 2769 vitae
311 2728 474 2770 mens
515 2715 795 2786 attingere
827 2730 941 2771 non
971 2716 1262 2786 prmvalet,
1299 2718 1493 2773 anima
1522 2718 1844 2788 egreditur;

143 2817 376 2858 necesse
416 2811 501 2858 est
544 2803 698 2859 enim
732 2811 795 2859 ut
832 2804 1099 2860 animalis
1145 2819 1348 2862 sensus
1377 2821 1411 2862 a
1450 2807 1619 2863 corde
1658 2821 1846 2863 exua-

145 2898 265 2956 tur,
296 2898 354 2946 et
396 2890 589 2946 saeculi
635 2891 951 2959 desideriis,
986 2893 1044 2948 in
1075 2901 1359 2964 quantum
1405 2895 1697 2964 praevalet,
1731 2910 1845 2951 mo-

1955 511 2067 560 tur.
2100 504 2290 574 (Vnus.
2327 506 2437 572 21.)
2468 507 2734 572 Egressus
2762 505 2888 558 inde
2910 508 3033 574 [imit
3064 505 3474 559 tabernaculum
3503 510 3655 559 trans

1958 597 2153 647 turrim
2200 597 2396 661 gregis.
2426 592 2627 648 Turris
2673 597 2855 661 gregis
2885 592 3222 648 excellentia
3260 600 3360 659 est,
3397 592 3657 649 indivisee

1955 689 2010 736 et
2059 681 2351 737 unanimis
2399 681 2454 736 in
2488 681 2667 736 Deum
2711 680 3091 750 cogitationis.
3136 680 3483 750 Egredimur
3520 694 3655 736 vero

1955 772 2100 831 inde,
2132 785 2265 826 cum
2314 770 2500 826 evicta
2552 770 2881 839 passionum
2940 769 3189 838 corporis
3237 767 3405 838 quasi
3456 776 3656 838 partus

1955 859 2310 926 difﬁcultate,
2332 858 2733 929 progredimur
2764 862 2916 911 trans
2948 862 3163 920 turrim,
3195 861 3374 925 gregis
3408 858 3658 911 taberna‘

1956 949 2136 1001 culum
2182 946 2374 1015 ﬁgere,
2430 946 2481 1000 id
2525 953 2606 1001 est
2658 945 2812 1002 ultra
2855 960 3080 1002 omnem
3128 945 3550 1015 imaginariam,
3601 952 3656 1000 et

1957 1035 2125 1105 quasi
2151 1035 2475 1105 gregariam
2507 1034 2644 1101 vim,
2680 1033 2736 1089 in
2770 1034 2956 1104 ipsum
2982 1036 3162 1089 Deum
3184 1033 3361 1090 aciem
3383 1033 3654 1104 spiritua-

1956 1123 2026 1179 lis
2059 1122 2236 1178 animi
2267 1123 2575 1193 porrigere.

2028 1211 2199 1268 Vnus.
2234 1214 2323 1265 22.
2356 1241 2425 1251 —
2461 1211 2699 1276 Cumque
2730 1211 3003 1265 habitaret
3036 1216 3095 1265 in
3130 1212 3229 1265 illa
3254 1214 3490 1279 regione,
3518 1210 3655 1265 abiit

1956 1302 2164 1363 Ruben,
2194 1302 2267 1354 ἐἰ
2313 1301 2569 1355 dormivit
2616 1316 2736 1355 cum
2774 1302 2911 1354 Bala
2957 1301 3256 1355 concubina
3299 1304 3483 1368 patris
3530 1304 3654 1362 sui;

1959 1389 2106 1455 quod
2142 1391 2299 1443 illum
2348 1393 2569 1444 minime
2617 1390 2799 1443 latuit.
2853 1388 3058 1444 Ruben
3105 1386 3317 1443 dicitur
3361 1388 3551 1442 videns
3596 1392 3655 1440 in

1956 1479 2169 1540 medio;
2228 1478 2397 1543 Bala,
2456 1482 2717 1531 invetera.
2778 1477 2921 1533 Cum
2980 1476 3037 1531 in
3094 1490 3362 1545 supernae
3420 1476 3656 1533 visionis

1960 1566 2138 1622 nobili
2184 1566 2281 1621 illa
2332 1566 2566 1638 regione
2607 1580 2922 1632 moramur,
2957 1565 3236 1621 rectitude
3270 1563 3655 1635 intelligentiae

1958 1663 2187 1721 nostrae,
2244 1670 2376 1726 quae
2432 1669 2535 1712 nec
2584 1654 2655 1710 ad
2710 1655 3027 1722 dexteram,
3086 1667 3192 1710 nec
3234 1653 3307 1709 ad
3364 1652 3656 1708 sinistram

1959 1744 2198 1801 devians
2249 1743 2437 1800 media
2479 1751 2633 1799 tenet
2682 1750 2737 1799 et
2794 1742 3072 1813 providet,
3131 1756 3262 1812 quae
3313 1755 3413 1811 per
3452 1741 3654 1798 Ruben

1958 1833 2245 1904 signatur,
2280 1847 2314 1887 a
2354 1832 2445 1902 pio
2477 1831 2741 1888 contuitu
2777 1832 2912 1899 abit,
2943 1839 2997 1887 et
3038 1830 3096 1886 in
3135 1829 3333 1901 aliqua
3373 1836 3652 1898 veterum,

1958 1919 2015 1976 id
2044 1925 2128 1978 est
2170 1920 2570 1991 temporalium
2625 1934 2816 1976 rerum
2860 1919 3156 1989 voluptate
3198 1917 3483 1989 torpescit.
3518 1920 3655 1982 Quae

1958 2011 2257 2065 concubina
2284 2014 2466 2079 patris
2504 2009 2736 2076 dicitur,
2786 2008 2928 2079 quia
2965 2007 3146 2078 ipsius
3177 2007 3518 2073 intellectus,
3552 2008 3654 2076 qui

1956 2112 2057 2153 rex
2101 2106 2156 2155 et
2202 2105 2362 2168 pater
2392 2098 2557 2154 nobis
2593 2105 2697 2165 est,
2732 2097 3048 2153 auctoritas
3080 2110 3221 2167 erga
3249 2097 3402 2152 hanc
3430 2095 3654 2152 adulte-

1957 2187 2081 2243 rine
2112 2187 2284 2243 nimis
2312 2186 2564 2243 afﬁcitur
2592 2201 2604 2240 :
2638 2187 2740 2257 qui
2766 2193 2957 2242 tamen
2988 2186 3258 2242 incursus
3284 2186 3508 2240 Patrem
3539 2184 3653 2239 mi-

1958 2275 2112 2331 nime
2145 2276 2304 2343 latet,
2338 2276 2478 2345 quia
2509 2274 2706 2330 ﬂuxus
2746 2274 2837 2331 sui
2872 2273 3091 2330 foeditas
3119 2272 3344 2342 spiritui
3382 2272 3507 2328 luce
3535 2272 3652 2328 cla-

1956 2364 2081 2420 rius
2105 2371 2273 2434 patet,
2294 2371 2349 2420 et
2368 2371 2561 2419 tamen
2582 2377 2616 2417 a
2639 2363 2829 2433 dignae
2851 2362 3086 2417 ultionis
3097 2361 3291 2416 anima
3318 2359 3654 2415 adversione

1958 2453 2104 2509 silet.
2139 2453 2332 2522 (VERS.
2377 2452 2489 2520 ‘27.)
2535 2453 2695 2507 Venit
2742 2453 2903 2505 etiam
2948 2450 3111 2504 Jacob
3160 2449 3233 2503 ad
3261 2450 3417 2503 Isaac
3434 2453 3651 2518 patrem

1931 2557 2115 2618 suum
2160 2546 2218 2595 in
2267 2542 2525 2601 Mambre,
2567 2543 2838 2595 civitatem
2877 2539 3088 2599 Arbez,
3131 2537 3239 2592 huc
3292 2541 3371 2591 est
3412 2537 3648 2598 Hebron,

1955 2635 2013 2684 in
2058 2647 2169 2695 qua
2209 2634 2596 2699 peregrinatus
2627 2633 2723 2689 est,
2756 2627 3038 2681 Abraham
3088 2631 3138 2680 et
3179 2628 3352 2680 Isaac.
3406 2625 3652 2694 Spiritus

1956 2727 2148 2775 noster
2200 2720 2274 2773 ad
2325 2719 2566 2773 Mambre
2618 2721 2890 2771 civitatem
2942 2716 3137 2770 Arbea:
3193 2719 3362 2776 venit,
3396 2728 3528 2770 cum
3581 2715 3651 2770 ad

1957 2808 2317 2875 divisionem,
2367 2808 2420 2863 id
2458 2816 2543 2863 est
2567 2806 2963 2863 discretionem
2992 2804 3424 2875 temporalitatis
3452 2804 3648 2874 hujus,

1957 2912 2089 2967 quae
2118 2896 2502 2967 quaternitate
2545 2896 2829 2967 signatur,
2881 2909 3012 2965 quae
3052 2908 3253 2950 revera
3298 2893 3541 2950 maximi
3571 2892 3650 2948 ci-

144 2981 354 3034 riatur.
390 2979 551 3036 Unde
583 2980 656 3035 ab
704 2980 827 3051 ipsa
876 2988 1081 3048 matre,
1114 2982 1328 3038 scilicet
1375 2984 1671 3050 charitate,
1715 2998 1847 3053 quae
1885 2976 1925 3032 C
1955 2984 2103 3040 vitas
2142 2985 2478 3040 munimenti
2518 2991 2622 3049 est,
2672 2982 2919 3049 accedit;
2969 2989 3024 3038 et
3058 2980 3344 3052 quidquid
3377 2980 3651 3036 transito-

145 3067 296 3123 inter
334 3068 645 3135 virtutum,
710 3068 928 3138 quibus
980 3070 1212 3127 insudat
1268 3071 1416 3128 fetus
1468 3072 1848 3143 ingemiscens

145 3156 396 3227 parturit
444 3172 631 3227 usque
675 3158 867 3214 adhuc
896 3158 1068 3226 (Rom.
1117 3173 1237 3228 Vill,
1280 3160 1392 3229 22),
1431 3167 1606 3216 tantae
1647 3161 1846 3232 gravi-

146 3244 371 3300 tndinis
414 3243 670 3312 eﬁ'ectus,
719 3253 963 3302 vocatur
1010 3247 1212 3302 doloris
1258 3250 1426 3318 ﬁlius,
1476 3249 1573 3304 sed
1613 3249 1848 3306 divinus

148 3332 490 3399 intellectus,
544 3334 713 3403 cujus
760 3341 1040 3404 tanquam
1091 3336 1211 3391 veri
1258 3336 1438 3407 patris
1484 3338 1707 3393 sincero
1754 3352 1847 3394 se-

148 3420 302 3475 mine
345 3421 596 3476 charitas
644 3420 1083 3493 impraegnatur,
1144 3424 1325 3481 ﬁlium
1384 3424 1634 3481 dexterae
1692 3426 1847 3482 hunc

145 3507 417 3578 appellat,
447 3509 587 3578 quia
617 3510 902 3581 quidquid
945 3512 1055 3568 sub
1087 3511 1209 3582 ipso
1241 3528 1343 3584 per
1378 3514 1714 3570 cbaritatem
1743 3529 1847 3585 ge-

146 3596 318 3662 ritur,
349 3596 601 3654 dexterae
630 3599 825 3654 aeterni
858 3600 1021 3671 regni
1053 3601 1279 3657 militat.
1310 3602 1502 3667 (Vens.
1555 3604 1665 3670 19.)
1700 3606 1843 3657 Mor-

148 3687 245 3737 tua
288 3687 370 3737 est
410 3683 611 3738 Rachel
637 3690 688 3738 et
717 3688 933 3755 sepulta
969 3690 1028 3740 in
1070 3690 1161 3741 via
1191 3704 1310 3754 quae
1339 3689 1491 3743 ducit
1516 3689 1841 3758 Ephratam.

146 3770 293 3838 Quia
323 3786 472 3840 opus
500 3781 604 3841 est,
640 3781 925 3842 quantum
958 3775 1030 3831 ad
1062 3776 1254 3831 saeculi
1284 3777 1569 3833 ambitum
1609 3786 1843 3846 spectat,

144 3861 290 3915 mori
327 3860 604 3927 animam,
644 3863 849 3918 visioni
888 3863 1214 3920 Conditoris
1248 3864 1543 3932 intentam,
1590 3873 1645 3921 et
1680 3880 1845 3935 sepe-

144 3948 258 4013 liri,
316 3947 375 4003 id
416 3956 499 4004 est
543 3949 816 4005 abscondi
858 3964 892 4005 a
935 3951 1143 4007 forensi
1192 3953 1455 4022 strepitu,
1497 3953 1555 4009 in
1599 3954 1842 4022 Christo,

145 4038 247 4106 qui
309 4044 395 4093 est
447 4037 566 4105 via;
623 4040 972 4109 consepultis
1024 4041 1176 4097 enim
1225 4041 1272 4098 ei
1328 4042 1501 4098 datur
1556 4042 1845 4114 frugiferae

148 4125 421 4194 regionis,
477 4125 605 4195 ejus
650 4126 910 4183 videlicet
957 4128 1296 4197 divinitatis,
1344 4145 1578 4200 pascua.
1614 4132 1847 4187 Ducunt

145 4222 339 4269 autem
396 4213 467 4268 ad
516 4214 668 4269 hanc
723 4216 1138 4273 conformitatis
1194 4218 1377 4289 ipsius
1426 4220 1687 4292 vestigia,
1747 4220 1843 4275 ubi

146 4301 376 4371 proprie
422 4302 613 4358 Bcthel
641 4311 745 4369 est,
795 4305 1000 4361 domus
1032 4306 1279 4376 profecto
1320 4308 1419 4364 Dei
1455 4322 1610 4365 vera.
1645 4309 1839 4377 (Vens.

145 4392 258 4457 20.)
292 4392 597 4457 Erexitque
623 4393 784 4447 Jacob
814 4395 1033 4448 titulum
1050 4395 1327 4465 lapideum
1348 4412 1512 4466 super
1538 4399 1845 4466 sepulcrum

145 4480 261 4548 ejus
302 4497 321 4533 :
354 4481 457 4533 Hic
486 4484 566 4533 est
597 4482 793 4535 titulus
820 4487 1154 4537 monumenti
1181 4484 1381 4539 Rachel
1412 4500 1582 4551 usque
1616 4490 1675 4539 in
1700 4503 1844 4555 pra:-

144 4574 350 4622 sentem
380 4568 543 4622 diem.
579 4571 742 4624 Jacob
783 4573 1005 4626 titulum
1047 4588 1214 4642 super
1241 4575 1550 4644 sepulcrum
1583 4575 1846 4631 Rachelis

143 4657 335 4727 erigit,
350 4670 485 4711 cum
516 4656 664 4713 inter
685 4662 1045 4717 moriendum
1068 4661 1277 4718 saeculo
1300 4662 1424 4732 ipsa
1444 4662 1847 4732 speculationis

143 4745 349 4812 virtus,
393 4760 572 4815 quam
608 4746 776 4804 habet
808 4747 1140 4818 introrsum,
1172 4751 1344 4806 etiam
1385 4752 1641 4808 exterius
1670 4753 1845 4808 clari—

143 4842 315 4891 tatem
370 4834 718 4892 humilitatis
756 4837 1019 4894 ostendit.
1075 4838 1301 4896 Titulus
1341 4848 1534 4895 autem
1566 4853 1600 4894 a
1649 4839 1844 4895 Graeco

140 4923 373 4979 nomine
406 4922 642 4989 dicitur,
685 4925 839 4995 quod
879 4934 961 4982 est
1001 4926 1164 4997 titan,
1212 4927 1266 4983 id
1309 4934 1392 4983 est
1419 4929 1518 4983 sol.
1554 4929 1607 4985 Is
1652 4930 1844 4984 titulus

138 5016 480 5066 monumenti
535 5012 804 5084 pertingit
837 5030 1008 5081 usque
1052 5020 1106 5069 in
1147 5021 1469 5086 praesentem
1511 5017 1671 5078 diem,
1706 5018 1846 5087 quia

137 5102 443 5158 humilitas
474 5100 582 5156 ista
611 5103 1015 5172 sempiternam
1050 5113 1301 5163 meretur
1332 5104 1684 5173 memoriam,
1712 5121 1844 5176 quae

139 5189 191 5243 in
222 5189 323 5245 illa
370 5187 719 5245 indefectiva
750 5190 857 5254 die.
895 5206 1026 5261 quae
1072 5193 1224 5248 Deus
1251 5198 1355 5260 est,
1393 5200 1635 5257 constat,
1674 5193 1845 5264 cujus

136 5276 364 5349 diffugit
396 5290 577 5332 nemo
621 5278 1001 5346 praesentiam.
1037 5280 1322 5351 Lapideus
1365 5288 1555 5337 autem
1603 5281 1835 5351 dicitur,

1954 3073 2107 3130 rium
2166 3080 2249 3129 est
2296 3087 2528 3140 amare,
2579 3080 2794 3128 certam
2846 3071 3134 3127 miseriam
3181 3084 3302 3125 esse
3353 3068 3647 3139 intelligit;

1954 3162 2209 3218 Mambre
2265 3161 2419 3217 enim
2474 3162 2801 3223 divisiones;
2860 3161 3101 3226 Arbeae,
3161 3164 3400 3225 quatuor
3453 3164 3645 3225 sonat;

1955 3251 2187 3306 Hebron
2218 3264 2352 3306 vero
2375 3253 2732 3319 participatio
2773 3252 3012 3302 tristitie
3049 3247 3281 3303 dicitur.
3326 3248 3391 3301 In
3424 3246 3644 3301 Hebron

1952 3353 2090 3409 ergo
2142 3338 2546 3409 peregrinatur
2592 3337 2887 3393 Abraham
2924 3344 2979 3392 et
3022 3336 3204 3401 Isaac,
3240 3335 3381 3405 quia
3409 3334 3526 3403 ipse
3556 3333 3649 3388 in-

1956 3427 2212 3483 tellectus
2248 3434 2302 3483 et
2330 3440 2459 3497 spes
2491 3426 2700 3481 interni
2737 3424 2934 3496 gaudii
2966 3438 3142 3495 quam
3177 3424 3473 3489 habemus,
3507 3423 3647 3478 dum

1954 3516 2167 3586 proprii
2235 3516 2433 3572 recolit
2497 3514 2779 3571 incolatus
2832 3528 3152 3569 aerumnam
3188 3555 3201 3578 ,
3269 3511 3533 3582 quandiu
3590 3510 3647 3566 in

1952 3618 2188 3674 corpore
2232 3604 2446 3674 agitur,
2478 3616 2783 3673 nunquam
2833 3617 2947 3657 non
2980 3602 3200 3657 habitat
3231 3601 3470 3657 tristitiae
3512 3612 3648 3669 par-

1953 3692 2361 3761 ticipationem.

2024 3780 2195 3837 Vnus.
2222 3783 2310 3847 28,
2345 3781 2434 3833 29.
2484 3809 2554 3819 -—
2582 3782 2654 3833 Et
2700 3779 2950 3847 completi
2995 3781 3124 3831 sunt
3174 3778 3289 3831 dies
3320 3777 3474 3830 Isaac
3522 3791 3643 3828 cen-

1954 3874 2068 3924 tum
2119 3871 2391 3937 octoginta
2435 3884 2724 3923 annorum.
2788 3868 3148 3937 Consumptus
3189 3869 3347 3920 aetate
3396 3868 3643 3918 mortuus

1952 3962 2049 4020 est,
2084 3962 2134 4011 et
2179 3961 2462 4027 appositus
2502 3958 2704 4026 populo
2750 3972 2847 4011 suo
2880 3972 3046 4009 senem
3089 3960 3138 4009 et
3179 3956 3377 4023 plenus
3408 3953 3643 4009 dierum.

1955 4049 2059 4102 Per
2082 4053 2313 4102 centum
2343 4060 2527 4101 annos
2565 4045 2859 4115 plenitudo
2889 4044 3121 4100 virtutis
3162 4041 3510 4112 exprimitur
3549 4055 3649 4111 per

1951 4134 2404 4206 octogenarium,
2442 4133 2543 4204 qui
2583 4134 2985 4204 quaternarios
3035 4133 3281 4202 praefert,
3316 4130 3648 4199 temporali-

1953 4230 2040 4279 tas
2070 4223 2370 4293 accipitur,
2420 4238 2550 4293 quae
2582 4222 2640 4278 in
2670 4222 2760 4277 his
2797 4222 2899 4291 qui
2940 4220 3152 4276 caelesti
3184 4220 3391 4276 latitiae
3424 4218 3648 4274 inhian-

1955 4321 2035 4369 tes
2064 4319 2218 4368 sunt.
2255 4312 2415 4368 Isaac
2444 4311 2754 4368 centenarii
2785 4311 2950 4381 quasi
2984 4309 3273 4365 luminum
3305 4308 3647 4378 perfectione

1951 4401 2398 4456 transcenditur.
2446 4400 2631 4455 {Etate
2680 4399 2838 4454 Isaac
2867 4398 3248 4464 consumitur,
3297 4405 3354 4452 et
3381 4398 3643 4465 moritur,

1951 4503 2083 4544 cum
2132 4487 2323 4543 carnis
2368 4487 2579 4557 gaudio
2627 4486 2699 4541 ad
2732 4486 3018 4556 integrum
3053 4484 3340 4550 demolito,
3370 4497 3498 4553 spes
3525 4497 3643 4538 om-

1952 4576 2042 4630 nis
2073 4584 2268 4631 nostra
2301 4582 2587 4645 quantum
2627 4574 2699 4629 ad
2740 4572 3017 4629 saeculum
3051 4571 3414 4628 interimitur.
3449 4573 3647 4625 Plenus

1951 4665 2164 4719 dierum
2184 4665 2390 4734 populo
2440 4679 2538 4718 suo
2579 4662 2908 4733 apponitur,
2952 4676 3083 4716 cum
3116 4660 3282 4730 plena
3335 4674 3496 4714 mens
3538 4659 3648 4713 vir-

1953 4760 2143 4809 tutum
2200 4752 2537 4819 luminibus,
2597 4750 2808 4807 ccelesti
2865 4750 3110 4820 populo,
3164 4747 3486 4818 specialiter
3541 4761 3646 4803 suo

1950 4841 2363 4897 conformatur.
2410 4843 2481 4893 Et
2527 4841 2859 4910 sepelierunt
2901 4855 3021 4892 eum
3066 4841 3209 4891 Esau
3258 4841 3310 4889 et
3354 4836 3516 4890 .lucob
3545 4836 3647 4905 filii

1950 4934 2056 4994 sui,
2093 4930 2413 4986 intellectus
2450 4928 2710 4985 videlicet
2740 4936 2796 4984 et
2842 4928 3102 4995 allectus,
3152 4940 3284 4996 quae
3323 4925 3650 4997 gignuntur

1950 5033 2022 5074 ex
2082 5025 2267 5074 mente
2329 5017 2594 5088 tripudiis
2648 5017 2867 5072 intenta
2921 5015 3277 5083 caelestibus,
3338 5021 3641 5084 postquam

1955 5116 2158 5177 praeter
2192 5108 2372 5163 Deum
2406 5106 2485 5161 nil
2524 5118 2743 5174 sapere,
2777 5118 2893 5160 non
2927 5103 3161 5161 aliunde
3190 5103 3340 5158 afﬁci
3372 5102 3645 5173 gaudent,

1950 5204 2198 5252 mentem
2230 5194 2433 5266 ipsam,
2470 5194 2540 5250 de
2570 5207 2689 5263 qua
2738 5192 3040 5263 prodeunt,
3075 5205 3109 5247 a
3138 5189 3333 5247 saeculi
3377 5187 3650 5244 molestiis

1948 5291 2250 5340 contutant
2279 5283 2430 5339 intra
2458 5296 2518 5338 se
2540 5289 2595 5338 et
2625 5280 3004 5338 abscondunt.

1429 5485 1733 5528 EXPLICIT
1779 5486 1972 5528 LIBER
2015 5486 2341 5529 OCTAVUS.
