3904 6066
246 198 350 249 255

1140 193 1201 277 V.
1242 194 1577 251 GUIBER'I‘I
1625 194 1917 248 ABBA'l‘lS
1957 195 2011 248 ὃ.
2055 192 2300 248 ΜΑιὶιΑε
2340 194 2430 249 DE
2472 193 2865 249 NOVIGEN'I‘O

3648 196 3755 248 256

1356 487 1499 536 1³⁵
1544 487 1900 570 INCIPIT
1956 486 2240 559 LIBER
2296 485 2623 559 NONUS

1015 679 1869 786 MORALIUM
1977 681 2138 783 IN

2256 679 2975 785 GENESIM.

322 1022 526 1078 Nonne
577 1028 869 1076 auctorem
945 1019 1001 1073 in
1067 1018 1489 1088 scripturarum
1544 1017 1943 1088 disquisitione
1980 1018 2024 1071 Α
2056 1017 2272 1088 rigore,
2317 1017 2446 1074 talis
2490 1017 2734 1074 aviditas
2781 1025 3166 1087 comparatur.
3213 1021 3473 1074 Tunicam
3506 1022 3751 1089 polymi-

252 1110 551 1180 proﬁteor;
596 1110 692 1165 sed
747 1116 1081 1165 sanctorum
1134 1107 1365 1178 regulas
1422 1106 1516 1177 pia
1565 1107 1674 1163 lide
1718 1121 1948 1162 consec-

250 1206 398 1266 tans,
432 1198 480 1253 si
539 1198 681 1268 quid
728 1197 867 1253 utile
920 1196 1129 1253 ibidem
1191 1196 1439 1267 reperire
1470 1195 1790 1266 contigerit,
1841 1195 1951 1265 piis

252 1286 564 1342 humilium
615 1293 670 1341 et
716 1286 931 1341 discere
983 1284 1299 1341 volentium
1346 1284 1642 1341 desideriis
1691 1298 1815 1340 mea
1862 1298 1946 1340 se-

251 1373 511 1431 cundum
566 1375 746 1429 Deum
824 1386 988 1427 sensa
1061 1374 1413 1442 propinans,
1473 1373 1749 1429 disserere
1818 1386 1951 1443 quae

252 1470 582 1532 sequuntur
620 1461 870 1516 intendo.
928 1462 987 1516 Id
1020 1460 1171 1516 enim
1212 1461 1490 1530 proximis
1538 1461 1730 1517 debeo.
1780 1460 1949 1516 Exsi-

2057 1111 2186 1169 tam,
2221 1107 2275 1162 id
2297 1115 2380 1163 est
2425 1107 2837 1163 multicolorem
2869 1107 2918 1162 ei
2948 1106 3096 1173 fecit,
3130 1108 3270 1176 quia
3301 1107 3476 1163 vitam
3511 1108 3754 1164 diversis

2057 1196 2341 1251 virtutum
2410 1194 2718 1266 generibus
2775 1194 3093 1250 institutam
3167 1195 3405 1265 spiritus
3466 1196 3585 1266 ipse
3642 1196 3752 1251 sibi

2056 1284 2392 1353 composuit.
2445 1285 2757 1339 Possumus
2811 1282 2984 1339 etiam
3036 1297 3136 1352 per
3180 1284 3382 1353 Joseph
3437 1285 3754 1356 intelligere

2056 1372 2349 1443 religionis
2377 1371 2665 1439 affectum,
2699 1372 2801 1442 qui
2827 1385 3051 1441 semper
3078 1371 3284 1428 nititur
3309 1373 3382 1428 ad
3414 1373 3751 1443 profectum.

2057 1460 2253 1531 (Vnus.
2286 1461 2365 1531 4.)
2420 1462 2674 1515 Videntes
2725 1465 2904 1515 autem
2947 1462 3153 1527 fratres
3197 1461 3316 1530 ejus
3348 1463 3496 1527 quod
3526 1478 3560 1515 a
3592 1467 3757 1531 patre

255 1548 392 1604 bilet
424 1548 526 1617 qui
560 1548 687 1605 vult
716 1549 867 1604 istud
898 1555 952 1603 et
993 1549 1194 1615 rideat,
1228 1555 1283 1604 et
1326 1548 1500 1604 veluti
1542 1550 1609 1603 ad
1640 1549 1950 1604 novitatem
2050 1552 2181 1620 plus
2231 1554 2436 1604 cunctis
2478 1552 2608 1620 ﬁliis
2657 1554 2956 1612 amaretur,
2998 1551 3227 1604 oderant
3266 1567 3405 1613 eum,
3462 1567 3557 1605 nec
3596 1557 3751 1621 pote-

252 1636 440 1692 Saulis
471 1636 868 1707 prophetantis
921 1636 1174 1704 insultet,
1217 1636 1357 1692 dum
1407 1637 1573 1692 modo
1604 1637 1708 1693 uni
1750 1637 1949 1693 saltem

252 1724 487 1781 cuilibet
511 1726 815 1795 profutura
840 1733 1156 1781 cantemus.
1187 1724 1460 1795 Sequitur
1488 1739 1645 1795 ergo.

752 1868 865 1939 (l3)
897 1868 1127 1925 CAPUT
1166 1868 1455 1925 xxxvu.

330 1993 500 2050 Vens.
533 1995 587 2047 2.
637 2025 706 2033 —
761 1994 957 2063 Joseph
1018 2010 1139 2047 cum
1197 1995 1421 2047 sedecim
1477 1997 1613 2048 esset
1660 2009 1949 2056 annorum,

249 2083 508 2151 pascebat
545 2099 759 2151 gregem
799 2099 918 2137 cum
960 2083 1233 2149 fratribus
1262 2086 1378 2136 suis
1422 2082 1602 2136 adhuc
1627 2099 1787 2151 puer,
1831 2099 1954 2136 cum

256 2172 387 2240 ﬁliis
429 2172 578 2226 Baiae
607 2176 657 2225 et
705 2173 865 2239 Zelfz
921 2187 1155 2225 utrorum
1200 2175 1382 2240 patris
1421 2173 1527 2225 sui.
1579 2170 1809 2239 Joseph,
1851 2170 1951 2239 qui

257 2258 671 2329 interpretatur
699 2261 1000 2328 adaugens,
1047 2259 1308 2329 spiritum
1354 2267 1613 2314 nostrum
1645 2259 1949 2328 signiﬁcat,

2056 1644 2186 1693 rant
2215 1643 2263 1693 ei
2292 1639 2593 1705 quidquam
2634 1642 2923 1707 paciﬁcum
2958 1640 3124 1704 loqui.
3170 1637 3293 1704 Quo
3330 1638 3482 1694 enim
3517 1639 3754 1709 spiritus

2059 1736 2250 1783 noster
2299 1727 2522 1797 pietatis
2564 1726 2840 1783 desiderio
2892 1733 2947 1781 et
2993 1726 3177 1783 cultui
3227 1726 3412 1798 magis
3463 1727 3750 1792 institerit,

2057 1824 2216 1873 tanto
2254 1816 2439 1887 magis
2482 1815 2806 1886 frequentia
2859 1815 3267 1871 carnalitatum
3315 1815 3482 1885 quasi
3534 1815 3589 1869 in
3628 1815 3754 1885 ejus

2058 1904 2253 1961 odium
2299 1904 2560 1973 insurgit.
2590 1903 2680 1958 Nil
2720 1907 3008 1972 paciﬁcum
3056 1903 3396 1972 loquuntur,
3438 1904 3578 1973 quia
3608 1916 3752 1958 sem-

2061 2008 2163 2064 per
2200 2001 2398 2049 contra
2428 1992 2714 2049 interioris
2745 1992 2992 2047 hominis
3014 1991 3264 2061 quietem
3300 1992 3584 2048 feruntur.

2132 2082 2304 2138 Vnus.
2353 2085 2403 2135 5.
2451 2112 2519 2120 —
2558 2081 2775 2135 Accidit
2816 2096 3029 2146 quoque
3058 2084 3120 2133 ut
3159 2083 3335 2134 visum
3374 2084 3643 2135 somnium
3670 2096 3755 2133 re-

2060 2174 2229 2238 ferret
2268 2171 2539 2238 fratribus
2569 2174 2715 2232 suis;
2752 2185 2872 2235 qua
2899 2185 3069 2223 causa
3100 2169 3327 2237 majoris
3370 2170 3484 2223 odii
3522 2172 3759 2223 semina-

2063 2265 2208 2314 rium
2236 2261 2368 2326 fuit.
2401 2260 2680 2314 Somnium
2727 2258 2897 2313 refert
2937 2258 3229 2324 fratribus,
3271 2257 3411 2312 dum
3441 2272 3527 2324 ea,
3563 2272 3695 2328 quze
3726 2270 3759 2311 a

258 2347 359 2416 qui
410 2317 641 2418 semper
696 2317 1022 2419 augnientis
1077 2317 1476 2417 spiritualibus
1521 2317 1726 2401 instat:
1754 2347 1862 2401 Sex
1899 2317 1953 2402 et
1991 2317 2035 2373 Β
2065 2317 2342 2403 [οι-δείὶοἱε
2370 2345 2724 2411 dormienda,
2774 2352 2829 2401 et
2875 2317 2947 2401 ad
2979 2317 3540 2415 interna-vigilando
3580 2317 3760 2416 spiri-

256 2435 450 2490 decem
486 2443 569 2491 est
602 2450 911 2503 annorum,
956 2436 1095 2491 dum
1127 2436 1473 2489 exteriorem
1511 2433 1956 2504 interioremque

257 2523 544 2579 hominem
586 2531 750 2579 sexta
776 2523 928 2579 enim
971 2523 1061 2579 die
1091 2526 1273 2590 factus
1316 2526 1395 2576 est
1424 2522 1577 2576 homo
1607 2526 1665 2576 in
1715 2526 1955 2576 animam

254 2616 519 2666 viventem
569 2612 722 2677 (Gen.
780 2627 834 2679 1,
885 2614 982 2676 27;
1039 2627 1115 2678 ll,
1174 2611 1226 2681 7)
1283 2610 1497 2666 divinae
1555 2609 1697 2680 legis
1722 2609 1956 2664 denario

256 2700 508 2770 subjicit,
560 2699 635 2755 ob
670 2686 1088 2769 assequendam
1136 2698 1552 2769 plenitudinem
1584 2697 1956 2767 mysticorum

257 2802 566 2844 annorum.
609 2787 792 2843 Pascit
839 2805 1054 2856 gregem
1109 2788 1288 2841 adhuc
1326 2803 1470 2857 puer
1518 2803 1639 2840 cum
1683 2788 1956 2853 fratribus

256 2876 390 2938 suis,
424 2875 563 2930 dum
613 2876 1011 2947 cogitationem
1057 2876 1164 2931 sub
1218 2875 1416 2932 divino
1466 2876 1665 2931 timore
1709 2875 1957 2931 constri-

258 2971 428 3032 ctam,
462 2964 519 3019 in
557 2964 756 3034 primis
802 2965 992 3020 adhuc
1044 2964 1406 3043 provectibus
1445 2966 1662 3035 positus
1692 2978 1958 3034 supernae

258 3052 628 3123 aspirationis
672 3061 728 3109 et
772 3052 953 3109 divini
999 3053 1211 3123 eloquii
1260 3053 1471 3123 pabulo
1520 3053 1641 3120 alit,
1675 3067 1808 3108 cum
1834 3052 1960 3107 aliis

260 3156 332 3199 ex
360 3141 559 3198 eadem
594 3140 802 3213 genitis
830 3149 1020 3198 mente
1055 3141 1391 3209 virtutibus,
1423 3141 1511 3197 vel
1537 3157 1657 3195 cum
1686 3141 1958 3208 fratribus

258 3234 394 3297 suis,
457 3230 788 3286 carnalibus
838 3230 1048 3287 scilicet
1107 3230 1375 3298 motibus,
1437 3230 1539 3300 qui
1593 3244 1665 3285 ex
1724 3230 1860 3284 Bala
1905 3237 1960 3285 et

260 3317 432 3386 Zelfa,
465 3318 521 3373 id
560 3326 644 3375 est
694 3318 956 3375 saeculari
1001 3326 1301 3387 vetustate,
1343 3326 1398 3375 et
1445 3318 1722 3374 instinctu
1771 3316 1961 3373 inanis

261 3406 477 3477 gloriae,
522 3407 815 3463 oriuntur.
850 3408 928 3463 De
977 3407 1242 3478 utrisque
1280 3421 1459 3478 supra
1488 3407 1627 3462 satis
1662 3406 1957 3475 diximus;

260 3494 385 3550 haec
419 3494 574 3551 enim
616 3495 927 3565 praecipue,
975 3494 1186 3551 scilicet
1235 3495 1533 3551 mundana
1575 3494 1857 3564 voluptas,
1906 3503 1961 3550 et

2063 2436 2294 2491 tualiter
2331 2435 2532 2499 sentit,
2580 2434 2831 2490 motibus
2873 2448 2943 2489 ex
2987 2448 3093 2490 sua
3135 2434 3498 2504 corruptibili
3548 2443 3761 2491 natura

2064 2523 2482 2595 prodeuntibus
2510 2522 2732 2593 objicit;
2765 2522 2918 2578 unde
2951 2521 3166 2592 majore
3191 2536 3287 2578 eos
3314 2522 3473 2578 rabie
3501 2523 3761 2579 accendit

2064 2626 2180 2682 quo
2208 2611 2424 2668 arctius
2455 2610 2764 2681 reslringit.
2805 2610 3002 2678 (Vens.
3040 2612 3119 2679 7.)
3154 2611 3421 2665 Putabam
3461 2626 3556 2665 nos
3588 2612 3761 2679 ligare

2063 2702 2371 2769 manipulos
2420 2705 2479 2753 in
2521 2716 2674 2767 agro,
2735 2703 2786 2753 et
2837 2703 2998 2765 quasi
3047 2714 3369 2766 consurgere
3414 2701 3758 2769 manipulum

2063 2807 2273 2851 meum,
2330 2795 2381 2844 et
2420 2794 2598 2851 stare,
2646 2793 2959 2855 vestrosque
2999 2791 3309 2858 manipulos
3352 2792 3758 2844 circumstantes

2066 2880 2299 2933 adorare
2334 2880 2676 2948 manipulum
2718 2894 2918 2933 meum.
2951 2878 3031 2933 Ac
3077 2875 3120 2933 si
3153 2877 3367 2933 diceret
3399 2892 3411 2932 :
3448 2878 3563 2934 Vos
3598 2877 3761 2933 vobis

2066 2968 2242 3022 animi
2273 2967 2575 3037 imperium
2612 2966 2859 3022 indebite
2888 2965 3189 3037 arrogatis.
3224 2966 3319 3022 sed
3350 2981 3455 3037 ego
3485 2967 3760 3036 putabam

2067 3055 2219 3126 quod
2249 3062 2303 3111 et
2349 3069 2549 3110 verum
2596 3063 2698 3120 est,
2746 3069 2851 3110 nos
2898 3055 3112 3124 pariter
3162 3061 3491 3110 nostrorum
3539 3054 3763 3110 fructus

2066 3158 2304 3213 operum
2353 3143 2461 3199 sub
2516 3143 2611 3198 Dei
2661 3143 2883 3198 timoris
2925 3141 3226 3212 disciplina
3278 3143 3624 3213 restringere
3674 3142 3765 3198 de-

2068 3231 2220 3299 bere,
2273 3232 2369 3288 sed
2410 3239 2597 3287 tamen
2640 3246 2730 3286 me
2774 3230 3054 3286 rationem
3105 3229 3394 3301 opprobrii
3427 3229 3763 3301 dignitatem

2066 3320 2237 3376 ofﬁcii
2296 3319 2637 3390 praecellere,
2693 3326 2748 3374 et
2804 3332 2908 3388 pro
2956 3318 3117 3374 vobis
3167 3317 3497 3388 jacentibus
3549 3318 3765 3388 ubique

2065 3410 2427 3478 voluptatum
2478 3409 2786 3474 decertare,
2832 3414 2886 3463 et
2934 3421 3023 3463 me
3071 3406 3285 3476 praevia
3316 3406 3388 3462 ad
3434 3407 3582 3462 idem
3615 3421 3766 3477 prae-

2068 3497 2211 3554 lium
2255 3497 2463 3553 debere
2514 3511 2614 3552 vos
2654 3510 2979 3568 assurgere,
3027 3503 3082 3552 et
3126 3498 3328 3552 vestrae
3359 3494 3767 3552 cervicositatis

259 3583 576 3640 cenodoxia
626 3583 1055 3654 proﬁcientibus
1105 3584 1310 3641 infesta
1334 3591 1489 3639 sunt.
1537 3582 1682 3639 Nam
1714 3590 1961 3653 utraque
2000 3610 2040 3664 ρ
2071 3586 2211 3642 mihi
2241 3585 2385 3641 colla
2434 3600 2698 3642 curvare.
2749 3585 2942 3654 (Vens.
2996 3584 3072 3655 8.)
3124 3585 3417 3651 Nunquid,
3465 3583 3762 3656 inquiunt,

260 3672 441 3743 patris
500 3672 677 3729 nostri
709 3714 725 3735 ,
778 3672 961 3742 ipsius
1014 3673 1278 3728 videlicet
1332 3672 1652 3727 intellectus
1706 3671 1958 3741 legitimo

261 3761 551 3833 conjugio,
605 3762 700 3817 sed
752 3776 863 3817 non
928 3761 1177 3832 legitime
1236 3761 1419 3817 abusa
1478 3770 1628 3817 sunt.
1691 3763 1852 3819 Unde
1907 3770 1960 3817 et

265 3864 473 3906 uxores
493 3850 658 3906 dictae
689 3858 846 3914 sunt,
880 3850 1028 3906 sicut
1056 3858 1112 3906 et
1144 3850 1407 3920 quinque
1446 3850 1556 3905 viri
1586 3849 1961 3905 Samaritante

263 3938 400 3993 dicti
450 3944 605 3994 sunt.
665 3939 1067 4003 Accusavitque
1120 3940 1325 4005 fratres
1362 3954 1488 3992 suos
1540 3939 1693 4008 apud
1745 3943 1961 4007 patrem

262 4030 486 4080 crimine
524 4030 779 4096 pessimo.
808 4026 952 4081 Nam
996 4040 1166 4096 penes
1194 4025 1740 4082 intellectualitatem
1773 4034 1962 4082 motus

263 4113 542 4180 carnales,
580 4114 681 4182 qui
717 4128 787 4169 ex
834 4114 1029 4169 eadem
1074 4120 1260 4169 mente
1309 4114 1653 4185 gignuntur,
1704 4114 1964 4170 criminis

264 4215 530 4273 arguere,
566 4201 863 4273 proprium
898 4202 1156 4272 ejusdem
1186 4202 1507 4259 intellectus
1530 4211 1632 4260 est.
1665 4204 1790 4274 Ipse
1808 4204 1960 4259 enim

265 4290 338 4346 ad
378 4304 436 4346 se
500 4289 693 4345 carnis
755 4290 1027 4360 subjectae
1085 4290 1263 4347 defert
1327 4291 1693 4361 quaestiones.
1753 4291 1965 4361 Nempe

268 4378 448 4435 isdem
474 4378 720 4435 thronus
747 4386 850 4446 est,
883 4379 940 4435 id
973 4387 1057 4435 est
1081 4378 1285 4449 judex,
1316 4381 1417 4449 qui
1445 4381 1709 4450 praesidet
1735 4381 1961 4437 throno.

269 4465 587 4523 Pessimum
638 4472 830 4522 autem
904 4473 986 4521 est
1056 4466 1212 4535 quod
1285 4466 1399 4521 Deo
1451 4466 1696 4523 scienter
1752 4467 1965 4523 adver-

268 4561 451 4611 satur.

338 4643 510 4700 VERS.
571 4645 622 4698 3.
655 4671 727 4683 —
781 4643 955 4697 Israel
1000 4648 1179 4697 autem
1240 4643 1502 4711 diligebat
1551 4644 1747 4713 Joseph
1801 4659 1968 4713 super

266 4746 447 4786 omnes
475 4732 615 4800 ﬁlios
646 4745 791 4793 suos,
839 4745 896 4784 eo
927 4731 1075 4796 quod
1112 4734 1169 4784 in
1198 4735 1468 4785 senectute
1496 4735 1771 4799 genuisset
1808 4747 1965 4794 eum;

268 4826 504 4891 fecitque
558 4827 607 4877 ei
671 4826 911 4877 tunicam
958 4823 1303 4892 poli/mitam.
1362 4823 1609 4893 Spiritus
1662 4833 1855 4879 noster
1907 4823 1965 4878 in

2069 3692 2167 3729 rea:
2222 3680 2405 3729 noster
2447 3678 2572 3737 eris,
2605 3679 2706 3728 aut
2750 3673 3102 3742 subjiciemur
3144 3673 3344 3727 ditioni
3389 3675 3543 3727 tuae?
3587 3672 3649 3728 Id
3683 3679 3766 3727 est

2068 3764 2355 3833 quomodo
2395 3763 2515 3818 fieri
2566 3769 2765 3832 potest,
2802 3770 2866 3817 ut
2913 3769 2990 3817 tot
3032 3761 3511 3831 concupiscentiis
3560 3775 3767 3831 corpo-

2069 3864 2181 3905 reae
2213 3850 2561 3906 necessitatis
2588 3848 2908 3915 exstinctis,
2942 3848 3098 3905 solus
3130 3850 3249 3918 ipse
3278 3847 3627 3905 domineris?

2140 3939 2312 3995 VERS.
2348 3941 2400 3992 9.
2432 3970 2501 3978 —
2529 3938 2705 3992 Aliud
2738 3954 2950 4003 quoque
2979 3938 3120 3991 vidit
3142 3941 3429 4000 somnium,
3464 3937 3610 4003 quod
3635 3952 3767 3991 nar-

2070 4043 2200 4094 rans
2247 4026 2538 4093 fratribus,
2585 4031 2665 4080 ait
2715 4042 2727 4079 :
2784 4025 2910 4080 Vidi
2936 4041 3041 4095 per
3077 4028 3347 4080 somnium
3376 4028 3538 4091 quasi
3579 4026 3765 4086 solem,

2071 4121 2123 4170 et
2175 4117 2380 4177 lunam,
2442 4118 2494 4168 et
2543 4115 2730 4168 stellas
2777 4114 3027 4168 undecim
3077 4114 3311 4168 adorare
3364 4130 3465 4168 me.
3513 4118 3658 4167 I86
3714 4112 3767 4168 Si

2069 4204 2294 4274 Josepb,
2360 4212 2423 4260 ut
2478 4201 2930 4272 praelibavimus,
2986 4202 3128 4258 bene
3185 4202 3394 4273 agendi
3449 4201 3770 4272 appetitum

2072 4293 2407 4363 accipimus,
2457 4292 2528 4347 ad
2578 4298 2957 4362 augmentum
3002 4289 3154 4346 enim
3201 4290 3421 4361 spirare
3468 4290 3767 4361 proprium

2070 4389 2154 4438 est
2185 4382 2343 4452 ejus;
2373 4383 2538 4435 solem
2586 4379 2957 4446 intellectum,
3006 4381 3194 4434 lunam
3224 4379 3579 4435 voluntatem
3623 4378 3771 4435 dici—

2070 4485 2233 4539 mus;
2266 4470 2406 4540 quia
2435 4470 2583 4525 sicut
2625 4468 2763 4523 luna
2790 4481 2824 4522 a
2854 4468 2988 4531 sole,
3022 4468 3103 4524 sic
3133 4467 3403 4524 voluntas
3444 4467 3771 4523 illustratur

2073 4573 2107 4613 a
2156 4558 2393 4614 ratione.
2447 4558 2703 4613 Undecim
2747 4557 2934 4611 stellas
2992 4554 3291 4612 interiores
3340 4555 3773 4626 exterioresque

2074 4655 2264 4702 motus
2313 4644 2709 4716 intelligimus,
2763 4652 2818 4701 et
2868 4645 3007 4715 quia
3053 4643 3417 4700 undenarius
3462 4658 3535 4699 ex
3591 4657 3692 4699 sex
3721 4650 3777 4699 et

2073 4733 2338 4805 quinque
2370 4741 2611 4801 constat,
2645 4732 2939 4789 senarium
2988 4732 3060 4787 ad
3092 4732 3255 4787 bona:
3304 4730 3616 4788 voluntatis
3640 4745 3777 4801 per-

2077 4822 2398 4889 fectionem,
2429 4820 2767 4892 quinarium
2815 4821 2885 4877 ad
2918 4834 3191 4877 sensuum
3245 4820 3497 4890 corporis
3540 4819 3776 4876 mobili-

271 4920 559 4982 quantum
592 4925 724 4968 cum
758 4911 872 4967 Deo
908 4911 1296 4981 principatur;
1329 4892 1501 4968 Israel
1530 4912 1681 4968 enim
1707 4916 1966 4981 princeps
2006 4892 2049 4946 Ῑ)
2078 4917 2251 4967 tatem
2306 4910 2677 4966 conferimus.
2721 4909 2993 4966 Senarius
3039 4910 3196 4965 enim
3248 4907 3401 4965 omni
3460 4922 3568 4965 sua
3616 4917 3780 4978 parte

273 5016 394 5053 cum
450 5002 558 5054 Deo
616 4998 1046 5068 interpretatur,
1099 4999 1329 5069 Ioseph,
1388 4999 1444 5055 id
1493 5007 1576 5056 est
1624 5003 1815 5054 aeterni
1866 5016 1970 5053 au-

270 5092 475 5156 gmenti
527 5088 890 5149 desiderium,
953 5086 1266 5158 plusquam
1321 5104 1503 5143 omnes
1558 5089 1699 5158 ﬁlios
1721 5128 1737 5150 ,
1795 5102 1970 5157 opera

271 5175 485 5231 scilicet
513 5190 620 5232 sua
648 5175 855 5247 diligit,
878 5175 1017 5247 quia
1041 5175 1143 5232 ubi
1172 5190 1287 5231 non
1307 5184 1392 5232 est
1421 5183 1724 5246 provectus
1742 5182 1968 5245 votum,

272 5264 495 5320 facilem
534 5264 768 5332 habent,
821 5265 868 5321 si
901 5271 1037 5321 sunt
1067 5264 1145 5322 ibi
1174 5265 1325 5320 bona
1364 5263 1586 5335 aliqua,
1618 5272 1866 5321 motum.
1902 5265 1967 5318 In

271 5356 541 5406 senectute
591 5364 845 5422 namque
897 5350 946 5407 is
998 5350 1259 5423 gignitur
1287 5392 1302 5419 ,
1358 5365 1492 5407 nam
1549 5352 1967 5409 defervescente

271 5439 865 5510 concupiscentiarum
897 5445 1059 5507 astu,
1109 5452 1177 5495 ac
1204 5440 1666 5511 prtesumptionis
1688 5440 1967 5513 juvenilis

341 5565 449 5634 (t3)
482 5562 928 5620 Pratermittitur
954 5576 1079 5632 cap.
1113 5567 1200 5618 36.

2079 4999 2294 5056 solidus
2322 5004 2454 5067 stat,
2502 4998 2811 5069 quinarius
2840 4997 3095 5055 minime.
3134 4997 3294 5053 Unde
3321 5005 3377 5053 et
3410 5011 3483 5053 ex
3518 4997 3782 5068 inaequa-

2077 5089 2235 5144 litate
2274 5095 2526 5158 utraque
2556 5087 2967 5153 undenarium,
3018 5086 3120 5156 qui
3148 5085 3663 5157 transgressionem
3697 5086 3781 5142 si-

2078 5184 2238 5249 gnat,
2289 5175 2567 5233 efﬁciunt.
2619 5176 2777 5234 Velle
2822 5175 2977 5232 enim
3026 5175 3248 5245 adjacet
3294 5175 3467 5242 (Rom.
3522 5188 3624 5242 vn,
3670 5174 3781 5243 18),

2077 5267 2176 5323 sed
2231 5265 2533 5323 exterioris
2590 5265 2841 5321 hominis
2895 5264 3156 5320 membra
3215 5262 3596 5333 praepediunt.
3646 5263 3782 5320 Haec

2076 5355 2271 5411 omnia
2314 5361 2507 5410 autem
2552 5354 2796 5409 adorant
2838 5350 3063 5422 pietatis
3094 5349 3383 5418 affectum,
3423 5350 3565 5421 quia
3613 5357 3671 5406 et
3700 5365 3787 5406 ra-

2078 5444 2176 5510 tio,
2237 5449 2292 5500 et
2349 5443 2635 5510 voluntas,
2680 5441 3054 5512 interiorque,
3110 5446 3167 5495 et
3194 5438 3389 5505 etiam,
3446 5437 3584 5495 velit
3627 5440 3772 5496 nolit
