3904 6066
116 247 219 297 ⁵257

1328 240 1688 296 MORMJUM
1731 241 1795 294 ΙΝ
1836 238 2139 295 GENESIN
2185 241 2311 295 LIB.
2355 240 2443 295 ΙΧ.

3536 244 3639 296 258

118 373 381 428 exterior
437 372 609 427 homo
655 370 976 441 specialiter
1031 377 1217 440 optat,
1276 379 1331 427 et
1386 371 1651 441 precibus
1707 372 1820 426 Deo
1860 374 1903 427 A
2002 370 2175 427 Vens.
2214 373 2297 425 15.
2330 401 2398 409 —
2427 371 2745 439 Invenitque
2782 386 2900 424 eum
2944 371 3032 424 vir
3061 375 3329 425 errantem
3369 373 3426 426 in
3471 388 3623 440 agro,

120 461 275 515 datis
318 461 497 516 sancti
529 460 813 531 appetitus
852 459 1217 530 praestolatur
1260 468 1657 531 augmentum.
1710 461 1827 515 Aut

123 549 267 619 quia
298 550 542 605 adorare
594 550 805 604 dicitur
842 547 1015 618 juxta
1063 565 1238 614 orare,
1275 548 1447 619 juxta
1489 548 1717 618 Ioseph,
1770 549 1827 604 id

121 646 207 693 est
240 646 622 709 augmentum
670 645 815 700 orat,
859 638 961 708 qui
998 637 1076 692 nil
1127 653 1158 693 a
1191 638 1304 693 Deo
1355 638 1457 693 nisi
1510 637 1829 693 sanctitatis

123 727 545 783 incrementum
581 726 848 797 postulat.
881 725 1163 782 Voluntas
1191 732 1245 781 et
1278 724 1536 789 affectus,
1570 739 1701 780 cum
1735 726 1829 794 pia

122 822 284 881 sunt,
327 814 455 869 licet
502 828 686 869 unum
731 829 853 869 esse
885 814 1211 880 videantur,
1255 829 1367 868 non
1407 821 1561 881 sunt,
1592 814 1730 883 quia
1760 813 1830 869 de

124 902 326 958 multis
346 902 486 958 bene
512 900 820 967 afﬁcimur,
845 902 940 957 sed
973 901 1046 956 ab
1063 901 1173 967 his,
1197 916 1327 972 quae
1352 900 1554 956 rationi
1571 902 1831 971 junctior

121 998 226 1056 est,
262 991 563 1047 voluntate
608 990 980 1046 retrahimur.
1032 989 1243 1044 Locum
1287 988 1439 1044 enim
1491 996 1831 1059 tempusque

123 1079 471 1139 discutimus
499 1086 553 1134 et
582 1087 789 1134 caetera
819 1078 1041 1147 quaevis
1075 1077 1443 1132 attendimus.
1480 1077 1677 1148 (Vens.
1718 1078 1828 1149 10.)

124 1168 287 1238 (ηιυά
314 1183 431 1222 cum
451 1169 710 1236 patrisuo
734 1171 786 1220 et
812 1167 1087 1233 fratribus
1106 1168 1379 1220 retulisset
1400 1169 1702 1236 increpavit
1713 1183 1832 1221 eum

121 1263 288 1327 pater
330 1270 479 1323 suus,
509 1263 617 1311 etc.
662 1256 828 1311 Pater
855 1269 987 1311 eum
1036 1255 1313 1324 increpat,
1351 1255 1491 1325 quia
1520 1255 1831 1325 agilitatem

131 1345 205 1415 pii
224 1343 487 1411 affectus,
510 1344 768 1415 gravitas
787 1342 1190 1399 intellectualis
1209 1342 1584 1414 fragilitatum
1610 1344 1828 1410 timida,

130 1449 200 1488 ne
232 1447 600 1503 praepropere
642 1432 784 1503 quid
828 1431 1222 1502 aggrediatur,
1267 1432 1534 1487 retardat.
1570 1435 1711 1488 Num
1739 1449 1832 1499 ego

128 1528 177 1576 et
208 1528 389 1575 mater
441 1528 537 1576 tua
586 1526 638 1574 et
675 1524 879 1586 fratres
930 1523 1013 1574 tui
1051 1520 1402 1574 adorabimus
1446 1526 1494 1574 te
1531 1536 1692 1589 super
1723 1527 1833 1574 ter-

127 1609 291 1665 ram?
322 1612 412 1665 An
442 1626 556 1678 ego,
609 1609 817 1679 inquit,
864 1622 898 1662 a
950 1623 1067 1678 quo
1115 1622 1307 1664 semen
1355 1608 1620 1664 divinum
1660 1608 1829 1664 matri

130 1709 270 1768 tuae,
304 1699 469 1754 bonae
500 1698 712 1754 scilicet
744 1697 1023 1753 voluntati
1055 1696 1355 1768 ingeritur,
1389 1697 1511 1753 sine
1542 1697 1649 1752 hac
1678 1697 1830 1753 enim

129 1787 443 1858 reprobum
489 1795 590 1854 est,
625 1786 779 1857 quod
819 1786 1099 1857 gignitur,
1131 1792 1185 1841 et
1227 1786 1349 1855 ipsa
1378 1790 1549 1839 mater
1578 1791 1673 1840 tua
1701 1801 1832 1856 quae

130 1886 182 1933 te
216 1878 276 1932 in
305 1884 595 1948 quantum
631 1889 762 1930 vere
802 1889 861 1930 es
910 1874 1083 1944 parit,
1122 1874 1469 1945 internique,
1514 1882 1567 1930 et
1609 1874 1834 1931 externi

126 1973 323 2021 motus
358 1964 543 2020 addici
578 1964 892 2034 poterimus
922 1963 1045 2027 tibi,
1093 1963 1146 2017 in
1182 1971 1404 2019 tantum
1447 1971 1512 2019 ut
1552 1964 1629 2019 sis
1662 1978 1835 2035 super

129 2062 370 2121 terram,
413 2052 575 2108 nulla
622 2052 869 2121 profecto
909 2051 1212 2107 ambiendo
1240 2051 1351 2106 nisi
1391 2066 1654 2122 supernze
1703 2053 1835 2108 vitae

128 2139 547 2197 eminentiam?
598 2140 791 2205 (Vens.
832 2142 942 2206 11.)
979 2140 1211 2195 Fratres
1255 2154 1411 2210 ergo,
1447 2140 1501 2196 id
1549 2149 1631 2197 est
1656 2141 1835 2212 spinae

130 2244 196 2284 ac
232 2229 456 2295 tribuli,
507 2229 609 2299 qui
641 2242 706 2284 ex
749 2234 899 2284 terra
939 2228 1127 2284 cordis
1168 2243 1301 2284 cum
1344 2229 1494 2283 bona
1539 2229 1702 2299 fruge
1733 2242 1833 2283 na-

131 2328 418 2386 scuntur,
480 2318 766 2386 invident;
824 2323 983 2387 pater
1040 2332 1165 2371 vero
1222 2317 1548 2373 intellectus
1595 2317 1838 2373 interius

130 2407 507 2476 exteriusque
539 2419 573 2461 a
623 2406 869 2477 negotiis
903 2405 1140 2462 tacendo
1168 2421 1280 2460 rem
1322 2406 1662 2473 considerat,
1696 2406 1833 2461 dum

133 2495 426 2567 proposito
455 2496 647 2550 instat.

204 2585 383 2641 Vnus.
419 2586 505 2639 l2.
566 2615 632 2624 —
682 2586 919 2652 Cumque
973 2585 1179 2649 fratres
1227 2584 1381 2636 illius
1431 2584 1490 2635 in
1547 2582 1838 2652 pascendis
1919 2629 1923 2634 .

135 2675 394 2744 gregibus
451 2675 632 2742 patris
680 2677 1023 2726 morarentur
1073 2675 1132 2726 in
1174 2672 1401 2733 Sichem,
1457 2678 1564 2726 etc.
1611 2671 1839 2728 Fratres

138 2764 225 2819 isti
263 2777 377 2817 non
410 2775 663 2832 gregem,
708 2761 802 2816 sed
846 2775 1046 2831 greges
1089 2759 1387 2816 discordia)
1430 2773 1496 2814 ac
1541 2759 1839 2816 divisionis

133 2850 512 2923 cogitationes
559 2857 824 2919 pascunt,
876 2849 930 2904 id
978 2857 1080 2915 est,
1142 2849 1359 2904 crebris
1407 2848 1644 2918 repertis
1693 2863 1839 2905 ava-

136 2940 285 2996 ritiae
342 2938 786 3008 superbiaeque,
847 2937 936 2993 vel
990 2938 1223 2993 invidiae
1274 2937 1672 2993 occasionibus
1728 2953 1839 2994 nu-

140 3029 345 3084 triunt.
381 3026 487 3092 Qui
530 3040 732 3097 greges
759 3030 938 3096 patris
980 3027 1148 3083 etiam
1181 3027 1475 3094 dicuntur,
1508 3026 1646 3096 quia
1676 3027 1837 3097 cogi-

138 3124 296 3174 tatus
342 3116 722 3186 dispersiones
769 3130 952 3186 usque
997 3116 1069 3171 ad
1106 3115 1425 3171 intellectus
1476 3115 1838 3171 vexationem

137 3203 449 3275 pervenire
502 3211 843 3259 noscuntur.
901 3203 1122 3259 Sichem
1172 3203 1385 3259 dicitur
1442 3203 1692 3258 humerus
1748 3203 1839 3260 vel

138 3295 312 3348 labor.
378 3293 443 3347 In
491 3290 754 3347 Sichimis
796 3306 930 3363 ergo
976 3299 1314 3359 morantur,
1365 3291 1502 3346 dum
1562 3306 1837 3347 curarum

138 3381 385 3438 sarcinis
437 3380 654 3450 iniquae
698 3379 1042 3436 sufferentize
1090 3380 1362 3435 humeros
1412 3388 1836 3450 supponentes,

140 3478 202 3526 ut
232 3468 315 3525 sic
345 3469 556 3534 dicam,
588 3468 698 3524 sub
726 3468 1015 3525 mortifero
1051 3468 1243 3523 labore
1287 3467 1613 3537 quiescunt.
1644 3469 1837 3538 (Vens.

144 3559 253 3629 13.)
287 3558 437 3614 Dicit
482 3571 622 3628 ergo
654 3565 816 3627 pater
864 3573 876 3612 :
914 3559 1070 3622 Veni,
1101 3560 1315 3611 mittam
1347 3561 1396 3609 te
1441 3555 1514 3609 ad
1543 3571 1645 3610 eos.
1678 3556 1837 3624 Redi,

142 3648 357 3718 inquit,
389 3660 423 3702 a
452 3646 798 3715 dispersione
837 3653 957 3713 tua,
991 3653 1055 3701 ut
1093 3644 1261 3715 dirigi
1303 3644 1481 3713 possis
1519 3651 1718 3699 contra
1750 3659 1841 3699 co-

142 3736 487 3807 gitationum
538 3734 700 3796 vitia,
746 3742 800 3789 et
838 3733 1064 3804 pietatis
1103 3731 1355 3802 appetitu
1386 3745 1549 3787 suam
1584 3746 1698 3786 non
1727 3731 1843 3787 dif-

142 3826 360 3880 ferente
391 3824 775 3893 praesentiam.
832 3822 1025 3893 (Vens.
1060 3820 1167 3891 14.)
1211 3820 1379 3887 Vade,
1421 3819 1517 3887 ait,
1564 3825 1614 3874 et
1640 3821 1765 3874 vide
1793 3823 1845 3875 si

142 3917 335 3967 cuncta
367 3927 631 3981 prospera
658 3917 786 3965 sunt
822 3914 967 3966 circa
1012 3912 1217 3977 fratres
1271 3913 1387 3963 tuos
1433 3913 1484 3963 et
1519 3924 1749 3977 pecora;
1794 3913 1844 3963 et

141 4004 399 4054 renuntia
463 4001 602 4053 mihi
650 3999 785 4069 quid
838 4002 1057 4064 agatur.
1127 3997 1275 4053 Vade
1328 4010 1429 4066 per
1473 3996 1849 4052 directionem

142 4087 500 4154 intentionis,
539 4094 592 4142 et
622 4086 844 4142 videbis
870 4085 1252 4156 postmodum,
1286 4099 1387 4155 per
1416 4085 1596 4140 aciem
1626 4085 1845 4141 discre-

143 4179 334 4243 tionis,
372 4190 447 4231 an
478 4175 865 4231 animalitates
897 4183 1025 4235 tute.
1064 4174 1200 4230 dum
1234 4173 1429 4229 saeculi
1463 4173 1613 4229 bona
1642 4188 1845 4243 capes-

142 4273 298 4331 sunt,
334 4264 588 4336 gaudere
618 4262 816 4334 aliqua
865 4263 1119 4318 interiori
1168 4262 1541 4332 prosperitate
1581 4268 1839 4332 possunt.

142 4357 299 4411 Inter
333 4354 539 4409 fratres
581 4352 688 4407 hoc
732 4350 918 4407 differt
947 4358 1001 4408 et
1040 4364 1262 4422 pecora,
1299 4350 1452 4422 quod
1482 4358 1617 4407 sunt
1647 4350 1845 4420 aliqua

142 4445 285 4499 vitia
342 4440 509 4511 quasi
559 4440 780 4496 ratione
836 4454 956 4496 sese
1010 4440 1252 4501 tuentia,
1306 4439 1573 4509 quaedam
1613 4439 1849 4494 omnino

143 4530 429 4589 bestialia.
481 4530 657 4585 Porro
698 4529 838 4599 quid
886 4536 1062 4599 agant
1107 4529 1309 4583 fratres
1358 4527 1672 4592 renuntiat,
1714 4540 1847 4581 cum

141 4630 320 4679 aestus
352 4618 534 4675 sancti
562 4618 823 4674 desiderii
856 4618 927 4674 ad
959 4632 1199 4673 examen
1243 4616 1560 4672 intellectus
1593 4622 1850 4687 quaestus

142 4724 279 4768 suos
317 4716 421 4764 aut
470 4707 684 4763 damna
727 4713 1002 4775 reportat.
1053 4707 1250 4759 Missus
1299 4705 1364 4759 de
1409 4706 1548 4759 υαιιε
1598 4704 1849 4776 Hebron,

139 4803 290 4855 venit
348 4800 409 4850 in
466 4796 697 4849 Sichem.
764 4792 993 4849 Hebron
1025 4798 1369 4860 augmentum
1410 4795 1798 4864 sempiternum
1831 4836 1846 4862 ,

140 4887 231 4944 vel
280 4888 428 4941 visio
479 4884 809 4953 sempiterna
852 4880 1084 4937 dicitur.
1140 4881 1384 4937 Mittitur
1436 4896 1574 4953 ergo
1619 4883 1846 4952 Ioseph,

140 4977 193 5034 id
221 4982 311 5033 est
352 4971 642 5042 appetitus
679 4969 996 5042 augmenti,
1031 4969 1101 5025 de
1131 4970 1335 5025 mentis
1378 4970 1718 5037 humilitate,
1749 4982 1849 5039 per

140 5078 322 5137 quam
364 5067 711 5133 perpetuum
744 5066 936 5129 sperat
979 5066 1381 5129 augmentum,
1428 5065 1481 5114 et
1528 5058 1596 5113 de
1634 5058 1847 5115 visione

143 5156 262 5222 Dei,
305 5163 432 5223 qua
477 5161 578 5219 per
610 5147 775 5204 fidem
820 5155 875 5203 et
921 5161 1175 5203 amorem
1215 5146 1324 5202 sub
1363 5160 1460 5217 spe
1488 5145 1848 5216 sempiterni-

143 5244 275 5299 tatis
297 5242 429 5313 jam
464 5238 559 5294 hic
590 5236 824 5305 fruitur,
869 5237 939 5292 ad
975 5234 1393 5292 consideranda
1422 5232 1518 5288 illa
1547 5233 1605 5288 in
1636 5233 1849 5303 quibus

142 5346 273 5388 caro
298 5329 554 5385 libenter
580 5333 847 5382 versatur
876 5325 1106 5396 negotia
1141 5339 1153 5378 :
1191 5323 1289 5379 sed
1322 5321 1479 5378 venit
1508 5320 1567 5377 in
1602 5321 1847 5390 Sichem,

143 5420 282 5493 quia
302 5432 442 5490 quae
463 5415 780 5471 discernere
799 5412 1156 5469 solummodo
1176 5420 1233 5468 et
1252 5410 1496 5468 discreta
1510 5410 1752 5481 abjicere
1764 5410 1851 5467 de-

144 5509 290 5575 buit,
341 5506 400 5561 in
447 5501 537 5559 liis
574 5500 924 5557 demorando
954 5497 1256 5569 aliquoties
1287 5497 1539 5568 quadam
1566 5497 1850 5553 detinetur

146 5595 371 5661 inertia,
401 5602 458 5647 et
479 5592 786 5645 humerum
810 5587 1186 5659 supponendo
1208 5587 1329 5657 pari
1354 5585 1575 5641 laborat
1600 5585 1848 5641 miseria.

1934 463 1985 513 et
2013 461 2372 526 interrogavit
2403 459 2539 527 quid
2569 463 2847 527 quareret.
2885 458 2988 515 Vir
3018 459 3137 527 ipse
3166 459 3488 516 intellectus
3525 469 3631 531 est,

1938 547 2039 618 qui
2081 547 2349 603 affectum
2382 561 2483 618 per
2526 561 2754 618 agrum,
2807 546 2860 602 id
2892 556 2976 603 est
3021 562 3121 617 per
3156 549 3456 604 mundana
3497 562 3631 605 eva-

1938 645 2189 708 gantem,
2223 637 2292 692 de
2331 651 2436 691 suo
2482 650 2675 691 errore
2709 635 2968 706 inquirit.
3004 636 3198 703 (Vens.
3250 640 3361 707 16.)
3413 639 3633 693 Matres

1936 741 2097 791 meos,
2150 725 2249 793 ait,
2285 741 2487 794 quaero,
2517 725 2704 778 indica
2746 726 2884 778 mihi
2913 725 3009 778 ubi
3043 731 3275 794 pascunt
3311 742 3516 794 greges.
3552 728 3636 783 Ac

1938 814 1984 869 si
2020 813 2171 870 dicat
2218 829 2230 867 :
2282 814 2429 869 Dum
2475 812 2828 868 carnalitatis
2881 827 3021 868 mete
3066 827 3337 869 excessus
3392 814 3634 871 discutio

1939 917 2028 958 me
2061 903 2247 972 ipsum
2279 902 2494 972 pariter
2531 903 2837 956 excessisse
2869 901 3057 970 video,
3094 908 3156 956 tu
3191 915 3329 972 ergo
3359 902 3405 957 si
3442 903 3633 959 virum

1939 993 2109 1061 sapis.
2165 990 2347 1046 indica
2396 990 2536 1044 mihi
2576 990 2884 1045 fmditatem
2943 990 3118 1059 hujus
3147 990 3403 1046 vecordis
3455 1000 3509 1047 et
3541 992 3629 1047 in-

1941 1080 2262 1149 compositre
2291 1078 2570 1149 passionis
2607 1078 2800 1149 (Vnus.
2840 1082 2947 1145 17.)
2998 1080 3369 1146 Recesserunt,
3424 1079 3632 1149 inquit,

1941 1167 2006 1220 de
2048 1168 2157 1221 loco
2203 1170 2334 1233 isto;
2383 1168 2576 1221 audivi
2631 1172 2809 1221 autem
2866 1183 2950 1221 eos
2989 1167 3223 1222 dicentes
3267 1184 3278 1223 :
3327 1170 3539 1223 Eamus
3578 1172 3636 1222 in

1940 1256 2211 1311 Dothaim.
2266 1256 2530 1311 Dothaim
2578 1256 2789 1311 dicitur
2819 1257 2995 1310 viride
3024 1271 3222 1318 eorum,
3256 1257 3345 1313 vel
3374 1258 3636 1326 pabulum

1941 1360 2140 1411 eorum,
2171 1344 2259 1399 vel
2295 1347 2571 1413 sufficiens
2606 1343 2858 1410 defectio.
2900 1344 3205 1414 Postquam
3237 1345 3636 1414 spiritualibus

1942 1434 2152 1489 addicti
2193 1448 2395 1488 sumus
2442 1433 2626 1499 vitiis,
2669 1433 2740 1488 ab
2794 1432 3001 1488 horum
3048 1433 3241 1488 labore
3288 1434 3634 1502 recedentes,

1942 1521 2013 1576 ad
2044 1518 2332 1575 carnalem
2380 1520 2632 1575 defluere
2676 1521 2900 1591 gratius
2946 1520 3224 1576 habemus
3262 1522 3633 1591 voluptatem,

1942 1609 2097 1678 quod
2131 1610 2416 1680 significat
2441 1610 2769 1680 jocunditas
2808 1609 3132 1677 viriditatis,
3166 1610 3319 1681 quod
3358 1611 3636 1681 pabulum

1941 1706 2025 1753 est
2067 1698 2166 1765 eis,
2222 1713 2335 1752 non
2381 1705 2570 1753 tamen
2620 1699 2869 1766 refectio,
2924 1698 3020 1753 sed
3069 1699 3417 1754 sufficientia
3465 1700 3639 1756 totius

1942 1787 2183 1842 internae
2210 1786 2557 1842 defectionis.

2013 1920 2178 1977 Vens.
2221 1922 2304 1973 18.
2338 1950 2407 1959 -
2452 1922 2637 1987 Pergit
2665 1925 2788 1988 post
2834 1921 3038 1985 fratres
3070 1934 3193 1975 suos
3226 1926 3277 1973 et
3319 1921 3525 1974 invenit
3554 1935 3638 1975 eos

1943 2012 2001 2062 in
2030 2009 2303 2073 Dothaim,
2339 2009 2477 2064 dum
2509 2008 2628 2063 sola
2655 2022 2751 2064 eos
2796 2022 3146 2079 prosequens
3183 2008 3639 2065 consideratione

1946 2099 2152 2166 reperit
2218 2111 2313 2152 eos
2362 2096 2602 2152 deiicere
2660 2098 2716 2151 in
2769 2097 3011 2152 terrenis
3061 2097 3374 2153 desideriis.
3436 2098 3631 2167 (Vnus.

1950 2189 2033 2253 18,
2070 2188 2155 2251 19,
2200 2184 2314 2254 20.)
2363 2188 2468 2255 Qui
2509 2201 2629 2239 cum
2674 2185 2936 2239 vidissent
2982 2201 3121 2255 eum,
3164 2192 3455 2255 antequam
3490 2201 3638 2240 acce-

1946 2276 2092 2331 deret
2134 2275 2207 2329 ad
2235 2290 2340 2342 eos,
2390 2278 2761 2343 cogitaverunt
2791 2276 3094 2345 interﬁcere
3133 2292 3253 2330 eum
3299 2293 3311 2331 :
3357 2278 3429 2332 Et
3453 2281 3639 2331 mutuo

1947 2364 2303 2433 loquebantur
2345 2380 2358 2418 :
2401 2366 2532 2419 Ecce
2560 2367 2860 2419 somniator
2899 2368 3075 2430 venit;
3107 2368 3299 2431 venite,
3332 2364 3639 2420 occidamus

1947 2468 2086 2519 eum,
2138 2456 2189 2506 et
2244 2455 2523 2508 mittamus
2579 2456 2638 2507 in
2684 2456 2972 2507 cisternam
3027 2454 3166 2507 hane
3201 2459 3450 2521 veterem,
3495 2453 3639 2507 dice-

1944 2555 2169 2610 musque
2210 2557 2224 2594 :
2266 2542 2408 2596 Fera
2433 2543 2669 2610 pessima
2708 2541 2988 2595 devoravit
3018 2556 3155 2596 eum.
3193 2541 3399 2597 Vident
3428 2541 3636 2611 .loseph

1947 2629 2169 2697 fratres,
2210 2643 2344 2685 cum
2385 2629 2681 2686 evidenter
2730 2629 2990 2684 invident
3032 2629 3125 2699 pio
3175 2627 3407 2685 affectui
3454 2638 3643 2685 motus

1947 2717 2243 2773 animales.
2275 2720 2602 2787 Antequam
2646 2718 2878 2773 accedat
2911 2716 3166 2788 cogitant
3196 2717 3472 2784 occidere,
3504 2719 3644 2788 quia

1947 2815 2258 2876 antequam
2300 2819 2401 2875 per
2427 2805 2692 2861 effectum
2722 2805 2903 2861 errori
2934 2806 3224 2873 assentiat,
3267 2819 3369 2876 per
3393 2820 3642 2876 nequam

1947 2894 2213 2950 affectum
2248 2894 2563 2964 disponunt
2593 2895 2894 2950 subruere.
2947 2900 3086 2948 l3!
3133 2895 3311 2959 Ecce,
3358 2894 3543 2961 aiunt,
3595 2895 3645 2950 is

1947 2984 2047 3054 qui
2078 2982 2330 3039 visibilia
2359 2996 2637 3053 respuens
2668 2982 3056 3039 invisibilibus
3093 2984 3269 3038 animi
3303 2984 3480 3039 aciem
3513 2997 3644 3053 por-

1949 3072 2100 3143 rigit,
2136 3079 2191 3128 et
2226 3071 2393 3142 quasi
2423 3071 2642 3127 somnio
2677 3072 2849 3142 vivit;
2881 3087 2913 3127 o
2944 3086 3047 3128 vos
3075 3071 3396 3126 carnalium
3429 3085 3645 3143 conge-

1947 3161 2061 3217 ries
2110 3160 2592 3227 delectationum,
2642 3163 2818 3214 venite
2847 3201 2862 3228 ,
2925 3160 3084 3216 hunc
3135 3160 3300 3216 vobis
3346 3159 3591 3216 addicite
3624 3201 3640 3227 ,

1948 3256 2123 3319 atque
2152 3249 2210 3303 in
2241 3248 2551 3318 antiquum
2581 3248 2774 3315 chaos,
2808 3248 3117 3318 reprobum
3146 3248 3358 3305 scilicet
3384 3262 3641 3317 sensum,

1949 3337 2101 3407 quod
2147 3344 2251 3400 est,
2285 3343 2455 3392 vetus
2485 3336 2749 3404 cisterna,
2791 3350 2994 3392 carens
3018 3337 3227 3392 divinae
3258 3336 3646 3408 intelligentiae

1950 3425 2142 3495 aquis,
2172 3439 2291 3494 quo
2332 3425 2625 3495 quondam
2673 3433 2805 3481 ante
2852 3425 3281 3481 conversionem
3316 3427 3560 3496 turpiter
3586 3439 3647 3481 se

1949 3518 2145 3583 egerat
2185 3512 2464 3582 projicite,
2515 3520 2570 3568 et
2614 3526 2648 3567 a
2696 3513 2816 3569 fera
2846 3513 3109 3583 pessima,
3154 3513 3207 3568 id
3240 3521 3325 3569 est
3379 3527 3413 3568 a
3442 3527 3648 3583 repen-

1951 3602 2071 3656 tina
2100 3607 2156 3655 et
2200 3600 2514 3670 improvisa
2544 3600 2854 3656 tentatione
2883 3600 3082 3670 aliqua
3123 3608 3553 3671 consumptum,
3591 3608 3647 3656 et

1950 3688 2202 3745 evictum
2232 3688 2430 3757 dicite;
2479 3689 2569 3744 vel
2613 3688 2824 3745 diaboli
2874 3689 3088 3745 factum
3132 3689 3404 3744 violentia
3449 3688 3647 3758 perbi-

1952 3777 2096 3832 bete.
2150 3776 2341 3832 Solent
2380 3790 2635 3846 namque
2674 3776 2750 3830 ad
2784 3777 3125 3831 excusandas
3172 3778 3542 3831 excusationes
3589 3779 3647 3831 in

1947 3868 2185 3935 peccatis
2238 3865 2402 3935 (Psal.
2435 3879 2561 3930 ch,
2592 3865 2649 3933 4)
2692 3865 2795 3935 ipsi
2829 3870 3131 3935 peccantes
3173 3865 3280 3921 ista
3317 3864 3643 3922 obtendere.

1952 3955 2032 4008 Et
2057 3960 2182 4008 tunc
2213 3953 2502 4024 apparebit
2546 3953 2684 4022 quid
2707 3955 2795 4008 illi
2829 3956 3042 4023 prosint
3070 3956 3281 4008 somnia
3327 3969 3446 4021 sua,
3481 3953 3537 4009 id
3566 3960 3649 4010 est

1953 4042 2097 4113 quid
2148 4040 2431 4098 fatuitatis
2483 4040 2555 4097 sit
2599 4055 2702 4112 pro
2758 4040 3145 4097 invisibilibus
3184 4041 3470 4097 dimittere
3512 4042 3651 4097 visi-

1954 4130 2109 4199 bilia,
2141 4144 2244 4200 pro
2282 4129 2517 4185 incertis
2549 4136 2721 4186 certa.
2774 4130 3069 4186 Somnium
3101 4130 3253 4186 enim
3289 4136 3372 4186 est
3403 4144 3489 4198 ea,
3519 4143 3651 4200 quae

1953 4218 2135 4275 oculis
2181 4232 2295 4274 non
2347 4218 2637 4286 videntur,
2689 4218 3023 4274 dormiendo
3070 4219 3383 4274 attendere.
3429 4220 3543 4287 Ego
3571 4220 3653 4272 ait

1882 4301 1925 4356 D
1955 4307 2161 4361 dormio
2189 4312 2239 4360 et
2258 4321 2348 4361 cor
2369 4322 2544 4361 meum
2564 4308 2762 4376 vigilat
2794 4308 2986 4376 (Cant.
3020 4321 3077 4373 v,
3112 4309 3191 4374 2.)

2026 4439 2198 4497 Vnus.
2243 4441 2332 4504 21,
2394 4442 2485 4495 22.
2545 4470 2615 4480 —
2669 4439 2914 4495 Audiens
2972 4441 3067 4495 hoc
3131 4439 3324 4494 Ruben
3379 4440 3655 4495 nitebatur

1957 4528 2188 4582 liberare
2214 4543 2334 4582 eum
2382 4527 2451 4584 de
2495 4528 2747 4583 manibus
2789 4544 2988 4583 eorum.
3022 4530 3162 4597 Non,
3211 4527 3310 4597 ait,
3348 4528 3654 4595 interﬁcia—

1954 4631 2074 4671 mus
2125 4619 2364 4671 animam
2404 4614 2521 4687 ejus
2546 4657 2560 4682 ,
2610 4632 2704 4671 nec
2761 4616 3105 4686 effundamus
3159 4619 3510 4687 sanguinem;
3559 4617 3656 4674 sed

1950 4706 2210 4777 projicite
2235 4721 2353 4759 eum
2390 4707 2448 4758 in
2491 4707 2782 4760 cisternam
2811 4706 2971 4771 hanc,
3004 4721 3122 4774 qua:
3149 4712 3227 4761 est
3265 4709 3323 4760 in
3364 4706 3656 4762 solitudine

1954 4809 2258 4862 manusque
2301 4796 2511 4848 vestras
2541 4799 2750 4848 servate
2788 4795 3063 4848 innoxius.
3117 4793 3244 4849 Hoc
3292 4799 3472 4850 autem
3502 4796 3653 4850 dice-

1958 4881 2070 4945 bat,
2120 4881 2298 4934 votens
2345 4882 2553 4950 eripere
2593 4897 2712 4936 eum
2755 4880 2821 4935 de
2849 4880 3101 4935 manibus
3129 4896 3311 4936 eorum
3340 4886 3392 4937 et
3429 4882 3654 4938 reddere

1954 4968 2110 5036 patri
2128 4982 2243 5022 suo.
2289 4967 2495 5023 Ruben
2525 4968 2625 5038 qui
2655 4966 2867 5024 dicitur
2894 4967 3082 5022 videns
3113 4969 3172 5022 in
3212 4968 3406 5037 medio,
3432 4969 3655 5025 discre-

1957 5054 2128 5111 tionis
2158 5055 2245 5110 vis
2272 5063 2377 5124 est,
2432 5055 2713 5112 irreflexae
2760 5055 3090 5112 directionis
3138 5055 3437 5112 intendens
3483 5057 3655 5112 medi-

1958 5142 2212 5212 tullium,
2254 5158 2386 5214 quae
2432 5144 2569 5199 dum
2604 5143 2678 5213 pii
2711 5141 2966 5211 affectus,
3001 5144 3056 5199 id
3088 5150 3173 5200 est
3204 5143 3467 5216 intelligit
3497 5144 3653 5215 peri—

1956 5231 2154 5288 culum
2190 5232 2395 5288 nititur
2425 5232 2670 5289 liberare
2702 5232 2771 5289 de
2798 5232 3120 5289 carnalium
3152 5240 3424 5303 potestate
3465 5233 3651 5291 libidi-

1955 5335 2101 5377 num
2153 5338 2165 5375 :
2210 5320 2356 5388 Non,
2404 5320 2613 5391 inquit,
2662 5321 2855 5377 anima
2886 5321 3117 5392 capitali
3169 5321 3364 5392 aliquo
3411 5322 3653 5379 crimine

1956 5409 2296 5479 perimatur,
2357 5409 2511 5478 quod
2570 5417 2656 5465 est
2719 5409 3063 5482 sanguinem
3114 5410 3371 5480 fundere,
3424 5411 3652 5466 fluxum

1957 5498 2171 5554 scilicet
2216 5496 2571 5553 carnalitatis
2614 5496 2831 5562 laxare,
2893 5498 2988 5554 sed
3047 5499 3118 5555 ad
3166 5498 3472 5556 cisternam
3518 5500 3652 5555 vitae

1958 5584 2221 5641 videlicet
2249 5583 2500 5652 pristimr
2537 5585 2833 5642 szecularis
2878 5587 3122 5656 foveam,
3154 5601 3284 5657 quae
3319 5601 3353 5641 a
3401 5587 3515 5641 Deo
3540 5586 3653 5640 ha-
