3904 6066
257 152 360 202 259

1177 147 1234 200 V.
1275 144 1605 201 GUIBERTI
1644 140 1934 199 ABBATIS
1971 142 2027 197 S.
2066 140 2302 196 MARl/E
2341 138 2429 195 DE
2465 138 2857 196 NOVIGENTO

3650 142 3758 192 21η)

260 285 501 343 bitatore
558 283 774 356 patitur
820 281 1223 347 solitudinem,
1282 277 1677 334 tantummodo
1744 276 1951 332 animae
1989 276 2032 330 A
2061 277 2131 330 Et
2178 276 2626 345 praetereuntibus
2670 276 2997 330 Madianitis
3049 276 3475 341 negotiatoribus
3503 317 3517 343 ,
3564 281 3760 329 extra-

261 382 543 432 sectantes
573 372 840 429 inertiam
890 370 1174 433 deducnte,
1208 383 1321 423 non
1364 367 1433 422 ad
1473 366 1703 436 culpam
1752 373 1957 421 actua-

259 464 371 520 lem
404 463 534 520 laedi
568 461 892 532 cujuspiam
934 458 1191 513 criminis
1220 456 1519 511 devolvite.
1558 454 1805 510 Facilius
1822 466 1957 509 sane

260 567 295 607 a
324 552 563 622 segnitie
593 551 797 605 mentis
823 547 1163 617 exsurgitur
1194 559 1368 616 quam
1402 544 1584 612 culpw
1623 549 1957 612 perpetratae

260 641 435 697 ruina
479 638 813 709 emergitur.
875 636 964 691 Sic
1016 649 1221 704 nempe
1275 639 1508 689 versuta
1559 631 1824 687 discretio
1859 644 1958 699 per

259 729 453 784 minus
501 727 717 797 majore
762 725 887 780 vult
921 738 1115 779 carere
1160 721 1354 789 exitio,
1387 722 1566 776 donec
1610 719 1756 789 patri
1786 721 1955 774 resti-

259 825 479 883 tuatur,
513 815 568 870 id
599 822 700 882 est,
737 813 1049 869 intellectui
1083 810 1336 881 plenarie
1367 825 1488 865 suo.

327 904 507 961 VEns.
540 902 630 967 23,
660 903 748 956 24.
785 932 850 941 -
876 902 1170 967 Confestim
1196 901 1370 967 igitur
1395 905 1450 952 ut
1476 899 1726 967 pervenit
1750 897 1822 950 ad
1839 898 1958 962 fra-

257 998 383 1059 tres,
431 992 778 1046 nudaverant
808 1006 925 1043 eum
965 990 1148 1044 tunica
1188 989 1359 1042 talari
1401 991 1450 1040 et
1476 987 1763 1056 polymita,
1796 986 1955 1039 mise-

255 1084 489 1148 runtque
546 1082 605 1133 in
656 1081 965 1143 cisternam,
1000 1094 1118 1146 qua:
1162 1092 1265 1130 non
1325 1076 1555 1129 habebat
1602 1090 1822 1144 aquam.
1863 1073 1956 1128 Ad

253 1170 457 1236 fratres
485 1170 752 1238 pervenit,
786 1181 915 1222 cum
948 1166 1017 1221 ad
1044 1164 1294 1220 carnalis
1326 1162 1666 1219 titillationis
1687 1159 1954 1216 effectum

255 1270 316 1310 se
372 1256 591 1312 inserit.
662 1257 864 1311 Tunica
922 1255 1092 1307 talari
1146 1259 1196 1307 et
1239 1254 1505 1323 polymita
1544 1252 1787 1317 nudant,
1820 1264 1952 1306 cum

254 1344 539 1399 virtutum
599 1343 875 1398 varietate
934 1342 991 1396 in
1042 1355 1160 1411 qua
1216 1353 1576 1409 perseverare
1625 1340 1954 1393 decreverat

256 1432 389 1501 (hoc
416 1432 570 1487 enim
616 1431 744 1487 talis
793 1428 1099 1501 significat)
1147 1429 1486 1498 exspoliant.
1545 1429 1616 1481 In
1664 1430 1953 1481 cisternam

254 1519 375 1574 sine
416 1532 571 1589 aqua
620 1519 875 1583 mittunt,
928 1532 1059 1573 cum
1096 1517 1151 1571 in
1205 1517 1505 1586 pristinam
1540 1515 1714 1570 vitam
1745 1515 1800 1568 in
1833 1528 1952 1585 qua

253 1606 416 1661 nulla
463 1605 888 1676 spiritualitatis
931 1604 1168 1660 scientia
1212 1612 1314 1671 est,
1367 1604 1695 1660 retrudunt.
1759 1602 1946 1673 (Vens.

251 1694 369 1764 25.)
398 1697 469 1749 Et
520 1694 759 1749 sedentes
790 1699 850 1748 ut
896 1693 1226 1748 comederent
1268 1708 1487 1762 panem,
1531 1692 1787 1746 viderunt
1830 1693 1951 1745 via-

254 1787 391 1837 tores
437 1784 745 1838 lsmaelitas
790 1784 968 1836 venire
1011 1781 1077 1835 de
1126 1781 1366 1847 Galaad,
1416 1787 1466 1835 et
1494 1780 1719 1834 camelos
1747 1796 1947 1848 eorum,

252 1878 534 1941 portantes
577 1876 847 1939 aromata,
896 1876 946 1924 et
992 1873 1253 1937 resinam,
1307 1874 1357 1924 et
1405 1874 1609 1924 stacten
1665 1872 1724 1923 in
1780 1871 1948 1939 Egy-

250 1966 429 2030 ptum.
481 1960 689 2016 Sedent
733 1964 795 2014 ut
821 1975 1017 2029 panem
1046 1959 1366 2026 comedam,
1402 1958 1542 2028 quia
1592 1964 1747 2014 statu
1790 1958 1951 2013 recti-

251 2049 469 2106 tudinis
518 2049 747 2116 amisso,
798 2048 1034 2103 remisse
1082 2054 1285 2117 agunt,
1339 2054 1402 2103 ut
1447 2061 1506 2101 se
1538 2045 1831 2116 temporali
1854 2046 1950 2116 jo-

255 2135 549 2193 cunditate
579 2135 856 2192 reﬁciant.
889 2134 1064 2190 Panis
1091 2135 1241 2190 enim
1272 2135 1380 2190 hoc
1403 2134 1709 2205 significat,
1738 2137 1799 2189 ut
1826 2140 1908 2189 est
1932 2148 1944 2187 :

251 2226 651 2280 Abominabilis
681 2224 749 2295 ﬁt
777 2226 827 2277 ei
857 2227 1024 2294 panis
1063 2227 1121 2278 in
1152 2226 1265 2278 vita
1293 2239 1396 2278 sua
1442 2222 1562 2293 (Job
1603 2237 1801 2288 xxxm,
1835 2222 1946 2292 20).

257 2313 571 2369 Ismaelitas
605 2312 903 2367 obedientes
941 2312 1049 2366 sibi
1092 2312 1537 2381 interpretamus
1574 2313 1817 2366 Viatores
1843 2325 1947 2367 au-

249 2410 362 2459 tem
392 2402 669 2457 dicuntur
698 2402 798 2471 qui
856 2415 955 2470 per
997 2401 1167 2467 viam,
1200 2415 1332 2470 quae
1373 2400 1636 2456 Christus
1678 2407 1781 2468 est,
1819 2414 1947 2455 am-

248 2490 451 2546 bulare
483 2489 774 2557 videntur,
809 2488 906 2544 sed
958 2496 1148 2544 tamen
1186 2488 1294 2543 sibi
1324 2487 1619 2556 obediunt,
1660 2489 1802 2558 quia
1831 2504 1946 2544 non

248 2577 387 2645 Dei,
438 2577 535 2633 sed
578 2590 743 2632 suam
793 2576 851 2631 in
901 2576 989 2631 his
1018 2576 1472 2633 exhibitionibus
1510 2576 1739 2633 laudem
1785 2591 1945 2647 quaa-

249 2673 406 2722 runt.
444 2666 556 2720 Hos
598 2668 778 2719 venire
830 2664 896 2718 de
942 2665 1157 2720 Galaad
1208 2665 1422 2733 vident,
1455 2666 1596 2735 quia
1641 2666 1710 2720 de
1739 2679 1945 2721 acervo

248 2753 579 2820 testimonii,
631 2752 686 2808 id
726 2759 809 2809 est
856 2752 926 2808 de
965 2752 1290 2822 frequentia
1327 2761 1678 2819 sanctorum,
1734 2754 1835 2823 qui
1884 2767 1944 2810 se

248 2842 521 2912 operibus
561 2842 632 2897 ad
665 2841 869 2897 electos
909 2843 1193 2910 pertinere
1227 2850 1526 2910 testantur,
1571 2857 1669 2912 per
1695 2842 1943 2912 exempli

245 2931 666 2988 traductionem
716 2930 1056 2987 descendere
1094 2932 1278 3000 specie
1320 2939 1487 2987 tenus
1536 2938 1786 2987 censent.
1830 2931 1944 2986 Ca-

243 3019 375 3075 meli
407 3034 607 3075 eorum
641 3026 871 3089 portant
903 3018 959 3073 in
1002 3018 1338 3090 Egyptum,
1378 3033 1513 3075 cum
1544 3033 1782 3089 corpora
1812 3034 1943 3090 quas

244 3108 317 3164 ob
347 3108 436 3164 sui
470 3108 696 3178 pondus
725 3107 927 3163 cameli
958 3116 1261 3175 vocantur,
1290 3108 1429 3179 quia
1456 3116 1781 3179 aggravant
1809 3109 1942 3163 ani-

242 3210 397 3252 mam
441 3196 595 3267 (Sap.
639 3211 718 3264 1X,
772 3198 882 3266 15),
933 3196 1083 3252 bona
1130 3197 1400 3266 quaelibet
1446 3198 1663 3267 quibus
1708 3211 1823 3252 non
1868 3196 1937 3252 ad

244 3284 342 3340 Dei
382 3285 675 3352 honorem,
726 3284 822 3340 sed
858 3284 929 3340 ad
961 3284 1155 3340 saeculi
1199 3286 1634 3341 ostentationem
1686 3284 1942 3341 redolent

241 3372 599 3429 solummodo
643 3372 1004 3429 extrinsecus
1056 3373 1390 3442 praeferunt.
1443 3374 1727 3443 IEgyptus
1786 3374 1942 3429 enim

240 3460 519 3517 smeulum
559 3460 769 3532 signat,
821 3461 975 3516 unde
1006 3467 1091 3515 est
1141 3476 1153 3514 :
1188 3461 1318 3516 Non
1365 3460 1763 3516 abominaberis
1796 3463 1941 3530 Egy-

237 3552 417 3620 ptium
465 3552 643 3617 (Deut.
690 3564 848 3617 xxm,
900 3549 988 3619 7);
1038 3549 1412 3606 odoramenta
1455 3562 1591 3606 vero
1631 3549 1942 3606 forinsecas

240 3638 485 3696 virtutes
516 3638 837 3694 insinuant.

312 3726 483 3783 νεεδ.
518 3730 607 3794 ‘26,
644 3731 732 3781 27.
770 3757 838 3766 —
873 3729 1028 3782 Dia-it
1075 3742 1200 3794 ergo
1238 3726 1411 3782 Iudas
1459 3728 1734 3793 fratribus
1771 3729 1886 3782 suis
1922 3741 1937 3781 :

241 3815 385 3881 Quid
428 3816 580 3870 nobis
634 3815 879 3884 prodest,
924 3818 975 3869 si
1015 3816 1365 3870 occiderimus
1407 3817 1640 3882 fratrem
1693 3820 1942 3870 nostrum

240 3908 291 3958 et
320 3905 671 3959 celaverimus
710 3906 1030 3970 sanguinem
1060 3906 1277 3973 ipsius?
1325 3905 1516 3959 Melius
1545 3909 1624 3959 est
1648 3909 1707 3957 ut
1735 3903 1939 3958 venda-

243 3997 334 4047 tur
361 3992 681 4057 Ismaelitis,
717 3995 769 4045 et
796 4007 989 4047 manus
1028 3998 1225 4048 nostra
1252 4008 1359 4047 non
1386 3994 1737 4063 polluantur;
1763 3995 1942 4060 frater

241 4082 384 4135 enim
421 4084 472 4133 et
517 4095 642 4134 caro
691 4086 882 4135 nostra
910 4086 1007 4135 est.
1049 4082 1077 4137 Ι
1087 4081 1229 4138 udas
1276 4081 1488 4138 dicitur
1526 4084 1808 4147 confessio.
1839 4080 1936 4137 So-

244 4168 319 4226 let
375 4176 567 4224 autem
619 4169 844 4225 obstare
901 4170 1219 4240 plurimum
1275 4184 1509 4240 peccaro
1559 4169 1885 4226 volentibus

244 4258 368 4328 ipsa
425 4265 547 4327 post
599 4266 894 4328 peccatum
948 4259 1253 4315 necessitas
1313 4259 1698 4315 confessionis.
1754 4258 1935 4316 Pudet

242 4347 395 4401 enim
436 4354 785 4416 perpetrare,
837 4348 991 4417 quod
1033 4347 1213 4403 multo
1253 4347 1439 4418 magis
1468 4346 1723 4403 confiteri
1751 4348 1939 4417 pudor

242 4441 343 4490 est.
406 4436 647 4501 Qualem,
706 4436 917 4506 inquit,
974 4437 1216 4503 fructum
1273 4435 1569 4501 habuistis;
1629 4438 1687 4490 in
1741 4436 1937 4505 quibus

240 4539 382 4578 nunc
410 4524 765 4579 erubescitis?
802 4526 970 4592 (Rom.
1004 4540 1079 4591 vi,
1113 4524 1225 4595 2i.)
1257 4524 1595 4580 Reverentia
1624 4538 1762 4596 ergo
1800 4539 1934 4580 con-

244 4610 504 4667 fessionis
549 4610 717 4667 infert
767 4612 1017 4668 motibus
1063 4613 1276 4682 pravis.
1318 4612 1483 4679 Quid,
1529 4613 1627 4681 ait,
1685 4613 1939 4683 proderit

241 4714 275 4756 a
322 4700 475 4756 bona
517 4698 814 4756 voluntate
856 4699 1115 4768 deficere,
1162 4707 1216 4756 et
1247 4699 1454 4756 Ietbale
1495 4701 1710 4757 crimen
1742 4701 1937 4758 animo

242 4789 521 4855 incutere,
557 4789 712 4858 quod
745 4802 881 4855 non,
915 4802 1048 4844 cum
1084 4796 1472 4860 perpetratum
1509 4789 1700 4857 fuerit,
1734 4791 1938 4859 poterit

239 4891 401 4933 mens
445 4875 570 4946 ipsa
597 4876 800 4945 celare,
834 4878 878 4932 si
924 4878 1170 4948 propriae
1217 4878 1353 4934 velit
1399 4878 1571 4934 saluti
1601 4877 1938 4935 consulere?

245 4964 529 5021 Vendatur
577 4964 904 5030 Ismaelitis,
947 4963 1381 5034 hypocritarum
1422 4964 1635 5021 scilicet
1675 4963 1939 5021 tradatur

239 5052 537 5122 exemplis,
561 5059 617 5109 et
649 5052 898 5109 exterior
927 5054 1074 5109 actio
1095 5062 1291 5110 nostra
1310 5067 1427 5109 non
1451 5051 1747 5123 polluatur
1773 5066 1936 5109 naevo

239 5140 425 5211 culpae
456 5140 742 5210 notabilis,
768 5141 908 5212 quia
931 5142 1048 5212 ipse
1070 5141 1327 5209 affectus,
1347 5141 1391 5197 si
1425 5155 1523 5211 per
1552 5142 1744 5212 turpia
1763 5155 1938 5211 opera

241 5228 572 5296 infametur,
616 5236 770 5284 tanta
806 5230 1235 5302 propinquitate
1286 5230 1449 5285 nobis
1480 5228 1840 5300 adjungitur,
1872 5236 1938 5286 ut

240 5332 342 5388 per
389 5317 547 5374 hunc
600 5334 724 5373 caro
774 5325 989 5386 nostra,
1050 5319 1103 5374 id
1155 5326 1237 5375 est
1283 5325 1400 5374 tota
1446 5317 1809 5375 exterioritas
1855 5318 1937 5374 vi-

240 5407 437 5463 tietur.

311 5495 483 5551 VBBS.
518 5499 608 5551 28.
641 5525 711 5538 —
751 5497 1152 5564 Acquiecerunt
1179 5499 1384 5563 fratres
1420 5495 1753 5551 sermonibus
1794 5496 1931 5567 ejus.

1992 1570 2033 1630 C

1914 4213 2016 4275 3D

2066 364 2244 419 hentes
2274 381 2392 419 eum
2432 365 2497 419 de
2540 366 2799 431 cisterna,
2851 363 3207 419 vendiderunt
3238 366 3440 430 viginti
3468 367 3759 430 argenteis.

2064 453 2459 521 Acquiescunt
2485 455 2711 520 fratres,
2736 467 2869 508 cum
2902 451 3280 518 verecundiae,
3313 452 3405 507 sed
3441 460 3629 507 tamen
3658 452 3765 507 hu-

2064 556 2251 598 mana;
2291 542 2419 598 licet
2476 542 2625 609 utili,
2679 542 2894 598 cedunt
2946 550 3135 597 motus
3192 542 3470 597 carnales.
3523 542 3766 612 Eligant

2064 630 2217 686 enim
2249 629 2458 701 subjici
2497 630 2682 702 magis
2726 629 3127 700 spiritualibus
3171 645 3302 700 quae
3336 630 3527 685 minus
3565 637 3765 701 patent

2064 733 2241 788 quam
2288 719 2706 789 corporalibus.
2753 719 3086 774 Extrahunt
3130 719 3195 772 de
3240 721 3495 785 cisterna,
3530 734 3663 774 cum
3695 719 3766 774 de

2064 807 2326 863 saeculari
2371 822 2559 863 mores
2604 822 2739 863 suos
2786 807 3051 863 adimunt
3096 808 3233 873 vita,
3289 815 3341 862 et
3379 807 3486 867 his,
3529 808 3627 878 qui
3662 822 3765 878 pro

2064 896 2292 966 negotio
2324 895 2586 951 favorum
2638 896 2781 952 bene
2812 896 3070 952 victitare
3103 895 3407 963 videntur;
3438 896 3539 967 qui
3570 903 3764 951 tamen

2063 984 2408 1051 Madianitae,
2460 985 2513 1041 id
2567 994 2651 1041 est
2690 986 2842 1054 juste
2899 984 3196 1054 judicandi
3246 987 3372 1038 sunt
3413 980 3763 1046 distrahunt,

2063 1074 2201 1129 dum
2233 1074 2302 1129 ad
2344 1088 2541 1129 eorum
2574 1073 2837 1144 exempla
2867 1088 2925 1129 se
2975 1079 3224 1129 vertunt.
3264 1072 3490 1129 Madian
3534 1083 3761 1138 nempe,

2063 1164 2128 1217 de
2146 1162 2361 1233 judicio
2390 1163 2621 1219 dicitur.
2664 1162 2935 1219 Vendunt
2968 1164 3173 1228 viginti
3208 1164 3498 1229 argenteis,
3534 1160 3673 1214 dum
3706 1171 3764 1212 se

2062 1252 2142 1307 eis
2186 1251 2462 1307 imitando
2516 1251 2664 1321 ipsos
2720 1250 3056 1320 subjiciunt,
3108 1248 3494 1320 dispertiendo
3547 1261 3605 1303 se
3662 1260 3767 1316 per

2063 1354 2334 1395 numeros
2373 1339 2744 1409 duplicitatis.
2790 1340 3129 1395 Vicenarius
3175 1338 3328 1393 enim
3369 1335 3761 1407 duplicitatcm

2062 1427 2271 1498 signat,
2332 1428 2506 1499 juxta
2559 1428 2698 1483 illud
2755 1443 2767 1481 :
2822 1429 2882 1482 Si
2908 1430 3083 1498 possit
3129 1444 3246 1480 eum
3298 1426 3473 1479 decem
3521 1424 3764 1478 millibus

2061 1532 2336 1571 occurrere
2364 1519 2434 1582 ei,
2467 1519 2565 1587 qui
2596 1533 2715 1571 cum
2754 1522 2895 1571 I38
2924 1519 3126 1585 viginti
3149 1515 3388 1569 millibus
3425 1516 3571 1567 venit
3604 1513 3679 1566 ad
3709 1528 3764 1567 se

2062 1605 2209 1676 (Luc.
2244 1620 2353 1672 xtv,
2387 1604 2496 1675 31).
2531 1606 2797 1676 Argentei
2828 1619 2960 1660 vero
2991 1606 3130 1674 quia
3159 1617 3431 1659 sonorum
3462 1602 3759 1658 metallum

2060 1701 2163 1762 est,
2196 1694 2353 1750 illius
2384 1694 2618 1750 tantilla;
2642 1693 2807 1749 fama;
2838 1692 3108 1749 tinnitum
3138 1692 3485 1763 significant,
3510 1698 3564 1746 et
3588 1691 3763 1745 verba

2060 1783 2424 1839 laudantium
2484 1782 2651 1852 quasi
2709 1783 2974 1852 quaedam
3034 1795 3408 1837 nummorum
3461 1778 3761 1849 particulae

2060 1877 2342 1925 constant.
2385 1871 2494 1935 Qui
2523 1870 2800 1924 duwerunt
2828 1886 2947 1924 eum
2986 1873 3043 1924 in
3083 1871 3375 1938 Egyptum
3409 1883 3421 1922 :
3455 1866 3595 1937 quia
3623 1866 3761 1921 imi-

2057 1959 2287 2014 tationis
2315 1973 2434 2014 suae
2468 1959 2745 2015 illecebris
2784 1966 3007 2026 actum,
3052 1959 3123 2013 ad
3157 1958 3332 2013 solius
3357 1954 3760 2011 saacularitatis

2057 2047 2403 2118 pertrahunt
2438 2046 2740 2105 ambitum.

2128 2136 2302 2192 VEns.
2341 2138 2430 2202 29,
2483 2138 2569 2191 30.
2618 2167 2686 2176 —
2717 2137 3092 2205 Reversusque
3124 2134 3306 2190 Ruben
3359 2132 3433 2187 ad
3464 2136 3755 2187 cisternam

2055 2241 2161 2279 non
2190 2227 2395 2278 invenit
2431 2240 2657 2293 puerum
2694 2229 2745 2277 et
2781 2227 2966 2279 scissis
2991 2224 3229 2278 vestibus
3263 2237 3493 2293 pergens
3526 2220 3601 2274 ad
3625 2222 3757 2288 fra-

2058 2319 2183 2381 tres,
2217 2317 2298 2368 ait
2346 2329 2360 2367 :
2415 2315 2554 2368 Puer
2581 2329 2688 2368 non
2719 2318 3011 2383 comparet,
3057 2319 3109 2368 et
3148 2328 3240 2380 ego
3271 2328 3374 2381 quo
3404 2312 3530 2366 ibo?
3561 2310 3756 2364 Ruben

2054 2402 2129 2456 ad
2159 2405 2446 2457 cisternam
2488 2402 2815 2470 revertitur,
2867 2408 2916 2456 et
2945 2418 3176 2472 puerum
3206 2417 3312 2456 non
3341 2403 3567 2467 invenit,
3618 2413 3753 2454 cum

2054 2490 2320 2546 discretio
2371 2498 2566 2546 nostra
2610 2490 2681 2546 ad
2733 2491 2939 2546 veteris
2977 2491 3109 2546 vitae
3156 2496 3370 2545 statum
3419 2486 3756 2544 considera-

2055 2579 2208 2635 tione
2238 2578 2489 2647 ducitur,
2519 2579 2616 2634 sed
2642 2579 2763 2648 jam
2794 2578 3052 2647 allectus,
3082 2586 3146 2635 ut
3174 2578 3296 2633 fieri
3325 2576 3486 2644 solet,
3518 2575 3588 2630 ad
3621 2588 3758 2629 car-

2053 2667 2212 2722 nalia
2238 2682 2530 2738 quemque
2567 2667 2746 2723 relabi
2780 2666 2856 2723 ibi
2890 2682 3002 2723 non
3036 2667 3331 2723 invenitur
3360 2668 3501 2736 quia
3530 2662 3756 2734 laqueis

2052 2756 2418 2823 cenodoxias,
2472 2771 2604 2826 quze
2656 2757 2756 2811 vix
2805 2756 2877 2812 ad
2931 2756 3348 2826 simplicitatem
3406 2760 3752 2820 revocatur,

2052 2842 2328 2911 irretitur,
2382 2844 2563 2901 multo
2606 2858 2743 2901 sane
2786 2844 3050 2900 deterius.
3098 2844 3293 2900 Vestes
3338 2842 3563 2908 scindit,
3593 2849 3648 2897 et
3679 2841 3755 2895 ad

2050 2934 2256 2999 fratres
2305 2933 2526 3004 pergit,
2579 2947 2710 2989 cum
2758 2939 2959 2988 saneta
3000 2946 3197 3002 opera,
3254 2946 3385 3002 quae
3432 2933 3543 2987 Deo
3592 2929 3750 2986 uniri

2051 3021 2280 3091 debent,
2322 3036 2424 3092 per
2469 3035 2570 3077 ora
2599 3029 2651 3077 et
2681 3022 2877 3077 oculos
2908 3022 3204 3077 hominum
3240 3020 3493 3090 dispersa
3524 3019 3754 3074 favora-

2049 3109 2179 3166 liter
2206 3110 2470 3177 ostendit,
2503 3117 2557 3166 et
2599 3110 2668 3165 ad
2712 3109 2998 3165 interioris
3040 3109 3289 3164 hominis
3328 3122 3530 3178 pravos
3562 3113 3754 3163 motus

2049 3198 2389 3269 corrigendo
2420 3198 2514 3269 agi
2547 3199 2651 3254 ista
2682 3198 2920 3269 ingemit
2952 3213 2964 3251 :
3008 3200 3097 3253 Vae
3115 3197 3265 3253 enim
3288 3197 3619 3265 ingredienti
3652 3201 3754 3250 ter-

2046 3303 2168 3341 ram
2198 3287 2409 3341 duabus
2440 3290 2546 3342 viis
2569 3287 2760 3356 (Eccli.
2786 3302 2843 3354 n,
2875 3286 2979 3357 l4.)
3004 3285 3274 3353 Affectus,
3303 3286 3509 3355 inquit,
3534 3284 3753 3340 irrecu-

2049 3374 2378 3444 perabiliter
2425 3390 2526 3445 per
2574 3376 2771 3431 inanes
2816 3375 3028 3446 glorias
3067 3375 3299 3445 elapsus
3348 3381 3473 3440 est,
3521 3373 3580 3428 in
3631 3387 3753 3442 quo

2048 3477 2175 3520 mea
2200 3464 2321 3534 jam
2352 3464 2602 3535 perficiet
2632 3464 2918 3534 discretio,
2955 3464 3056 3522 ubi
3076 3463 3274 3520 nullus
3302 3462 3527 3533 pietatis
3545 3476 3753 3519 sensus

2048 3556 2143 3608 est.

2119 3640 2289 3697 Vens.
2339 3644 2425 3709 31,
2463 3644 2548 3697 32.
2596 3673 2664 3681 -—
2718 3642 2976 3697 Tulerunt
3025 3646 3202 3696 autem
3249 3643 3488 3695 tunicam
3526 3641 3667 3709 ejus,
3701 3645 3754 3696 et

2048 3732 2108 3784 in
2145 3731 2412 3796 sanguine
2438 3729 2603 3795 haedi,
2647 3745 2802 3798 quem
2831 3729 3156 3796 occiderant,
3187 3732 3488 3795 tinxerunt,
3524 3730 3751 3782 mitten-

2050 3821 2126 3873 tes
2164 3818 2260 3886 qui
2305 3819 2513 3883 ferrent
2550 3816 2625 3871 ad
2652 3822 2864 3887 patrem
2903 3821 2953 3871 et
2984 3818 3221 3871 dicerent
3264 3833 3276 3870 :
3327 3816 3496 3870 Hanc
3525 3817 3749 3869 inveni-

2047 3921 2196 3973 mus;
2229 3904 2355 3960 vide
2382 3911 2565 3960 utrum
2614 3910 2797 3960 tunica
2834 3907 2941 3975 filii
2985 3907 3066 3960 tui
3094 3908 3186 3970 sit,
3234 3921 3305 3959 an
3351 3921 3475 3958 non.
3524 3903 3749 3960 Tunica

2046 3993 2191 4064 ejus,
2228 3993 2409 4064 ipsius
2449 4006 2532 4049 eSt
2574 3994 2807 4051 interior
2836 3993 3261 4050 aﬂ'ectualitatis
3305 3993 3554 4049 habitus.
3588 3993 3748 4047 Hanc

2046 4083 2107 4136 in
2158 4083 2425 4149 sanguine
2472 4082 2634 4150 findi,
2692 4098 2848 4150 quem
2902 4083 3226 4148 occiderant,
3288 4081 3550 4151 tingunt,
3610 4094 3743 4135 cum

2044 4169 2325 4226 desiderio
2371 4170 2583 4240 peccati
2633 4171 2900 4238 carnalis,
2946 4170 3101 4241 quod
3144 4171 3199 4225 in
3247 4171 3480 4226 modum
3520 4169 3746 4225 cruoris

2042 4258 2314 4326 decurrit,
2366 4259 2724 4315 conscientiae
2771 4267 2986 4315 statum
3016 4259 3301 4329 polluant.
3345 4258 3556 4313 Haedus
3584 4272 3746 4313 nam-

2049 4362 2181 4418 que,
2219 4363 2374 4417 quem
2411 4347 2739 4415 occiderant,
2784 4347 3071 4419 flagitium
3119 4356 3221 4414 est,
3265 4348 3418 4418 quod
3451 4346 3746 4402 commise-

2048 4443 2209 4505 rant;
2277 4435 2417 4491 solet
2463 4435 2615 4491 enim
2678 4444 2849 4505 typus
2905 4435 3094 4492 inanis
3144 4435 3341 4506 gloriae
3395 4434 3583 4490 reflari
3644 4448 3747 4504 per

2046 4523 2310 4580 effectum
2342 4524 2591 4580 carnalis
2636 4524 2840 4594 culpae.
2891 4525 3127 4580 Mittunt
3174 4528 3269 4593 qui
3318 4524 3509 4579 ferunt
3539 4522 3615 4577 ad
3640 4540 3745 4592 pa-

2048 4617 2201 4672 trem.
2251 4626 2379 4668 cum
2429 4612 2841 4682 cogitationum
2890 4613 3160 4669 versutiis
3188 4611 3610 4683 aggrediuntur
3659 4626 3746 4666 ra-

2047 4701 2280 4758 tionem.
2315 4701 2577 4769 Attende,
2622 4701 2807 4771 aiunt,
2858 4702 2915 4757 in
2957 4716 3128 4772 quem
3178 4700 3439 4756 habitum
3484 4698 3742 4765 affectus,

2048 4804 2221 4861 quem
2252 4789 2393 4845 bene
2434 4790 2544 4845 Deo
2595 4791 2879 4860 peperisse
2925 4790 3234 4856 videbaris,
3283 4789 3608 4855 deﬂuxerit,
3642 4797 3747 4845 aut

2048 4878 2187 4933 forte
2228 4878 2275 4933 si
2324 4878 2492 4933 talem
2544 4878 2643 4934 tibi
2689 4894 2801 4935 non
2851 4880 3211 4949 ascripseris,
3264 4879 3388 4933 cide
3445 4877 3596 4934 unde
3647 4876 3746 4933 tali

2047 4966 2396 5022 conscientia
2442 4968 2760 5035 emerseris,
2811 4975 2866 5024 et
2917 4975 3069 5024 certe
3111 4966 3166 5022 in
3218 4982 3334 5038 quo
3382 4979 3748 5036 perseverare

2047 5068 2163 5111 non
2207 5062 2463 5125 poteras,
2516 5070 2821 5127 nunquam
2879 5056 3111 5112 virtutis
3165 5055 3420 5112 studium
3480 5053 3749 5111 afTectare

2046 5142 2332 5201 debueris.

2118 5231 2287 5289 Vens.
2346 5235 2433 5289 33.
2478 5265 2546 5272 —
2599 5235 2806 5288 Tunica
2852 5234 2962 5292 ﬁlii
3017 5234 3124 5287 mei
3180 5237 3277 5299 est,
3334 5234 3457 5299 fera
3509 5234 3749 5302 pessima

2047 5321 2291 5387 comedit,
2355 5321 2527 5377 bestia
2584 5321 2867 5376 devoravit
2910 5322 3132 5391 Joseph.
3188 5320 3465 5387 Habitus,
3528 5319 3742 5390 inquit,

2047 5407 2364 5465 affectionis
2398 5424 2533 5465 meae
2579 5424 2778 5466 revera
2810 5409 2855 5465 is
2883 5417 2988 5476 est,
3031 5409 3127 5465 sed
3166 5409 3504 5465 crudelitate
3533 5408 3746 5464 diaboli

2044 5504 2100 5553 et
2126 5496 2445 5553 carnalium
2483 5496 2644 5553 ferali
2678 5498 2895 5569 impetu
2925 5497 3291 5569 voluptatum
3318 5504 3630 5567 corruptus
3659 5504 3743 5553 est
