3902 6054
124 186 216 237 261
1397 180 1653 235 MORAIJ

1397 180 1759 236 MORAIJUM
1799 180 1866 234 IN
1907 173 2211 236 GENESIN
2253 179 2383 235 LIB.
2427 181 2513 235 IX.

3522 186 3625 238 262

119 315 273 371 Solet
302 312 643 370 humanitus
672 318 799 367 acta
827 309 988 378 ratio,
1014 310 1180 380 quasi
1200 308 1525 366 dzemonum
1548 318 1603 367 et
1628 309 1823 366 carnis
1859 313 1907 365 A
1937 309 2304 383 telligihiliter
2335 309 2612 380 loquitur,
2649 316 2703 366 et
2734 309 2964 367 lenitate
2989 310 3228 381 spiritus
3258 312 3345 368 vel
3376 326 3626 370 concen-

122 404 415 468 violentia,
472 408 672 472 sponte
718 406 875 456 actas
921 397 1209 469 nequitias
1263 412 1564 455 excusare.
1616 399 1821 468 Ioseph

121 492 192 548 ab
225 492 316 547 his
342 498 425 547 est
456 491 783 555 devoratus,
815 487 955 558 quia
980 487 1053 542 ab
1095 485 1180 541 his
1216 494 1594 557 consumptus
1631 488 1822 543 credi-

120 586 219 636 tur
268 581 443 635 totius
499 578 724 648 pietatis
779 584 835 633 et
890 575 1226 647 proficiendi
1269 578 1579 646 appetitus.
1620 576 1819 645 (Vsus.

123 668 239 736 3i.)
279 669 580 735 Scissisque
624 666 884 728 vestibus,
942 663 1169 718 indutus
1216 667 1295 718 est
1359 665 1557 730 cilicio,
1635 665 1822 732 lugens

120 758 296 825 ﬁlium
353 756 521 810 multo
579 760 831 822 tempore.
887 752 1082 809 Vestes
1127 752 1358 821 scindit,
1412 767 1546 808 cum
1602 753 1823 808 unitate

124 843 456 899 intentionis
490 842 703 897 amissa
730 854 878 911 opus
912 839 1234 909 proprium,
1273 854 1393 910 quo
1422 840 1679 895 membra
1718 853 1826 895 sua

123 945 301 1001 super
356 939 568 987 terram
613 937 913 999 contegere
963 928 1147 995 debet,
1199 941 1297 997 per
1347 927 1545 983 inania
1588 928 1820 999 disjicit.

125 1021 315 1076 Cilicio
340 1018 621 1084 induitur,
662 1031 793 1072 cum
818 1016 1182 1085 voluptatum
1210 1015 1460 1071 stimulis
1497 1015 1822 1071 circumda-

126 1115 238 1164 tur.
273 1108 456 1177 Luget
489 1107 669 1171 ﬁlium
708 1106 874 1159 multo
919 1109 1171 1174 tempore,
1215 1119 1350 1160 cum
1389 1104 1552 1160 luctu
1581 1105 1824 1175 dignum

124 1209 303 1251 suum
320 1193 564 1251 ostendit
582 1191 854 1249 allectum
881 1192 1130 1248 assidue.
1160 1191 1354 1263 (Vnus.
1377 1190 1488 1262 3‘5.)
1514 1194 1826 1261 Congrega-

128 1287 197 1338 tis
223 1290 406 1338 autem
433 1285 639 1337 cunctis
661 1283 844 1336 liberis
869 1282 1007 1350 ejus,
1039 1286 1100 1335 ut
1120 1282 1345 1335 linirent
1363 1280 1598 1334 dolorem
1613 1283 1821 1351 patris,

125 1375 303 1427 noluit
330 1372 745 1426 consolationem
773 1372 1012 1439 recipere
1041 1373 1092 1423 et
1120 1373 1238 1439 ait;
1281 1370 1615 1424 Descendam
1648 1370 1723 1424 ad
1750 1374 1824 1441 ﬁ-

127 1464 262 1516 lium
280 1463 466 1530 lugens
486 1464 545 1516 in
564 1462 864 1527 infernum.
897 1459 1082 1516 Liberi
1105 1469 1551 1532 congregantur,
1577 1476 1707 1517 cum
1733 1475 1823 1516 ra-

128 1550 301 1605 tionis
328 1551 497 1618 vires,
518 1563 649 1620 quae
666 1550 735 1605 de
759 1549 970 1620 peccati
1002 1548 1236 1605 servitio
1260 1550 1331 1604 ad
1358 1549 1675 1605 libertatem
1692 1550 1825 1605 vitae

128 1654 229 1695 nos
277 1647 571 1701 revocant.
627 1638 723 1693 Dei
755 1639 957 1694 timore
987 1638 1058 1693 ad
1108 1641 1337 1707 tempus
1378 1645 1821 1709 coaggerantur.

130 1729 363 1784 Liniunt
385 1735 441 1783 et
470 1726 752 1783 consolari
782 1726 987 1783 volunt
1016 1727 1251 1781 dolorem
1284 1730 1485 1797 patris,
1520 1742 1652 1782 cum
1690 1741 1825 1797 pec-

125 1817 237 1872 cati
270 1816 560 1872 miseriam
593 1830 696 1886 per
733 1815 1123 1871 conversionis
1150 1823 1203 1871 et
1241 1815 1587 1884 poenitentiae
1638 1829 1827 1871 reme-

125 1905 291 1961 dium
324 1914 643 1974 temperare
673 1904 962 1959 nituntur.
993 1903 1096 1959 Sed
1123 1917 1219 1971 per
1238 1902 1502 1959 effectum
1529 1918 1825 1972 recusans,

126 2002 179 2050 et
214 1994 483 2049 sentienti
515 2008 648 2048 cum
700 1994 811 2048 Deo
861 1991 1066 2061 spiritu
1116 2005 1229 2046 non
1281 1991 1538 2058 credens,
1585 1991 1826 2047 dolendo

125 2084 307 2139 exitio
352 2081 578 2137 devolvi
644 2095 704 2136 se
774 2080 994 2150 patitur
1057 2080 1114 2134 in
1178 2079 1591 2148 desperationis
1656 2079 1825 2135 bara-

126 2172 348 2235 thrum,
409 2176 531 2239 post
599 2182 794 2239 pravze
845 2166 1235 2223 delectationis
1291 2164 1582 2234 affectum,
1636 2167 1692 2222 id
1742 2173 1827 2223 est

128 2258 338 2313 ﬁlium.

201 2346 374 2402 VERs.
412 2348 499 2399 36.
533 2376 600 2385 —
640 2348 710 2400 Et
755 2345 853 2400 illo
893 2351 1271 2415 perseverante
1314 2347 1374 2399 in
1420 2347 1567 2413 fletu,
1619 2344 1829 2399 Madia-

122 2438 256 2489 nitz
286 2433 651 2489 vendiderunt
687 2433 883 2503 Ioseph
920 2435 979 2487 in
1014 2435 1255 2504 Egypto
1284 2433 1560 2502 Putiphar
1587 2434 1827 2487 eunucho

122 2523 452 2589 Pharaonis,
492 2524 757 2589 magistro
797 2523 1026 2576 militias.
1069 2520 1287 2591 Spiritu
1321 2528 1518 2577 nostro
1552 2520 1691 2577 ﬂetu
1735 2521 1824 2576 di-

123 2626 240 2683 gna
271 2625 451 2681 opera
480 2618 914 2681 perseveranter
951 2619 1174 2681 agente,
1206 2610 1434 2681 Ioseph,
1472 2609 1681 2673 bonus,
1711 2611 1826 2665 sci-

124 2700 254 2756 licet
292 2707 487 2755 noster
516 2698 807 2769 appetitus
837 2697 1098 2767 exemplo
1129 2712 1331 2753 eorum
1365 2698 1465 2767 qui
1515 2698 1583 2753 de
1607 2697 1825 2768 judicio

121 2796 280 2854 sunt,
331 2796 387 2844 et
418 2788 497 2843 ad
536 2786 857 2858 puniendos
907 2787 1213 2856 pertinent,
1256 2785 1540 2857 Egyptize
1585 2785 1827 2842 czecitati

120 2876 544 2933 contradicitur
568 2891 586 2945 ;
616 2875 896 2946 Putiphar
926 2876 1337 2945 interpretatur
1361 2890 1421 2929 os
1450 2877 1723 2929 inclinans
1755 2875 1829 2930 ad
1864 2915 1906 2971 ο

121 2965 526 3020 dissecandum.
579 2963 653 3021 Os
703 2964 1018 3034 appetitum
1072 2978 1322 3034 nequam
1373 2964 1680 3035 signilicat,
1726 2963 1827 3033 qui

123 3068 353 3124 semper
383 3067 601 3124 pronus
626 3062 708 3110 est
740 3053 811 3108 ad
844 3052 1313 3122 disperdendum.
1358 3053 1683 3108 Eunuchus
1721 3060 1824 3119 est,

124 3150 178 3199 et
208 3143 487 3215 magister
526 3142 764 3209 militiae,
804 3142 943 3213 quia
986 3141 1061 3197 ab
1092 3141 1248 3197 omni
1287 3142 1436 3197 bono
1467 3140 1677 3197 sterilis
1721 3149 1824 3210 est,

124 3241 177 3288 et
245 3233 427 3288 totius
496 3230 770 3288 vitiorum
831 3231 1120 3287 exercitus
1191 3230 1471 3301 princeps.
1536 3229 1591 3285 Is
1648 3230 1827 3299 pretio

125 3321 534 3391 temporalium
600 3320 965 3390 voluptatum
1023 3319 1132 3375 sibi
1178 3318 1444 3375 distrahit
1496 3317 1827 3387 proﬁciendi

127 3411 421 3467 allectum.

680 3480 912 3537 CAPUT
953 3480 1271 3537 XXXVIII.

192 3590 369 3647 Vnus.
430 3592 478 3643 l.
514 3619 584 3630 —
614 3589 701 3643 Eo
753 3592 1003 3658 tempore,
1048 3588 1220 3642 Judas
1251 3586 1571 3642 descendens
1618 3603 1652 3640 a
1696 3588 1823 3653 fra-

126 3680 324 3743 tribus,
359 3677 585 3731 divertit
622 3676 695 3730 ad
724 3679 905 3730 virum
943 3676 1339 3740 Odollamitem,
1368 3676 1581 3729 nomine
1612 3675 1822 3728 Hiram.

123 3765 323 3824 ludas.
385 3766 692 3830 confessio;
752 3764 936 3829 lliras,
989 3763 1190 3829 fratris
1237 3763 1343 3815 mei
1397 3762 1534 3815 visio
1591 3759 1824 3815 dicitur.

124 3852 269 3909 Cum
324 3852 557 3908 animus
610 3852 686 3906 ita
729 3864 763 3905 a
814 3865 871 3906 se
920 3850 1221 3915 dividitur,
1283 3849 1557 3905 memoria
1613 3855 1826 3904 sanctae

126 3941 518 4007 confessionis,
570 3954 701 4011 quze
732 3953 912 4009 supra
956 3953 1136 4009 puero
1176 3945 1390 4005 tenero,
1433 3937 1644 3993 scilicet
1690 3951 1824 4006 pro-

130 4031 333 4100 posito,
389 4030 543 4099 parci
590 4027 829 4094 monuit,
864 4042 897 4082 a
926 4027 1199 4098 superbia
1246 4026 1511 4093 fratrum,
1554 4038 1827 4093 corpora-

130 4124 275 4178 lium
304 4118 567 4174 videlicet
597 4116 1033 4182 desideriorum,
1075 4129 1194 4171 sese
1228 4115 1548 4181 demittens,
1597 4113 1828 4170 divertit

131 4225 165 4266 a
221 4207 490 4265 saeculari
533 4206 776 4276 strepitu
823 4206 893 4261 ad
943 4204 1089 4274 ejus,
1141 4205 1244 4275 qui
1289 4218 1422 4260 vere
1456 4203 1667 4260 unicus
1704 4202 1828 4258 fra-

131 4306 216 4355 ter
235 4304 339 4364 est,
372 4296 502 4352 Jesu
541 4294 751 4350 Christi
791 4293 1090 4349 visionem.
1140 4292 1246 4358 Qui
1289 4291 1410 4347 ideo
1457 4292 1547 4347 vir
1589 4290 1827 4361 dicitur,

130 4387 271 4457 quia
303 4386 364 4439 in
405 4398 471 4439 eo
500 4382 580 4437 nil
611 4383 723 4437 nisi
754 4382 986 4438 virtutis
1028 4394 1257 4437 summa
1299 4380 1546 4437 videtur.
1591 4378 1824 4436 Odolla—

131 4475 318 4535 mites,
370 4473 730 4526 testimonium
775 4474 834 4524 in
884 4485 1030 4539 aqua
1074 4476 1254 4524 sonat.
1308 4470 1372 4523 In
1421 4482 1577 4539 aqua
1629 4475 1825 4524 autem

130 4559 490 4634 baptismatis
526 4558 815 4615 Christum
851 4558 1039 4628 ipsum
1082 4557 1379 4613 induimus
1409 4556 1550 4627 (Gut.
1592 4572 1669 4625 ιιι,
1709 4558 1819 4627 27),

126 4652 219 4707 cui
251 4651 393 4706 dum
430 4648 574 4703 facto
617 4646 1083 4704 contradicimus.
1122 4646 1181 4701 in
1226 4645 1336 4700 hac
1367 4659 1522 4715 aqua
1567 4644 1823 4701 testimo-

125 4741 291 4795 nium
318 4745 515 4793 contra
550 4751 653 4791 nos
676 4734 971 4802 ferentem,
994 4735 1133 4790 dum
1163 4735 1212 4789 ei
1246 4734 1489 4790 videndo
1521 4740 1823 4804 tamquam

124 4828 291 4885 fratri
322 4824 690 4891 intendimus,
724 4822 1072 4879 invenimus.

187 4916 364 4973 Vens.
395 4918 449 4969 2.
491 4944 559 4953 —
598 4912 856 4982 Viditque
885 4912 994 4967 sibi
1018 4914 1192 4980 ﬁliam
1229 4912 1460 4966 hominis
1496 4911 1819 4979 Chananzi,

120 5003 381 5059 vocabulo
409 5002 531 5069 Sue,
564 5005 613 5056 et
642 5016 810 5055 umore
835 5005 1075 5070 accepta,
1107 5003 1380 5066 ingressus
1404 5004 1483 5055 est
1510 5000 1584 5053 ad
1601 5015 1739 5055 eam.
1766 4998 1822 5055 Si

122 5091 295 5147 homo
324 5089 585 5146 Christus
620 5094 719 5152 est,
762 5088 1127 5143 Chananzeus
1155 5088 1420 5156 profecto,
1449 5088 1595 5143 sicut
1628 5095 1682 5143 et
1722 5086 1823 5143 Sa-

121 5181 466 5244 maritanus,
495 5176 620 5233 ideo
658 5176 846 5232 dictus
891 5183 998 5243 est,
1050 5176 1190 5246 quia
1235 5177 1351 5245 ipse
1395 5190 1533 5232 vera
1582 5191 1822 5233 suorum

122 5265 366 5324 mutatio
401 5273 502 5321 est.
536 5264 898 5320 Chananeus
927 5264 1102 5331 enim,
1164 5272 1230 5321 ut
1268 5279 1416 5335 saepe
1450 5264 1665 5321 dictum
1714 5267 1818 5332 est,

119 5360 364 5411 mutatus
429 5354 658 5409 dicitur.
723 5354 774 5408 Is
823 5353 993 5408 habet
1040 5351 1237 5420 ﬁliam,
1284 5352 1563 5408 rationem
1611 5352 1823 5409 scilicet

121 5446 307 5515 ipsam
352 5457 484 5513 quae
549 5447 689 5496 I39
743 5456 864 5508 sue,
922 5441 1065 5497 idest
1121 5442 1361 5511 loquens,
1415 5441 1503 5497 vel
1552 5441 1823 5495 cantilena

120 5534 357 5599 dicitur,
392 5531 532 5603 quia
564 5531 687 5601 ipsa
718 5530 835 5587 sola
866 5530 1050 5596 nobis,
1085 5529 1213 5585 aliis
1244 5528 1687 5596 oblatrantibus,
1727 5529 1821 5585 in-

1935 407 2044 467 tus,
2078 413 2182 454 nos
2218 397 2482 455 stimulos
2515 398 2930 468 titillationum,
2964 400 3059 455 sed
3105 400 3470 457 serenitath
3510 418 3627 459 om-

1933 489 2221 544 nimodam
2267 495 2576 558 operatur;
2622 487 2738 543 ﬁlia
2769 496 2963 544 autem
3008 496 3112 554 est,
3160 488 3300 559 quia
3345 489 3470 560 ipsi,
3520 489 3622 561 qui

1933 587 2160 629 summa
2187 575 2333 631 ratio
2357 583 2462 642 est,
2495 575 2698 631 similis
2722 584 2824 633 est.
2865 578 3023 634 Hanc
3067 578 3174 633 sibi
3219 579 3371 634 videt
3421 580 3619 647 ludas,

1933 662 2073 732 quia
2097 676 2222 719 eam
2254 663 2437 720 solum
2468 664 2577 720 sibi
2620 665 2813 720 utilem
2855 667 2923 721 ad
2970 668 3330 737 sequendum
3382 669 3627 725 aestimat

1932 765 2083 806 verse
2131 751 2500 809 confessionis
2550 754 2862 810 humilitas.
2917 755 3164 811 Uxorem
3209 756 3317 811 sibi
3369 757 3620 826 copulat,

1933 839 2071 908 quia
2109 840 2261 895 hanc
2286 855 2388 910 per
2412 848 2800 911 contemptum
2828 841 3023 898 saeculi
3061 843 3273 912 peccati
3304 844 3628 915 cognitione

1933 926 2005 981 ad
2031 928 2324 996 operanda
2356 929 2509 984 bona
2546 929 2830 986 fecundat.
2865 932 3058 999 (Vens.
3100 934 3172 998 3.)
3229 932 3355 998 Qum
3386 937 3624 1004 concepit

1932 1017 2125 1083 ﬁlium,
2175 1020 2491 1086 vocavitque
2526 1033 2715 1072 nomen
2747 1018 2863 1089 ejus
2902 1021 3029 1087 Her,
3060 1021 3163 1090 qui
3215 1021 3627 1091 interpretatur

1932 1104 2251 1159 resurrectio
2302 1107 2384 1159 vel
2428 1108 2651 1174 vigiliae,
2702 1108 2789 1162 vel
2826 1109 3096 1177 pellicius.
3157 1107 3301 1165 Cum
3349 1110 3505 1167 enim
3554 1112 3627 1167 ad

1934 1192 2350 1249 rationabiliter
2406 1194 2716 1251 vivendum
2784 1195 3126 1260 accedimus.
3186 1198 3347 1267 prius
3403 1213 3628 1256 necesse

1932 1290 2016 1337 est
2047 1296 2436 1354 resurgamus.
2468 1283 2820 1355 demumque
2861 1285 2916 1340 in
2956 1287 3135 1341 nostri
3187 1287 3446 1343 custodia
3473 1288 3626 1359 vigi-

1935 1369 2137 1437 lemus,
2194 1372 2333 1442 quia
2390 1379 2512 1441 post
2567 1373 3018 1440 conversionem,
3067 1388 3217 1443 saepe
3263 1383 3623 1432 mortuorum

1933 1472 2170 1528 operum
2204 1460 2498 1527 memoria,
2526 1465 2679 1529 quod
2708 1459 2869 1530 pellis
2888 1460 3175 1531 signiﬁcat
3206 1461 3551 1519 laboramus.

2011 1547 2175 1603 Vnus.
2199 1548 2250 1601 4.
2284 1577 2356 1588 -
2393 1547 2605 1602 Rursus
2635 1555 2880 1618 concepto
2924 1552 3044 1616 fetu
3089 1555 3279 1604 natum
3322 1553 3500 1617 [ilium
3543 1568 3629 1608 no-

1933 1637 2166 1689 minavit
2203 1635 2409 1701 Onam;
2440 1636 2542 1706 qui
2563 1636 2777 1692 dicitur
2805 1653 3004 1692 mceror
3034 1654 3233 1706 eorum,
3268 1640 3422 1709 quod
3445 1639 3628 1696 refer-

1938 1729 2031 1779 tur
2059 1724 2129 1779 ad
2160 1724 2472 1780 fastidium.
2525 1724 2671 1781 Solet
2704 1739 2909 1795 nempe
2957 1740 3031 1781 ex
3074 1726 3411 1784 difficultate
3458 1728 3629 1783 evin-
3727 1757 3732 1761 υ

1935 1812 2247 1867 cendarum
2298 1813 2652 1882 passionum,
2695 1827 2825 1883 quae
2876 1828 2949 1869 ex
2997 1814 3385 1870 recordatione
3431 1816 3628 1871 saeculi

1936 1900 2299 1970 voluptatum
2354 1900 2655 1971 contingit,
2724 1901 3040 1957 maximum
3092 1910 3270 1971 czepto
3340 1904 3627 1974 proposito

1936 1988 2199 2059 generari
2236 1988 2549 2044 fastidium.
2582 1988 2743 2044 Unde
2792 1989 3073 2056 Psalmus,
3128 1992 3368 2059 Omnem,
3413 1990 3624 2062 inquit,

1932 2092 2107 2130 escam
2134 2076 2446 2130 abominata
2475 2083 2553 2131 est
2597 2079 2784 2131 anima
2812 2094 2993 2132 eorum
3029 2079 3201 2148 (Psal.
3235 2093 3349 2147 CVI,
3392 2081 3476 2151 l8)
3510 2089 3620 2137 etc.

1943 2165 2126 2235 Usque
2164 2165 2237 2218 ad
2270 2169 2460 2234 portas
2488 2165 2642 2221 enim
2681 2170 2887 2233 mortis,
2922 2166 2978 2222 id
3007 2174 3091 2222 est
3138 2182 3321 2238 usque
3369 2168 3442 2224 ad
3490 2169 3628 2225 reli—

1936 2252 2120 2323 gionis
2162 2252 2535 2308 desertionem
2584 2260 2930 2323 torquentur
2972 2254 3154 2311 sancti
3187 2255 3422 2312 aestibus
3467 2256 3627 2327 cogi-

1935 2340 2187 2396 tationis.
2232 2341 2430 2411 (Vsus.
2494 2342 2572 2410 5.)
2631 2343 2864 2397 Tertium
2921 2358 3132 2412 quoque
3184 2346 3410 2413 peperit,
3471 2361 3628 2413 quem

1934 2431 2235 2499 appellavit
2271 2430 2415 2496 Sela,
2450 2430 2551 2500 qui
2584 2431 2778 2484 umbra
2825 2432 2942 2499 ejus
2989 2431 3421 2501 interpretatur,
3472 2434 3627 2504 quod

1936 2518 2008 2573 ad
2037 2519 2217 2574 sancti
2260 2519 2497 2589 spiritus
2538 2519 2942 2589 protectionem
2978 2518 3244 2576 refertur.
3282 2521 3439 2577 Facit
3473 2523 3628 2578 enim

1936 2609 2054 2677 ipse
2105 2615 2467 2678 proventum,
2522 2614 2587 2664 ut
2636 2608 2831 2663 tentati
2883 2609 3164 2664 sustinere
3214 2609 3516 2679 possimus.
3564 2612 3627 2665 In

1935 2696 2164 2752 duobus
2209 2696 2518 2766 praemissis
2548 2695 2865 2752 clamamus
2914 2697 3312 2766 parturientes,
3352 2699 3411 2754 in
3462 2699 3627 2755 tertio

1937 2785 2228 2841 masculus
2271 2786 2546 2851 nascitur,
2601 2785 2705 2855 qui
2740 2785 2813 2840 ad
2860 2785 3135 2842 thronum
3187 2787 3307 2853 Dei,
3357 2794 3420 2843 ut
3467 2795 3630 2859 regat

1936 2872 2104 2945 virga
2152 2873 2334 2929 ferrea
2365 2872 2530 2944 (Psal.
2574 2889 2632 2941 ιι,
2668 2873 2720 2944 9)
2771 2888 2954 2944 genus
2990 2889 3123 2930 cum
3168 2875 3420 2945 quadam
3467 2890 3627 2932 eme-

1938 2961 2060 3017 rita:
2116 2961 2587 3031 impassibilitatis
2646 2961 2854 3032 palma,
2919 2963 3271 3032 provehitur.
3327 2965 3443 3029 Quo
3498 2969 3628 3019 nato

1931 3065 2126 3118 parere
2172 3051 2321 3105 ultra
2358 3054 2607 3118 cessavit,
2657 3051 2797 3120 quia
2846 3057 3151 3121 postquam
3200 3051 3272 3107 ad
3320 3051 3629 3122 perfectam

1935 3138 2271 3195 charitatem
2310 3153 2471 3194 mens
2503 3139 2843 3209 pervenerit,
2873 3139 2995 3210 jam
3026 3154 3139 3196 non
3171 3143 3229 3197 iu
3261 3140 3453 3196 dolore
3489 3141 3631 3198 ﬁlios

1936 3226 2105 3296 parit,
2137 3228 2275 3297 quia
2304 3226 2589 3298 quidquid
2620 3229 2737 3299 agit
2758 3228 2879 3299 jam
2911 3229 3076 3299 quasi
3099 3242 3172 3284 ex
3198 3231 3453 3286 naturali
3483 3230 3622 3287 faci-

1935 3316 2093 3372 litate
2120 3315 2432 3387 consurgit.

2007 3404 2181 3461 Vaus.
2212 3406 2271 3459 6.
2310 3435 2378 3443 —
2411 3405 2570 3459 Dedit
2595 3410 2774 3461 autem
2801 3406 2987 3461 Judas
3016 3422 3241 3462 umorem
3267 3410 3630 3478 primogenita

1933 3508 2029 3548 suo
2071 3494 2195 3547 Her.
2239 3494 2453 3546 nomine
2509 3493 2766 3559 Thamar,
2823 3491 2961 3558 Quae
3019 3494 3331 3548 amaritudo
3390 3494 3625 3551 dicitur.

1936 3580 2285 3651 Disciplina;
2322 3594 2574 3650 namque
2603 3579 3047 3636 amaritudinem
3098 3581 3475 3637 tentationum
3522 3581 3634 3637 ille-

1935 3670 2120 3726 cebris
2148 3683 2432 3738 apponere
2477 3668 2772 3735 debemus,
2814 3683 2945 3739 quae
2987 3668 3221 3739 quidem
3273 3669 3330 3724 in
3364 3670 3631 3739 praesenti

1935 3757 2341 3815 amaritudinis
2370 3764 2474 3824 est,
2517 3757 2614 3813 sed
2662 3757 2915 3813 fructum
2965 3756 3396 3827 pacatissimum
3436 3757 3633 3815 reddet

1935 3846 2263 3904 exercitatis
2282 3846 2339 3901 in
2367 3860 2435 3901 ea
2464 3845 2650 3915 (Hebr.
2682 3860 2783 3913 xu,
2813 3845 2919 3916 ll).

2007 3935 2179 3992 VEns.
2225 3939 2276 3988 7.
2330 3963 2398 3974 —-
2445 3936 2573 3989 Fuit
2615 3950 2825 4004 quoque
2871 3935 2981 3988 Her
3023 3936 3414 4004 primogenitus
3455 3934 3630 4001 Iudae,

1935 4040 2168 4093 nequam
2221 4026 2282 4077 in
2329 4028 2611 4093 conspectu
2661 4025 2894 4092 Domini,
2950 4029 3001 4078 et
3045 4024 3115 4078 ab
3170 4040 3227 4079 eo
3278 4027 3480 4080 occisus
3531 4029 3630 4081 est.

1935 4111 2152 4168 Occidit
2196 4111 2347 4166 Deus
2389 4112 2502 4167 Her
2549 4111 2607 4167 in
2657 4119 2960 4181 conspectu
3013 4126 3117 4167 suo
3167 4125 3440 4183 nequam,
3492 4113 3631 4170 dum

1939 4200 2225 4256 incentiva
2266 4199 2574 4256 libidinum
2605 4208 2717 4256 tam
2764 4200 3151 4270 spiritualium
3198 4215 3376 4272 quam
3422 4216 3632 4272 corpo-

1937 4288 2169 4357 ralium,
2194 4303 2325 4358 qua;
2371 4289 2519 4345 Deus
2561 4303 2662 4358 per
2692 4288 2943 4345 maxime
2981 4288 3288 4359 improbat,
3321 4290 3379 4345 in
3411 4290 3627 4356 anima,

1936 4390 2067 4448 quae
2122 4375 2243 4432 sola
2296 4376 2404 4433 sibi
2459 4376 2770 4447 conspicua
2833 4384 2935 4443 est,
2989 4376 3203 4433 virtute
3249 4378 3630 4434 constabilitas

1935 4464 2174 4520 rationis
2200 4463 2494 4520 interimit.
2532 4464 2720 4534 (Vsus.
2755 4462 2833 4535 8.)
2872 4466 3131 4533 Dixitque
3160 4467 3333 4521 Iudas
3359 4466 3433 4520 ad
3457 4467 3629 4522 Onam

1929 4555 2105 4624 ﬁlium
2125 4569 2319 4609 suum:
2346 4555 2632 4623 Ingredere
2660 4554 2736 4609 ad
2756 4571 2976 4609 umorem
2996 4557 3194 4620 fratris
3219 4558 3319 4624 tui,
3344 4562 3397 4612 et
3424 4559 3630 4611 sociare

1933 4645 2037 4707 illi,
2073 4649 2132 4699 ut
2172 4645 2395 4699 suscites
2434 4659 2609 4699 semen
2645 4645 2820 4710 fratri
2863 4649 2971 4698 tuo.
3019 4642 3304 4714 Loquitur
3339 4646 3512 4699 Iudas
3555 4644 3631 4699 ad

1933 4734 2126 4799 Onam,
2160 4745 2294 4788 cum
2324 4731 2620 4787 humilitas
2657 4730 3024 4786 confessionis
3053 4737 3107 4786 et
3155 4730 3504 4800 poenitentiae
3534 4731 3628 4786 in-

1931 4819 2138 4876 format
2156 4819 2365 4875 acediae
2391 4818 2738 4875 mmstitiam.
2769 4818 2947 4874 Filius
2984 4825 3178 4875 autem
3220 4826 3323 4886 est,
3368 4819 3508 4889 quia
3553 4833 3628 4875 ex

1930 4908 2223 4964 occasione
2263 4922 2382 4964 sure
2415 4906 2655 4963 actionis
2694 4914 2866 4962 natus
2904 4906 3019 4975 ipse
3048 4905 3303 4962 defectus
3341 4914 3443 4963 est.
3477 4906 3626 4963 Con-

1930 4995 2166 5062 sociare,
2242 4995 2448 5066 inquit,
2511 4994 2616 5064 piae
2671 4994 3070 5062 amaritudini,
3129 5003 3183 5050 et
3239 4994 3628 5066 intelligenter

1932 5084 2099 5157 quasi
2156 5084 2530 5156 ingrediendo
2580 5092 2832 5154 penetra,
2881 5090 2937 5140 et
2990 5084 3175 5141 insere
3224 5092 3277 5141 te
3333 5085 3629 5156 przesentis

1931 5173 2126 5230 saeculi
2159 5172 2538 5241 tribulationi,
2567 5171 2735 5243 quasi
2775 5171 3000 5228 fructus
3035 5181 3279 5230 aeternos
3325 5174 3428 5230 tibi
3480 5174 3627 5245 pari-

1932 5269 2077 5319 turae
2107 5262 2362 5334 conjugi,
2396 5267 2459 5317 ut
2499 5263 2671 5329 fratri
2697 5265 2808 5330 tuo,
2841 5260 3018 5316 motui
3057 5261 3270 5318 scilicet
3312 5262 3625 5332 corporali,

1929 5352 2153 5407 suscites
2188 5366 2384 5417 semen,
2435 5350 2490 5405 id
2541 5357 2627 5406 est
2671 5349 3056 5420 posteritatem
3104 5351 3342 5421 superni
3383 5351 3624 5421 praemii.

1932 5441 2137 5510 Corpus
2187 5440 2338 5496 enim
2406 5444 2676 5495 mortuum
2725 5444 2805 5495 est
2855 5446 3078 5511 propter
3113 5445 3392 5510 peccatum
3450 5441 3625 5511 (Rom.

1930 5543 2052 5597 VIII,
2092 5522 2205 5599 l0),
2237 5527 2452 5585 suscita
2470 5542 2607 5598 ergo
2634 5528 2773 5584 illud
2806 5542 2907 5599 per
2921 5528 3158 5601 justitize
3188 5536 3403 5586 actum.
