3904 6066
259 218 363 269 263

1162 208 1219 260 ν.
1261 201 1590 259 GUIBERTI
1629 198 1926 256 ABBATIS
1964 199 2019 253 S.
2064 198 2304 253 MARl/E
2344 196 2434 252 DE
2472 196 2860 252 NOVIGENTO

3664 201 3775 252 ‘26-'1-

336 345 516 401 Vans.
569 346 620 398 9.
646 372 715 381 ——
744 342 849 395 Ille
879 343 1057 393 autem
1095 339 1265 391 sciens
1296 348 1402 388 non
1450 333 1559 386 sibi
1591 332 1746 384 nasci
1792 330 1953 398 filios,
1994 330 2036 382 Α
2066 325 2320 382 ascendit
2346 325 2418 381 ad
2459 325 2775 381 tondendas
2795 339 2951 390 oves,
2984 339 3116 381 cum
3166 326 3359 382 fervor
3403 334 3457 382 et
3502 326 3772 382 studium

267 435 528 488 introieris
569 430 644 485 ad
702 444 921 483 umorem
971 427 1168 493 fratris
1210 425 1316 489 sui,
1361 436 1534 476 semen
1584 417 1851 486 fundebat
1899 418 1959 469 in

269 526 490 587 terram,
530 535 596 573 ne
638 519 797 572 liberi
841 516 1042 581 fratris
1089 514 1301 566 nomine
1339 512 1704 564 nascerentur.
1757 503 1960 560 Introit

266 610 342 664 ad
397 623 639 673 uxorem,
699 605 835 660 dum
879 600 1289 658 considerando
1344 596 1599 668 pervidet
1648 592 1959 662 disciplinae

267 695 715 769 gravitudinem.
770 692 883 747 Scit
928 691 1038 745 sibi
1064 704 1171 743 non
1214 690 1367 741 nasci
1410 687 1572 754 filios,
1620 682 1760 753 quia
1802 681 1959 735 novit

267 784 448 841 animi
500 782 759 838 inertiam
806 781 877 835 ad
927 777 1290 849 proferendos
1345 771 1689 845 poenitentiae
1738 770 1961 825 fructus

266 873 489 945 dignos.
524 873 710 927 Semen
750 868 939 925 fundit
986 871 1047 922 in
1086 870 1307 932 terram,
1359 877 1492 919 cum
1544 862 1758 917 bonum
1805 856 1961 945 quod

267 963 385 1034 agit
414 961 584 1016 vertit
607 960 661 1015 in
696 967 982 1014 terrenam
1024 955 1284 1025 gloriam.
1316 952 1508 1024 (Vens.
1564 951 1674 1019 lO.)
1710 944 1961 1034 Perculit

266 1063 398 1105 eum
441 1049 593 1104 Deus
624 1047 779 1118 quod
819 1042 1227 1100 detestabiliter
1273 1042 1461 1105 faciat,
1504 1039 1645 1109 quia
1674 1042 1775 1092 aut
1801 1033 1958 1104 judi-

266 1137 489 1193 cialiter
518 1135 706 1206 punit,
734 1133 821 1189 vel
868 1146 1103 1203 quoquo
1134 1138 1295 1200 pacto
1347 1127 1643 1199 arguendo
1694 1122 1952 1193 corrigit,

266 1227 406 1282 dum
439 1239 559 1281 sum
578 1224 682 1279 sibi
714 1222 989 1292 nequitia:
1015 1220 1307 1275 horrorem
1337 1216 1601 1272 ostendit.
1626 1213 1819 1282 (Vens.
1847 1212 1961 1279 ll.)

269 1315 440 1381 Quam
471 1314 533 1366 ob
578 1328 689 1365 rem
729 1312 880 1362 dixit
928 1307 1099 1360 Judas
1151 1306 1398 1360 Thamar
1444 1305 1611 1356 nurui
1642 1316 1789 1355 sum:
1833 1302 1960 1353 Esto

264 1402 436 1456 vidua
484 1406 541 1455 in
591 1401 745 1453 domo
799 1400 976 1466 patris
1029 1399 1127 1460 tui,
1180 1396 1339 1448 donec
1391 1398 1593 1445 crescat
1646 1392 1768 1444 Sela
1815 1390 1961 1456 filius

266 1504 413 1543 meus
439 1503 453 1557 ;
491 1487 709 1541 timebat
737 1487 879 1538 enim
907 1499 970 1535 ne
999 1488 1048 1535 et
1091 1485 1206 1549 ipse
1243 1485 1557 1544 moreretur,
1590 1480 1730 1531 sicut
1756 1479 1960 1543 fratres

268 1580 372 1632 sui.
408 1577 531 1642 Quae
556 1575 696 1628 abiit
723 1579 773 1626 et
808 1572 1077 1624 habitavit
1104 1572 1163 1622 in
1202 1568 1354 1621 domo
1383 1570 1561 1635 patris
1592 1567 1697 1619 sui.
1725 1564 1959 1620 Confes-

269 1663 447 1719 sionis
476 1661 773 1717 humilitas
801 1658 873 1714 ad
902 1658 1172 1723 Thamar,
1221 1655 1276 1709 id
1308 1662 1390 1709 est
1421 1652 1735 1723 disciplinae
1765 1658 1961 1706 custo-

269 1752 423 1807 diam
504 1764 561 1805 se
625 1754 982 1811 convertens,
1046 1756 1345 1814 cognosce,
1416 1743 1623 1811 inquit,
1686 1752 1960 1810 Sponsum

271 1845 459 1906 tuum,
512 1853 613 1908 pro
662 1844 713 1891 te
754 1835 1044 1890 Christum
1091 1839 1406 1897 mortuum,
1459 1828 1784 1899 praestolare
1825 1841 1963 1897 ergo

272 1929 424 1984 intra
466 1924 891 1987 conscientiam,
945 1935 1075 1992 quae
1107 1921 1311 1975 domus
1361 1918 1461 1973 Dei
1507 1917 1689 1973 Patris
1736 1917 1821 1972 tui
1858 1923 1959 1983 est,

272 2024 651 2087 augmentum
709 2013 928 2085 gratiae,
985 2024 1115 2080 quae
1180 2009 1279 2064 tibi
1333 2008 1659 2074 obumbret,
1717 2005 1964 2076 Spiritus

272 2105 475 2172 sancti,
509 2119 639 2174 quae
662 2101 1017 2172 paracletum
1057 2098 1267 2153 habeas
1311 2098 1431 2152 vice
1478 2095 1670 2166 sponsi
1720 2096 1825 2161 tui,
1868 2094 1962 2149 cui

272 2200 554 2263 tanquam
602 2191 717 2246 ﬁlio
760 2188 940 2245 divini
985 2183 1603 2256 eloquiilnutrimentis
1640 2183 1842 2239 alendo
1884 2182 1965 2237 in-

272 2281 456 2347 sistas,
486 2294 656 2351 quem
694 2287 885 2335 tamen
918 2284 981 2332 tu
1008 2274 1333 2344 conceperis
1377 2287 1451 2329 ex
1507 2272 1762 2327 libertate
1803 2269 1964 2325 arbi-

273 2370 385 2426 trii.
417 2369 597 2424 Timet
617 2368 766 2424 enim
789 2367 926 2422 dum
950 2364 1030 2420 sic
1055 2378 1112 2419 se
1136 2361 1499 2418 monimentis
1519 2374 1679 2416 mens
1702 2360 1961 2425 innovat,

273 2473 346 2515 ne
378 2458 668 2522 tentando,
703 2464 768 2513 ut
801 2454 1022 2525 pridem
1050 2452 1420 2523 periclitetur,
1448 2459 1503 2506 et
1532 2449 1772 2506 decidat.
1810 2448 1965 2503 Facit

273 2561 409 2617 ergo
444 2547 544 2602 ita.

345 2636 517 2691 Vnus.
557 2637 635 2688 l2.
667 2663 735 2672 —
767 2633 1011 2688 Evolutis
1057 2634 1235 2683 autem
1276 2630 1461 2683 multis
1494 2628 1705 2693 diebus,
1752 2630 1966 2680 mortua

275 2728 353 2779 est
403 2724 525 2790 Sue,
576 2739 716 2776 umor
766 2720 939 2775 Judas.
1002 2721 1109 2785 Qui
1161 2723 1282 2787 post
1348 2718 1548 2772 luctum
1611 2716 1968 2770 consolatione

275 2815 543 2879 suscepta,
597 2808 917 2863 ascendebat
953 2806 1027 2859 ad
1071 2812 1305 2861 tonsores
1347 2807 1528 2859 ovium
1573 2819 1813 2864 suarum,
1851 2803 1968 2871 ipse

2067 420 2278 468 sanctae
2307 413 2777 479 conversationis,
2815 426 2946 482 quae
2979 412 3210 483 quidem
3256 414 3440 483 primo
3469 426 3674 469 amara
3716 422 3775 469 et

2069 510 2318 572 angusta
2363 509 2465 568 est,
2512 501 2608 556 sed
2640 509 2763 570 post
2814 501 2937 556 laeto
2993 502 3225 571 latoque
3277 503 3447 557 corde
3483 502 3770 569 curritur,

2069 591 2276 647 nuntio
2304 589 2483 645 divini
2509 589 2670 644 verbi
2700 589 2787 645 vel
2819 589 3063 659 Spiritus
3100 590 3281 645 sancti
3315 590 3595 661 tangitur,
3627 599 3777 646 etut

2075 693 2273 735 verum
2327 678 2706 733 confessorem
2765 679 3027 733 animum
3072 678 3433 734 abscidendis
3480 678 3777 750 cogitatio-

2070 782 2210 824 num
2239 766 2738 837 superﬂuitatibus
2791 766 3178 822 intendentem
3217 766 3631 836 subsequatur,
3668 782 3776 822 ac-

2070 856 2352 912 cenditur.
2416 855 2493 923 (S.
2548 855 2757 910 BENED.
2826 855 3036 924 prolog.
3111 857 3332 924 regula,
3393 857 3491 910 sub
3548 856 3772 925 ﬁnem.)

2070 944 2311 1015 Deponit
2333 944 2628 1001 viduitatis
2659 952 2860 1013 vestes,
2895 958 3026 1000 cum
3053 943 3318 1000 humiliat
3345 958 3542 1001 amore
3569 947 3771 1015 sponsi

2069 1047 2169 1103 pro
2200 1048 2258 1089 se
2297 1035 2507 1089 mortui
2538 1033 2801 1089 virtutes.
2849 1034 3164 1088 Teristrum
3206 1033 3359 1103 quod
3401 1042 3505 1099 est,
3555 1048 3776 1089 secun—

2069 1119 2210 1175 dum
2240 1122 2485 1192 aliquos,
2520 1121 2607 1176 vel
2640 1120 2820 1177 aestivi
2858 1121 3215 1191 operimenti,
3251 1123 3338 1178 vel
3377 1122 3523 1192 pepli
3560 1138 3771 1194 genus,

2071 1210 2332 1273 assumit,
2377 1224 2510 1265 cum
2562 1210 2891 1280 puritatem,
2939 1210 3029 1265 vel
3073 1210 3491 1281 simplicitatem
3560 1210 3774 1276 animi,

2070 1298 2171 1368 qui
2204 1308 2375 1367 caput
2405 1298 2633 1365 dicitur,
2668 1298 2757 1353 vel
2802 1313 3039 1368 operum
3090 1300 3334 1355 nitorem
3381 1301 3606 1370 accipit.
3657 1301 3775 1355 Ha-

2073 1385 2255 1442 bitum
2300 1395 2502 1451 mutat,
2548 1402 2680 1441 cum
2711 1396 2926 1443 statum
2977 1389 3182 1443 mentis
3230 1389 3488 1444 innovat.
3524 1391 3593 1442 In
3627 1392 3776 1442 bivio

2069 1476 2304 1540 itineris,
2349 1476 2493 1543 quod
2548 1476 2700 1529 ducit
2747 1477 3046 1531 Thamnam
3094 1477 3270 1543 sedet,
3319 1493 3433 1533 non
3475 1478 3569 1533 illo
3608 1493 3774 1544 sane,

2072 1554 2187 1633 quo
2256 1564 2504 1619 dicitur:
2573 1566 2660 1618 Vae
2725 1565 3058 1633 ingredienti
3120 1572 3320 1620 terram
3387 1567 3600 1620 duabus
3666 1570 3777 1621 viis

2072 1653 2260 1719 (Eccli.
2298 1670 2355 1720 ιι,
2412 1653 2515 1723 14),
2564 1653 2662 1709 sed
2700 1653 2812 1721 illo,
2867 1669 2983 1723 quo
3017 1654 3088 1708 ad
3136 1655 3318 1710 Deum
3369 1668 3469 1725 per
3514 1670 3772 1711 amorem

2071 1741 2344 1808 tenditur,
2377 1748 2432 1795 et
2460 1741 2516 1795 in
2540 1742 2789 1811 proximi
2834 1742 3169 1798 charitatem
3200 1743 3486 1811 ﬂectitur;
3522 1759 3641 1815 quo
3680 1758 3771 1799 re-

2068 1844 2208 1885 vera
2240 1829 2439 1885 itinere
2466 1829 2537 1884 ad
2562 1831 3149 1901 comipunerationem
3177 1847 3310 1887 vere
3344 1832 3595 1888 ﬁdelium
3630 1833 3771 1888 itur.

2072 1917 2276 1972 Sedere
2313 1925 2507 1972 autem
2555 1931 2920 1986 perseverare
2965 1925 3067 1974 est.
3105 1919 3221 1973 Hoc.
3264 1919 3388 1974 idco
3426 1919 3578 1989 facit,
3629 1921 3775 1991 quia

2071 2004 2213 2072 Sela,
2245 2005 2299 2059 id
2326 2014 2409 2061 est
2434 2006 2749 2075 spiritualis
2775 2006 2876 2076 qui
2912 2022 3014 2062 nos
3038 2007 3346 2063 obumbrat
3376 2021 3537 2063 amor
3567 2009 3775 2064 crescit

2071 2094 2302 2164 quidem
2335 2095 2597 2156 interius,
2630 2095 2725 2150 sed
2758 2110 2871 2150 non
2914 2095 2990 2150 ita
3015 2096 3173 2166 jugis
3201 2104 3254 2151 et
3296 2096 3660 2167 individuus,
3710 2104 3773 2153 ut

2069 2195 2293 2251 semper
2324 2182 2612 2238 adhaereat
2642 2183 2809 2252 quasi
2836 2183 3098 2239 maritus.

2142 2273 2312 2329 Vnus.
2354 2275 2433 2327 l5.
2481 2304 2550 2311 —
2583 2273 2755 2339 Quam
2804 2288 2924 2327 cum
2970 2273 3199 2328 vidisset
3244 2274 3416 2328 Judas
3456 2277 3773 2344 suspicatus

2073 2366 2152 2417 est
2202 2377 2312 2415 esse
2362 2364 2739 2428 meretricem;
2798 2366 3086 2430 operuerat
3135 2364 3278 2416 enim
3330 2364 3538 2417 vultum
3583 2378 3768 2429 suum,

2069 2465 2135 2503 ne
2173 2454 2590 2516 cognosceretur.
2635 2450 2813 2504 Judas
2846 2449 3202 2505 meretricem
3240 2450 3589 2519 suspicatur,
3633 2466 3770 2507 cum

2070 2551 2196 2593 eam
2225 2540 2501 2606 intuetur,
2548 2536 2687 2607 quia
2718 2537 2930 2607 saepius
2972 2537 3328 2593 considerato
3360 2552 3479 2593 suae
3526 2539 3773 2594 actionis

2072 2626 2254 2693 initio,
2280 2624 2687 2695 pienitentialis
2718 2624 3013 2681 humilitas
3056 2639 3170 2680 non
3220 2640 3319 2695 pro
3366 2634 3582 2681 aeterna
3619 2642 3775 2683 mer-

2074 2715 2227 2782 cede,
2262 2714 2415 2784 quod
2441 2714 2589 2768 Deus
2622 2721 2724 2780 est,
2758 2713 2854 2768 sed
2899 2728 3003 2784 pro
3035 2713 3191 2769 inani
3237 2714 3433 2785 aliquo
3472 2716 3773 2771 commodo

2073 2810 2305 2859 veretur
2325 2801 2395 2857 ad
2422 2801 2565 2857 bene
2591 2802 2880 2873 agendum
2908 2816 2965 2857 se
2992 2802 3242 2871 incitari,
3270 2803 3409 2858 dum
3440 2803 3517 2857 ita
3544 2803 3773 2859 nebulis

275 2903 327 2953 et
366 2901 529 2953 (liras
578 2897 744 2966 opilio
775 2897 955 2963 gregis
988 2894 1337 2951 Odollamites
1378 2895 1435 2946 in
1471 2894 1760 2947 Thamnas.
1801 2891 1968 2945 Evol-
2005 2911 2045 2965 ο
2075 2891 2487 2963 cogitationum
2539 2891 2871 2947 intentionis
2903 2891 3190 2959 voluntas,
3224 2893 3374 2962 quod
3420 2901 3503 2948 est
3547 2893 3769 2960 vultus,

276 2994 499 3043 vuntur
527 2985 667 3052 dies,
694 2997 823 3039 cum
845 2982 1053 3038 sensim
1079 2995 1174 3051 per
1195 2989 1450 3052 teporem
1483 2979 1658 3036 animi
1694 2979 1968 3035 deﬁciunt

274 3075 538 3131 virtutes.
578 3074 682 3129 Sue
728 3073 876 3127 Umor
908 3072 1063 3125 Judz
1112 3073 1376 3137 moritur,
1430 3080 1563 3125 cum
1611 3068 1776 3135 ratio,
1836 3080 1968 3136 quae

276 3163 440 3219 nobis
495 3161 765 3231 spiritum
828 3159 1076 3215 lenitatis
1136 3159 1410 3224 incentat,
1459 3165 1517 3213 et
1558 3170 1734 3226 quam
1788 3155 1968 3225 pietas

275 3250 646 3307 confessionis
688 3249 1050 3319 imprzegnat,
1099 3246 1467 3311 destituitur;
1511 3260 1642 3316 quae
1683 3259 1815 3300 cum
1843 3249 1968 3313 post

277 3340 476 3394 luctum
524 3337 736 3409 peccati
784 3336 1228 3392 consolationem
1271 3334 1453 3390 veniae
1492 3334 1854 3403 suscepisset,
1894 3346 1967 3388 ne

276 3426 637 3497 postmodum
711 3427 771 3481 in
825 3424 1024 3495 aliqua
1080 3423 1287 3478 animae
1345 3421 1698 3477 relaberetur
1766 3420 1963 3487 exitia,

277 3515 529 3571 ascendit
582 3527 889 3585 progressu
947 3511 1153 3567 mentis
1194 3510 1266 3567 ad
1295 3524 1495 3567 eorum
1538 3509 1801 3579 exempla
1828 3523 1966 3563 san-

276 3611 521 3671 ctorum,
573 3616 673 3672 per
717 3615 862 3672 quos
901 3598 1335 3655 absciderentur
1365 3610 1399 3652 a
1441 3596 1799 3667 simplicibus
1844 3596 1966 3652 suis

276 3692 618 3764 cogitatibus
649 3704 804 3747 curae
844 3687 1136 3745 saecularis
1179 3687 1497 3757 superflua.
1552 3685 1839 3754 Ascendit,
1890 3686 1969 3739 in-

276 3796 475 3853 quam,
541 3783 602 3835 in
665 3781 957 3833 Thamnas.
998 3777 1273 3831 Thamnae
1322 3776 1773 3845 interpretantur
1838 3774 1966 3843 deﬁ-

276 3874 492 3937 cientes,
525 3869 615 3924 vel
654 3869 885 3933 numeri,
928 3865 1014 3921 vel
1060 3866 1259 3934 ﬁdeles.
1292 3865 1670 3920 Promovetur
1708 3875 1846 3933 ergo
1893 3862 1966 3918 ad

277 3960 385 4015 hoc
411 3966 476 4014 ut
508 3957 756 4028 primum
802 3954 861 4009 in
892 3970 949 4010 se
989 3953 1234 4021 deﬁciat,
1271 3960 1324 4008 et
1362 3952 1418 4006 in
1460 3953 1574 4007 Deo
1605 3949 1865 4020 proﬁciat
1903 3957 1968 4005 ut

275 4048 358 4103 sic
391 4046 463 4101 ad
512 4057 821 4101 numerum
872 4042 1122 4099 ﬁdelium
1172 4042 1479 4112 pertingat.
1523 4042 1642 4108 Ipse
1679 4038 1875 4108 itaque
1916 4042 1968 4092 et

274 4138 460 4202 Hiras,
523 4147 696 4204 quem
768 4131 1057 4190 Christum
1113 4130 1370 4186 diximus
1429 4127 1699 4198 ﬁgurare,
1755 4124 1967 4195 pariter

2074 2981 2381 3051 obtegitur,
2434 2987 2497 3035 ut
2548 2980 2792 3035 discerni
2834 2980 2935 3035 vix
2985 2980 3161 3050 possit
3213 2995 3332 3051 qua
3385 2982 3524 3051 quid
3578 2991 3772 3037 mente

2075 3077 2328 3140 geratur.
2390 3069 2585 3136 (Vnus.
2666 3071 2768 3130 l6.)
2834 3069 3260 3137 Ingrediensque
3317 3070 3391 3122 ad
3438 3086 3577 3136 eam,
3648 3075 3767 3124 ait:

2075 3161 2293 3213 Dimitte
2338 3173 2419 3211 me
2473 3162 2535 3210 ut
2583 3172 2759 3211 coeam
2817 3162 3024 3211 tecum:
3089 3158 3369 3213 Nesciebat
3429 3161 3570 3212 enim
3622 3159 3771 3227 quod

2071 3262 2243 3302 nurus
2285 3262 2387 3301 sua
2441 3250 2594 3299 esset.
2647 3245 2735 3301 Ad
2778 3260 2904 3302 eam
2950 3246 3275 3317 ingreditur
3320 3261 3453 3302 cum
3494 3246 3771 3303 interiora

2073 3334 2344 3407 propositi
2374 3334 2459 3390 sui
2483 3334 2876 3390 ratiocinando
2898 3342 3212 3390 scrutatur.
3245 3335 3532 3402 Permitte,
3552 3336 3767 3406 inquit,

2073 3427 2136 3475 ut
2184 3422 2552 3477 confessionis
2590 3430 2801 3477 sanctae
2838 3436 3001 3477 amor
3032 3422 3132 3479 tibi
3164 3423 3596 3495 immisceatur;
3630 3424 3771 3480 tibi~

2073 3523 2186 3579 que
2211 3524 2436 3579 semper
2465 3510 2777 3567 incumbat.
2803 3510 2989 3566 Nescit
3014 3511 3187 3579 enim,
3212 3511 3267 3567 id
3296 3520 3398 3579 est,
3433 3526 3547 3567 non
3574 3513 3770 3569 adhuc

2071 3598 2371 3667 experitur
2421 3599 2573 3669 quod
2619 3598 2762 3667 Sela,
2826 3599 2881 3655 id
2940 3606 3024 3655 est
3080 3600 3399 3670 spiritualis
3450 3600 3769 3657 dilectionis

2072 3686 2300 3751 umbra,
2335 3694 2391 3743 et
2418 3687 2780 3757 protectione,
2818 3688 2984 3758 quasi
3027 3688 3217 3744 mariti
3250 3690 3606 3757 auctoritate,
3638 3705 3767 3746 mu-

2072 3774 2285 3831 niatur.
2323 3776 2404 3831 Ac
2428 3775 2475 3831 si
2517 3776 2704 3831 dicat:
2736 3775 2879 3841 Quia
2911 3776 3193 3833 fervorem
3235 3778 3474 3848 spiritus
3517 3778 3765 3833 necdum

2073 3854 2293 3932 sentio;
2322 3865 2518 3919 saltem
2563 3865 2725 3921 fruar
2778 3865 3125 3936 poenitentia
3164 3865 3430 3922 lamento.
3484 3867 3632 3931 Quid
3678 3867 3766 3922 in-

2073 3952 2219 4021 quit.
2252 3953 2390 4005 mihi
2415 3952 2574 4006 dabis
2607 3959 2667 4006 ut
2687 3956 2902 4020 fruaris
2931 3955 3214 4009 concubitu
3245 3971 3362 4009 meo
3382 3959 3410 4009 Υ
3434 3955 3624 4025 (Vens.
3657 3955 3763 4026 Π.)

2071 4039 2201 4095 Ait:
2225 4041 2451 4094 Mittam
2482 4041 2584 4094 tibi
2624 4042 2840 4097 haedum
2887 4042 2953 4096 de
2980 4043 3253 4111 gregibus.
3290 4043 3342 4098 Si
3390 4043 3529 4098 mihi
3558 4058 3765 4099 conso-

2073 4126 2210 4184 ciari
2271 4129 2597 4199 paenitentis
2650 4138 2705 4185 et
2761 4130 3011 4187 timentis
3059 4145 3213 4187 more
3262 4131 3568 4197 desideras,
3624 4133 3764 4201 quia

273 4229 542 4294 pergunt,
594 4226 737 4276 I40
788 4221 926 4291 quia
973 4233 1159 4275 mores
1214 4232 1346 4275 eum
1401 4216 1492 4272 sui
1549 4214 1623 4270 ab
1671 4215 1791 4284 ipso
1848 4227 1964 4269 non
2004 4212 2323 4273 Dnecdum
2371 4216 2656 4274 ferventer
2714 4232 2893 4285 amas,
2949 4217 3041 4274 die
3092 4218 3232 4289 quid
3286 4218 3424 4273 mihi
3483 4219 3761 4275 conferas.

274 4311 559 4368 dividunt.
614 4309 796 4380 Opilio
841 4309 1051 4365 dicitur
1100 4308 1481 4362 mercenarius.
1542 4303 1960 4359 Mercenarium

275 4407 467 4457 autem
490 4398 779 4454 Christum
818 4412 883 4453 eo
912 4396 1158 4453 dixerim
1184 4395 1370 4463 modo,
1423 4408 1541 4465 quo
1572 4406 1674 4448 nos
1698 4405 1849 4460 oves,
1899 4398 1963 4447 ut

278 4490 393 4559 ipse
439 4488 694 4559 perhibet
737 4487 912 4557 (Joan.
944 4499 1003 4550 x,
1041 4485 1147 4551 l5).
1182 4497 1318 4539 suas
1364 4495 1398 4537 a
1438 4483 1603 4538 Patre
1649 4481 1757 4537 sibi
1801 4481 1964 4537 datas

275 4591 379 4649 pro
406 4577 688 4648 passione,
721 4588 897 4645 quam
936 4572 1190 4643 pertulit,
1244 4572 1364 4627 loco
1411 4571 1687 4627 mercedis
1725 4571 1959 4640 accepit.

274 4667 405 4723 Cum
452 4664 681 4731 dederit,
726 4661 931 4733 inquit,
976 4660 1188 4715 dilectis
1229 4662 1344 4715 suis
1394 4674 1656 4725 somnum,
1698 4674 1809 4714 ecce
1854 4662 1961 4713 Do-

272 4757 412 4809 mini
463 4752 774 4820 hereditas,
832 4752 939 4819 ﬁlii
993 4734 1207 4818 merces,
1268 4751 1483 4817 fructus
1535 4750 1741 4804 ventris
1793 4748 1961 4819 (Psal.

274 4857 467 4909 CXXVI,
497 4842 576 4914 2).
612 4841 718 4897 Et:
764 4840 984 4896 Postula
1015 4854 1051 4893 a
1088 4854 1169 4893 me
1195 4842 1245 4893 et
1276 4838 1416 4893 dabo
1459 4838 1564 4893 tibi
1604 4842 1802 4907 gentes,
1854 4844 1962 4893 etc.

274 4930 443 5002 (Psal.
471 4945 528 4997 η,
561 4929 636 5001 8).

344 5019 515 5076 Vnus.
573 5021 657 5086 t3,
712 5017 794 5071 14.
838 5047 905 5055 —
950 5017 1379 5086 Nuntiatumque
1424 5016 1504 5069 est
1546 5014 1784 5069 Thamar
1821 5012 1966 5083 quod

275 5123 422 5163 socer
451 5107 601 5162 illius
641 5105 949 5162 ascenderet
975 5106 1033 5159 in
1070 5106 1341 5160 Thamnas
1378 5104 1454 5158 ad
1472 5102 1780 5190 ‘tondendas
1822 5116 1961 5157 oves.

278 5197 428 5262 Quae.
491 5196 751 5265 depositis
813 5194 1102 5249 viduitatis
1165 5195 1421 5261 vestibus,
1481 5192 1777 5259 assumpsit
1833 5193 1964 5244 teri-

276 5287 470 5348 strum,
510 5288 561 5336 et
595 5287 801 5336 mutato
835 5282 1045 5347 habitu,
1087 5280 1229 5337 sedit
1259 5283 1319 5333 in
1364 5279 1507 5333 bivio
1544 5279 1778 5344 itineris,
1823 5276 1968 5347 quod

278 5372 428 5426 ducit
455 5371 770 5440 Thamnam,
792 5387 848 5425 eo
860 5371 1005 5440 quod
1024 5372 1277 5425 crevisset
1296 5369 1441 5436 Sela,
1462 5372 1512 5420 et
1542 5381 1648 5421 non
1682 5370 1970 5436 accepisset

278 5476 398 5515 eum
449 5461 726 5515 maritum.
781 5459 1034 5515 Thamar
1079 5458 1412 5514 nuntiatum
1463 5462 1547 5511 est
1599 5455 1751 5525 quod
1810 5468 1970 5512 socer

2070 4307 2321 4375 Hirtium,
2363 4306 2464 4369 ait,
2496 4306 2562 4360 de
2588 4308 2841 4375 gregibus
2875 4310 3088 4361 mittam
3132 4308 3251 4374 tibi,
3299 4307 3513 4376 peccati
3553 4307 3765 4364 scilicet

2071 4396 2176 4462 tui,
2214 4409 2328 4466 quo
2373 4395 2527 4464 apud
2574 4396 2755 4451 Deum
2805 4396 2940 4452 fetes
2984 4395 3385 4466 cognitionem,
3436 4405 3763 4465 exemptam

2071 4480 2141 4540 de
2171 4483 2581 4554 cogitationum
2624 4484 2809 4539 turbis
2838 4498 2905 4539 ac
2942 4483 3357 4553 divisionibus;
3391 4485 3477 4539 vel
3509 4492 3762 4554 ereptam

2072 4571 2141 4627 de
2157 4571 2452 4643 gregibus,
2487 4570 2538 4625 id
2561 4578 2645 4626 est
2666 4570 2992 4626 daemonum
3015 4571 3410 4638 concursibus,
3435 4572 3535 4642 qui
3563 4586 3764 4643 greges

2072 4660 2364 4724 dicuntur,
2417 4658 2489 4715 ob
2540 4659 2865 4715 studiorum
2904 4659 3278 4729 diversitates,
3331 4670 3385 4716 et
3436 4660 3576 4731 quia
3626 4671 3761 4718 sunt

2072 4747 2311 4803 unitatis
2339 4754 2619 4804 extorres.

2145 4838 2316 4896 Vans.
2352 4840 2435 4892 18.
2466 4869 2534 4877 -—
2564 4839 2776 4904 Patiar,
2818 4839 2918 4905 ait,
2956 4838 3102 4906 quod
3143 4840 3246 4906 vis,
3285 4840 3337 4892 si
3373 4839 3586 4894 dederis
3630 4842 3768 4895 mihi

2074 4927 2449 4991 arrhabonem,
2493 4926 2654 4980 donec
2696 4930 2883 4981 mittas
2922 4926 3068 4996 quod
3094 4927 3383 4995 polliceris.
3427 4930 3525 4982 Ait
3553 4929 3760 4984 Judas:

2075 5015 2218 5081 Quid
2262 5018 2346 5070 vis
2375 5015 2478 5069 tibi
2501 5030 2603 5084 pro
2649 5014 2952 5069 arrhabone
2979 5014 3156 5068 dari?
3194 5015 3528 5085 Respondit:
3572 5018 3763 5072 Annu-

2076 5104 2186 5157 lum
2233 5108 2284 5158 et
2330 5105 2626 5171 armillam,
2676 5107 2725 5157 et
2776 5103 3043 5168 baculum,
3094 5119 3249 5172 quem
3292 5121 3458 5159 manu
3504 5107 3666 5161 tenes.
3706 5106 3762 5163 Si

2075 5191 2289 5263 digitus
2328 5192 2385 5247 in
2418 5190 2726 5261 Scripturis
2767 5191 3079 5263 aliquando
3127 5192 3498 5250 intentionem
3553 5194 3760 5267 signat,

2068 5280 2243 5351 juxta
2270 5279 2431 5347 illud,
2466 5280 2619 5350 quod
2658 5279 2864 5351 digitos
2902 5287 3128 5336 nostros
3173 5280 3333 5337 docet
3368 5283 3520 5338 Deus
3548 5283 3620 5338 ad
3653 5284 3764 5340 bel-

2077 5369 2197 5426 lum
2245 5370 2420 5439 (Psal.
2478 5384 2670 5437 cxun,
2731 5372 2820 5437 l):
2875 5370 3131 5425 annulus
3184 5369 3243 5425 in
3291 5370 3487 5441 digito,
3539 5372 3765 5430 claritas

2077 5457 2395 5513 sanctitatis
2433 5465 2535 5525 est,
2587 5457 2643 5512 in
2691 5457 3022 5513 intentionis
3074 5465 3223 5513 voto.
3280 5459 3522 5515 Armilla
3573 5470 3759 5518 autem
