3904 6066
144 314 246 366 265

1337 309 1700 365 MOBALIUM
1742 310 1809 364 IN
1847 307 2153 366 GENESlN
2194 309 2322 363 LIB.
2364 309 2452 363 1X.

3542 313 3644 365 266

140 441 196 495 in
236 440 495 508 brachio,
535 438 898 496 continentiae
934 438 1143 505 virtus,
1183 437 1396 496 scilicet
1432 454 1466 495 a
1508 440 1824 508 favoribus,
1864 445 1906 499 Α
1938 446 2092 496 ctum
2128 437 2386 510 promisit
2425 437 2835 507 pnnitentibus
2879 437 2940 493 in
2982 437 3232 509 justitia.
3274 437 3469 507 (Vsus.
3519 441 3637 511 2i.)

137 538 217 585 est
244 530 302 585 in
342 529 475 585 boni
503 529 688 598 operis
715 528 1009 586 exercitio.
1047 528 1298 584 Baculus
1334 542 1471 584 vero
1499 528 1837 598 spiritualis,

139 632 253 687 qua
311 625 710 673 sustentamur
765 617 967 687 gratiae
1013 624 1099 672 est
1147 616 1298 672 inter
1352 617 1459 671 ista
1504 618 1833 672 consolatio.

141 707 271 761 Haec
296 720 399 776 pro
430 706 755 761 arrhabone
784 704 948 760 nobis
977 705 1215 773 dantur,
1238 705 1421 760 donec
1448 706 1637 761 mittat
1660 706 1687 761 J
1697 706 1839 761 udas

142 795 389 861 bardum,
444 807 618 864 quem
675 792 998 862 pollicetur,
1056 793 1216 862 quia,
1268 800 1580 863 antequam
1631 800 1838 849 nostrae

140 881 438 952 originalis
484 880 840 951 actualisque
879 880 1124 935 miseriae
1166 888 1449 950 putorem,
1493 880 1837 950 paenitentiae

138 977 192 1025 et
239 970 612 1025 confessionis
660 969 954 1035 instantia,
1002 968 1168 1039 plene
1201 970 1439 1038 aperiat,
1492 970 1683 1026 labore
1734 984 1839 1026 suo

139 1058 303 1128 prius
343 1071 571 1113 necesse
608 1064 709 1124 est,
743 1058 855 1112 tria
903 1058 1011 1113 ista
1048 1057 1367 1127 disciplinae
1414 1065 1626 1114 nostra;
1669 1058 1839 1113 attri-

140 1146 297 1213 buat,
349 1146 472 1200 sine
519 1158 768 1215 quorum
832 1145 956 1200 luce
1003 1145 1249 1214 perfecte
1292 1158 1459 1201 nemo
1504 1160 1562 1201 se
1615 1153 1835 1201 noscat.

136 1234 227 1289 Ad
269 1250 436 1288 unum
482 1236 656 1302 igitur
693 1235 891 1287 coitum
944 1238 1181 1303 concepit
1227 1236 1439 1288 mulier.
1486 1236 1682 1301 (Vnus.
1722 1236 1836 1304 l9.)

140 1325 207 1377 Et
259 1337 489 1388 surgens
540 1322 714 1387 abiit;
767 1322 1113 1391 depositoque
1154 1323 1381 1391 habitu,
1432 1339 1587 1393 quem
1634 1339 1840 1378 assum-

134 1417 344 1482 pserat,
392 1411 591 1464 induta
637 1416 715 1465 est
743 1409 1036 1464 viduitatis
1083 1410 1341 1465 vestibus.
1384 1411 1471 1467 Ad
1523 1412 1839 1482 simplicem

139 1500 349 1555 divinze
402 1498 708 1554 infusionis
758 1498 1055 1567 illapsum,
1115 1498 1264 1554 bona
1325 1500 1590 1570 proponit
1646 1514 1836 1570 agere,

138 1588 277 1643 adeo
312 1588 489 1643 animi
510 1587 762 1643 emollita
793 1586 1133 1653 fecunditas,
1157 1596 1211 1642 et
1238 1587 1296 1642 in
1330 1602 1427 1657 spe
1452 1588 1631 1644 venias
1652 1603 1841 1644 assur-

140 1691 297 1747 gens,
336 1676 410 1730 ad
441 1675 736 1741 interiora,
769 1674 981 1731 scilicet
1015 1675 1283 1742 cmlestia,
1316 1676 1606 1733 inhianter
1635 1678 1836 1733 tendit.

139 1767 557 1835 Deponensque
581 1777 685 1833 per
714 1763 1055 1820 humilitatis
1088 1765 1334 1835 gratiam
1362 1765 1571 1821 interni
1606 1765 1839 1822 habitus

138 1853 405 1924 gloriam,
438 1853 778 1908 recordatur
819 1866 956 1923 erga
995 1867 1053 1909 se
1097 1854 1206 1909 viri
1247 1855 1336 1910 sui
1391 1870 1493 1925 pro
1519 1869 1578 1912 se
1624 1855 1836 1911 mortui

135 1942 272 1997 Jesu
312 1940 795 2010 misericordiam;
833 1941 1030 2011 sicque
1071 1948 1227 1999 tanto
1266 1943 1454 2003 debito
1489 1959 1547 2000 se
1578 1958 1753 2014 penes
1781 1957 1841 1998 se

136 2028 409 2098 deprimit
437 2029 697 2085 viduam.

204 2118 384 2173 Vnus.
438 2118 529 2182 20,
575 2121 664 2173 21.
721 2149 791 2160 -
842 2121 993 2175 Misit
1030 2124 1209 2175 autem
1263 2121 1435 2176 Iudas
1476 2121 1688 2189 hmdum
1741 2137 1843 2191 per

131 2210 410 2277 pastorem
455 2221 614 2261 suum
647 2207 1044 2275 Odollamitem,
1077 2216 1139 2263 ut
1175 2212 1438 2279 reciperet
1468 2213 1667 2280 pignus
1697 2209 1842 2278 quod

138 2295 365 2350 dederat
406 2297 643 2349 mulieri.
679 2297 788 2361 Qui
823 2312 945 2350 cum
991 2312 1097 2351 non
1141 2300 1436 2352 invenisset
1483 2314 1620 2365 eam,
1663 2301 1841 2352 inter-

137 2386 356 2452 rogavit
384 2384 620 2437 homines
653 2385 757 2438 loci
785 2386 936 2438 illius
969 2399 983 2438 :
1031 2385 1132 2438 Ubi
1176 2389 1255 2438 est
1286 2387 1483 2439 mulier
1521 2401 1640 2454 qua:
1687 2385 1840 2440 sede-

138 2472 229 2525 bat
257 2474 319 2525 in
351 2472 494 2525 bivio
516 2475 545 2526 φ
586 2472 691 2526 Per
721 2471 1032 2541 Christum,
1080 2472 1183 2542 qui
1223 2472 1484 2542 specialis
1535 2479 1729 2528 noster
1756 2478 1840 2527 est

124 2567 355 2629 pastor,
399 2559 499 2630 qui
541 2573 646 2615 nos
677 2560 748 2616 ad
780 2560 923 2616 bene
952 2560 1242 2631 agendum
1275 2561 1529 2630 quotidie
1558 2567 1841 2617 contesta-

137 2655 254 2714 tur,
297 2647 479 2703 nostri
532 2647 787 2717 ipsorum
836 2648 1216 2719 cognitionem
1267 2648 1636 2705 confessionis
1676 2648 1841 2705 nobis

135 2736 313 2791 mittit
347 2735 663 2804 humilitas,
707 2738 845 2806 quia
883 2744 1102 2807 quanto
1148 2738 1356 2794 Christi
1404 2744 1839 2809 unguentorum

138 2831 433 2879 sectamur
478 2825 709 2880 odorem
751 2825 930 2894 (Cant.
987 2841 1027 2891 1,
1069 2828 1140 2893 3),
1193 2833 1351 2881 tanto
1400 2827 1585 2897 magis
1633 2833 1841 2883 nostrae

138 2911 366 2983 fragilis
403 2911 747 2968 conditionis
791 2913 1163 2984 intelligimus
1205 2913 1459 2970 fetorem.
1500 2915 1663 2971 .Iudte
1704 2927 1842 2985 ergo

138 3000 344 3070 recipit
372 3000 587 3071 pignus
620 3001 776 3071 quod
806 3002 1038 3058 dederat
1066 3001 1311 3071 mulieri,
1345 3003 1486 3073 quia
1516 3017 1632 3073 quo
1655 3002 1842 3073 magis

138 3102 243 3143 nos
272 3088 677 3155 discernimus,
707 3096 864 3145 tanto
894 3089 1142 3160 amplius
1167 3091 1209 3145 si
1243 3091 1380 3161 quid
1415 3090 1647 3147 virtutis
1678 3090 1841 3145 nobis

135 3190 207 3231 ex
237 3184 379 3233 actu
423 3177 771 3246 paenitentia;
819 3177 1104 3249 ingestum
1155 3186 1258 3247 est,
1306 3178 1378 3233 ad
1417 3178 1604 3248 ipsum
1646 3178 1839 3233 Domi-

137 3265 281 3321 nicae
329 3264 678 3322 humilitatis
728 3271 861 3320 141
922 3275 1271 3337 praeceptum
1318 3281 1432 3322 non
1486 3267 1558 3322 ad
1615 3272 1839 3321 nostras

135 3356 290 3409 vires
322 3353 650 3410 referimus.
694 3354 986 3411 Mulierem
1021 3355 1266 3410 dicimus
1294 3361 1492 3423 cceptze
1522 3352 1839 3423 disciplina

138 3442 524 3511 propositum,
561 3442 634 3499 ob
665 3441 1042 3509 affectionem,
1074 3450 1129 3499 et
1168 3442 1573 3499 fecunditatem
1610 3441 1836 3511 piorum

135 3544 405 3599 operum.
457 3530 563 3586 Sed
618 3531 669 3586 is
713 3544 888 3587 verus
928 3539 1125 3601 pastor
1173 3545 1289 3586 non
1336 3530 1555 3587 invenit
1601 3544 1727 3586 eam
1780 3529 1838 3584 in

136 3616 343 3673 habitu
401 3618 745 3685 meretricio,
795 3618 934 3674 dum
979 3618 1080 3674 soli
1127 3618 1349 3688 placere
1392 3620 1506 3675 Deo
1547 3619 1655 3675 sibi
1694 3619 1841 3673 inest

137 3704 402 3762 intentio.
454 3705 646 3762 Potest
691 3706 859 3762 etiam
908 3706 1118 3763 mulier
1166 3706 1279 3763 dici
1328 3707 1519 3764 sedere
1567 3707 1622 3762 in
1666 3706 1838 3776 bivio,

136 3808 268 3863 quas
316 3798 564 3864 putatur
611 3794 807 3864 aliqua
851 3794 1002 3851 bona
1052 3809 1222 3866 agere
1267 3810 1369 3866 pro
1422 3797 1551 3863 Deo,
1596 3809 1729 3852 cum
1773 3810 1843 3852 ea

134 3890 407 3939 exerceat
439 3896 543 3952 pro
582 3883 814 3938 saeculo.
860 3882 1054 3954 (Vnus.
1096 3883 1207 3952 22.)
1238 3883 1506 3940 Homines
1540 3884 1645 3940 loci
1689 3884 1843 3940 illius

136 3967 456 4024 rationales
503 3975 640 4024 sunt
668 3975 880 4035 motus,
923 3984 1070 4039 quos
1110 3978 1303 4040 pastor
1337 3969 1701 4026 Odollamites
1736 3971 1839 4027 do-

136 4056 299 4112 navit
330 4056 551 4112 honore
586 4063 789 4112 status.
830 4058 1054 4129 Negant
1096 4058 1173 4114 illi
1206 4058 1413 4115 ibidem
1444 4059 1652 4114 sedisse
1682 4072 1842 4114 scor-

137 4152 261 4201 tum
293 4187 311 4215 ,
379 4145 597 4201 scilicet
669 4160 1062 4215 perseverasse
1129 4147 1450 4217 eujuspiam
1529 4146 1845 4217 spiritualis

137 4233 416 4290 adulterii
459 4233 700 4290 malum.
753 4234 935 4291 Sessio
981 4235 1053 4291 ad
1094 4250 1263 4291 usum
1309 4235 1525 4304 peccati
1576 4236 1838 4304 pertinet,

1947 528 2088 582 Ecce
2125 533 2305 581 autem
2352 530 2472 595 post
2515 532 2623 580 tres
2661 541 2863 580 menses
2909 531 3301 584 nuntiaverunt
3345 529 3519 595 Judz,
3563 531 3648 583 di-

1946 621 2117 670 centes
2158 630 2170 669 :
2222 616 2516 670 Fornicata
2559 619 2636 669 est
2692 618 2927 671 Thamar
2967 631 3139 670 nurus
3181 621 3296 685 tua,
3347 622 3397 670 et
3427 618 3645 672 videtur

1948 710 2130 758 uterus
2164 706 2314 758 illius
2351 707 2723 758 intumescere.
2769 705 2904 760 Tres
2942 718 3163 761 menses
3199 706 3339 761 mihi
3371 706 3646 764 videntur

1945 792 2058 848 dici
2087 793 2262 849 trium
2308 793 2690 862 plenitudincs
2737 794 3050 862 actionum,
3101 794 3492 850 conversionis
3530 796 3640 850 sci-

1947 881 2097 949 licet,
2148 881 2458 951 profectus,
2492 895 2559 937 ac
2602 882 2963 951 perfectionis
2999 882 3155 939 illius
3195 883 3343 951 dico,
3378 898 3508 953 quae
3538 891 3643 950 est,

1947 969 2249 1040 integritas
2296 971 2629 1041 charitatis;
2683 979 2807 1040 post
2851 985 2982 1041 qua;
3028 972 3140 1027 tria
3185 971 3389 1027 humili
3436 978 3647 1028 nostra;

1948 1057 2326 1124 confessioni,
2377 1072 2410 1112 a
2457 1073 2577 1129 qua
2630 1059 2792 1114 nulla
2838 1059 3122 1116 virtutum
3172 1060 3361 1116 dirimi
3418 1074 3648 1117 summa

1948 1146 2239 1214 debemus,
2274 1161 2375 1217 pro
2414 1148 2736 1205 titillatione
2769 1149 3053 1218 superbiae
3087 1148 3324 1219 spiritus
3352 1150 3649 1219 querimo-

1948 1234 2059 1291 nia;
2090 1236 2391 1301 accedunt,
2425 1242 2478 1291 et
2509 1236 2577 1291 de
2607 1236 2774 1303 uteri,
2819 1237 2871 1292 id
2903 1246 2986 1292 est
3029 1238 3384 1294 conscientiae
3425 1246 3647 1294 tumore

1948 1338 2052 1380 nos
2085 1332 2370 1394 arguunt;
2408 1331 2463 1380 et
2505 1338 2537 1378 a
2573 1324 2719 1393 Sela,
2752 1324 2804 1380 id
2845 1333 2928 1381 est
2958 1325 3137 1381 sancti
3170 1325 3414 1396 Spiritus
3443 1330 3645 1397 conju-

1948 1411 2040 1482 gio
2071 1427 2172 1482 per
2203 1412 2466 1469 elationis
2494 1413 2927 1469 fornicationem
2958 1414 3234 1469 excidisse
3266 1414 3646 1470 conclamant.

1948 1500 2055 1556 Sed
2104 1515 2242 1556 vera
2295 1501 2599 1568 confessio,
2651 1516 2782 1572 quae.
2837 1516 3060 1571 semper
3114 1502 3272 1557 venit
3320 1503 3391 1557 ad
3439 1502 3646 1569 lucem,

1949 1589 2192 1658 produci
2236 1589 2432 1660 jubet;
2484 1594 2611 1659 Quae
2654 1591 2805 1645 enim
2836 1594 3165 1658 arguuntur,
3210 1589 3381 1659 juxta
3423 1595 3650 1659 Aposto-

1950 1677 2072 1733 lum
2122 1693 2154 1731 a
2204 1680 2404 1733 lumine
2438 1680 3114 1748 manifestanturtEphes.
3165 1692 3221 1744 v,
3272 1679 3382 1747 l3);
3434 1687 3489 1734 et
3542 1678 3649 1733 hoc

1950 1764 2021 1820 ad
2065 1765 2544 1832 comburendum,
2596 1766 2777 1821 divini
2822 1766 3082 1822 videlicet
3130 1766 3280 1836 ignis
3319 1766 3647 1835 eonfiagra~

1952 1854 2102 1910 tione
2149 1853 2538 1911 lustrandum.
2591 1855 2786 1923 (Vnus.
2843 1857 2956 1925 25.)
3003 1857 3129 1922 Quz
3173 1871 3290 1917 cum
3338 1855 3651 1908 educeretur

1950 1954 2051 2010 per
2101 1940 2506 1997 confessionem
2552 1942 2627 1996 ad
2667 1942 3012 2011 poenitentia
3058 1958 3294 2012 pamam,
3351 1941 3525 1997 mittit
3574 1941 3650 1995 ad

1947 2043 2187 2083 socerum
2230 2045 2414 2097 suum,
2470 2030 2541 2085 ad
2592 2029 2756 2085 initia
2811 2030 3025 2085 scilicet
3081 2029 3326 2085 recurrit
3392 2030 3648 2099 antiquae

1948 2117 2317 2174 confessionis
2347 2131 2413 2173 ac
2456 2117 2852 2188 paenitudinis.
2891 2132 3022 2187 quae
3062 2117 3169 2173 sibi
3214 2132 3282 2173 ex
3322 2116 3648 2173 humilitate

1949 2204 2214 2274 spiritum
2260 2204 2533 2260 maritum
2574 2204 2740 2273 quasi
2791 2203 2995 2267 Solam,
3048 2204 3148 2274 qui
3185 2203 3395 2259 dicitur
3422 2204 3643 2270 umbra,

1949 2300 2260 2363 genuerat;
2309 2300 2363 2347 et
2412 2306 2469 2347 se
2514 2306 2631 2346 non
2679 2292 2748 2346 de
2796 2292 3109 2361 cupiditate
3149 2292 3413 2348 saeculari
3463 2293 3644 2362 hypo-

1948 2380 2139 2436 crisim
2188 2380 2533 2449 concepisse,
2583 2379 2675 2435 sed
2726 2380 2795 2436 de
2844 2380 3082 2436 humilis
3128 2381 3499 2437 confessionis
3548 2381 3646 2435 in-

1951 2469 2185 2531 stinctu,
2218 2482 2349 2537 quae
2383 2468 2683 2537 mysticum
2716 2468 3023 2536 annulum,
3057 2468 3344 2524 armillam
3379 2476 3434 2525 et
3467 2468 3644 2524 bacu-

1950 2556 2093 2625 lum,
2134 2555 2241 2612 sibi
2273 2557 2564 2621 attribuit,
2615 2556 2815 2612 asserit
2856 2558 3276 2626 perseverantis
3328 2556 3646 2613 devotionis

1949 2637 2237 2700 affectum.
2282 2643 2475 2713 (Vnus.
2502 2644 2613 2713 26.)
2655 2645 2880 2712 Agnitis
2922 2646 3253 2711 muneribus,
3287 2649 3407 2699 ait:
3437 2648 3648 2700 Iustior

1948 2749 2031 2787 me
2057 2738 2153 2801 est,
2187 2736 2317 2802 quia
2355 2748 2462 2787 non
2495 2734 2711 2787 tradidi
2756 2749 2873 2787 eam
2904 2734 3028 2789 Sela
3054 2736 3167 2803 ﬁlio
3204 2750 3335 2788 meo.
3373 2734 3649 2805 Agnoscit

1950 2834 2214 2888 munera,
2233 2820 2371 2891 quia
2383 2828 2438 2877 et
2462 2835 2582 2877 suae
2595 2835 2629 2876 a
2646 2822 2759 2877 Deo
2770 2821 3070 2879 sibiinesse
3086 2822 3245 2878 novit
3259 2822 3648 2878 conversionis

1951 2909 2284 2979 primordia,
2306 2917 2361 2965 et
2388 2909 2813 2979 promotionum
2832 2911 3199 2967 incrementa.
3222 2913 3427 2965 Justior
3444 2927 3525 2965 me
3545 2916 3643 2979 est,

1952 2998 2169 3068 inquit;
2198 3012 2265 3053 ac
2289 2998 2528 3054 sidicat:
2556 2998 2987 3055 Perseverantia
3007 3013 3114 3054 sua
3135 2999 3205 3054 ad
3222 2999 3525 3070 justiorem
3547 2999 3648 3055 du-

1880 3075 1920 3131 C
1948 3086 2035 3141 xit
2060 3099 2149 3141 me
2178 3093 2412 3154 statum,
2447 3089 2503 3141 et
2524 3086 2947 3156 quodammodo
2976 3101 3065 3143 me
3088 3087 3211 3157 ipsa
3231 3087 3529 3157 justiorem
3556 3101 3646 3142 me

1948 3173 2212 3241 reddidit,
2245 3182 2299 3229 et
2328 3174 2469 3244 quia
2494 3175 2676 3230 sancti
2700 3174 2946 3245 Spiritus
2976 3174 3326 3231 obumbrare
3357 3189 3490 3230 mox
3519 3175 3648 3245 ejus

1950 3261 2113 3317 initia
2149 3262 2428 3318 cbaritate
2466 3276 2585 3318 non
2630 3264 2811 3332 potui,
2846 3263 2955 3319 sub
2981 3263 3183 3319 timore
3215 3263 3579 3333 pcenitentize,
3613 3275 3649 3318 a

1948 3363 2039 3404 me
2082 3349 2346 3404 videlicet
2380 3350 2750 3406 confessionis
2795 3352 2982 3421 gratia
3012 3351 3083 3406 ad
3129 3351 3307 3406 honos
3354 3351 3645 3421 proferen-

1948 3436 2087 3492 dum
2137 3436 2377 3505 fructus,
2415 3438 2783 3509 impraegnari
2830 3439 2923 3509 pio
2966 3439 3245 3495 desiderio
3292 3439 3516 3495 maluit.
3550 3439 3649 3494 At-

1948 3529 2128 3580 tamen
2177 3527 2327 3580 ultra
2375 3541 2483 3581 non
2537 3530 2785 3599 cognovit
2823 3543 2967 3595 eam;
3030 3528 3087 3583 id
3144 3536 3229 3584 est
3271 3528 3373 3598 qui
3425 3528 3645 3597 pridem

1949 3613 2186 3670 humilis
2224 3628 2345 3671 suae
2391 3615 2763 3671 confessionis
2806 3615 3021 3671 oblitus
3066 3615 3312 3671 nimium
3351 3629 3458 3671 sua
3496 3616 3649 3672 bona

1949 3702 2295 3758 attendendo
2338 3702 2683 3759 intumuisse
2736 3702 3082 3770 videbatur,
3144 3704 3262 3773 jam
3322 3703 3648 3760 dissimulat

1950 3791 2225 3861 propositi
2290 3790 2381 3846 sui
2440 3791 2788 3861 perpendere
2840 3790 3216 3859 instantiam,
3269 3804 3341 3846 ne
3398 3791 3646 3848 inaniter

1949 3878 2244 3936 efferatur.

2022 3969 2193 4026 Vnus.
2248 3971 2335 4025 27.
2386 3999 2454 4008 -
2499 3971 2742 4024 Instante
2786 3973 2965 4023 autem
3017 3975 3216 4039 partu,
3271 3974 3648 4040 apparuerunt

1949 4060 2154 4125 gemini
2200 4060 2260 4112 in
2305 4063 2476 4125 utero,
2538 4064 2701 4127 atque
2756 4061 2814 4113 in
2860 4062 2983 4127 ipsa
3030 4058 3288 4128 effusione
3344 4060 3644 4125 infantum,

1951 4161 2091 4201 unus
2133 4148 2366 4216 protulit
2396 4163 2636 4214 manum,
2684 4150 2741 4201 in
2791 4162 2901 4216 qua
2944 4147 3207 4201 obstetria:
3246 4148 3441 4213 ligavit
3482 4150 3645 4202 cocci-

1949 4249 2098 4290 num.
2156 4235 2360 4291 Partus
2406 4236 2612 4301 instat,
2677 4249 2809 4290 cum
2861 4234 3163 4291 destinatio
3237 4235 3506 4305 propositi
3557 4235 3648 4305 pio

138 4330 201 4377 ut
228 4330 316 4379 est
351 4337 365 4377 :
410 4323 484 4376 In
520 4322 783 4377 cathedra
817 4325 1135 4393 pestilentiae
1172 4339 1278 4377 non
1309 4323 1450 4377 sedit
1489 4324 1657 4391 (Psal.
1693 4338 1731 4392 ι,
1769 4326 1836 4392 l).
1880 4350 1921 4404 υ
1954 4321 2184 4379 affectui
2243 4323 2689 4392 appropinquat.
2752 4322 3042 4392 Apparent
3094 4325 3155 4376 in
3209 4327 3361 4376 utero
3417 4323 3647 4390 gemini,

140 4411 361 4467 Eorum
394 4417 589 4466 autem
621 4419 707 4467 est
752 4426 985 4483 negare,
1030 4410 1234 4467 eﬂ‘ectu
1280 4425 1386 4466 suo
1416 4425 1528 4467 non
1570 4411 1649 4467 ita
1685 4411 1841 4481 apud

139 4512 196 4554 se
226 4498 353 4569 geri
386 4498 682 4554 evidenter
709 4499 1026 4555 ostendere.

208 4585 390 4642 Vnus.
422 4588 515 4640 23.
544 4617 614 4625 -
664 4587 767 4641 Ait
815 4587 1030 4642 ludas:
1086 4587 1295 4642 Habeat
1342 4587 1471 4653 sibi,
1511 4593 1651 4642 certe
1691 4603 1844 4642 men-

135 4673 292 4728 dacii
318 4689 419 4728 nos
453 4690 682 4741 arguere
720 4690 829 4729 non
857 4679 1074 4746 poterit.
1125 4677 1237 4744 Ego
1278 4678 1408 4731 misi
1438 4676 1650 4731 haedum
1690 4692 1846 4745 quem

131 4765 525 4833 promiseram,
557 4768 607 4816 et
653 4770 712 4818 tu
742 4780 846 4818 non
887 4763 1147 4818 invenisti
1179 4780 1316 4819 eam.
1363 4768 1496 4835 Ego,
1532 4766 1740 4836 inquit,
1773 4779 1845 4821 ex

134 4851 389 4922 pignore
416 4854 632 4907 sanctae
665 4851 1015 4922 intentionis,
1048 4859 1234 4909 cautae
1261 4852 1628 4924 operationis,
1668 4862 1723 4909 et
1755 4854 1849 4909 di-

134 4940 292 4994 vinae
332 4938 491 4995 inter
536 4940 779 4995 adversa
833 4941 1276 5012 consolationis,
1334 4942 1546 4996 haedum
1600 4942 1848 5013 propria:

136 5025 500 5099 cognitionis
552 5027 891 5084 adfuturum
944 5032 1341 5099 promiseram;
1397 5045 1529 5097 ego,
1583 5030 1845 5100 inquam,

138 5116 370 5173 utilitas
402 5117 509 5186 piae
537 5116 910 5173 confessionis
950 5117 1121 5173 intuli
1160 5119 1313 5189 quod
1356 5118 1607 5189 promisi,
1643 5126 1727 5184 tu,
1759 5132 1852 5187 pa-

142 5213 264 5261 stor
318 5213 556 5268 aeterne,
615 5203 674 5260 in
705 5205 860 5262 bivio
915 5206 1082 5263 bona:
1126 5207 1515 5274 exhibitionis,
1546 5215 1601 5263 et
1656 5207 1851 5279 gloriae

148 5293 358 5361 inanis,
413 5308 531 5347 eam
582 5293 871 5350 sedentem
908 5336 922 5361 ,
983 5295 1041 5350 id
1092 5303 1177 5352 est
1232 5295 1340 5351 sibi
1392 5296 1852 5365 acquiescentem

147 5396 265 5437 non
308 5381 563 5437 inveniri
610 5380 844 5448 feceris;
890 5382 1101 5439 habeat
1138 5397 1275 5454 ergo
1324 5383 1458 5441 vitae
1506 5391 1713 5439 nostrae
1758 5383 1853 5439 di-

148 5469 395 5541 sciplina
445 5471 658 5541 pignus
717 5471 940 5541 praemii
986 5472 1185 5528 aeterni
1236 5480 1334 5528 tua
1382 5486 1646 5538 munera,
1711 5472 1853 5541 quia

151 5558 435 5615 mendacii
478 5558 646 5630 argui
690 5574 805 5615 non
850 5560 1054 5630 poterit
1091 5560 1302 5617 veritas
1339 5567 1458 5627 tua,
1496 5573 1628 5629 qum
1658 5559 1850 5630 profe-

512 5657 794 5723 Pnuon.
847 5658 1051 5725 CLVI.

1954 4428 2087 4469 cum
2116 4427 2189 4469 ex
2214 4412 2563 4468 conscientia
2599 4412 2925 4482 prominere
2959 4411 3368 4483 intelliguntur
3396 4413 3647 4468 duarum

1954 4500 2319 4558 affectionum
2355 4500 2522 4570 quasi
2555 4514 2627 4556 ex
2661 4515 2774 4557 uno
2801 4500 2955 4556 fonte
2982 4499 3110 4555 rivi.
3145 4502 3211 4556 In
3240 4504 3364 4569 ipsa
3393 4501 3651 4569 effusione

1953 4592 2233 4657 infantum
2282 4587 2498 4658 profert
2546 4603 2688 4642 unus
2716 4603 2958 4656 manum,
2990 4602 3124 4645 cum
3155 4589 3226 4643 ad
3267 4590 3454 4656 operis
3484 4589 3651 4644 exhi-

1953 4677 2224 4733 bitionem
2272 4676 2448 4731 animi
2500 4677 2722 4732 ambitu
2767 4677 3086 4745 accedente,
3136 4677 3292 4746 prior
3318 4678 3413 4732 Dei
3455 4676 3651 4733 chari-

1953 4764 2085 4821 tatis
2126 4765 2363 4821 effectus
2397 4779 2496 4834 per
2535 4765 2822 4820 interioris
2854 4765 3100 4821 hominis
3143 4764 3648 4834 compunctionem

1954 4853 2267 4925 egreditur.
2325 4853 2391 4908 In
2441 4865 2561 4924 qua
2616 4856 2887 4909 coccinum
2940 4868 3120 4910 manu
3175 4854 3440 4908 obstetrix
3483 4853 3648 4924 ligat,

1956 4942 2095 4997 dum
2124 4940 2288 5003 ratio,
2327 4956 2457 5011 qum
2492 4942 2714 4997 cunctis
2752 4941 2960 4997 animae
2998 4940 3227 4998 casibus
3256 4940 3464 5009 obstat,
3495 4954 3651 4996 mor-

1957 5029 2324 5085 tificationem
2377 5030 2696 5085 carnalium
2746 5028 3163 5086 desideriorum
3218 5028 3275 5084 in
3330 5043 3434 5085 suo
3485 5042 3654 5099 opere

1957 5118 2259 5189 insigniter
2309 5126 2516 5174 servat.
2563 5119 2755 5189 (Vnus.
2795 5121 2908 5185 28.)
2946 5120 3075 5187 Iste,
3108 5118 3320 5189 inquit,
3349 5118 3656 5187 egredietur

1954 5209 2129 5277 prior,
2165 5206 2219 5262 id
2249 5213 2333 5261 est
2354 5220 2515 5262 amor
2548 5207 2643 5261 Dei
2668 5206 2769 5276 qui
2795 5214 3107 5276 conceptus
3134 5215 3237 5273 est,
3264 5207 3435 5263 etiam
3468 5220 3657 5276 usque

1960 5294 2032 5350 ad
2074 5294 2386 5350 efficaciam
2434 5293 2643 5349 divinae
2693 5292 3189 5364 contemplationis
3243 5295 3507 5365 prosiliet.
3564 5293 3660 5349 So-

1959 5382 2036 5438 let
2062 5382 2214 5438 enim
2250 5382 2377 5437 talis
2404 5382 2798 5439 inchoantium
2838 5396 2959 5439 esse
2995 5383 3204 5451 fervor,
3237 5383 3339 5453 qui
3369 5383 3474 5438 sibi
3516 5382 3655 5437 dum

1961 5483 2020 5527 se
2050 5471 2296 5541 ignorat,
2350 5484 2635 5526 summam
2690 5486 2925 5542 quoque
2978 5471 3213 5527 virtutis
3261 5478 3508 5540 arroget,
3558 5469 3657 5525 sed

1961 5558 2076 5625 illo,
2131 5559 2224 5615 Dei
2273 5559 2734 5629 dispensatione,
2783 5574 2882 5629 per
2935 5560 3216 5615 defectum
3274 5557 3661 5629 quantulum-

3308 5662 3347 5720 9
