3904 6066
274 257 378 309 267

1225 252 1287 304 V.
1330 248 1664 308 GUIBERTI
1701 249 1992 306 ABBATIS
2028 249 2084 304 S.
2127 248 2365 304 MARLE
2405 249 2493 304 DE
2532 247 2928 305 NOVIGENTO

3672 250 3784 301 268

276 400 510 455 cunque
552 384 764 440 amoris
811 382 1051 438 internae
1097 382 1251 437 vires
1298 380 1677 436 imminuente
1708 379 1969 445 actionis,
2011 386 2056 438 Α
2086 378 2178 449 pio
2209 378 2487 449 profectui
2526 378 2722 435 adesse
2758 378 3041 445 comitem,
3087 392 3220 433 cum
3273 392 3499 434 omnem
3531 376 3661 448 ejus
3696 377 3786 432 di-

276 474 572 545 egreditur
600 474 758 539 alter,
802 472 1013 527 scilicet
1041 469 1380 539 obsequium
1413 469 1677 524 fraternae
1714 467 1976 524 dilectio-
2082 470 2233 539 rigat
2265 469 2321 522 in
2348 467 2729 537 exsequendis
2756 466 3026 536 operibus
3064 473 3418 536 potestatem.

278 564 397 629 nis;
428 576 557 633 quae
601 561 833 631 quidem
887 558 990 614 etsi
1034 559 1223 613 minor
1252 566 1335 613 est
1381 558 1677 629 dignitate,
1710 555 1975 626 praecedit

278 659 469 707 tamen
515 648 685 704 ofﬁcii
728 647 1082 703 necessitate.
1136 646 1305 701 Prius
1357 646 1513 701 enim
1560 646 1845 700 amandus
1891 651 1975 700 est

277 739 579 809 proximus
619 735 883 803 visibilis,
918 742 982 790 ut
1030 748 1130 805 per
1160 735 1267 790 hoc
1303 733 1624 803 attingatnr
1666 731 1974 787 invisibili-

276 836 362 882 tas
406 825 646 881 deitatis.
698 824 815 879 Hoc
866 823 1096 879 duobus
1146 822 1328 878 sancti
1380 820 1626 891 Spiritus
1686 820 1975 889 signiﬁca-

275 913 651 1056 tmvgitilses.
698 1028 767 1038 —-
808 999 1078 1067 Dixitque
1124 998 1318 1052 mulier
1370 1012 1382 1051 :
1427 998 1605 1063 Quare
1644 1000 1871 1068 propter
1926 1002 1976 1050 te

275 1089 459 1144 divisa
502 1094 579 1142 est
628 1085 901 1141 maceria?
951 1088 1239 1156 Propterea
1287 1087 1587 1155 appellavit
1636 1099 1827 1138 nomen
1851 1084 1970 1153 ejus

276 1179 494 1234 Phares.
552 1175 759 1232 Mulier
815 1175 887 1231 ab
934 1175 1110 1230 animi
1168 1173 1403 1229 mollitie
1450 1172 1629 1240 dicta,
1691 1172 1974 1228 rationem

274 1281 347 1324 ex
395 1266 595 1336 aliqua
640 1264 832 1320 adhuc
884 1270 1044 1333 parte
1095 1263 1352 1318 humana
1397 1262 1711 1331 sapientem
1757 1261 1969 1331 signat.

276 1356 438 1412 Unde
508 1362 563 1409 et
613 1354 737 1423 ipsa
789 1352 967 1408 verba
1029 1350 1368 1406 humanitus
1421 1363 1624 1405 sonare
1679 1349 1972 1404 videntur.

273 1443 483 1512 Quare,
519 1442 710 1512 inquit
742 1441 859 1507 illa,
898 1439 1311 1510 cogitationum
1353 1438 1520 1508 quasi
1553 1437 1810 1507 lapidum
1836 1436 1975 1492 unio

278 1532 336 1587 in
384 1530 596 1586 multas
636 1542 913 1584 curarum
962 1525 1386 1582 vicissitudines
1432 1525 1618 1580 divisa
1649 1525 1773 1581 est?
1821 1527 1975 1581 Mens

274 1621 428 1675 enim
480 1625 676 1674 nostra
722 1616 904 1671 divini
964 1622 1240 1669 caemento
1282 1613 1495 1669 amoris
1540 1614 1842 1669 cohibetur
1900 1614 1969 1668 ad

276 1722 482 1774 unum,
530 1720 660 1776 quae
710 1713 849 1760 tunc
880 1704 1180 1768 dividitur,
1211 1716 1341 1757 cum
1378 1715 1478 1771 pro
1528 1702 1668 1757 bene
1711 1700 1972 1758 faciendo

275 1794 572 1866 proximis,
600 1796 773 1865 juxta
803 1790 1211 1861 Evangeliutn,
1242 1804 1382 1860 erga
1403 1790 1654 1859 plurima
1673 1790 1972 1845 sollicitata

274 1884 547 1940 turbatur
595 1883 747 1952 (Luc.
781 1895 835 1934 x.
878 1880 985 1949 41).
1034 1880 1246 1933 Phares
1274 1892 1413 1948 ergo
1458 1885 1717 1945 vocatur,
1752 1879 1859 1934 hoc
1887 1885 1973 1934 est

277 1973 495 2037 divisio,
529 1970 669 2040 quia
689 1984 762 2024 ex
786 1968 1105 2038 provisione
1119 1966 1389 2030 fraterna,
1421 1966 1619 2021 divina
1649 1966 1971 2022 interiusad

277 2061 480 2117 horam
499 2058 810 2127 dissipatur
821 2055 1242 2125 contemplatio.
1264 2060 1400 2109 In
1426 2054 1626 2125 (Vens.
1643 2056 1758 2125 30.)
1782 2057 1972 2110 Postea

276 2164 518 2219 egressus
554 2153 632 2201 est
669 2149 847 2213 frater
875 2146 1014 2214 ejus,
1054 2147 1113 2197 in
1144 2144 1300 2211 cujus
1330 2158 1495 2196 manu
1525 2149 1642 2196 erat
1670 2145 1971 2208 coccinum,-

276 2254 433 2308 quem
480 2235 784 2306 appellavit
833 2236 994 2289 Zara.
1040 2234 1272 2296 Coccus,
1323 2231 1477 2287 unde
1531 2231 1848 2299 coccinum,
1897 2245 1972 2287 ex

276 2328 474 2382 Graeca
514 2324 859 2395 etymologia
894 2322 967 2377 ab
1008 2322 1138 2391 igne
1174 2320 1404 2388 dicitur,
1446 2327 1501 2375 et
1530 2320 1703 2376 etiam
1732 2320 1969 2390 sangui-

275 2416 367 2470 nis
395 2414 667 2470 ruborem
717 2411 959 2482 prtefert.
1004 2410 1154 2464 Deus
1195 2416 1410 2474 autem,
1458 2408 1561 2478 qui
1602 2411 1748 2476 ignis
1776 2423 1973 2463 consu-

276 2519 423 2558 mens
467 2511 708 2558 vocatur
739 2500 920 2570 (Hebr.
954 2513 1054 2565 xn,
1099 2500 1210 2566 29),
1256 2497 1547 2566 passiones
1584 2504 1970 2566 peccatorum,

279 2605 410 2663 quae
461 2605 536 2646 ex
584 2603 757 2645 carne
808 2595 864 2643 et
922 2586 1206 2657 sanguine
1260 2585 1550 2651 oriuntur,
1613 2598 1838 2639 necesse
1889 2591 1974 2639 est

279 2681 442 2751 prius
478 2693 583 2734 suo
637 2677 860 2732 fervore
907 2681 1214 2743 excoquat,
1259 2681 1323 2728 ut
1370 2672 1671 2742 puriﬁcato
1717 2672 1974 2728 interiori

278 2766 668 2836 exteriorique
722 2778 933 2833 opere,
988 2762 1056 2817 ad
1119 2762 1432 2816 videndum
1483 2760 1770 2816 Orientem
1828 2760 1974 2816 lucis

278 2863 505 2912 aeternae
552 2868 650 2923 per
688 2852 926 2908 stibium
967 2849 1263 2906 charitatis
1316 2848 1485 2904 facies
1538 2848 1775 2918 placeat.
1827 2850 1973 2904 Zara

279 2952 473 3000 autem
519 2943 931 3011 interpretatur
978 2952 1172 3005 oriens,
1224 2936 1436 2992 scilicet
1482 2936 1605 3006 ipsa
1648 2937 1745 2993 Dei
1794 2937 1973 2992 dilec-

281 3033 378 3101 tio,
428 3045 560 3102 quae
604 3029 775 3085 totius
818 3028 960 3099 legis
1010 3028 1177 3097 quasi
1226 3025 1569 3081 universalis
1618 3025 1853 3081 luminis
1891 3032 1976 3081 est

278 3120 573 3191 plenitudo
629 3119 799 3189 (Rom.
856 3132 973 3182 xui,
1018 3117 1123 3181 10},
1180 3115 1339 3170 locus
1391 3127 1457 3168 ac
1500 3114 1695 3183 origo,
1754 3114 1811 3168 in
1858 3128 1978 3184 qua

280 3210 641 3281 potissimum
674 3206 886 3262 dicitur
909 3218 1030 3260 esse
1060 3203 1159 3258 Dei
1188 3202 1349 3258 visio.

866 3346 1096 3402 CAPUT
1136 3343 1394 3399 XXXIX.

351 3478 521 3535 Vens.
556 3480 603 3530 1.
653 3505 719 3513 -
753 3475 931 3539 Igitur
973 3470 1181 3539 Joscph
1225 3469 1416 3523 ductus
1446 3473 1521 3523 est
1560 3470 1619 3521 in
1656 3470 1975 3538 Eggptum,

278 3571 511 3636 emitque
548 3580 667 3619 eum
715 3562 985 3631 Putiphar
1032 3557 1304 3614 eunuchus
1355 3558 1678 3623 Pharaonis,
1718 3559 1980 3626 princeps

276 3659 565 3717 emercitus,
615 3656 704 3707 vir
753 3652 1066 3721 Egyptius,
1118 3649 1185 3702 de
1234 3662 1399 3700 manu
1449 3646 1881 3712 Ismaeiitarum,
1943 3662 1978 3700 a

278 3746 474 3815 quibus
529 3741 820 3812 perductus
868 3744 1004 3793 erat.
1075 3738 1191 3791 Hoc
1254 3748 1433 3805 supra
1485 3734 1810 3804 expositum
1871 3742 1973 3803 est,

277 3834 549 3905 pigetque
596 3837 867 3898 repetere.
917 3826 1023 3883 Sed
1072 3823 1390 3879 notandum
1444 3822 1730 3892 quomodo
1759 3822 1868 3878 sub
1900 3830 1978 3878 tot

278 3921 445 3978 malis
477 3919 654 3988 posito
695 3930 828 3971 cum
867 3928 933 3970 eo
965 3914 1116 3969 Deus
1148 3910 1341 3977 fuerit,
1390 3917 1446 3966 et
1490 3909 1549 3965 in
1579 3911 1802 3965 cunctis
1840 3923 1975 3980 pro-

277 4024 442 4081 spere
490 4006 687 4078 egerit.
732 4003 939 4059 Multos
984 4008 1205 4058 certum
1249 4006 1333 4056 est
1374 3998 1561 4054 sinere
1612 3997 1725 4053 labi
1770 3999 1973 4065 Deum,

279 4113 394 4154 non
427 4104 489 4153 ut
538 4097 596 4149 in
649 4093 817 4148 tinent
863 4091 1104 4155 deserat,
1156 4089 1251 4145 sed
1294 4095 1356 4144 ut
1402 4101 1475 4143 ex
1523 4101 1662 4143 casu
1704 4087 1973 4158 corrigat.

279 4186 523 4242 Videtur
552 4196 682 4238 cum
719 4182 805 4235 his
838 4194 950 4235 non
999 4193 1140 4245 esse,
1191 4177 1328 4233 dum
1364 4182 1627 4245 peccant;
1672 4183 1755 4231 est
1786 4183 1975 4231 tamen

2010 1681 2052 1735 Β

2012 2976 2054 3033 C

2158 556 2325 611 Vsus.
2371 556 2425 609 4.
2481 586 2549 595 -
2578 557 2903 623 Invenitque
2945 554 3140 623 Joseph
3182 559 3421 621 gratiam
3470 569 3654 609 coram
3684 553 3790 608 do-

2080 645 2234 698 mino
2262 659 2378 706 suo,
2414 648 2465 698 et
2509 643 2861 697 ministrabat
2900 646 2949 696 ei
2963 660 2976 709 ;
3022 658 3058 695 a
3106 658 3209 710 quo
3237 646 3562 712 praepositus
3608 645 3789 697 omni-

2081 733 2198 798 bus,
2259 731 2596 800 gubernabat
2642 731 2905 785 creditam
2954 731 3063 784 sibi
3116 731 3364 796 domum,
3421 737 3470 784 et
3525 734 3790 785 universa

2080 836 2199 889 qua
2248 820 2457 874 tradita
2496 822 2736 887 fuerant.
2785 820 2995 887 Joseph
3030 834 3211 873 coram
3255 818 3471 872 domino
3497 833 3593 873 suo
3641 835 3783 887 gra-

2082 912 2215 963 tiam
2269 911 2516 974 invenit,
2576 922 2709 963 cum
2766 911 2914 962 sacri
2962 907 3251 976 appetitus
3300 906 3625 977 augmenti,
3685 908 3787 963 cui

2078 1012 2332 1068 nequam
2365 998 2583 1067 pridem
2621 996 3033 1051 dominabatur
3062 994 3318 1061 affectus,
3350 996 3423 1050 ad
3466 995 3785 1051 illationem

2080 1084 2329 1140 carnalis
2370 1083 2665 1149 illecebrae,
2702 1096 2771 1137 ac
2811 1082 2859 1137 si
2900 1095 3092 1137 coram
3144 1082 3321 1150 ipsius
3366 1080 3643 1135 instantia
3686 1080 3787 1135 di-

2080 1174 2231 1228 vina:
2264 1170 2666 1242 protectionem
2697 1170 2896 1241 gratiae
2933 1170 3161 1240 reperit.
3200 1170 3266 1223 Ei
3298 1182 3431 1223 vero
3463 1168 3782 1235 ministrat,

2081 1276 2212 1317 cum
2257 1262 2327 1317 ab
2370 1260 2498 1330 ejus
2543 1274 2602 1316 se
2645 1259 2977 1315 feditatibus
3021 1258 3329 1315 avertendo
3384 1258 3784 1328 suggestioni-

2081 1350 2208 1418 bus,
2239 1350 2366 1420 ejus
2414 1348 2589 1404 totius
2629 1348 2939 1403 honestatis
2980 1346 3169 1403 ofﬁcia
3207 1346 3443 1416 apponit
3470 1354 3526 1401 et
3564 1359 3782 1415 suppe-

2080 1438 2241 1495 ditat.
2294 1438 2382 1493 Ab
2427 1452 2492 1493 eo
2527 1438 2884 1506 praeponitur
2926 1436 3191 1502 omnibus,
3244 1436 3385 1505 quia
3413 1448 3487 1490 ex
3534 1434 3784 1489 materia

2081 1526 2366 1581 interioris
2396 1539 2605 1595 pugnae
2653 1524 2965 1593 superandi
2995 1523 3350 1578 occasionem
3395 1522 3677 1592 praebens,
3724 1524 3782 1577 id

2078 1622 2161 1670 est
2189 1613 2428 1670 aﬁ‘ectus
2458 1628 2561 1669 nos
2603 1613 2810 1669 nostris
2841 1614 3088 1668 motibus
3127 1611 3373 1681 przefert,
3415 1612 3553 1667 dum
3609 1611 3786 1667 subi-

2081 1719 2213 1776 gere
2254 1705 2479 1760 nititur.
2532 1707 2752 1758 Domum
2785 1704 3080 1771 creditam,
3110 1710 3165 1757 et
3202 1702 3397 1757 omnia
3439 1702 3603 1757 nobis
3656 1708 3784 1755 tra-

2081 1793 2201 1847 dita
2231 1792 2647 1863 gubernamus,
2691 1792 2830 1846 dum
2860 1790 3219 1847 commissam
3252 1804 3286 1845 a
3332 1790 3442 1846 Deo
3476 1790 3786 1846 conscien-

2081 1880 2218 1935 tiam
2250 1889 2305 1936 et
2332 1887 2536 1935 caetera
2560 1879 2768 1935 animae
2798 1880 2947 1935 bona
2975 1881 3259 1950 sagaciter
3287 1879 3560 1949 regimus.

2151 1966 2322 2023 Visus.
2358 1970 2409 2033 5,
2443 1969 2494 2021 6.
2529 1998 2596 2006 —-
2623 1967 3021 2037 Benedixitque
3048 1970 3302 2022 Dominus
3321 1968 3504 2021 domui
3530 1969 3791 2038 Egyptii

2079 2061 2301 2125 propter
2327 2057 2542 2126 Ioseph,
2588 2062 2637 2110 et
2680 2057 3088 2125 multiplicauit,
3132 2062 3243 2110 tam
3285 2058 3343 2110 in
3367 2056 3574 2110 aedibus
3615 2071 3787 2125 quam

2080 2145 2141 2197 in
2203 2147 2376 2212 agris,
2426 2151 2671 2199 cunctam
2726 2146 2843 2214 ejus
2899 2145 3288 2211 substantiam;
3334 2160 3428 2199 nec
3475 2144 3786 2213 quidquam

2081 2233 2238 2286 aliud
2299 2238 2544 2300 noverat,
2605 2235 2718 2287 nisi
2763 2249 2959 2303 panem
3016 2248 3120 2301 quo
3177 2234 3505 2288 vescebatur.
3561 2233 3787 2289 Domus

2081 2321 2331 2392 Egyptii
2371 2329 2603 2392 propter
2631 2322 2840 2391 Joseph
2889 2321 3265 2387 benedicitur,
3310 2336 3443 2377 cum
3489 2323 3787 2378 conscien-

2083 2416 2162 2465 tia
2208 2410 2457 2466 tenebris
2506 2410 2779 2466 caecitatis
2818 2418 2873 2466 et
2922 2410 3262 2481 ignorantiae
3295 2410 3511 2479 pridem
3559 2424 3781 2480 pressa,

2082 2512 2185 2568 per
2237 2500 2550 2568 appetitum
2604 2498 2745 2554 bene
2795 2498 3127 2568 proﬁciendi
3176 2498 3386 2554 divinis
3435 2498 3786 2554 muneribus

2081 2586 2366 2653 evehitur,
2408 2594 2481 2652 et,
2541 2594 2659 2641 tam
2707 2586 2765 2641 in
2822 2586 3159 2642 interiorum
3214 2586 3498 2642 virtutum
3553 2586 3785 2642 aedibus

2083 2688 2260 2745 quam
2319 2675 2376 2729 in
2424 2674 2616 2745 agris,
2677 2674 2965 2730 exercitiis
3028 2673 3285 2729 videlicet
3339 2674 3779 2743 corporalibus,
3840 2664 3847 2671 ’

2082 2772 2290 2819 cuncta
2321 2762 2721 2818 rationalitatis
2757 2762 2883 2832 ejus
2917 2762 3260 2828 substantia,
3291 2777 3421 2832 quae
3467 2764 3784 2819 structuris

2081 2866 2321 2921 operum
2373 2852 2551 2908 instar
2599 2851 2758 2907 fortis
2804 2851 3162 2906 fundamenti
3211 2851 3454 2919 substat,
3504 2860 3783 2922 augetur,

2082 2948 2137 2995 et
2183 2945 2396 2994 remoto
2454 2946 2707 2995 veterum
2758 2939 3167 3010 indignitatum
3224 2953 3362 3003 usu,
3426 2937 3584 2993 solus
3647 2941 3785 2995 vitae

2085 3036 2312 3083 aeterna:
2367 3028 2530 3096 panis
2575 3029 2924 3098 agnoscitur.
2977 3029 3116 3082 Erat
3174 3032 3351 3081 autem
3405 3028 3601 3096 Ioseph
3643 3029 3780 3096 put-

2085 3116 2218 3170 chra
2244 3117 2406 3183 facie,
2431 3122 2482 3169 et
2510 3116 2730 3170 decorus
2754 3121 2992 3185 aspectu.
3029 3114 3132 3170 Illa
3163 3114 3424 3170 videlicet
3454 3115 3615 3181 facie,
3646 3129 3782 3185 quas

2086 3217 2120 3258 a
2150 3203 2389 3259 Domino
2437 3204 2617 3258 lavari
2662 3202 2922 3273 jubetur,
2956 3202 3127 3273 cujus
3172 3202 3456 3273 singulari
3500 3210 3641 3259 tunc
3689 3203 3783 3259 de-

2085 3307 2212 3349 core
2246 3294 2398 3348 Deus
2424 3291 2722 3361 aspicitur.

2158 3381 2332 3437 Vsus.
2375 3386 2424 3435 7.
2460 3412 2527 3420 —
2564 3382 2689 3435 Post
2724 3380 2915 3434 multos
2954 3381 3139 3449 itaque
3170 3380 3285 3433 dies
3326 3379 3513 3447 injecit
3558 3379 3784 3434 domina

2084 3473 2259 3527 oculos
2303 3486 2426 3525 suos
2472 3472 2529 3523 in
2579 3468 2799 3538 Ioseph,
2849 3474 2899 3522 et
2938 3471 3020 3523 ait
3066 3482 3080 3523 :
3137 3469 3331 3523 Dormi
3371 3483 3594 3523 mecum.
3650 3470 3784 3526 Post

2085 3560 2297 3617 multas
2332 3560 2614 3615 virtutum
2655 3557 3046 3625 claritudines,
3085 3556 3564 3627 concupiscentia,
3620 3567 3780 3628 post-

2084 3662 2260 3719 quam
2291 3648 2363 3704 ad
2395 3656 2618 3717 tempus
2644 3646 2824 3711 siluit,
2866 3646 3127 3701 rediviva
3153 3646 3361 3701 veteris
3402 3645 3643 3701 dominii
3689 3661 3784 3703 re-

2083 3737 2317 3793 cordata
2360 3736 2674 3805 consurgit,
2722 3742 2777 3790 et
2807 3748 2938 3804 quae
2981 3734 3284 3790 videbatur
3307 3747 3529 3802 aversa,
3578 3737 3779 3803 oculos,

2084 3825 2141 3881 id
2190 3833 2274 3881 est
2335 3825 2592 3881 tentandi
2650 3822 2998 3878 intentiones
3049 3822 3106 3877 in
3156 3823 3365 3878 bonam
3421 3823 3781 3880 voluntatem

2084 3914 2358 3984 congerit.
2421 3915 2617 3981 Dormi,
2678 3911 2888 3981 inquit,
2943 3926 3165 3977 mecum,
3228 3910 3283 3966 id
3329 3918 3412 3966 est
3464 3910 3783 3980 voluptatis

2082 4002 2284 4059 oblata}
2334 4001 2635 4071 acquiesce
2686 3999 2971 4068 suscipere
3029 4012 3317 4055 somnum.
3371 3998 3563 4069 (VERS.
3607 4001 3664 4068 8,
3706 4003 3779 4069 9.)

2085 4090 2191 4147 Sed
2218 4092 2367 4159 operi
2394 4091 2606 4155 nefario
2649 4103 2993 4157 nequaquam
3024 4089 3384 4155 acquiescens,
3408 4089 3489 4141 ait
3512 4087 3588 4141 ad
3612 4104 3731 4142 eam
3765 4104 3778 4143 :

2085 4182 2219 4234 Ecce
2272 4178 2543 4242 dominus,
2589 4177 2837 4232 omnibus
2890 4176 3027 4230 mihi
3080 4175 3321 4242 traditis,
3380 4178 3597 4244 ignorat
3646 4176 3782 4246 quid

278 4282 344 4331 ut
371 4288 443 4329 ex
493 4279 721 4342 peccato
770 4268 1089 4339 proﬁciant,
1138 4266 1293 4336 quod
1332 4273 1387 4321 et
1430 4263 1488 4319 in
1521 4264 1649 4319 ﬁliis
1681 4264 1874 4332 Israel,
1920 4271 1976 4320 et
2017 4273 2057 4327 ι)
2087 4270 2281 4322 habeat
2332 4270 2389 4321 in
2428 4267 2582 4321 domo
2625 4281 2755 4332 sua;
2803 4281 2898 4319 nec
2940 4264 3243 4333 quidquam
3292 4268 3371 4318 est
3404 4264 3548 4332 quod
3575 4280 3684 4319 non
3721 4269 3777 4318 in

277 4363 336 4418 in
382 4363 545 4418 Petro
593 4357 847 4429 apostolo
896 4355 1035 4412 satis
1076 4353 1372 4424 probatur,
1432 4352 1533 4421 qui
1569 4351 1624 4406 in
1676 4352 1811 4421 ipsis
1857 4351 1979 4407 suis

277 4452 507 4508 casibus
535 4464 568 4504 a
602 4449 714 4504 Deo
746 4446 1083 4502 revisuntur
1128 4442 1316 4512 potius
1349 4454 1527 4511 quam
1568 4441 1973 4510 reprobantur.

276 4541 366 4596 Ex
397 4554 462 4596 eo
506 4551 645 4608 ergo
691 4534 848 4606 quod
889 4533 961 4589 ab
1007 4532 1124 4601 ipso
1166 4530 1339 4585 etiam
1390 4528 1538 4585 inter
1566 4529 1812 4584 crimina
1860 4543 1977 4585 non

277 4630 642 4693 deseruntur,
690 4630 899 4680 cuncta
946 4621 1058 4676 sibi
1099 4618 1314 4690 peccati
1361 4618 1681 4675 adversitas
1726 4619 1785 4674 in
1840 4633 1977 4688 pro-

275 4717 605 4788 speritatem
661 4711 928 4769 vertitur.
983 4710 1175 4780 (Vsus.
1243 4707 1320 4778 2.)
1370 4708 1510 4773 Quia
1554 4710 1667 4775 fuit
1717 4710 1977 4763 Dominus

274 4822 394 4862 cum
441 4820 518 4871 eo,
557 4801 871 4871 insignitur
911 4799 1031 4869 jam
1080 4795 1220 4863 viri,
1276 4796 1332 4851 id
1375 4804 1458 4852 est
1491 4796 1734 4851 viriliter
1778 4803 1978 4852 contra

273 4896 417 4952 vitia
462 4891 686 4965 agentis
720 4887 1021 4945 vocabulo.
1064 4886 1464 4955 Habitabatquc
1493 4888 1552 4939 in
1586 4885 1741 4940 domo
1770 4884 1980 4939 domini

273 4987 361 5040 sui
392 4983 587 5053 (Vsus.
618 4980 674 5046 3)
720 4982 817 5047 qui
862 4980 1061 5047 Optime
1103 4980 1327 5030 noverat
1376 4976 1661 5030 Dominum
1705 4989 1817 5028 esse
1856 4988 1977 5028 cum

275 5089 354 5139 eo,
386 5078 438 5128 et
480 5073 662 5128 omnia
699 5083 817 5137 quas
855 5071 1061 5135 gereret
1099 5065 1168 5119 ab
1198 5080 1255 5119 eo
1299 5064 1472 5130 dirigi
1502 5066 1562 5117 in
1606 5078 1772 5117 manu
1800 5063 1973 5115 illius.

274 5160 549 5217 Habitare
591 5158 663 5214 ab
714 5171 779 5213 eo
828 5156 985 5227 quod
1033 5162 1138 5221 est,
1189 5154 1399 5218 habere,
1449 5150 1870 5223 frequentative
1917 5150 1977 5204 in

276 5247 497 5305 ﬂexum
529 5260 631 5317 pro
662 5260 727 5302 eo
763 5244 917 5315 quod
950 5251 1049 5307 est,
1089 5243 1384 5307 dominari,
1427 5240 1679 5312 ponitur.
1717 5239 1781 5294 In
1807 5238 1977 5294 domo

275 5337 497 5407 itaque,
548 5334 603 5389 id
640 5342 725 5390 est
767 5331 1135 5399 conscientia,
1188 5344 1306 5401 qua
1347 5342 1598 5399 nequam
1646 5326 1977 5383 dominatus

275 5426 460 5484 fuerat
519 5423 845 5493 appetitus,
907 5419 1238 5489 proﬁciendi
1294 5418 1352 5473 in
1406 5417 1586 5473 Deum
1643 5415 1977 5472 dominatur

273 5513 542 5581 affectus,
596 5518 652 5567 et
704 5509 1092 5578 experimento
1142 5506 1386 5562 addiscit
1443 5504 1731 5575 cupiditas
1787 5504 1973 5560 Deum

2084 4373 2201 4413 mea
2229 4359 2303 4412 sit
2336 4360 2619 4425 potestate,
2667 4356 2751 4409 vel
2778 4369 2885 4409 non
2937 4353 3230 4408 tradiderit
3274 4356 3429 4419 mihi,
3478 4358 3677 4422 praeter
3706 4359 3773 4420 te,

2086 4462 2205 4517 qua:
2231 4460 2372 4500 umor
2398 4444 2513 4515 ejus
2544 4459 2618 4499 es.
2659 4443 2823 4510 Quia,
2858 4443 3067 4513 inquit.
3102 4442 3151 4499 is
3187 4442 3290 4514 qui
3336 4442 3476 4498 mibi
3508 4442 3776 4498 domina-

2087 4535 2259 4591 batur
2286 4533 2587 4589 universas
2634 4531 2877 4601 ineptias
2905 4545 3041 4588 suas
3071 4545 3196 4587 meo
3241 4532 3469 4602 subegit
3513 4532 3772 4601 imperio,

2084 4622 2228 4679 etin
2257 4622 2424 4678 domo
2455 4620 2750 4691 quondam
2796 4634 2923 4680 sua.
2961 4620 3172 4676 scilicet
3219 4619 3567 4676 conscientia
3606 4620 3776 4690 igno-

2084 4719 2175 4768 rat
2203 4710 2483 4781 quidnam
2531 4723 2703 4765 suum
2736 4716 2931 4764 notare
2977 4715 3170 4778 queat,
3216 4708 3313 4764 sed
3351 4709 3545 4763 omnia
3573 4716 3775 4778 parent

2086 4799 2323 4856 rationis
2375 4798 2621 4869 judicio,
2677 4802 2879 4867 praeter
2938 4802 3022 4865 te,
3079 4797 3581 4867 concupiscentia,
3642 4812 3774 4867 quze

2084 4887 2247 4958 pravi
2297 4885 2536 4942 aﬁ‘ectus
2583 4885 2731 4941 male
2774 4884 2887 4940 feta
2934 4899 3076 4939 uxor
3123 4900 3198 4950 es,
3245 4898 3375 4955 qua:
3424 4885 3772 4955 inquantum

2084 4988 2394 5047 suggerere
2425 4973 2575 5030 mala
2614 4988 2728 5029 non
2761 4972 2993 5037 desinis,
3030 4972 3221 5044 subigi
3263 4973 3497 5029 omnino
3523 4987 3638 5029 non
3669 4987 3774 5044 po-

2090 5072 2185 5120 tes.
2221 5065 2489 5134 ouomodo
2518 5078 2644 5131 ergo
2681 5077 2897 5131 possum
2938 5062 3143 5116 malum
3189 5062 3285 5116 hoc
3329 5064 3529 5128 facere,
3576 5067 3627 5116 et
3650 5079 3775 5131 pec-

2084 5169 2208 5209 care
2243 5154 2300 5207 in
2333 5153 2505 5207 Deum
2548 5151 2762 5206 meum?
2804 5150 2965 5217 Quod
2996 5159 3081 5207 est
3109 5150 3294 5206 dicere
3330 5168 3346 5203 :
3379 5151 3522 5206 Cum
3552 5152 3775 5221 appeti-

2086 5250 2178 5300 tus
2206 5256 2369 5299 meus
2415 5239 2729 5312 aliquando
2762 5239 3040 5296 Dominus
3082 5253 3142 5295 se
3180 5238 3323 5294 mihi
3369 5237 3686 5307 tradiderit,
3717 5241 3772 5296 id

2084 5332 2167 5381 est
2193 5323 2665 5396 irretragabiliter
2697 5336 2755 5379 se
2789 5337 2914 5379 meo
2947 5323 3070 5393 juri
3098 5322 3244 5378 tradi
3274 5322 3611 5392 permiserit,
3637 5338 3774 5394 quo~

2084 5414 2251 5469 modo
2280 5412 2875 5483 concupiscentiarum
2905 5418 3139 5468 tuarum
3169 5409 3395 5468 eﬁ‘ectui
3427 5412 3775 5469 continentia

2085 5515 2211 5557 mea
2238 5500 2546 5557 convenire
2576 5498 2821 5569 poterit?
