3904 6066
136 239 237 291 269

1328 237 1690 295 MORALIUM
1731 240 1802 294 IN
1840 239 2138 296 GENESIN
2178 240 2316 295 LIB.
2354 241 2440 296 IX.

3528 251 3636 304 2'70

205 367 381 425 Vnus.
442 369 526 423 1ο.
590 398 654 408 -
712 366 1097 437 Hujuscemodi
1138 367 1316 423 verbis
1367 373 1418 423 et
1475 370 1669 423 mulier
1716 385 1825 424 mo-
1861 369 2033 428 Ased
2080 377 2143 425 ut
2191 369 2422 440 fedaret,
2455 379 2508 427 et
2557 371 2861 429 diceretur.
2911 377 3009 430 Hic
3056 378 3208 432 homo
3247 383 3405 449 coepit
3447 382 3632 452 aediﬁ-

134 457 273 511 lesta
346 462 466 511 erat
544 456 870 511 adolescenti
945 472 1045 525 per
1109 459 1352 525 singulos
1420 459 1555 523 dies,
1625 463 1675 512 et
1737 461 1828 513 ille

130 546 419 600 recusabat
476 551 745 615 stuprum.
809 545 912 600 Per
975 544 1239 616 singulas
1300 546 1584 602 virtutum
1650 546 1827 602 clari-

133 641 296 701 tates,
398 635 591 689 animo
691 633 859 688 virile
961 632 1139 689 robur
1240 634 1406 703 quasi
1502 635 1822 690 adolescen-

130 722 271 778 tiam
329 722 633 793 attingenti
688 736 930 791 semper,
987 736 1175 791 neque
1234 722 1527 779 blanditiis
1586 724 1828 779 adversa

136 817 285 866 I43
329 818 434 878 est,
485 810 908 866 all‘ectualitatis
954 824 1020 865 ac
1067 811 1113 864 si
1163 811 1462 867 muliebris
1523 811 1824 877 mollities;

129 900 227 956 sed
263 901 357 957 ille
400 909 624 956 recusat
659 898 843 954 illatas
872 898 1156 955 libidines.
1200 899 1395 969 (Vens.
1442 904 1525 967 11,
1574 903 1678 965 12.)
1711 903 1826 955 Ac-

127 989 271 1043 cidit
350 994 529 1043 autem
597 988 705 1051 die,
774 992 833 1041 ut
897 990 1130 1041 intraret
1211 990 1407 1057 Joseph
1472 989 1707 1053 domum,
1776 992 1827 1042 et

126 1079 308 1145 operis
343 1077 631 1145 quidpiam
660 1075 861 1143 absque
897 1076 1124 1130 arbitris
1153 1077 1393 1141 faceret;
1421 1081 1471 1130 et
1498 1078 1599 1131 illa
1628 1093 1825 1146 appre-

128 1166 298 1218 hensa
337 1166 542 1219 lacinia
587 1163 898 1218 vestimenti
935 1164 1052 1229 ejus
1091 1163 1325 1218 diceret:
1371 1164 1566 1218 Dormi
1601 1180 1823 1219 mecum.

129 1254 386 1317 Quadam
446 1252 535 1306 die
588 1252 785 1321 Joseph
853 1251 1071 1305 domum
1138 1252 1334 1318 intrat,
1403 1267 1534 1308 cum
1608 1253 1826 1309 incerta

129 1341 532 1397 rationalitatis
565 1340 963 1412 intelligentia,
1006 1339 1058 1394 id
1088 1347 1171 1395 est
1203 1340 1522 1407 voluntate,
1564 1356 1694 1411 quae
1724 1342 1827 1397 lux

128 1439 231 1496 est,
267 1431 463 1485 minus
491 1429 559 1484 ad
588 1430 728 1485 bene
756 1429 1043 1499 agendum
1073 1428 1241 1498 plena
1273 1428 1448 1485 veluti
1473 1430 1598 1486 luce
1627 1430 1825 1496 dubia,

130 1522 261 1589 pius
318 1526 509 1574 noster
540 1517 778 1573 affectus
811 1517 1173 1572 conscientiae
1221 1517 1466 1589 angulos
1524 1518 1829 1574 discutien-

127 1608 197 1662 do
231 1607 561 1677 perlustrat.
595 1606 832 1661 Dilectio
862 1606 1017 1662 enim
1058 1605 1183 1671 ista,
1228 1606 1383 1676 quod
1418 1615 1522 1676 est,
1564 1608 1823 1675 quadam,

126 1710 229 1765 pro
286 1696 502 1751 incerto
567 1696 822 1765 ponitur.
883 1694 1042 1750 Unde
1103 1694 1316 1750 dicitur
1373 1695 1569 1751 fecisse
1628 1696 1829 1766 absque

124 1784 360 1837 arbitris
392 1784 689 1853 quiddam,
715 1782 853 1852 quia
885 1783 941 1837 in
975 1782 1165 1852 tepido
1189 1782 1408 1851 positus
1428 1791 1582 1838 statu
1613 1783 1824 1840 discre-

126 1873 300 1929 tionis
342 1873 456 1927 vim
510 1886 624 1927 non
658 1872 829 1927 habet
874 1871 1216 1941 plenariam.
1276 1872 1578 1928 Interiores
1624 1886 1829 1942 nempe

125 1962 329 2017 arbitri
365 1968 555 2017 motus
585 1968 722 2015 sunt
764 1960 1191 2015 examinatorii.
1245 1960 1314 2015 Et
1350 1960 1545 2015 minus
1574 1962 1827 2017 fervente

126 2050 479 2106 conscientia
525 2048 663 2105 solet
693 2047 858 2103 facile
905 2047 1200 2117 subripere
1250 2048 1731 2117 concupiscentia.
1762 2049 1824 2103 In

128 2142 253 2209 ipsa
320 2152 575 2208 namque
634 2136 990 2192 discussione
1032 2136 1270 2206 quidam
1319 2136 1392 2192 ob
1433 2136 1826 2193 difﬁcultatem

127 2228 282 2283 tasdii
330 2235 527 2296 torpor
582 2226 824 2296 obrepit.
880 2227 1041 2283 Unde
1082 2234 1136 2282 et
1184 2227 1454 2283 laciniam
1502 2228 1824 2296 apprehen-

126 2316 229 2384 dit,
278 2316 335 2371 id
365 2324 451 2371 est
481 2315 873 2382 intentionem,
916 2330 1048 2386 quae
1081 2330 1183 2386 per
1213 2316 1702 2386 longanimitatem
1754 2315 1828 2371 ad

127 2406 310 2461 Deum
340 2404 677 2471 intenditur,
711 2411 766 2460 et
808 2418 939 2474 quae
970 2403 1178 2460 interni
1209 2404 1388 2459 nostri
1424 2403 1655 2459 habitus
1696 2404 1824 2473 pal-

127 2495 273 2549 lium
321 2493 380 2547 in
421 2493 701 2548 unitatem
751 2492 915 2549 bona!
976 2493 1289 2549 voluntatis
1352 2492 1589 2562 colligit,
1648 2493 1717 2547 ad
1767 2507 1826 2549 se

126 2580 444 2637 contrahit.
485 2585 525 2636 A
558 2581 768 2636 lacinia
804 2580 958 2636 enim
990 2581 1264 2651 quaelibet
1302 2580 1570 2637 laciniosa
1614 2580 1825 2636 dicun-

126 2677 247 2735 tur,
293 2669 349 2723 id
396 2676 479 2724 est
536 2668 726 2739 longa,
778 2678 832 2725 et
894 2669 972 2725 nil
1039 2684 1105 2725 eo
1155 2670 1492 2739 productius
1546 2670 1702 2740 quod
1753 2669 1826 2724 ad

128 2758 313 2814 Deum
362 2771 549 2827 usque
589 2758 968 2827 pertenditur.
1019 2758 1277 2813 Dormire
1320 2772 1511 2814 secum
1554 2758 1822 2828 postulat,

126 2847 267 2902 dum
313 2846 372 2900 in
423 2846 729 2901 oblivionis
762 2853 817 2901 et
861 2846 1227 2917 negligentiae
1274 2846 1677 2916 labyrinthum
1709 2846 1823 2902 labi

128 2934 347 3005 pariter
406 2942 693 3004 provocat.
750 2934 855 3000 Qui
897 2936 1082 2989 relicto
1136 2936 1195 2989 in
1242 2950 1406 2989 manu
1452 2935 1607 2989 illius
1652 2935 1823 3005 pallio
1863 2962 1903 3018 ο

124 3024 295 3091 fugit,
329 3026 380 3075 et
411 3036 653 3092 egressus
676 3026 755 3075 est
781 3022 954 3088 foras.
992 3022 1051 3075 In
1088 3035 1264 3077 manu
1298 3021 1555 3078 mulieris
1584 3022 1824 3091 pallium

126 3111 539 3181 relinquimus,
596 3124 729 3166 cum
778 3110 1103 3165 tentationis
1142 3109 1459 3165 fortitudini
1502 3109 1823 3166 interiorem

126 3207 394 3255 nostrum
437 3198 726 3253 hominem
779 3198 964 3268 magis
1008 3211 1290 3267 exponere
1330 3197 1601 3269 eligimus
1648 3212 1823 3268 quam

127 3287 254 3357 ejus
293 3285 519 3341 libidini
543 3285 799 3342 suaviter
827 3285 1293 3341 succumbamus.
1324 3285 1382 3339 In
1419 3286 1567 3340 hanc
1589 3299 1826 3341 manum

129 3375 232 3430 Job
260 3382 351 3430 est
398 3375 588 3442 datus,
620 3373 782 3429 salva
824 3380 1013 3429 tamen
1047 3372 1241 3428 anima
1287 3373 1441 3429 illius
1491 3375 1609 3442 (Job
1644 3390 1699 3440 Il,
1747 3378 1821 3442 6).

134 3463 308 3517 Porro
339 3462 599 3532 fugimus
626 3460 897 3530 forasque
915 3461 1266 3531 egredimur,
1302 3475 1434 3515 cuin
1468 3461 1686 3528 timore,
1721 3462 1823 3531 qui

131 3550 314 3605 animi
346 3549 485 3613 fuga
526 3556 631 3616 est,
678 3548 878 3604 divino
904 3547 1269 3617 corripimur,
1298 3555 1353 3603 et
1393 3555 1557 3604 extra
1594 3562 1697 3604 nos
1728 3562 1826 3618 per

131 3639 545 3709 cogitationum
576 3637 982 3693 confessionem
1016 3636 1184 3692 imus.

197 3726 375 3783 Vnus.
412 3728 496 3790 13,
534 3726 617 3793 Ib,
655 3728 740 3780 15.
768 3755 837 3767 -
866 3728 1102 3794 Cumque
1138 3724 1370 3781 vidisset
1406 3726 1600 3780 mulier
1628 3730 1825 3780 vestem

128 3817 185 3868 in
222 3814 479 3869 manibus
524 3816 661 3881 suis,
710 3818 760 3867 et
800 3828 856 3867 se
906 3828 1019 3868 esse
1057 3818 1434 3883 contemptam,
1482 3816 1697 3869 vocavit
1736 3814 1824 3869 ho-

126 3904 298 3957 mines
365 3902 555 3956 domus
617 3917 745 3969 suae,
790 3906 841 3957 et
898 3905 978 3956 ait
1042 3902 1116 3955 ad
1169 3917 1291 3956 eos:
1362 3902 1455 3956 En
1512 3903 1826 3959 introduxit

126 3993 311 4045 virum
361 3991 680 4057 Hebreum,
703 3996 763 4044 ut
808 3990 1060 4044 illuderet
1090 3990 1280 4056 nobis;
1320 3989 1603 4061 ingressus
1636 3995 1713 4045 est
1750 3989 1826 4043 ad

126 4095 227 4145 me,
266 4084 331 4132 ut
374 4080 539 4132 coiret
592 4094 816 4132 mecum.
874 4078 1120 4146 Cumque
1168 4094 1261 4146 ego
1298 4079 1727 4144 succlamassem,
1775 4082 1825 4133 et

125 4168 373 4221 audisset
401 4181 579 4221 vocem
615 4182 805 4233 meam,
852 4167 1073 4236 reliquit
1114 4167 1347 4235 pallium
1381 4167 1527 4235 quod
1567 4168 1821 4233 tenebam,

1935 474 2075 526 care,
2146 465 2196 513 et
2259 476 2364 514 non
2418 464 2601 529 potuit
2666 478 3035 518 consummare
3108 468 3254 535 (Luc,
3333 484 3448 537 xxv,
3519 471 3631 541 30).

1934 547 2180 615 Cumque
2223 563 2315 615 ego
2365 549 2719 605 rationaliter
2767 554 3198 624 succlamassem,
3265 557 3467 612 melius
3511 572 3631 613 esse

1936 648 2052 690 non
2100 649 2308 691 vovere
2350 650 2527 706 quam
2580 647 2712 693 vota
2754 654 2869 695 non
2909 641 3145 697 reddere
3189 644 3392 713 (Eccle.
3444 660 3502 713 γ,
3548 646 3629 716 4),

1935 731 1990 779 et
2037 723 2401 780 intellexisset
2446 727 2563 781 vim
2597 728 2767 795 vocis,
2819 730 3045 797 reliquit
3086 733 3338 800 pallium,
3390 734 3630 789 interio-

1936 811 2017 866 ris
2067 812 2279 868 scilicet
2350 816 2682 870 reverentize
2755 816 3243 888 integumentum,
3305 822 3444 876 mihi
3522 836 3625 891 pro

1935 897 2093 953 libito
2123 899 2499 965 abutendum,
2536 907 2584 955 et
2623 905 2777 967 foras
2802 905 2923 973 jam
2958 905 3014 959 in
3073 914 3303 975 turpem
3355 910 3628 964 excedere

1935 987 2105 1056 coepit
2149 985 2436 1042 eﬂ‘ectum.
2496 989 2626 1044 Haec
2682 999 2913 1061 arrogat
2970 993 3273 1063 aliquoties
3310 995 3417 1050 sibi
3468 1011 3629 1051 mens

1934 1074 2210 1140 marcida,
2248 1074 2386 1129 dum
2435 1074 2515 1129 sic
2558 1077 2847 1144 turbatur,
2883 1086 2945 1134 ut
3006 1089 3253 1150 nequeat
3304 1082 3627 1139 discernere

1936 1161 1984 1217 si
2013 1162 2233 1224 vicerit,
2269 1177 2342 1218 an
2377 1164 2448 1219 sit
2478 1168 2645 1219 victa.

2006 1250 2178 1307 Vens.
2246 1252 2329 1318 l6,
2388 1257 2471 1319 17,
2533 1255 2613 1307 18.
2651 1283 2723 1294 -
2781 1255 2849 1308 1η
2887 1263 3264 1321 argumentum
3311 1274 3437 1325 ergo
3496 1262 3630 1329 ﬁdei

1933 1344 2197 1394 retentum
2236 1341 2471 1409 pallium
2515 1342 2747 1396 ostendit
2799 1346 2996 1397 marito
3046 1350 3336 1401 revertenti
3389 1349 3624 1415 domum,

1934 1435 1985 1483 et
2041 1432 2158 1485 ait:
2212 1431 2493 1496 Ingressus
2546 1437 2625 1484 est
2675 1432 2749 1484 ad
2798 1447 2880 1485 me
2917 1447 3103 1486 servus
3152 1435 3425 1502 Hebraeus,
3473 1454 3629 1506 quem

1935 1517 2227 1571 adduxisti
2256 1524 2315 1572 ut
2351 1519 2599 1573 illuderet
2646 1520 2798 1573 mihi.
2851 1521 3089 1589 Cumque
3133 1523 3359 1577 vidisset
3398 1542 3479 1579 me
3506 1527 3627 1581 cta—

1934 1622 2101 1674 mare,
2150 1608 2373 1675 reliquit
2418 1609 2670 1676 pallium,
2715 1613 2766 1663 et
2809 1609 2958 1676 fugit
2992 1612 3167 1675 foras.
3214 1612 3455 1668 Maritus
3497 1615 3628 1669 ani-

1866 1672 1907 1727 B
1939 1672 2217 1765 mae,ipsc
2258 1672 2341 1751 est
2370 1672 2725 1762 intellectus;
2779 1672 3252 1767 qrui'in'domum
3296 1702 3625 1769 revertitur,

1937 1796 2069 1838 cum
2099 1797 2132 1838 a
2157 1797 2261 1839 sua
2294 1784 2645 1853 dispersione
2685 1785 2753 1839 ad
2805 1800 2902 1841 cor
2948 1788 3291 1857 regreditur.
3345 1791 3409 1843 In
3454 1806 3628 1859 argu-

1894 1938 1900 1944 .
1936 1877 2169 1926 mentum
2213 1873 2343 1941 ﬁdei
2394 1873 2529 1928 huic
2574 1873 2811 1943 pallium
2860 1876 3201 1944 ostenditur,
3245 1892 3377 1932 cum
3420 1880 3628 1935 mentis

1936 1959 2169 2016 habitus
2220 1962 2478 2031 nequitia
2526 1962 2766 2017 infectus
2815 1963 2872 2018 in
2924 1964 3314 2033 probationem
3362 1969 3629 2035 praevari-

1934 2048 2173 2104 cationis
2220 2049 2549 2105 adducitur.
2614 2052 2887 2118 Ingressus
2949 2058 3047 2113 est.
3126 2054 3331 2124 inquit,
3404 2056 3479 2109 ad
3546 2073 3629 2110 me

1934 2136 2154 2192 servilis
2184 2137 2419 2207 quidam
2453 2152 2565 2193 non
2598 2139 2830 2205 amoris,
2874 2140 2968 2195 sed
3002 2142 3222 2196 timoris
3255 2150 3463 2210 motus,
3510 2159 3625 2199 non

1935 2224 2034 2295 qui
2067 2223 2124 2278 in
2172 2233 2450 2279 aeternum
2493 2224 2545 2280 in
2580 2227 2748 2282 domo
2780 2237 3028 2295 maneat,
3082 2231 3176 2285 sed
3230 2230 3520 2298 Hebraeus,
3569 2232 3623 2286 id

1932 2319 2013 2366 est
2069 2311 2451 2373 transitorius,
2506 2329 2677 2383 quem
2724 2323 2823 2371 tuo
2875 2318 3079 2372 marito
3129 2318 3451 2374 inteliectus
3499 2320 3621 2375 solo

1934 2398 2095 2454 initio
2127 2399 2384 2468 allectus,
2415 2402 2509 2457 sed
2542 2403 2703 2458 nulla
2736 2406 3086 2474 promotionc
3113 2406 3425 2475 profectus,
3457 2410 3622 2477 quasi

1935 2488 2184 2557 proludii
2237 2503 2413 2545 causa
2462 2490 2798 2562 induxeris;
2843 2500 2898 2549 et
2949 2508 3079 2549 cum
3131 2508 3218 2549 me
3268 2495 3625 2552 inclamitare

1934 2576 2216 2644 sensisset,
2273 2577 2412 2647 quia
2460 2580 2560 2649 qui
2620 2588 2753 2636 ante
2810 2582 3111 2650 respondet
3160 2596 3335 2653 quam
3402 2585 3622 2654 audiat,

1935 2664 2178 2720 stultum
2206 2679 2263 2721 se
2299 2681 2420 2721 esse
2452 2667 2826 2734 demonstrat,
2859 2669 2999 2739 quia
3041 2684 3130 2725 me
3161 2669 3402 2727 interius
3432 2674 3625 2728 vocari

1934 2754 2278 2819 nesciebam,
2339 2754 2587 2823 profecto
2648 2770 2995 2827 consurgere
3062 2759 3130 2813 ad
3204 2758 3378 2814 nimis
3441 2761 3625 2817 ardua

1933 2842 2293 2911 respuebam,
2361 2842 2664 2912 impatiens
2729 2845 3015 2901 interioris
3079 2845 3385 2917 impulsus,
3451 2851 3623 2919 fugit,

1933 2930 2147 2986 scilicet
2176 2931 2521 2987 recurrendo
2551 2932 2623 2987 ad
2656 2932 2968 2989 remedium
3004 2934 3331 3005 voluptuosi
3358 2943 3541 2993 actus.

2019 3021 2274 3087 vnnsJQ,
2323 3020 2411 3073 20.
2454 3049 2522 3058 —
2560 3022 2659 3074 His
2706 3021 2915 3075 auditis
2972 3022 3241 3092 dominus,
3292 3029 3342 3077 et
3394 3028 3623 3081 nimium

1936 3106 2187 3162 credulus
2224 3107 2400 3161 verbis
2446 3109 2691 3179 conjugis
2729 3110 2909 3164 iratus
2946 3119 3023 3165 est
3065 3111 3243 3179 valde,
3286 3113 3627 3182 tradiditque

1932 3196 2129 3265 Ioseph
2170 3197 2228 3249 in
2273 3211 2556 3261 carcerem,
2608 3198 2704 3252 ubi
2750 3201 2923 3253 vincti
2970 3202 3113 3267 regis
3160 3200 3622 3270 custodiebantur,

1934 3288 1986 3337 et
2013 3289 2131 3338 erat
2158 3284 2238 3338 ibi
2281 3286 2515 3340 clausus.
2565 3285 2760 3353 Audit,
2796 3286 2851 3341 id
2892 3295 2973 3342 est
3022 3287 3286 3357 intelligit
3333 3290 3622 3360 dominus,

1933 3371 1982 3427 is
2009 3372 2274 3428 videlicet
2303 3372 2406 3441 qui
2442 3372 2659 3442 pridem
2686 3374 3097 3431 dominabatur
3123 3390 3373 3446 nequam
3404 3379 3623 3448 appeti-

1934 3467 2029 3516 tus
2076 3459 2550 3529 concupiscentiaa
2594 3475 2714 3516 sua:
2761 3463 3031 3530 monitus,
3073 3470 3127 3519 et
3155 3464 3282 3534 ejus
3320 3465 3624 3522 incentivis

1935 3548 2214 3615 invectus,
2262 3548 2319 3602 in
2348 3561 2416 3603 ea
2456 3562 2586 3617 quae
2625 3549 2973 3618 concupiscit
3023 3558 3299 3621 tanquam
3331 3553 3390 3607 in
3419 3555 3623 3625 conju-

1934 3650 2063 3707 gem
2104 3643 2219 3691 tota
2260 3635 2631 3691 delectatione
2670 3636 2947 3701 deﬂexus,
2990 3643 3189 3692 contra
3224 3638 3625 3697 intellectualis

1935 3721 2221 3793 profectus
2268 3722 2584 3793 appetitum
2626 3723 2856 3792 defurit,
2907 3731 2962 3779 et
3005 3724 3205 3794 Ioseph
3252 3729 3311 3779 in
3361 3742 3621 3784 carcerem

1933 3811 2127 3877 tradit,
2152 3825 2285 3866 cum
2317 3811 2376 3865 in
2416 3812 2781 3866 tentationem
2817 3826 2875 3867 se
2915 3812 3173 3883 undique
3208 3822 3621 3883 coarctantem,

1935 3899 2012 3969 pii
2042 3898 2339 3970 augmenti
2384 3913 2482 3955 cor
2530 3899 2805 3969 cupidum
2858 3901 3056 3957 trudit.
3109 3901 3192 3957 Ibi
3246 3902 3400 3959 enim
3453 3906 3625 3960 vincti

1930 3991 2071 4055 regis
2113 3987 2571 4042 custodiebantur.
2631 3988 2771 4059 quia
2803 3988 2881 4055 hi,
2925 3989 3026 4061 qui
3070 3992 3325 4061 corporis
3371 3993 3623 4050 nexibus

1934 4076 2131 4147 pressi,
2164 4075 2407 4146 cupiunt
2451 4076 2679 4131 dissolvi
2716 4085 2770 4133 et
2815 4092 2936 4134 esse
2982 4093 3114 4134 cum
3171 4079 3397 4136 Christo
3444 4082 3616 4153 (Phil.

1935 4180 1971 4231 ι,
2020 4167 2128 4233 23),
2177 4179 2311 4221 cum
2352 4165 2593 4221 diversis
2658 4165 3194 4237 impugnationibns
3245 4177 3622 4239 appetuntur,

124 4261 173 4309 et
191 4258 350 4324 fugit
388 4256 564 4321 foras.
612 4254 778 4311 Videt
816 4256 1011 4308 mulier
1055 4260 1250 4309 vestem
1280 4257 1338 4310 in
1386 4256 1633 4310 manibus
1680 4258 1817 4325 suis,
1861 4259 1902 4313 D
1933 4252 2005 4308 ab
2035 4253 2278 4309 elatione
2316 4252 2517 4323 utique
2558 4254 2805 4309 vanitate
2854 4255 3282 4312 custodiuntur.
3334 4258 3419 4313 Ibi
3451 4255 3623 4316 etiam

126 4352 180 4399 et
205 4359 266 4399 se
299 4344 613 4410 contemni,
640 4357 771 4400 cum
803 4343 908 4399 sibi
938 4351 1271 4414 potestatem
1311 4358 1381 4399 ac
1424 4344 1826 4413 opportunita-

129 4441 242 4489 tem
287 4429 634 4487 attributam
683 4432 885 4502 aspicit
926 4431 1328 4503 impugnandi,
1370 4431 1465 4486 sed
1497 4430 1830 4487 nullatenus

131 4519 468 4576 facultatem
503 4521 698 4576 adfore
726 4520 963 4591 ingemit
992 4519 1458 4590 concupiscentia
1494 4518 1825 4589 superandi.

129 4612 190 4665 In
216 4610 498 4676 manibus,
536 4622 739 4677 nempe
771 4610 963 4674 vestis,
996 4608 1223 4665 interna
1273 4608 1550 4665 habitudo
1607 4615 1691 4662 est
1719 4607 1826 4663 sub

131 4696 509 4770 gravitudine
565 4697 852 4753 tentantis.
925 4697 1102 4753 Vocat
1162 4698 1399 4750 homines
1452 4696 1641 4751 domus
1696 4711 1825 4762 suae,

131 4787 274 4843 dum
303 4784 521 4841 excitat
551 4784 812 4840 carnales
842 4793 1031 4841 motus
1065 4785 1443 4841 conscientiae.
1476 4785 1589 4850 En,
1617 4783 1826 4853 inquit,

130 4875 471 4941 introduxit,
518 4873 675 4929 haud
719 4874 963 4930 dubium
1016 4874 1160 4944 quin
1211 4873 1531 4930 invalitudo
1581 4871 1831 4929 carnalis

130 4962 392 5029 affectus,
475 4962 768 5018 horariam
839 4970 1418 5032 momentaneamque
1470 4960 1827 5028 religionem,

131 5051 531 5110 transitoriam
573 5051 788 5107 scilicet
821 5051 1169 5118 virilitatem,
1218 5051 1375 5122 quod
1412 5049 1695 5120 signiﬁcat
1723 5050 1829 5105 viri

136 5141 355 5198 Hebraei
398 5153 628 5197 nomen.
671 5139 945 5196 Hebrmus
987 5140 1138 5196 enim
1182 5139 1395 5195 dicitur
1430 5141 1724 5205 transiens,
1772 5143 1831 5192 ut

132 5230 387 5285 illuderet
424 5229 603 5295 nobis,
639 5227 742 5298 qui
775 5228 879 5284 iter
908 5228 1169 5284 videlicet
1210 5226 1529 5283 sanctitatis
1557 5226 1833 5281 niteretur

134 5318 393 5390 aggredi,
426 5316 528 5373 sed
560 5316 900 5387 neutiquam
934 5323 1322 5385 perseveraret
1356 5314 1413 5369 in
1456 5313 1689 5383 aliquod
1720 5327 1831 5369 au-

133 5415 430 5477 gmentum
487 5405 775 5476 progredi.
832 5407 1109 5474 Ingressus
1140 5409 1219 5459 est
1259 5403 1333 5458 ad
1370 5418 1452 5457 me
1498 5402 1605 5458 sub
1650 5401 1835 5471 specie

134 5497 355 5567 pietatis
420 5495 720 5567 appetitus
784 5492 1123 5563 sanctitatis,
1192 5507 1306 5549 non
1364 5499 1429 5547 ut
1482 5490 1832 5556 emendaret,

1933 4341 2225 4397 clauditur
2272 4341 2411 4411 quia
2463 4341 2545 4397 sic
2600 4342 2807 4411 saepius
2854 4356 3014 4398 mens
3060 4345 3296 4414 propria
3348 4347 3624 4404 seditione

1932 4429 2202 4497 vallatur,
2258 4436 2322 4485 ut
2373 4443 2668 4501 nusquam
2719 4438 2909 4500 pateat
2959 4445 3078 4502 qua
3128 4432 3348 4490 instans
3397 4436 3626 4493 miseria

1931 4518 2234 4574 evadatur.

2004 4606 2175 4663 Vens.
2243 4608 2334 4671 21,
2397 4609 2485 4674 22,
2552 4608 2639 4660 23.
2683 4637 2752 4645 —
2794 4608 2927 4661 Fuit
2982 4614 3161 4663 autem
3210 4611 3466 4666 Dominus
3506 4627 3625 4668 cum

1932 4696 2150 4764 Joseph,
2188 4699 2239 4748 et
2267 4696 2519 4749 misertus
2567 4695 2723 4749 illius
2770 4695 2921 4749 dedit
2959 4699 3010 4750 ei
3057 4700 3297 4764 gratiam
3330 4702 3387 4752 in
3416 4716 3629 4770 conspe-

1935 4785 2025 4838 ctu
2072 4785 2344 4853 principis
2389 4786 2636 4837 carceris.
2695 4784 2801 4850 Qui
2853 4784 3092 4839 tradidit
3138 4789 3195 4840 in
3242 4802 3405 4841 manu
3452 4791 3627 4858 ipsius

1934 4874 2212 4927 universos
2274 4877 2415 4927 I44
2471 4875 2676 4927 vinctos
2732 4874 2829 4941 qui
2879 4873 3127 4928 custodia
3185 4875 3521 4945 tenebantur,
3578 4885 3629 4934 et

1936 4960 2211 5029 quidquid
2262 4961 2425 5028 ﬁebat
2472 4961 2568 5014 sub
2613 4963 2731 5029 ipso
2789 4966 2925 5015 erat.
2978 4963 3085 5018 Nec
3148 4968 3367 5017 noverat
3414 4967 3630 5035 aliquid

1937 5051 2143 5104 cunctis
2186 5051 2236 5102 ei
2283 5048 2532 5115 creditis;
2585 5050 2838 5103 Dominus
2898 5052 3040 5103 enim
3086 5057 3202 5105 erat
3256 5068 3375 5106 cum
3417 5055 3532 5121 illo,
3581 5061 3631 5111 et

1936 5141 2119 5192 omnia
2162 5153 2325 5207 opera
2362 5136 2477 5207 ejus
2511 5137 2805 5203 dirigebat.
2842 5137 3111 5209 Princeps
3153 5142 3399 5196 carceris
3458 5142 3629 5199 intel-

1938 5227 2118 5283 lectus
2138 5234 2241 5293 est,
2271 5225 2648 5296 praeminens
2680 5226 2964 5296 angustiae
2992 5228 3338 5283 tentationis.
3376 5229 3430 5285 Is
3460 5231 3633 5287 tradit

1938 5317 1996 5368 in
2044 5330 2209 5368 manu
2256 5314 2463 5384 Ioseph
2518 5327 2613 5369 eos
2665 5317 2868 5368 vinctos
2926 5316 3024 5382 qui
3069 5316 3316 5371 custodia
3365 5322 3629 5387 tenentur,

1939 5403 2079 5459 dum
2135 5403 2239 5458 sub
2290 5402 2423 5457 boni
2469 5403 2756 5471 appetitus
2806 5409 3078 5472 potestate
3137 5404 3343 5475 redigit
3398 5415 3637 5464 cunctas

1940 5490 2354 5560 cogitationum
2396 5489 2710 5556 illecebras,
2747 5491 2962 5560 quibus
3001 5493 3180 5550 animi
3224 5494 3373 5547 vires
3415 5507 3637 5565 prmpe-
