3904 6066
276 248 375 301 271

1196 247 1255 300 ν.
1295 245 1626 300 GUIBERTI
1662 245 1953 302 ABBATIS
1990 246 2046 301 S.
2086 246 2320 302 MABUE
2358 244 2447 302 DE
2483 244 2874 302 NOVIGENTO
3669 248 3789 299 272

276 380 540 438 diuntur.
595 380 877 448 Quidquid
917 379 995 447 fit,
1045 379 1143 433 sub
1186 380 1306 448 ipso
1340 388 1443 444 est,
1497 379 1637 448 quia
1681 379 1967 449 quidquid
2008 385 2047 436 Α
2078 381 2219 450 quia
2274 382 2460 438 solum
2518 382 2755 437 meliora
2810 381 3044 451 gerendi
3099 381 3468 448 desiderium,
3517 380 3788 437 defectus

274 470 636 524 extrinsecus
679 466 1140 533 administratur,
1185 466 1295 521 sub
1338 465 1577 521 rationis
1610 466 1968 536 providentia

273 567 377 612 est.
404 558 474 612 Et
504 572 635 612 cum
674 557 868 612 omnia
898 555 1201 609 contradat
1250 554 1453 609 intima
1500 568 1607 609 sua
1656 554 1725 609 ad
1776 556 1969 623 profe-

274 654 401 700 ctus
425 645 701 708 studium,
734 657 846 698 non
882 643 1042 698 novit
1070 642 1326 714 profecto
1355 642 1572 710 aliquid
1606 650 1811 712 praeter
1842 644 1967 698 vir-

272 735 413 787 tutis
468 737 868 802 augmentum.
927 733 1185 810 Dominus
1227 732 1367 784 enim
1409 738 1493 786 est
1553 746 1673 785 cum
1736 732 1850 793 illo,
1908 731 1966 785 in

272 819 601 874 infirmitate
668 818 938 874 virtutem
1006 815 1287 885 faciendo,
1336 825 1391 873 et
1462 831 1562 888 per
1626 818 1968 874 tentationes

270 921 464 977 opera,
530 920 598 962 ac
643 905 689 961 si
757 906 905 962 inter
959 906 1163 962 hiemis
1224 914 1479 975 torpores
1543 906 1765 963 semina
1820 906 1967 962 diri-

273 996 479 1066 gendo.

929 1064 1161 1121 CAPUT
1201 1064 1319 1121 XL.

341 1172 512 1229 Vens.
551 1174 599 1237 1,
646 1173 698 1225 2.
732 1201 800 1209 —
829 1173 929 1224 His
965 1172 1076 1224 ista
1112 1174 1299 1238 gestis,
1348 1171 1549 1225 accidit
1584 1177 1645 1225 ut
1684 1175 1969 1241 peccarent

273 1259 380 1314 duo
457 1262 707 1321 eunuchi,
792 1262 1054 1328 pincerna
1130 1262 1273 1325 regis
1338 1261 1584 1330 Egypti,
1657 1265 1707 1313 et
1770 1262 1965 1329 pistor,

275 1349 491 1403 domino
520 1363 636 1402 suo.
681 1349 978 1416 [ratusque
1003 1349 1218 1402 Pharao
1270 1354 1458 1402 contra
1503 1364 1587 1402 eos
1635 1347 1780 1418 (nam
1830 1349 1969 1402 alter

270 1440 544 1507 pincernis
568 1441 822 1506 praerat,
857 1438 996 1489 alter
1034 1435 1349 1505 pistoribus)
1381 1438 1534 1490 misit
1572 1451 1656 1490 eos
1686 1439 1744 1489 in
1787 1452 1966 1491 carce-

275 1540 384 1578 rem
426 1526 699 1594 principis
738 1524 991 1586 militum,
1029 1528 1086 1576 in
1137 1538 1240 1590 quo
1268 1529 1386 1576 erat
1421 1526 1636 1578 vinctus
1672 1528 1723 1576 et
1750 1524 1962 1592 Joseph.

276 1612 585 1681 Postquam
646 1610 795 1666 inter
851 1611 1192 1666 tentationes
1247 1611 1327 1665 ita
1374 1611 1606 1666 animus
1662 1611 1963 1679 solidatur,
2007 1655 2046 1709 Β

276 1709 413 1755 tunc
441 1700 692 1754 duorum
727 1699 956 1754 illorum
989 1698 1087 1769 qui
1119 1713 1177 1753 se
1208 1713 1311 1768 pro
1348 1699 1445 1754 Dei
1493 1713 1672 1770 regno
1712 1708 1966 1755 castraut

273 1787 674 1842 cunuchorum
708 1794 904 1842 reatus
932 1787 1285 1856 agnoscitur.
1324 1787 1428 1842 Per
1476 1787 1742 1857 pistorem
1788 1790 1966 1844 ratio—
1992 1811 2033 1835 κ

272 1874 364 1930 nis
412 1875 498 1930 vis
568 1874 869 1944 accipitur,
947 1890 1078 1944 quae
1137 1889 1314 1930 manu
1379 1876 1734 1931 discretionis
1789 1877 1967 1932 dubia

272 1962 542 2033 quaslibet
582 1968 737 2017 novit
770 1964 1033 2031 pinsere;
1068 1977 1169 2033 per
1203 1964 1536 2033 pincernam
1578 1963 1731 2019 bona
1756 1965 1963 2021 volun-

273 2060 379 2119 tas,
438 2065 570 2121 quas
625 2051 941 2120 spiritualis
994 2051 1266 2120 poculum
1296 2052 1616 2108 dilectionis
1664 2054 1967 2109 consuevit

271 2140 556 2208 excipere.
598 2141 906 2208 Postquam
939 2140 1133 2210 itaque
1155 2140 1340 2210 gratia
1370 2140 1426 2195 in
1458 2149 1765 2210 conspectu
1800 2142 1966 2211 prin-

270 2228 413 2296 cipis
441 2227 688 2283 carceris
737 2227 1051 2292 invenitur,
1083 2228 1306 2283 fructus
1335 2229 1592 2298 ejusdem
1625 2230 1825 2299 gratiae
1867 2243 1968 2299 per

272 2316 708 2387 intelligentiam
747 2316 950 2385 culpae,
993 2317 1231 2372 rationis
1267 2316 1483 2372 scilicet
1526 2330 1593 2372 ac
1628 2318 1961 2384 voluntatis,

272 2407 548 2475 aperitur.
592 2406 847 2475 Utraque
886 2413 1081 2461 autem
1123 2407 1274 2475 regis
1315 2405 1545 2475 Egypti
1594 2420 1714 2461 esse
1752 2407 1964 2462 dicun-

274 2502 387 2562 tur,
419 2495 560 2563 quia
587 2501 643 2549 et
686 2493 831 2548 ratio
879 2506 946 2547 ac
975 2492 1246 2548 voluntas
1276 2500 1489 2559 nostra,
1535 2503 1669 2549 ante
1712 2502 1977 2550 conver-'

270 2582 507 2649 sionem,
548 2581 774 2637 diabolo
816 2580 1021 2636 mundi
1056 2581 1301 2649 principi
1344 2583 1587 2637 servisse
1618 2590 1958 2638 noscuntur.

270 2677 441 2725 Porro
492 2678 748 2738 peccant,
805 2684 938 2724 cum
978 2684 1086 2724 sua
1137 2679 1365 2739 peccata
1408 2686 1521 2725 non
1575 2671 1959 2727 dissimulant.

272 2758 432 2813 Unde
497 2765 553 2813 et
601 2759 745 2828 justi
803 2758 1094 2824 dicuntur,
1155 2759 1258 2827 qui
1314 2772 1374 2814 se
1430 2759 1570 2814 falso
1621 2760 1958 2830 justiticant.

267 2848 387 2902 Non
413 2850 556 2912 veni,
599 2847 810 2917 inquit,
842 2863 1032 2901 vocare
1071 2850 1250 2915 justas
1299 2848 1516 2915 (Matth.
1568 2862 1648 2913 tx,
1700 2850 1803 2914 l3).
1855 2847 1962 2903 Sed

2075 483 2272 525 eorum
2306 470 2505 536 reficit,
2537 479 2591 526 et
2623 471 2879 525 innovat.

2148 558 2328 613 Vnus.
2384 564 2433 612 5.
2481 589 2549 597 —
2583 559 2944 626 Aliquantum
2988 559 3241 625 temporis
3291 559 3547 626 ﬂuxerat,
3594 562 3646 612 et
3691 559 3787 611 illi

2074 648 2133 699 in
2191 646 2439 699 custodia
2477 647 2813 700 tenebantur.
2888 645 3253 714 Videruntque
3293 645 3448 699 ambo
3495 649 3773 699 somnium

2073 738 2223 787 nocte
2286 750 2417 799 una,
2478 735 2648 803 juxta
2716 736 3213 803 interpretationem
3282 749 3577 802 congruam
3638 737 3778 789 sibi.

2078 823 2352 891 Temporis
2390 822 2905 893 fluitaliquantum,
2953 836 3084 878 cum
3135 837 3206 877 ex
3249 831 3409 892 parte
3454 823 3526 877 ab
3575 823 3782 877 animo

2074 910 2406 966 destituitur
2428 910 2674 965 aviditas
2708 911 3124 980 temporalium.
3158 911 3372 966 Partim
3405 925 3538 966 vero
3568 918 3782 967 custo-

2074 998 2171 1054 dia
2226 999 2362 1054 tenti
2410 1002 2647 1053 omnium
2689 1005 2840 1053 nocte
2884 1015 2995 1053 una
3044 999 3259 1066 vident,
3307 997 3447 1069 quia
3502 999 3776 1055 nondum

2075 1087 2387 1157 corporalis
2423 1095 2684 1157 expertes
2717 1087 3006 1151 molestiae,
3044 1095 3109 1142 ut
3149 1087 3220 1141 ad
3252 1086 3640 1143 conﬁtendum
3677 1103 3784 1142 no-

2074 1175 2214 1230 mini
2276 1176 2375 1230 Dei
2424 1175 2683 1231 custodia
2737 1175 3033 1245 prodeant,
3080 1175 3150 1231 ad
3207 1175 3407 1231 horam
3447 1190 3480 1230 a
3526 1176 3785 1247 negotiis

2073 1263 2411 1319 extrinsecis
2471 1264 2780 1333 sopiuntur
2838 1270 2894 1319 et
2955 1263 3123 1319 corde
3188 1263 3454 1336 vigilant.
3519 1263 3578 1319 in
3650 1278 3777 1334 quo

2075 1352 2204 1408 luce
2255 1351 2482 1407 clariori
2537 1366 2734 1408 somno
2781 1352 2987 1409 mentis
3024 1351 3242 1408 intuitu
3290 1352 3476 1417 utilia,
3519 1353 3783 1421 vitaeque

2075 1455 2337 1511 congrua
2366 1455 2484 1495 suae
2512 1448 2774 1495 tractant.
2812 1440 3007 1511 (Vnus.
3032 1441 3086 1507 6,
3118 1440 3199 1508 7.)
3235 1440 3325 1494 Ad
3356 1455 3487 1508 quos
3532 1456 3653 1494 cum
3695 1443 3785 1493 in-

2077 1532 2287 1584 troisset
2313 1531 2508 1598 Joseph
2548 1544 2723 1595 mane,
2752 1534 2803 1582 et
2843 1529 3070 1583 vidisset
3102 1544 3188 1582 eos
3225 1531 3430 1595 tristes,
3463 1530 3783 1583 sciscitatus

2074 1622 2172 1684 est,
2200 1618 2419 1671 dicens:
2454 1618 2572 1670 Cur
2610 1620 2821 1671 tristior
2853 1623 2932 1671 est
2962 1618 3117 1671 hodie
3145 1618 3301 1671 solito
3337 1619 3509 1683 facies
3542 1623 3728 1671 vestra
3754 1618 3784 1669 ?

2074 1707 2153 1761 Ad
2197 1705 2299 1763 hos
2343 1705 2551 1775 Ioseph
2590 1721 2748 1758 mane
2799 1705 3142 1775 ingreditur,
3187 1720 3319 1760 cum
3369 1705 3580 1760 divinae
3630 1706 3781 1760 illu-

2073 1794 2347 1850 stratione
2418 1794 2765 1850 visitationis
2834 1800 3168 1863 penetrante
3223 1791 3513 1859 aﬂ’ectum,
3583 1793 3781 1849 omnis

2075 1881 2432 1938 conscientim
2476 1895 2733 1937 recessus
2781 1881 2919 1951 quid
2960 1880 3260 1951 intelligat,
3304 1881 3590 1951 quidquid
3635 1882 3782 1937 velit

2073 1970 2388 2026 secundum
2422 1970 2600 2025 Deum
2631 1970 2956 2035 discutitur,
2989 1977 3042 2024 et
3075 1976 3213 2024 tunc
3253 1974 3436 2023 tristes
3474 1969 3775 2037 videntur,

2075 2060 2215 2131 quia
2256 2066 2414 2114 tanto
2454 2058 2639 2128 magis
2685 2057 3004 2113 intellectus
3038 2071 3104 2112 ac
3153 2056 3420 2112 voluntas
3464 2056 3774 2126 afﬂigitur,

2074 2154 2292 2217 quanto
2320 2146 2392 2201 ad
2423 2147 2696 2201 interiora
2726 2145 2997 2201 subtilius
3019 2158 3120 2215 per
3157 2158 3421 2214 supernae
3452 2143 3600 2199 lucis
3626 2157 3779 2198 exa-

2076 2249 2204 2290 men
2246 2234 2513 2290 intratur.
2558 2234 2663 2300 Qui
2687 2238 2827 2288 enim
2859 2234 3020 2287 addit
3056 2235 3360 2298 scientiam,
3407 2231 3567 2285 addit
3613 2232 3771 2285 dolo-

2073 2340 2182 2377 rem
2240 2323 2440 2394 (Eccle.
2462 2338 2500 2389 1,
2569 2322 2679 2391 t8).
2751 2321 2929 2388 Quem
2999 2331 3189 2377 tamen
3252 2321 3476 2390 pietatis
3540 2318 3772 2376 affectio

2071 2411 2322 2466 dolorem
2372 2417 2645 2480 temperat
2683 2418 2738 2464 et
2777 2410 3014 2475 solatur,
3061 2418 3116 2464 et
3148 2408 3346 2463 faciem
3397 2406 3603 2475 cordis,
3650 2420 3778 2477 qua

2071 2500 2223 2554 Deus
2252 2499 2537 2553 videndus
2566 2505 2672 2564 est,
2709 2499 2765 2552 in
2791 2498 2989 2553 eodem
3036 2498 3154 2566 ipso
3193 2496 3295 2567 qui
3331 2496 3497 2551 hodie
3545 2495 3775 2550 indefe-

2069 2588 2278 2643 ctibilis
2308 2589 2451 2643 lucis
2482 2587 2652 2643 habet
2676 2587 3065 2652 constitutam,
3094 2600 3201 2641 cur
3239 2585 3312 2640 ab
3360 2584 3573 2639 interni
3622 2584 3775 2639 laeti-

2069 2676 2148 2732 tia
2176 2676 2411 2731 luminis
2442 2676 2789 2731 aversiorem
2819 2675 2980 2730 solito
3014 2681 3236 2743 gerant,
3276 2681 3570 2729 causatur.
3618 2672 3775 2727 Solet

2068 2765 2224 2819 enim
2272 2764 2428 2820 utilis
2482 2763 2827 2833 plerumque
2872 2761 3238 2830 tristitia,nisi
3288 2770 3453 2817 caute
3503 2760 3772 2816 modere-

2070 2860 2184 2919 tur,
2218 2853 2275 2907 in
2306 2851 2504 2907 acidim
2530 2852 2794 2907 morbum
2823 2850 2982 2906 verti.

269 2945 504 3004 peccant
542 2949 646 2990 suo
696 2936 954 3002 Domino,
990 2937 1128 3005 quia
1171 2936 1329 3005 quod
1372 2950 1430 2991 se
1478 2950 1736 3005 peccasse
1783 2936 1957 3005 pmni~
1994 2947 2035 3002 ο
2138 2940 2309 2996 Vens.
2356 2942 2408 2994 8.
2452 2969 2521 2980 —
2566 2940 2866 3005 Somnium,
2917 2937 3211 3008 inquiunt,
3259 2937 3518 3000 vidimus,
3563 2940 3614 2991 et
3659 2951 3771 2990 non

268 3026 437 3080 tendo
499 3025 752 3079 fatentur
816 3032 999 3080 totum
1059 3025 1124 3079 tit
1182 3024 1461 3080 irritando
1523 3025 1961 3094 adjiciendoque

267 3112 514 3168 diabolo.
575 3113 719 3168 Cum
775 3120 966 3168 autem
1023 3112 1221 3169 multae
1271 3115 1540 3179 rationes,
1604 3114 1797 3168 multa;
1854 3127 1958 3182 pro

267 3202 459 3256 causis
511 3200 834 3256 voluntates
875 3201 1009 3267 sint,
1059 3215 1177 3256 una
1234 3208 1422 3256 tamen
1461 3201 1742 3256 divinitus
1789 3201 1962 3270 inspi-

268 3296 394 3343 rata
446 3288 714 3343 voluntas
767 3302 834 3343 ac
881 3287 1045 3355 ratio,
1100 3287 1271 3357 quasi
1326 3287 1601 3357 pincerna
1664 3288 1959 3358 pistorque

267 3376 617 3446 praeminet.
667 3377 731 3431 Hi
767 3378 1080 3432 mittuntur
1107 3378 1166 3429 in
1198 3391 1462 3430 carcerem
1498 3378 1769 3445 principis
1806 3379 1953 3431 miti-

267 3471 380 3519 tum
408 3480 442 3520 a
472 3466 769 3520 Pharaone
810 3466 974 3533 irato,
1007 3478 1139 3520 cum
1187 3465 1295 3519 sub
1339 3464 1476 3535 jura
1525 3465 1781 3529 rationis,
1825 3480 1958 3536 qua;

265 3553 504 3609 internae
588 3553 802 3609 militiae
862 3561 1071 3609 nostrae
1156 3554 1371 3622 primas
1430 3561 1533 3621 est,
1610 3553 1959 3625 rediguntur

263 3649 507 3713 urgente
530 3641 755 3697 diabolo
772 3641 942 3697 etiam
980 3643 1098 3710 ipsa
1123 3656 1252 3697 cum
1290 3640 1583 3697 voluntate
1622 3643 1786 3697 ratio.
1830 3644 1956 3712 Ipsa

263 3732 412 3786 enim
437 3732 581 3787 ratio
608 3731 716 3786 sibi
747 3730 1075 3801 subjicitur,
1105 3745 1235 3786 cum
1271 3731 1527 3786 humana
1557 3731 1778 3801 aliquid
1810 3732 1956 3787 sub-

255 3820 459 3876 tilitate
506 3827 800 3889 appetens,
834 3819 1034 3874 divina
1081 3819 1471 3875 moderatione
1515 3820 1833 3876 reducitur.
1885 3821 1955 3876 Et

254 3908 526 3964 voluntas
554 3908 601 3963 si
626 3908 778 3962 bona
806 3916 909 3974 est,
942 3906 1022 3961 nil
1054 3907 1213 3963 aliud
1257 3922 1434 3978 quam
1472 3909 1619 3964 ratio
1647 3915 1751 3963 est.
1785 3909 1948 3963 Atta—

254 4010 385 4052 men
423 4010 540 4051 non
567 3995 689 4049 sine
732 3996 984 4050 maximo
1025 3996 1383 4051 discretionis
1432 3996 1684 4066 intuitu;
1729 3996 1811 4051 sic
1851 4010 1952 4066 per

255 4085 508 4151 nomina,
544 4093 598 4140 et
645 4084 817 4139 etiam
867 4099 955 4139 res
984 4085 1378 4155 distinguitur.
1424 4085 1583 4141 Unde
1621 4094 1676 4140 et
1708 4085 1762 4139 in
1799 4086 1949 4153 Apo-

253 4173 465 4242 calypsi
513 4173 725 4239 throni,
777 4173 1070 4240 animalia,
1120 4173 1331 4243 angeli,
1379 4174 1633 4228 seniores
1670 4173 1948 4229 dicuntur

2070 3034 2148 3082 est
2204 3032 2300 3098 qui
2349 3031 2736 3097 interpretetur
2777 3029 2953 3081 nobis.
3017 3028 3279 3095 Dixitque
3322 3026 3563 3094 Joseph:
3612 3026 3768 3079 Nun-

2070 3118 2204 3185 quid
2259 3133 2363 3171 non
2412 3117 2517 3171 Dei
2572 3121 2652 3171 est
2704 3116 3132 3184 interpretatio?
3177 3116 3392 3179 Referte
3442 3114 3581 3167 mihi
3627 3113 3770 3183 quid

2070 3205 2338 3260 uideritis.
2376 3206 2654 3260 Somnium
2700 3204 2960 3269 vidimus,
3011 3203 3109 3259 sed
3153 3217 3261 3256 non
3309 3207 3389 3256 est
3438 3204 3535 3270 qui
3586 3203 3763 3254 inter-

2060 3298 2327 3362 pretetur.
2361 3292 2500 3363 quia
2535 3292 2717 3348 multa
2768 3292 2837 3347 de
2890 3298 3045 3346 statu
3100 3297 3270 3346 recta;-
3315 3290 3447 3345 vita:
3503 3298 3764 3345 contem-

2066 3381 2276 3451 plando
2306 3379 2765 3437 intellectualiter
2788 3379 3147 3450 attingimus,
3176 3379 3273 3435 sed
3308 3377 3596 3449 quomodo
3623 3392 3764 3433 con-

2066 3470 2229 3541 gruis
2274 3468 2571 3525 effectibus
2617 3468 2902 3524 intellecta
2941 3472 3083 3522 I45
3117 3480 3404 3536 exponere
3449 3467 3761 3536 possimus,

2064 3563 2284 3629 copiam
2344 3557 2536 3614 adhuc
2595 3570 2710 3612 non
2772 3556 3068 3612 habemus.
3132 3558 3203 3610 At
3261 3554 3491 3624 Ioseph,
3553 3554 3608 3609 id
3676 3561 3761 3609 est

2064 3647 2246 3703 sancti
2305 3644 2591 3716 profectus
2643 3644 2907 3711 aviditas,
2958 3657 3091 3715 quae
3143 3642 3317 3698 totius
3369 3641 3518 3697 taedii
3576 3641 3761 3697 vincit

2063 3735 2411 3800 acredinem,
2459 3733 2565 3787 Dei
2603 3738 2700 3801 est,
2743 3732 2841 3798 ait,
2895 3733 3297 3802 interpretatio,
3350 3730 3490 3800 quia
3534 3729 3595 3784 in
3639 3744 3759 3799 quo

2063 3822 2379 3879 mortalitas
2439 3829 2633 3876 nostra
2685 3820 3036 3890 praepeditur
3089 3818 3161 3874 ad
3208 3818 3491 3874 destinata
3552 3830 3756 3888 geren-

2060 3911 2217 3979 dum,
2252 3910 2353 3965 Dei
2406 3909 2751 3979 expenditur
2791 3908 3102 3979 adjutorio.
3152 3908 3369 3974 Referte
3410 3905 3547 3975 quid
3592 3906 3755 3959 cide-

2057 4001 2203 4066 ritis,
2262 3999 2333 4054 ad
2401 3998 2582 4054 Deum
2647 3997 2861 4053 scilicet
2927 4001 3283 4065 reportantes
3324 3994 3585 4064 opificem
3616 4007 3751 4064 quae

2059 4086 2397 4156 proponitis.

2132 4175 2298 4231 Vens.
2372 4176 2424 4237 9,
2480 4176 2565 4238 10,
2626 4177 2711 4227 lt.
2763 4202 2834 4212 —
2888 4173 3154 4226 Narravit
3210 4159 3368 4240 prior
3418 4171 3751 4239 prepositus

253 4263 440 4332 (Apoc.
482 4278 533 4331 ν,
581 4265 661 4333 6),
710 4262 859 4317 idem
905 4263 1140 4332 quidem
1196 4261 1603 4333 significantia,
1650 4269 1705 4316 et
1754 4269 1944 4317 tamen
1985 4244 2026 4298 ί)
2052 4265 2440 4332 pincernarum
2501 4264 2768 4316 somnium
2824 4276 3026 4316 suum:
3103 4259 3359 4316 Videbam
3425 4273 3605 4312 coram
3663 4272 3753 4312 me

252 4350 364 4406 alio
413 4353 578 4406 modo
627 4351 874 4407 diversa.
929 4353 1003 4406 De
1047 4352 1155 4407 hac
1203 4350 1466 4420 captione
1509 4351 1566 4404 in
1607 4349 1944 4420 Apocalypsi

250 4438 505 4496 dicitur:
573 4442 708 4495 Ecce
765 4441 1030 4495 missurus
1091 4444 1170 4494 est
1233 4455 1301 4493 ea:
1366 4440 1514 4493 vobis
1571 4439 1820 4493 diabolus
1884 4441 1945 4493 in

250 4544 515 4583 carcerem
589 4535 639 4584 et
705 4529 970 4583 habebitis
1037 4529 1439 4582 tribulationem
1511 4528 1700 4582 diebus
1766 4528 1944 4582 decem

249 4617 444 4688 (Apoc.
477 4631 537 4684 tt,
572 4618 680 4685 t0).
710 4618 774 4671 In
808 4618 911 4672 hoc
941 4630 1167 4672 carcere
1198 4616 1426 4672 vinctus
1455 4615 1663 4685 Josepb
1696 4623 1939 4683 tenetur,

247 4721 381 4763 eum
406 4707 514 4777 ipsi
549 4705 756 4762 interni
778 4705 1063 4775 appetitus
1086 4704 1382 4774 augmenti
1408 4711 1736 4773 tempestate
1756 4705 1943 4761 diabo-

246 4793 355 4850 lica
390 4793 756 4865 praepeditur.
799 4791 991 4861 (Vens.
1023 4792 1099 4864 4.)
1144 4791 1248 4848 Sed
1296 4793 1474 4863 pistor
1516 4800 1569 4848 et
1602 4793 1877 4863 pincerna
1906 4807 1939 4848 a

246 4884 480 4939 custode
539 4882 784 4939 carceris
844 4881 1045 4951 Josepb
1117 4882 1445 4951 traduntur,
1503 4897 1635 4938 cum
1690 4882 1837 4938 ratio
1884 4889 1939 4938 et

244 4973 514 5029 voluntas
550 4986 584 5027 a
633 4972 829 5027 divino
876 4973 978 5041 qui
1021 4970 1125 5026 sibi
1162 4971 1424 5041 praesidet
1471 4962 1781 5038 intellectu,
1834 4971 1936 5042 qui

244 5061 395 5116 inter
440 5074 731 5116 aerumnas
777 5060 932 5114 solus
971 5060 1257 5116 custodire
1296 5059 1527 5125 sufficit,
1577 5060 1649 5115 ad
1691 5059 1939 5115 caelestis

242 5149 539 5219 augmenti
561 5148 903 5204 desiderium
930 5149 1096 5218 quasi
1132 5148 1429 5219 singulare
1457 5146 1747 5217 refugium
1779 5160 1933 5201 com-

242 5237 561 5307 pelluntur.
596 5237 767 5293 Aliud
793 5245 877 5293 est
906 5246 1099 5293 autem
1137 5239 1286 5294 bona
1305 5238 1591 5303 voluntas,
1615 5235 1772 5292 aliud
1802 5236 1934 5293 boni

241 5324 533 5394 appetitus
562 5326 876 5395 augmenti,
908 5325 1172 5396 licetipse
1203 5328 1276 5383 sit
1301 5328 1448 5383 bona
1480 5327 1767 5393 voluntas,
1794 5326 1934 5396 quia

241 5419 401 5477 sunt,
444 5412 545 5482 qui
596 5411 757 5468 bona;
806 5415 877 5468 ad
923 5416 1218 5483 proximos
1268 5414 1582 5470 affectionis
1619 5420 1777 5479 sunt,
1835 5413 1933 5469 sed

242 5500 568 5572 promoveri
597 5501 669 5557 ad
710 5501 913 5556 altiora
961 5501 1187 5557 nolunt.
1232 5504 1438 5571 Joseph
1487 5502 1576 5557 his
1622 5503 1928 5571 ministrat,

2053 4354 2236 4418 vitem,
2280 4354 2340 4404 in
2382 4366 2493 4419 qua
2538 4355 2695 4404 erant
2725 4354 2833 4404 tres
2878 4350 3232 4418 propagines,
3272 4360 3503 4400 crescere
3535 4344 3743 4415 paula-

2054 4442 2150 4495 tim
2182 4455 2437 4508 gemmas,
2487 4445 2536 4494 et
2562 4443 2686 4509 post
2722 4441 2876 4507 ﬂores
2906 4453 3040 4492 uvas
3069 4443 3442 4502 maturescere,
3488 4437 3746 4489 calicem-

2052 4544 2155 4598 que
2197 4529 2500 4583 Pharaonis
2546 4531 2605 4580 in
2644 4542 2812 4581 manu
2845 4542 2981 4581 mea.
3037 4525 3161 4580 Tuli
3188 4540 3313 4592 ergo
3359 4540 3514 4594 uvas,
3548 4528 3598 4578 et
3639 4539 3745 4578 ea:-

2045 4619 2226 4687 pressi
2279 4620 2338 4671 in
2379 4618 2543 4671 calice
2598 4632 2753 4686 quem
2801 4615 3062 4682 tenebam,
3113 4620 3163 4668 et
3218 4613 3431 4669 tradidi
3482 4613 3743 4682 poculum

2048 4706 2340 4760 Pharaoni.
2388 4706 2715 4773 Praepositus
2760 4706 3145 4773 pincernarum
3189 4701 3355 4758 bonae
3395 4709 3480 4757 est
3525 4700 3743 4757 volun-

2046 4794 2178 4849 tatis
2206 4792 2461 4861 al'fectus,
2497 4808 2628 4864 quae
2657 4807 2730 4848 ex
2765 4807 2831 4848 eo
2863 4792 3017 4863 quod
3054 4792 3152 4847 Dei
3196 4790 3479 4846 voluntati
3534 4788 3742 4843 inniti-

2046 4890 2163 4947 tur,
2222 4882 2444 4939 cunctis
2497 4882 2623 4938 aliis
2674 4880 3070 4938 voluntatibus
3135 4880 3515 4950 principatur.
3577 4878 3742 4932 Prior

2046 4978 2262 5039 narrat,
2299 4972 2441 5041 quia
2470 4970 2590 5040 ipsa
2622 4970 2730 5026 nisi
2774 4976 3004 5040 praeat,
3038 4968 3187 5025 ratio
3235 4968 3481 5023 inaniter
3526 4980 3736 5036 specu-

2044 5059 2197 5115 latur
2221 5066 2276 5115 et
2307 5059 2535 5130 cogitat.
2590 5060 2761 5114 Vitem
2790 5058 2947 5114 videt
2966 5070 3159 5114 coram
3190 5071 3269 5123 se,
3302 5069 3435 5112 cum
3465 5056 3728 5124 seipsam,

2044 5147 2252 5204 bonam
2300 5147 2512 5204 scilicet
2556 5147 2935 5215 voluntatem,
2984 5147 3106 5203 vini
3158 5143 3494 5215 spiritualis,
3547 5143 3605 5199 id
3652 5152 3737 5201 est

2043 5237 2340 5293 charitatis
2386 5236 2667 5307 originem
2721 5236 2828 5291 sibi
2881 5235 3145 5306 proponit
3185 5234 3515 5291 amandam.
3567 5232 3727 5299 Quod

2040 5327 2191 5382 enim
2242 5339 2522 5387 amamus.
2558 5338 2676 5395 prae
2726 5324 2910 5380 oculis
2964 5324 3174 5379 habere
3215 5323 3504 5392 cupimus.
3559 5322 3625 5378 In
3664 5336 3731 5377 ea

2042 5420 2147 5469 tres
2173 5417 2501 5483 propagines
2529 5421 2689 5479 sunt,
2726 5412 2866 5483 quia
2903 5413 3015 5468 tria
3055 5411 3395 5482 principalia
3430 5410 3729 5467 charitatis

2039 5501 2298 5559 membra
2332 5510 2485 5558 sunt.
2531 5501 2786 5558 Primum
2839 5500 3070 5572 quidem
3101 5501 3216 5556 Deo
3263 5499 3606 5568 intendens;
3637 5513 3725 5555 se-
