3902 6054
125 187 229 239 273

1336 181 1699 238 MOBALIUM
1743 182 1811 237 IN
1850 181 2146 239 GENESIN
2191 181 2322 237 LIB.
2370 144 2495 236 lx.)

3522 181 3628 235 274

121 315 386 371 cundum
432 314 502 370 ad
552 313 805 384 seipsum
859 313 1181 382 pertinens;
1234 313 1461 368 tertium
1513 325 1747 382 quoque
1791 324 1825 366 a
1860 316 1901 368 Α
1936 310 2025 366 vel
2054 309 2290 366 vincula
2327 310 2538 379 solvat;
2589 310 2731 379 quia
2772 308 3130 365 clandestina
3170 311 3536 382 suggestione
3567 311 3633 365 de

121 404 212 460 sui
258 403 446 473 ipsius
487 402 750 471 exemplo
807 401 880 456 ad
926 399 1175 470 proximi
1222 400 1582 455 dilectionem
1637 399 1823 469 respi-

120 495 303 549 ciens.
336 494 422 548 lta
450 493 605 548 enim
635 498 802 546 sonat
838 504 905 546 ac
934 490 979 544 si
1007 489 1234 544 dicatur
1272 504 1285 543 :
1322 490 1523 555 Diliges
1552 489 1819 557 teipsum,

121 591 174 639 et
230 585 553 652 proximum
598 587 749 634 tuum
805 582 946 635 sicut
995 582 1222 648 teipsum
1270 576 1491 648 (Matth.
1542 591 1666 644 XIX,
1717 576 1821 646 l9).

122 670 376 726 Gemmas
423 670 699 739 paulatim
759 675 1068 733 crescunt,
1127 680 1262 722 cum
1321 674 1475 722 certa
1535 665 1823 736 proposita

122 757 447 815 sanctitatis
481 757 588 826 piae
620 757 861 813 interius
896 754 1256 825 cogitationis
1293 755 1448 809 succi
1479 755 1820 823 exculpunt.

122 848 191 902 Et
221 846 359 917 jure
390 846 680 914 paulatim,
715 846 856 915 quia
883 844 1089 916 grandi
1120 842 1458 898 difﬁcultate
1493 844 1613 898 haec
1653 842 1818 897 fiunt.

121 937 249 989 Post
304 936 459 1002 ﬂores
501 947 631 988 uvze
684 939 1100 999 maturescunt,
1158 945 1292 987 cum
1345 939 1470 1001 post
1523 929 1826 986 exhibitio-

121 1038 256 1078 nem
286 1036 549 1092 operum,
581 1036 713 1091 quae
747 1030 1076 1077 sanctarum
1118 1019 1465 1089 fragrantias
1488 1020 1823 1089 opinionum

124 1112 519 1180 undecunque
563 1109 918 1176 diliundunt,
959 1108 1318 1165 conscientia;
1356 1108 1658 1164 dulcedine
1686 1122 1826 1163 san-

120 1200 196 1255 cti
228 1199 447 1254 amoris
488 1197 697 1253 vividae
744 1199 816 1253 ad
846 1197 1080 1267 plenum
1130 1195 1455 1265 proficiunt.
1491 1192 1651 1253 Catii
1683 1198 1821 1253 Pha-

124 1288 324 1343 raonis
372 1288 430 1343 in
481 1301 661 1343 manu
689 1293 793 1353 est,
841 1300 974 1342 cum
1019 1284 1291 1355 quaelibet
1347 1284 1513 1354 pravi
1561 1284 1826 1340 desiderii

123 1376 316 1446 passio
348 1390 381 1429 a
419 1375 646 1431 diabolo
698 1374 971 1437 immissa,
1017 1373 1126 1429 sub
1170 1373 1466 1428 rationalis
1514 1373 1828 1429 voluntatis

125 1472 404 1535 potestate
434 1463 696 1519 abstenta
741 1471 844 1519 est.
877 1462 1043 1518 Tollit
1086 1477 1210 1529 ergo
1241 1476 1395 1529 uvas,
1450 1468 1512 1517 ut
1555 1463 1827 1531 exprimit

124 1556 181 1606 in
224 1554 398 1607 calice
428 1566 600 1623 quem
635 1559 807 1619 tenet,
849 1565 982 1607 cum
1012 1550 1270 1607 divinam
1316 1565 1446 1622 quae
1492 1550 1646 1607 intra
1690 1552 1825 1607 latet

1929 404 2083 454 terra
2121 399 2484 459 Hebraeorum,
2533 396 2589 453 id
2634 405 2719 454 est
2763 398 2831 453 de
2882 397 3165 454 soliditate
3212 397 3626 469 cogitationum

1924 488 2047 557 jam
2103 488 2176 544 ab
2234 487 2362 543 imis
2430 487 2500 543 ad
2579 501 2831 556 superna
2887 486 3313 542 transeuntium
3367 487 3630 543 sublatus

1932 592 2082 642 sum,
2132 586 2187 633 et
2231 579 2289 631 in
2336 578 2511 631 lacum
2561 575 2954 633 ﬂuctuationis
3009 584 3199 631 tamen
3248 576 3321 631 ab
3370 576 3630 645 appetitu

1931 666 2200 736 peccandi
2281 669 2532 720 innocens
2608 669 2805 719 missus
2881 680 3026 719 sum.
3108 665 3243 719 Haec
3315 674 3629 735 augmenta

1930 768 2198 824 quarens
2227 753 2465 810 allectus
2497 755 2570 810 ab
2616 768 2718 820 ea,
2764 768 2893 824 quae
2940 753 3047 809 sibi
3091 759 3433 822 cooperatur
3480 754 3629 809 bona

1931 843 2229 897 voluntate
2254 842 2597 911 expostulat.

2004 931 2174 987 Vnus.
2230 933 2311 994 16.
2364 935 2448 985 l7.
2502 962 2569 972 —
2623 932 2821 985 Videas
2861 932 3130 1001 pistorum
3178 932 3438 997 magister
3482 930 3628 998 quod

1932 1021 2199 1074 somnium
2258 1020 2557 1089 prudenter
2611 1021 2982 1085 dissolvisset,
3043 1022 3123 1072 ait
3173 1034 3185 1071 :
3236 1020 3305 1072 Et
3353 1032 3451 1084 ego
3504 1018 3628 1072 vidi

1933 1110 2219 1174 somnium,
2269 1108 2415 1174 quod
2462 1108 2713 1162 haberem
2757 1110 2868 1160 tria
2912 1110 3159 1161 canistra
3220 1108 3419 1174 farina:
3465 1122 3627 1175 super

1934 1202 2097 1264 caput
2136 1211 2308 1249 meum
2350 1210 2363 1248 :
2411 1201 2459 1249 et
2498 1198 2556 1248 in
2598 1212 2706 1249 uno
2748 1199 2984 1250 canistro
3023 1195 3168 1265 quod
3195 1201 3314 1249 erat
3341 1196 3624 1260 emcelsius,

1932 1288 2151 1354 portare
2179 1300 2260 1337 me
2306 1300 2483 1339 omnes
2528 1285 2670 1339 cibos
2718 1287 2815 1352 qui
2839 1285 2982 1353 fiunt
3022 1288 3140 1338 arte
3181 1286 3437 1353 pistoria,
3474 1300 3625 1338 aves-

1936 1387 2037 1439 que
2066 1371 2334 1424 comedere
2379 1387 2447 1425 ea:
2493 1386 2568 1425 eo.
2625 1371 2893 1442 Intelligit
2941 1371 3272 1441 principalis
3318 1379 3541 1437 nostra,
3593 1385 3628 1425 a

1936 1461 2049 1515 Deo
2091 1459 2305 1515 scilicet
2336 1460 2657 1515 illuminata
2704 1459 2866 1527 ratio,
2916 1460 3069 1515 unde
3116 1468 3170 1515 et
3213 1458 3472 1514 omnium
3512 1460 3625 1514 hu-

1935 1562 2242 1603 manarum
2291 1548 2581 1604 rationum
2629 1548 2905 1620 magistra
2946 1555 3057 1615 est,
3110 1547 3264 1618 quod
3296 1547 3627 1617 proficiendi

121 1610 514 1709 dulcedinem,
558 1610 922 1711 passionibus
964 1653 1112 1710 quas
1155 1652 1306 1710 aegre
1332 1610 1552 1708 saepius
1598 1639 1819 1707 tolerat,
1862 1610 1903 1664 Β
1933 1636 2223 1707 appetitus
2262 1636 2471 1706 optime
2533 1610 3008 1703 benevcilentiam,
3042 1610 3199 1706 quas
3254 1610 3471 1705 praevia
3520 1644 3624 1701 est,

119 1729 431 1799 admiscet;
466 1727 849 1798 exprimimus
882 1726 1056 1790 enim,
1090 1739 1222 1781 cum
1258 1740 1437 1781 manu
1466 1726 1824 1782 discretionis

125 1817 474 1872 discutimus
510 1817 764 1872 futuram
799 1814 1062 1885 gloriam,
1092 1828 1223 1884 quae
1252 1813 1607 1869 revelabitur
1635 1814 1694 1870 in
1722 1829 1824 1870 no—

120 1906 205 1961 bis
256 1907 446 1972 (Rom.
497 1920 617 1971 vni,
672 1906 795 1971 l8),
844 1910 909 1958 ut
973 1901 1391 1958 amaritudines
1444 1902 1623 1973 hujus
1675 1911 1822 1959 tem-

121 1994 276 2065 poris
316 1994 673 2050 condiamus.
707 1991 911 2047 Calicis
951 1990 1180 2046 nomine
1222 1990 1541 2060 passionem
1582 1991 1819 2062 signari,

120 2089 258 2137 teste
309 2090 394 2137 est
425 2081 810 2152 Evangelium
866 2095 878 2135 :
937 2081 1182 2145 Potestis,
1234 2076 1332 2146 ait,
1381 2079 1559 2132 bibere
1603 2080 1823 2134 calicem

120 2171 343 2237 (Matth.
392 2184 495 2235 xx,
545 2173 645 2237 22;
695 2171 846 2224 Marc
895 2182 954 2235 x,
1013 2167 1126 2234 38),
1185 2175 1291 2222 etc.
1343 2166 1483 2222 Inde
1537 2167 1823 2222 tradimus

119 2257 397 2325 poculum
453 2256 780 2323 Pharaoni,
835 2255 974 2310 dum
1031 2255 1082 2309 ei
1139 2253 1515 2310 retribuimus
1568 2254 1823 2310 retribu-

120 2345 332 2400 tionem
383 2359 572 2408 suam,
622 2358 796 2414 quam
846 2343 1115 2399 retribuit
1152 2342 1317 2398 nobis
1360 2342 1526 2412 (Psal.
1577 2357 1819 2410 cxxxvi,

115 2433 193 2499 8).
252 2435 323 2488 In
376 2434 586 2502 poculo,
646 2433 762 2500 ait,
816 2447 921 2501 quo
965 2433 1186 2485 miscuit
1239 2431 1422 2496 vobis,
1474 2432 1687 2485 miscete
1736 2433 1824 2484 illi

117 2522 350 2591 duplum
393 2521 587 2593 (Apoc.
632 2535 796 2587 xvut,
846 2521 923 2589 6).
958 2520 1311 2574 Pharaonem
1344 2532 1476 2573 vero
1514 2517 1619 2588 qui
1647 2517 1821 2573 dissi-

119 2620 287 2681 pator
313 2610 547 2677 dicitur,
581 2609 871 2666 diabolum
915 2607 1315 2678 intelligimus.

187 2699 365 2755 Vnus.
406 2702 492 2766 l2,
556 2703 636 2752 l3.
682 2727 751 2738 —-
799 2695 1096 2766 Respondit
1127 2696 1337 2764 Joseph
1388 2711 1402 2749 :
1451 2697 1571 2749 Hac
1613 2699 1691 2749 est
1738 2698 1821 2749 in-

120 2789 440 2856 tet-pretatio
467 2788 665 2842 somnii
714 2801 726 2839 :
773 2787 898 2839 Tres
933 2786 1285 2854 propagines,
1325 2788 1432 2838 tres
1482 2785 1660 2838 adhuc
1704 2785 1818 2839 dies

1930 1725 1999 1781 de
2055 1724 2445 1782 invisibilibus
2476 1726 2790 1791 imhuisset,
2841 1725 2947 1781 hoc
2976 1726 3126 1781 enim
3163 1724 3387 1795 preefert
3417 1738 3628 1780 nomen

1930 1814 2137 1871 somnii
2191 1815 2437 1885 propriis
2482 1814 2798 1881 ell‘ectibus,
2849 1822 2906 1870 et
2952 1814 3075 1884 ipsa
3124 1814 3311 1869 infert.
3362 1816 3491 1869 Tria
3533 1817 3624 1882 fa-

1928 1906 2072 1959 rinz
2117 1906 2365 1958 canistra
2409 1917 2469 1959 se
2517 1903 2729 1959 habere
2772 1903 2911 1958 dicit
2961 1916 3137 1971 super
3190 1910 3365 1971 caput
3410 1917 3620 1969 suum,

1930 1991 2070 2048 dum
2123 1990 2232 2046 tria
2276 1991 2616 2060 principalia
2662 1990 2851 2046 ofﬁcia
2896 1989 3252 2060 cogitationis
3298 2004 3356 2045 se
3414 1990 3625 2046 habere

1929 2077 2223 2148 cognoscit
2273 2077 2331 2132 in
2366 2085 2579 2143 mente,
2636 2077 2958 2132 intellectus
3004 2076 3234 2142 scilicet,
3287 2075 3620 2139 voluntatis,

1928 2179 1996 2221 ac
2024 2165 2332 2221 memoriae.
2367 2164 2572 2235 Liquet
2611 2170 2773 2235 caput
2804 2165 2861 2219 in
2914 2164 3224 2234 Scripturis
3268 2164 3399 2234 poni
3442 2164 3624 2220 solere

1930 2268 2032 2323 pro
2077 2260 2267 2308 mente.
2310 2256 2524 2307 Farina
2576 2262 2766 2308 autem
2823 2254 2896 2309 ob
2953 2253 3228 2309 minutias
3257 2261 3408 2309 recte
3459 2253 3621 2322 poni-

1930 2350 2026 2398 tur
2054 2356 2158 2412 pro
2200 2345 2541 2409 cogitatione.
2606 2342 2764 2399 Unde
2811 2350 2895 2398 est
2953 2356 2966 2395 :
3029 2342 3166 2397 Tolle
3215 2342 3432 2408 molam,
3489 2341 3625 2394 mole

1926 2430 2174 2498 farinam
2207 2431 2347 2501 (Isa.
2395 2431 2483 2498 47,
2531 2430 2611 2501 2).
2660 2431 2851 2487 Unum
2882 2429 3199 2485 canistrum
3248 2429 3402 2498 quod
3430 2428 3623 2484 excel-

1928 2519 2049 2575 sius
2076 2519 2295 2576 ceeteris
2332 2527 2434 2587 est,
2471 2520 2594 2589 ipsa
2622 2520 2766 2574 ratio
2798 2526 2901 2583 est,
2933 2532 3065 2588 quae
3093 2516 3374 2572 voluntati
3408 2531 3475 2571 ac
3500 2531 3624 2572 me-

1928 2609 2124 2664 moriae
2148 2622 2380 2678 prorsus
2410 2608 2757 2678 praeeminet.
2789 2607 2872 2663 Ibi
2904 2615 3198 2676 portamus
3221 2619 3418 2660 omnes
3446 2604 3622 2671 cibos,

1928 2697 2031 2767 qni
2064 2697 2210 2752 fiunt
2249 2704 2371 2752 arte
2408 2695 2660 2766 pistoria,
2710 2696 2848 2765 quia
2880 2696 2956 2751 ibi
2988 2693 3348 2750 continemus
3377 2708 3626 2763 qumque

1926 2780 2147 2850 vitalia,
2193 2800 2325 2857 quas
2376 2785 2658 2841 discutere
2706 2793 2886 2854 potest
2914 2782 3268 2839 discretionis
3305 2782 3620 2852 diligentia.

118 2877 263 2937 sunt,
308 2877 432 2940 post
477 2886 608 2940 quos
653 2869 1030 2958 recordabatur
1078 2869 1334 2922 Pharaon
1357 2870 1674 2958 ministerii
1712 2874 1812 2936 tui,
1856 2903 1897 2958 c
1932 2880 2078 2929 I43
2108 2875 2248 2928 Αυεε
2293 2881 2484 2930 autem
2539 2874 2670 2929 inde
2699 2873 3025 2937 comedunt,
3071 2886 3202 2927 cum
3235 2886 3337 2941 per
3364 2871 3625 2926 elationis

118 2965 166 3012 et
205 2961 459 3013 restituet
500 2964 549 3012 te
592 2960 650 3011 in
694 2957 930 3025 gradum
969 2958 1286 3026 pristinum,
1332 2956 1597 3024 dabisque
1642 2960 1693 3011 ei
1721 2974 1814 3011 ca-

117 3049 270 3102 licem
316 3048 491 3115 jumta
549 3049 789 3114 ofﬁcium
841 3051 992 3100 tuum
1017 3086 1033 3111 ,
1089 3049 1230 3100 sicut
1282 3048 1463 3112 facere
1509 3050 1633 3098 ante
1687 3061 1819 3099 con-

118 3150 389 3189 sueveras.
456 3136 544 3191 Ad
615 3136 754 3190 bene
809 3135 1140 3204 agendum,
1204 3133 1436 3204 inquit,
1504 3142 1704 3187 sancta
1760 3135 1818 3187 in

120 3224 299 3279 Deum
356 3222 684 3293 proficiendi
731 3221 978 3277 aviditas
1034 3236 1106 3277 ex
1166 3229 1267 3277 tua
1306 3221 1626 3277 conditione
1666 3235 1819 3291 prae-

121 3312 356 3381 pediris,
406 3311 504 3367 sed
552 3311 624 3366 ad
670 3324 738 3366 ea
785 3325 916 3380 quae
969 3309 1142 3380 digne
1184 3310 1360 3365 sentis
1406 3312 1629 3381 agenda
1676 3308 1817 3364 solvi

121 3402 350 3469 poteris.
388 3402 514 3454 Tres
544 3401 892 3469 propagines,
934 3405 1041 3453 tres
1070 3398 1186 3453 dies
1215 3404 1365 3466 sunt,
1396 3399 1535 3468 quia
1566 3398 1819 3468 primum

119 3489 217 3544 Dei
247 3503 357 3543 nos
403 3502 565 3543 amor
611 3488 877 3555 illustrat,
922 3487 1127 3542 deinde
1176 3501 1279 3542 nos
1316 3486 1491 3542 nostri
1535 3486 1736 3541 notitia
1764 3494 1819 3542 et

118 3592 261 3633 cura
290 3577 590 3642 clarificat,
624 3585 688 3631 ut
717 3576 790 3631 ad
821 3577 1148 3646 proximum
1186 3575 1291 3631 lux
1323 3584 1532 3631 nostrae
1561 3575 1818 3632 dilectio—

118 3667 204 3721 nis
247 3665 767 3735 exemplorumque
809 3664 1096 3720 deveniat.
1150 3664 1281 3720 Post
1333 3664 1455 3719 hwc
1485 3665 1819 3719 recordatur

116 3754 346 3809 Pharao
391 3753 694 3808 ministerii
742 3752 949 3821 nostri,
1009 3760 1066 3809 et
1108 3753 1168 3808 in
1211 3753 1459 3824 gradum
1508 3752 1814 3822 pristinum

118 3841 388 3907 restituit,
421 3855 555 3896 cum
593 3840 883 3896 recordari
928 3855 1031 3896 nos
1078 3841 1211 3896 facit
1258 3840 1556 3910 praeteritte
1586 3848 1812 3907 nostrae,

117 3944 239 4000 qua
294 3929 370 3985 ad
415 3936 678 3985 nostrum
725 3929 1017 3985 interitum
1070 3928 1295 3985 diabolo
1340 3929 1811 3993 inserviebamus,

115 4016 465 4088 voluptatis;
516 4018 595 4072 ita
634 4024 696 4072 ut
743 4016 1063 4074 innumeris
1105 4017 1486 4073 tentationum
1548 4019 1814 4088 iugestio-

116 4107 293 4161 nibus
325 4105 400 4161 ad
442 4120 576 4161 eum
607 4120 725 4175 quo
771 4105 1074 4161 saeculares
1117 4105 1332 4161 fuimus
1360 4105 1617 4171 modum,
1652 4103 1818 4159 nobis

1927 2962 2134 3018 vitium
2167 2963 2287 3032 ipsa
2338 2962 2488 3018 elata
2526 2962 2809 3017 dmmnnia
2855 2975 2960 3017 nos
3008 2961 3289 3029 deceptos,
3336 2967 3622 3030 quantum

1929 3051 1999 3106 ad
2062 3052 2211 3106 bona
2256 3057 2473 3121 spectat
2515 3065 2648 3120 qua)
2696 3051 3006 3119 prudenter
3067 3049 3429 3119 attingimus,
3486 3062 3622 3104 con-

1929 3147 2187 3195 sumunt.

1998 3228 2171 3284 Vens.
2226 3231 2311 3291 18,
2363 3228 2445 3281 t9.
2490 3257 2559 3267 —
2616 3228 2783 3289 Tria,
2835 3227 3027 3296 inquit
3073 3227 3301 3296 Ioseph,
3358 3226 3621 3288 canistra,

1927 3322 2035 3371 tres
2064 3317 2242 3369 adhuc
2291 3316 2406 3369 dies
2446 3320 2591 3381 sunt,
2621 3323 2747 3386 post
2782 3330 2914 3384 quos
2960 3317 3172 3381 auferet
3213 3316 3429 3370 Pharao
3459 3318 3625 3385 caput
3686 3300 3693 3309 ’

1928 3409 2100 3469 tuum,
2133 3420 2195 3458 ac
2241 3404 2530 3473 suspendet
2559 3409 2609 3457 te
2646 3407 2703 3458 in
2742 3420 2913 3471 cruce,
2946 3410 2996 3457 et
3025 3403 3338 3458 lacerabunt
3382 3403 3622 3457 volucres

1926 3509 2112 3547 carnes
2144 3498 2285 3547 tuas.
2335 3493 2680 3556 Intellectus,
2730 3494 3003 3548 memoria
3051 3506 3117 3549 ac
3145 3492 3433 3558 voluntas,
3487 3504 3619 3549 cum

1927 3581 2216 3652 quaedam,
2263 3588 2328 3636 ut
2371 3580 2453 3636 sic
2504 3580 2722 3644 dicam,
2767 3581 2994 3638 diurnae
3038 3581 3194 3637 luces
3249 3579 3425 3635 animi
3483 3578 3617 3640 sint.

1927 3670 2176 3726 canistra
2220 3677 2414 3725 tamen
2462 3677 2628 3736 sunt,
2680 3670 2750 3724 ad
2799 3683 3000 3725 cannae
3047 3668 3279 3724 modum
3312 3681 3385 3722 ex
3429 3664 3621 3722 carnis

1926 3757 2248 3814 conditione
2297 3758 2540 3828 fragilia.
2591 3758 2695 3814 Sed
2740 3759 2957 3812 Pharao
2990 3764 3115 3826 post
3157 3757 3261 3812 bos
3308 3754 3427 3810 dies
3455 3759 3620 3822 caput

1925 3849 2128 3913 aufert,
2181 3861 2311 3902 cum
2359 3854 2484 3916 post
2514 3846 2850 3903 interiorum
2897 3859 3171 3901 sensuum
3210 3842 3619 3899 illustrationes

1926 3934 2197 4004 superbia
2242 3934 2529 4000 illabente,
2573 3935 2836 4005 capitalis
2880 3934 3088 4000 virtus,
3121 3946 3252 4002 qua;
3282 3938 3367 3987 est
3396 3929 3621 3986 humili-

1924 4030 2030 4089 tas,
2065 4036 2100 4078 a
2137 4023 2422 4079 virtutum
2455 4024 2729 4079 membris
2762 4031 3024 4092 separata
3053 4022 3324 4091 disparet.
3361 4019 3619 4088 Suspen-

1924 4111 2006 4167 dit
2039 4108 2256 4167 Pharao
2297 4111 2357 4166 in
2388 4128 2562 4179 cruce,
2603 4126 2735 4167 cum
2784 4109 3089 4181 principali
3120 4107 3443 4164 humilitate
3486 4107 3619 4163 sub-

118 4196 192 4251 ab
253 4195 376 4264 ipso
413 4193 716 4249 videamur
763 4194 1015 4250 abducti.
1067 4193 1172 4249 Sed
1227 4194 1433 4249 damus
1481 4193 1532 4249 ei
1578 4192 1810 4249 calicem
1850 4179 1894 4233 ἶ)
1923 4199 2059 4265 lata,
2094 4214 2128 4254 θ,
2160 4207 2272 4255 toto
2309 4201 2589 4256 bonorum
2621 4179 2857 4270 operum
2895 4179 3055 4254 mens
3096 4197 3389 4264 damnata,
3436 4194 3619 4265 impos

111 4286 290 4351 juxta
336 4282 591 4339 officium
626 4291 909 4349 nostrum,
949 4284 1098 4338 sicut
1128 4289 1260 4337 ante
1307 4295 1814 4347 consueveramus,

120 4387 255 4427 cum
291 4371 513 4427 fortiter
543 4372 613 4426 ad
652 4385 750 4427 cor
790 4371 1110 4439 redeuntes,
1152 4370 1301 4426 sicut
1329 4370 1592 4442 dignitati
1636 4370 1817 4423 ratio-

122 4459 381 4515 nalitatis
419 4467 629 4514 nostra;
675 4458 962 4528 competit,
1010 4465 1065 4513 et
1106 4472 1141 4513 a
1188 4465 1442 4527 tempore
1487 4457 1814 4512 conversio-

120 4548 211 4602 nis
240 4547 646 4603 consuevimus
686 4545 917 4602 calicem
952 4545 1201 4616 recipere
1244 4544 1717 4616 impugnationis,
1754 4545 1813 4601 in

118 4642 411 4706 quantum
443 4649 770 4705 possumus,
804 4635 1079 4690 audacter
1107 4634 1422 4690 inferimus.

188 4724 365 4778 Vnus.
420 4728 504 4787 l4,
541 4725 624 4777 l5.
669 4753 738 4761 —
786 4724 1017 4777 Tantum
1056 4729 1315 4777 memento
1356 4724 1477 4788 mei,
1525 4738 1645 4777 cum
1691 4723 1817 4777 bene

116 4813 221 4865 tibi
256 4813 450 4877 fuerit,
490 4816 543 4864 et
584 4814 759 4877 facies
786 4827 991 4866 mecum
1027 4812 1476 4878 misericordiam,
1516 4817 1578 4865 ut
1612 4825 1815 4882 sque-

73 4960 78 4963 _
114 4914 209 4953 ras
244 4899 527 4952 Pharaoni
567 4903 627 4952 ut
659 4899 853 4954 educat
890 4915 973 4953 me
1011 4899 1078 4953 de
1105 4902 1207 4953 isto
1236 4915 1465 4967 carcere,
1500 4902 1632 4968 quia
1660 4903 1815 4966 furto

114 4989 366 5042 sublatus
392 5002 513 5042 sum
555 4988 622 5042 de
650 4992 798 5042 terra
840 4988 1219 5055 Hebrzorum,
1259 4993 1309 5042 et
1338 4988 1425 5043 hic
1462 4991 1712 5042 innocens
1754 4991 1814 5041 in

116 5077 292 5131 lacum
329 5077 527 5129 missus
573 5092 713 5130 sum.
768 5078 1019 5142 Tantum,
1072 5075 1282 5145 inquit,
1331 5076 1491 5148 jugis
1551 5075 1814 5131 intentio-

117 5178 242 5219 nem
277 5163 567 5233 profectus
614 5178 728 5219 non
782 5172 1105 5234 postponas,
1156 5178 1288 5220 cum
1336 5164 1490 5219 vires
1535 5164 1695 5220 calici
1754 5164 1812 5220 in

118 5251 473 5308 Pharaonem
521 5252 752 5307 ferendo
791 5252 1127 5322 susceperis,
1159 5260 1224 5308 ut
1266 5259 1347 5307 tot
1392 5252 1577 5322 ipsum
1619 5253 1809 5308 virtu-

115 5347 231 5396 tum
272 5340 533 5409 jactibus
575 5354 806 5409 urgeas.
856 5340 1038 5396 donec
1091 5340 1281 5396 victus
1330 5341 1558 5403 educat,
1622 5341 1674 5395 id
1727 5349 1813 5397 est

116 5428 275 5485 educi
322 5428 521 5485 sinens
567 5427 697 5484 belli
738 5428 900 5496 illati,
950 5428 1084 5484 velit
1112 5428 1272 5498 nolit,
1303 5429 1391 5484 vel
1434 5428 1808 5498 obsidionem,

1922 4295 1978 4343 et
2034 4287 2221 4342 inanis
2264 4287 2464 4344 effecta
2515 4288 2846 4344 destituitur
2892 4300 3172 4355 corpore;
3226 4293 3281 4341 et
3332 4284 3455 4339 haec
3499 4290 3618 4338 tota

1923 4374 2206 4432 adiabolo
2260 4376 2429 4440 fiunt,
2486 4376 2673 4446 typico
2717 4376 2929 4432 scilicet
2986 4375 3303 4430 Pharaone.
3366 4372 3616 4427 Volucres

1922 4478 2109 4517 carnes
2137 4464 2463 4530 comedunt,
2505 4464 2644 4520 dum
2675 4464 2924 4533 superba
2954 4462 3239 4519 daemonia
3284 4458 3618 4517 carnalibus

1917 4550 2036 4619 jam
2078 4565 2209 4620 quae
2238 4559 2567 4621 sequuntur
2594 4552 2862 4621 operibus
2903 4551 3114 4607 nostris
3151 4563 3271 4605 sese
3327 4546 3612 4603 reﬁciunt.

1925 4637 2177 4695 Affectus
2205 4653 2343 4710 ergo
2396 4648 2607 4707 noster,
2658 4641 2714 4695 id
2764 4648 2848 4696 est
2893 4639 3099 4709 Ioseph
3134 4638 3257 4708 jam
3300 4632 3617 4705 spiritualis

1922 4728 2215 4798 augmenti
2263 4735 2533 4797 appetens
2562 4768 2577 4791 ,
2631 4741 2730 4797 per
2775 4727 3027 4782 divinam
3088 4724 3452 4795 prudentiam
3500 4721 3615 4775 duo

1920 4814 2031 4869 ista
2058 4815 2328 4884 mysteria
2376 4829 2443 4870 ac
2485 4814 2532 4870 si
2571 4815 2686 4871 duo
2727 4813 2949 4870 somnia
2979 4811 3238 4881 resolvit;
3291 4811 3349 4866 in
3399 4808 3616 4880 quibus

1921 4902 2019 4958 illa
2049 4903 2166 4958 duo
2215 4902 2643 4974 intelliguntur,
2684 4903 2936 4959 charitas
2980 4900 3259 4964 videlicet,
3311 4912 3443 4969 quae
3492 4896 3618 4966 ipsa

1919 4997 2004 5046 est
2043 4990 2457 5058 benevolentia,
2499 5005 2599 5061 per
2626 4991 2939 5060 principem
2974 4990 3383 5059 pincernarum
3414 4986 3616 5056 signa-

1918 5084 2000 5145 ta,
2055 5085 2111 5134 et
2161 5077 2399 5135 scientia
2458 5093 2556 5149 per
2615 5079 2953 5150 magistrum
3008 5078 3288 5147 pistorum
3342 5074 3613 5145 ﬁgurata.

1921 5164 2202 5233 Charitas,
2253 5181 2385 5237 quae
2434 5182 2551 5223 non
2606 5167 2918 5222 tentatione
2974 5165 3255 5236 probatur
3286 5203 3301 5229 ,
3365 5163 3618 5219 charitas

1918 5269 2033 5310 non
2077 5262 2193 5320 est;
2243 5255 2339 5311 sed
2386 5255 2510 5325 ipsa
2564 5263 2666 5322 est,
2718 5268 2848 5325 quae
2884 5254 3153 5324 poculum
3194 5250 3613 5316 retributionis,

1916 5351 1972 5399 et
2020 5358 2052 5398 a
2102 5343 2399 5400 Pharaone
2447 5342 2667 5400 fortiter
2717 5342 3079 5413 viriliterque
3121 5342 3310 5399 refert.
3364 5340 3614 5410 Simplex

1916 5445 2054 5503 ergo
2084 5432 2355 5488 voluntas
2398 5432 2629 5503 perlatis
2676 5432 3040 5502 passionibus
3087 5430 3327 5502 prolicit.
3359 5428 3619 5487 Charitas
