3904 6066
246 181 350 233 ‘275

1152 179 1211 230 V.
1254 176 1585 237 GUlBERTI
1627 176 1917 232 ABBATIS
1954 177 2010 230 S.
2054 173 2290 230 ΜΑΒΙᾹΞ
2329 173 2418 229 DE
2458 174 2847 231 NOVIGENTO

3632 174 3747 225 276

246 309 438 378 enim,
531 307 671 380 quia
744 306 1087 363 naturaliter
1169 305 1403 361 humilis
1483 314 1611 373 est,
1696 304 1942 361 aedificat
1978 306 2022 360 A
2047 306 2374 374 prapositus
2422 306 2811 374 pincernarum
2868 305 3180 374 interpretis
3235 307 3327 357 sui
3380 303 3741 358 obliviscitur.

248 398 298 467 (I
355 399 486 452 Cor.
536 411 655 463 VIII,
702 394 770 465 l).
822 394 1066 451 Scientia
1120 408 1272 461 vero,
1322 393 1463 464 quia
1515 394 1725 464 sapius
1777 393 1939 449 inflat

247 486 470 556 (Ibid),
512 485 798 541 damones
841 482 1040 552 pascit.
1086 482 1249 538 Unde
1294 489 1349 538 et
1394 482 1503 538 tria
1548 496 1724 553 super
1764 490 1940 552 caput

251 573 422 629 fuisse
451 572 728 629 dicuntur
755 571 1030 639 canistra,
1064 570 1202 640 quia
1240 570 1350 626 tria
1378 578 1515 626 sunt
1562 570 1684 626 sine
1727 570 1943 641 quibus

250 662 471 732 integra
509 675 622 715 non
669 666 847 730 potest
889 666 1149 714 constare
1197 658 1452 726 scientia,
1496 658 1792 730 ingenium
1832 659 1938 714 sci-

249 749 395 815 licet,
450 763 591 804 usus
628 763 696 804 ac
747 747 1043 804 memoria.
1077 748 1144 803 In
1196 747 1284 803 his
1333 747 1517 803 farina
1548 754 1831 816 versatur,
1883 746 1940 802 id

246 847 330 894 est
371 837 658 894 subtilitas
709 836 1073 908 cogitationis
1120 835 1483 907 transigitur.
1540 836 1644 891 Per
1694 848 1941 891 cannam

246 933 460 993 autem,
503 925 655 982 unde
697 925 950 980 canistra
999 931 1296 991 vocantur,
1344 924 1782 993 supervacuitas
1835 938 1943 979 vo-

248 1015 492 1070 calitatis
539 1021 595 1070 et
623 1014 965 1085 eloquentia
996 1012 1291 1084 signatur;
1321 1026 1573 1082 quorum
1616 1026 1819 1067 sensus
1860 1017 1943 1067 est

248 1104 475 1175 aliquos
515 1117 614 1174 per
642 1102 956 1173 simplicem
1006 1100 1457 1158 benevolentiam
1500 1101 1719 1171 absque
1761 1099 1941 1156 scien-

250 1192 346 1255 tia,
378 1199 434 1250 et
482 1191 703 1260 litteris,
756 1206 855 1261 per
885 1191 1215 1260 patientiam
1259 1189 1563 1259 proficere;
1591 1188 1814 1259 aliquos
1847 1202 1945 1258 per

248 1281 550 1337 elationem
608 1294 680 1336 ex
728 1280 880 1334 fastu
923 1277 1215 1348 sapientia
1268 1285 1529 1344 tractam,
1587 1278 1946 1334 damonibus

250 1369 464 1424 scilicet
494 1367 847 1424 nutrimenta
879 1366 1152 1422 conferre.

322 1457 497 1513 Vens.
545 1459 633 1511 20.
684 1486 751 1495 —
800 1455 1027 1509 Exinde
1071 1454 1184 1509 dies
1223 1456 1415 1509 tertius
1456 1455 1745 1508 natalitius
1795 1454 1940 1506 Pha-

249 1548 437 1599 raonis
488 1550 626 1599 erat.
681 1544 905 1600 Abhinc
969 1543 1060 1598 die
1119 1541 1284 1598 tertio
1358 1542 1582 1599 Pharao
1642 1541 1942 1607 nascitur,

251 1648 381 1688 cum
441 1639 566 1702 post
615 1633 866 1702 ineptam
920 1646 1051 1701 qua
1091 1630 1276 1701 primo
1331 1630 1488 1687 intus
1543 1630 1730 1687 oritur
1778 1627 1946 1700 quasi

252 1721 517 1792 quadam
550 1722 653 1776 lux
702 1719 975 1784 latitiam,
1017 1726 1072 1774 et
1105 1719 1409 1775 verborum
1436 1718 1699 1788 deinceps
1721 1719 1944 1789 jactan-

253 1811 415 1877 tiam,
465 1816 519 1865 et
557 1815 810 1878 apertam
849 1814 1131 1877 postremo
1174 1807 1316 1878 jam,
1368 1814 1421 1863 et
1471 1820 1753 1873 securam,
1804 1819 1873 1862 ac
1899 1805 1947 1861 si

252 1898 323 1953 de
374 1897 695 1954 clarissima
752 1895 1006 1952 scientia
1046 1909 1166 1950 sua
1218 1895 1309 1950 die
1361 1895 1648 1950 fiduciam.
1703 1894 1944 1962 Pharao,

255 1987 307 2041 id
336 1993 419 2041 est
448 1986 752 2055 dissipator
789 1983 1129 2051 sanctitatis,
1176 1983 1230 2037 in
1265 1983 1458 2038 animo
1489 1997 1739 2053 nequam
1770 1997 1949 2053 appe-

255 2074 392 2130 titus
421 2074 701 2145 exsurgit.
755 2072 1018 2130 Vicissim
1065 2072 1216 2127 enim
1255 2072 1341 2128 ha
1389 2072 1448 2127 in
1495 2072 1664 2128 nobis
1710 2072 1948 2128 funesta

253 2162 622 2218 claritudines
653 2161 760 2217 sibi
801 2160 1105 2217 succedere
1137 2160 1338 2216 solent.
1380 2161 1484 2227 Qui
1504 2162 1713 2226 faciens
1741 2161 1951 2228 grande

253 2254 556 2306 convivium
619 2252 807 2320 pueris
876 2251 991 2304 suis
1058 2249 1372 2304 recordatus
1440 2253 1519 2303 est
1571 2251 1715 2303 inter
1760 2251 1950 2319 epulas

253 2342 508 2408 magistri
551 2342 954 2409 pincernarum,
1005 2343 1056 2392 et
1096 2341 1367 2406 pistorum
1401 2339 1695 2407 principis.
1749 2338 1944 2406 (Vnus.

253 2429 312 2481 2|
344 2468 357 2491 ,
403 2427 513 2494 22.)
593 2425 952 2494 Restituitque
1012 2424 1244 2478 alterum
1299 2426 1357 2477 in
1411 2424 1581 2477 locum
1646 2439 1821 2491 suum,
1889 2427 1951 2479 ut

249 2517 555 2585 porrigeret
604 2515 721 2580 regi
763 2513 1040 2580 poculum,
1093 2512 1323 2565 alterum
1369 2512 1651 2580 suspendit
1697 2514 1756 2566 in
1800 2514 1950 2581 pati-

257 2603 396 2657 bulo.
426 2598 745 2670 Conceptus
789 2600 957 2655 corde
998 2600 1223 2655 Pharao
1259 2614 1441 2670 usque
1491 2600 1563 2655 ab
1609 2601 1787 2656 robur
1818 2614 1950 2670 per-

256 2691 481 2749 tinacia
530 2704 630 2760 per
676 2689 959 2755 triduum,
1005 2688 1159 2759 quod
1214 2689 1608 2759 praediximus,
1663 2689 1947 2758 evehitur,

256 2788 312 2836 et
350 2788 489 2836 tunc
532 2777 911 2847 pessimarum
957 2777 1169 2847 pabulo
1216 2777 1553 2847 gloriarum,
1602 2778 1849 2847 pueriles
1898 2787 1953 2835 et

2046 393 2192 449 Nam
2231 392 2358 449 licet
2403 393 2671 450 molestia
2721 393 3017 449 interiores
3061 407 3194 449 cum
3241 391 3578 448 difﬁcultate
3610 391 3741 446 vin-

2048 490 2287 548 cantur,
2343 496 2479 553 pace
2524 490 2714 539 tamen
2757 482 3277 552 quantulacunque
3324 487 3518 537 secuta
3564 479 3748 550 proti-

2048 570 2234 626 ciendi
2268 572 2558 642 appetitus
2590 572 2749 627 facile
2782 571 2852 625 ab
2882 571 3075 626 animo
3105 569 3418 626 diducitur.

2681 710 2913 768 CAPUT
2954 711 3097 767 XLI.

2124 837 2294 895 Vsus.
2354 840 2400 890 l.
2461 865 2527 878 —
2558 838 2683 891 Post
2740 836 2874 891 duos
2926 850 3096 890 annos
3140 833 3282 889 vidit
3330 834 3546 889 Pharao
3602 848 3747 888 som-

2049 929 2221 981 nium.
2257 926 2462 981 Annus
2505 925 2727 994 primus
2773 924 2832 979 in
2884 923 3084 979 divina
3115 922 3484 994 cogitatione;
3531 935 3748 977 secun-

2051 1015 2161 1071 dus
2194 1014 2251 1069 in
2284 1013 2413 1070 boni
2443 1013 2630 1083 operis
2675 1013 2956 1083 accipitur
3003 1011 3387 1067 exsecutione.
3424 1011 3501 1065 De
3531 1009 3751 1079 quibus

2054 1103 2111 1159 in
2166 1103 2385 1173 psalmo
2441 1108 2525 1158 est
2592 1117 2605 1156 :
2666 1103 3005 1156 Intellectum
3058 1101 3162 1154 tibi
3210 1099 3369 1165 dabo,
3426 1098 3635 1169 inquit,
3695 1103 3751 1151 et

2051 1195 2321 1247 inslruam
2368 1196 2414 1244 te
2469 1190 2637 1261 (Psal.
2673 1205 2847 1257 χχχι,
2891 1192 2959 1257 3),
3006 1197 3068 1244 ut
3118 1186 3429 1244 intellectui
3479 1200 3748 1256 cooperc-

2053 1282 2133 1336 ris
2190 1287 2307 1335 tuo.
2360 1279 2516 1334 Sicut
2563 1280 2714 1334 enim
2769 1292 2959 1334 annus
3008 1277 3229 1343 diebus,
3292 1276 3370 1331 ita
3432 1283 3751 1344 utrumque

2055 1370 2160 1440 piis
2204 1367 2391 1438 fulget
2439 1368 2580 1423 actis
2627 1376 2681 1422 et
2728 1368 3012 1423 sensibus.
3066 1365 3292 1421 Tertius
3350 1365 3406 1419 in
3456 1379 3571 1433 quo
3600 1378 3752 1417 som-

2050 1461 2201 1513 nium
2251 1456 2496 1521 videtur,
2535 1455 2976 1525 perseverantia
3019 1452 3256 1509 intentio
3287 1460 3389 1519 est,
3440 1451 3593 1508 unde
3632 1450 3755 1505 illic

2054 1546 2318 1617 sequitur
2353 1561 2365 1599 :
2401 1545 2657 1598 Firmabo
2689 1559 2852 1613 super
2897 1548 2945 1597 te
2973 1544 3149 1597 oculos
3194 1556 3332 1595 meos
3364 1540 3568 1612 (ibid),
3596 1538 3749 1594 scili-

2056 1643 2142 1692 cet
2182 1641 2243 1690 ut
2288 1632 2595 1689 secundem
2627 1639 2938 1702 proventus
2985 1638 3130 1688 tuos.
3181 1629 3309 1685 Post
3338 1642 3560 1684 annum
3589 1641 3749 1697 ergo,

2058 1724 2113 1780 id
2142 1730 2225 1778 est
2265 1721 2703 1778 illustrationem
2749 1720 2990 1775 caelestis
3033 1718 3300 1785 scientia,
3358 1718 3606 1785 itemque
3658 1728 3756 1769 an-

2056 1826 2199 1868 num
2244 1809 2608 1881 operationis,
2662 1809 2923 1865 videlicet
2984 1806 3395 1862 institutionem
3455 1806 3560 1875 pia
3615 1819 3753 1859 cum

2060 1900 2300 1954 firmitas
2346 1899 2689 1969 proponitur
2743 1896 3210 1967 perseverantia,
3268 1894 3521 1964 pravitas
3570 1892 3755 1948 nostri

2065 1992 2203 2042 147
2254 1986 2556 2057 appetitus,
2590 1986 2691 2056 qui
2736 1985 3113 2055 dissipatoris,
3167 1983 3322 2054 quod
3370 1989 3453 2038 est
3501 1981 3750 2046 Pharao,

2052 2077 2186 2147 jure
2213 2083 2476 2131 censetur
2518 2073 2747 2129 nomine
2793 2091 2805 2127 ε
2841 2073 2928 2130 vel
2958 2074 3127 2128 etiam
3177 2072 3296 2141 ipse
3324 2069 3586 2126 diabolus
3612 2069 3753 2125 sub-

2060 2163 2140 2219 tili
2190 2163 2443 2234 quadam
2491 2161 2727 2217 scientia
2772 2175 2899 2225 sua,
2937 2168 2991 2216 et
3034 2160 3214 2216 instar
3245 2157 3450 2214 somnii
3494 2157 3602 2212 sibi
3648 2155 3752 2211 soli

2056 2252 2303 2322 cognita,
2340 2249 2622 2320 portendit
2666 2250 2821 2318 apud
2864 2264 2921 2304 se
2967 2262 3033 2304 ac
3082 2247 3344 2318 providet
3389 2245 3587 2301 futura
3628 2251 3756 2314 post

2061 2339 2260 2411 gratia
2289 2337 2701 2408 experientiam
2735 2337 2824 2392 dis
2860 2337 3087 2392 rimina.

2132 2427 2303 2484 VERS.
2352 2431 2408 2491 7,
2455 2429 2505 2481 8.
2554 2457 2620 2466 —
2666 2427 2907 2493 Evigilat
2948 2430 3070 2495 post
3119 2426 3348 2494 quietem
3403 2423 3653 2484 Pharao,
3704 2424 3757 2473 et

2059 2518 2205 2582 facto
2247 2531 2404 2568 mane
2457 2529 2657 2583 pavore
2697 2516 3053 2584 perterritus,
3110 2514 3261 2567 misit
3308 2512 3382 2566 ad
3438 2508 3757 2579 conjectures

2062 2605 2323 2673 Egypti,
2373 2608 2692 2671 cunctosque
2735 2606 3036 2671 sapientes;
3091 2605 3140 2656 et
3185 2601 3456 2656 accersitis
3502 2601 3760 2652 narravit

2059 2694 2348 2758 somnium,
2363 2706 2457 2745 nec
2484 2697 2602 2744 erat
2622 2693 2721 2760 qui
2736 2694 3208 2760 interpretaretur.
3223 2688 3393 2756 Quies
3416 2685 3755 2751 Pharaonis,

2062 2780 2344 2836 calliditas
2392 2786 2494 2847 est,
2537 2794 2656 2848 qua
2694 2779 2766 2835 ad
2816 2779 3011 2835 horam
3055 2776 3245 2834 differt
3292 2776 3609 2833 molestiam
3642 2774 3761 2829 im—

257 2867 625 2925 circumlatas
668 2866 823 2921 omni
867 2872 1033 2921 vento
1089 2865 1363 2921 doctrina
1413 2866 1786 2937 cogitationes
1832 2866 1954 2924 dis-
1989 2878 2028 2933 c
2059 2869 2447 2939 pugnationis.
2483 2868 2755 2936 Evigilat,
2788 2882 2918 2924 cum
2952 2866 3210 2923 animum
3242 2880 3339 2934 per
3371 2863 3597 2921 turbam
3627 2870 3761 2918 ten-

260 2958 459 3014 tendit.
520 2959 667 3011 Inter
718 2957 905 3024 epulas
964 2956 1299 3012 recordatur
1351 2959 1606 3024 magistri
1655 2960 1954 3028 pincerna-

260 3062 403 3114 rum,
425 3050 474 3099 et
501 3047 775 3114 pistor-um
803 3046 1093 3113 principis,
1114 3059 1244 3099 cum
1277 3052 1402 3113 post
1421 3045 1507 3100 vel
1532 3046 1679 3101 inter
1700 3046 1956 3103 fastuum

260 3134 429 3205 quasi
464 3133 854 3203 quarumdam
903 3132 1138 3202 dapium
1190 3131 1688 3203 ingurgitationes,
1721 3148 1794 3190 ex
1836 3134 1955 3203 ipso

260 3222 663 3292 superbiarum
708 3221 956 3291 pondere
999 3220 1288 3276 recordari
1327 3235 1429 3277 nos
1474 3219 1629 3287 facit,
1665 3221 1797 3277 hinc
1825 3222 1953 3292 qui-

260 3312 387 3392 dem
442 3308 775 3380 principalis
804 3309 983 3365 nostri
1032 3309 1189 3373 boni,
1225 3310 1380 3379 quod
1421 3316 1504 3365 est
1537 3309 1711 3380 pietas
1743 3310 1955 3367 volun-

261 3399 411 3463 tatis,
445 3414 575 3469 qua
607 3397 819 3454 scilicet
854 3397 1146 3468 ergastulo
1186 3397 1492 3465 addicitur,
1530 3398 1687 3454 illinc
1718 3398 1958 3455 rationis

261 3487 646 3544 subtilitatum
667 3486 998 3542 divinarum
1021 3485 1309 3556 magistra
1335 3501 1466 3557 qua
1483 3487 1676 3543 itidem
1698 3495 1832 3557 typo
1844 3487 1960 3543 alli-

261 3575 427 3632 citur.
458 3576 706 3630 Alterum
749 3588 888 3645 ergo
932 3578 989 3627 in
1027 3576 1197 3629 locum
1239 3590 1417 3641 suum,
1451 3580 1512 3629 ut
1552 3578 1670 3643 regi
1706 3577 1958 3645 poculum

255 3667 562 3735 porrigeret
609 3662 823 3718 Pharao
861 3664 1126 3729 restituit;
1177 3664 1407 3717 alterum
1441 3664 1688 3731 patibulo
1734 3678 1960 3733 suspen-

263 3754 366 3818 dit,
419 3752 560 3823 quia
600 3752 738 3808 dum
787 3765 856 3806 ex
907 3750 1171 3807 contuitu
1218 3750 1518 3818 fatuitatis,
1570 3759 1626 3808 et
1672 3753 1957 3822 superbia

261 3850 469 3897 nostra
509 3840 738 3910 fatigari
788 3838 1116 3908 incipimus,
1165 3853 1237 3893 ex
1285 3840 1405 3907 ipra
1436 3853 1543 3895 sua
1593 3840 1958 3911 instigatione

262 3929 614 3986 occasionem
690 3928 1105 3996 restitutionis,
1157 3927 1382 3984 diabolo
1438 3927 1566 3984 licet
1613 3927 1791 3984 invito
1844 3929 1957 3984 mi-

263 4018 563 4083 nistrante,
616 4015 886 4071 voluntas
939 4021 1131 4070 nostra
1193 4015 1437 4085 accipit,
1496 4023 1551 4071 et
1607 4015 1795 4072 locum
1850 4017 1958 4087 pia

264 4103 611 4172 intentionis,
663 4104 763 4173 qui
796 4103 1022 4173 proprie
1060 4110 1251 4159 noster
1290 4111 1392 4169 est,
1425 4104 1664 4173 repetiit,
1714 4112 1778 4159 ut
1825 4104 1956 4161 tilia

2064 2955 2291 3013 tationis
2330 2956 2606 3012 incursat.
2664 2956 2830 3010 Facto
2867 2972 3024 3010 mane
3066 2970 3268 3024 pavore
3320 2960 3581 3018 terretur,
3623 2965 3761 3006 cum

2064 3043 2212 3099 inter
2250 3043 2584 3099 tentandum
2616 3044 2927 3099 clariticata
2954 3042 3233 3098 divinitus
3254 3049 3441 3097 mente
3470 3039 3538 3095 de
3568 3038 3762 3094 subita

2065 3130 2390 3201 repulsione
2452 3130 2737 3187 turbatur.
2790 3131 2961 3187 Mittit
3029 3131 3104 3184 ad
3159 3130 3480 3198 conjectores
3532 3127 3763 3197 ligypti

2063 3225 2382 3288 cunctosque
2430 3221 2699 3288 sapientes
2754 3234 2886 3275 cum
2945 3218 3298 3288 spiritualem
3357 3215 3761 3288 cogitationem

2062 3306 2500 3373 circumvenire,
2525 3321 2591 3362 ac
2621 3308 2902 3379 vestigare
2933 3308 3058 3378 ejus
3088 3306 3431 3363 intentiones
3460 3319 3561 3375 per
3581 3318 3763 3359 mun-

2063 3395 2228 3450 dana
2263 3394 2468 3450 nititur
2500 3394 2725 3451 astutia
2762 3394 3243 3451 ratiocinationes.
3286 3395 3582 3448 Accersitis
3611 3408 3763 3446 som-

2060 3486 2212 3537 nium
2254 3489 2472 3551 narrat,
2506 3497 2638 3538 cum
2691 3492 3027 3539 coacervata
3078 3483 3440 3538 internarum
3497 3489 3762 3535 motuum

2065 3572 2425 3643 frequentia,
2491 3572 2558 3627 de
2603 3571 3008 3628 incertitudine
3063 3571 3437 3627 invisibilium
3496 3568 3765 3624 diabolus

2064 3660 2341 3730 disputat.
2382 3660 2507 3716 Non
2554 3667 2640 3716 est
2669 3660 2773 3730 qui
2819 3659 3246 3731 interpretetur,
3284 3659 3424 3729 quia
3447 3656 3767 3728 spiritualis

2064 3750 2295 3805 animus
2332 3762 2465 3804 cum
2508 3748 2702 3804 omnia
2746 3748 2965 3819 judicet
3009 3762 3042 3802 a
3100 3748 3437 3803 carnalitate
3484 3761 3599 3801 non
3651 3746 3767 3800 cir-

2064 3836 2490 3894 cumscribitur.
3290 3905 3295 3909 θ

2140 3926 2303 3983 Vens.
2334 3928 2384 3979 ς).
2428 3956 2496 3966 -
2547 3928 2691 3980 Tunc
2734 3926 2950 3980 demum
2997 3927 3343 3980 reminiscens
3378 3925 3766 3993 pincernarum

2065 4016 2327 4081 magister
2375 4017 2457 4067 ait
2513 4028 2525 4067 :
2580 4015 2841 4082 Conﬁteor
2876 4020 3154 4083 peccatum
3197 4027 3399 4077 meum,
3443 4019 3549 4066 etc.
3600 4011 3765 4066 Tunc

2068 4102 2479 4172 pincernarum
2528 4103 2799 4173 magister
2853 4102 3240 4157 reminiscitur
3271 4143 3286 4169 ,
3346 4105 3766 4169 peccatumque

263 4192 593 4263 Babylonis,
641 4172 694 4247 id
743 4199 826 4247 est
875 4172 1065 4248 ﬂ’uxui
1118 4172 1497 4259 tentationis,
1536 4206 1654 4262 qua
1710 4193 1951 4250 confun-
1994 4172 2037 4226 ί)
2070 4190 2299 4257 fatetur,
2354 4204 2485 4245 cum
2535 4172 2685 4246 bona
2732 4190 3018 4255 voluntas,
3074 4205 3207 4260 qua
3258 4187 3509 4245 salubris
3563 4195 3763 4257 potum

264 4282 477 4349 dimur,
529 4280 965 4337 retributionem
1029 4294 1204 4350 quam
1254 4280 1419 4336 nobis
1472 4280 1737 4337 retribuit
1790 4282 1956 4353 (Psal.

264 4384 506 4437 cxxxvr,
536 4369 612 4438 8),
642 4368 810 4440 quasi
838 4368 1108 4438 poculum
1145 4368 1430 4423 Pharaoni
1456 4369 1878 4438 retribuamus;
1905 4379 1960 4427 et

264 4458 616 4515 intellectum
666 4471 1037 4528 quarumque
1083 4455 1455 4513 scientiarum
1505 4457 1671 4527 quasi
1714 4458 1959 4529 pistoria

264 4546 404 4602 artis
442 4545 759 4616 principem
808 4545 932 4616 (per
978 4544 1086 4601 hoc
1124 4545 1273 4600 enim
1321 4559 1570 4615 quaque
1612 4560 1678 4601 ac
1732 4546 1777 4601 si
1825 4545 1960 4615 pin~

265 4635 442 4691 sendo
481 4633 844 4700 discutimus,
889 4626 961 4688 ne
1011 4633 1067 4688 in
1119 4632 1449 4703 superbiam
1493 4632 1823 4703 eﬁeramur)
1868 4633 1960 4688 di-

265 4723 387 4779 vini
418 4722 637 4779 timoris
662 4719 919 4791 patibulo
959 4719 1267 4791 afﬁgimus,
1304 4720 1415 4775 imo
1445 4720 1868 4790 suspendimus,
1904 4719 1959 4776 id

266 4818 350 4867 est
408 4809 481 4865 ab
530 4809 787 4880 appetitu
841 4807 1039 4863 infimo
1098 4807 1490 4862 sublevamus.
1550 4808 1683 4864 Hac
1738 4807 1960 4863 Pharao

268 4899 410 4970 agit,
452 4897 613 4968 quia,
641 4896 781 4953 dum
828 4910 933 4952 nos
959 4902 1136 4952 tentat
1165 4895 1442 4962 diabolus,
1484 4903 1585 4951 aut
1612 4909 1827 4966 pravus
1852 4909 1960 4966 ap-

267 4987 479 5056 petitus
509 4986 581 5042 ad
620 4985 727 5042 ista
768 4984 1102 5041 necessitate
1148 4998 1253 5040 nos
1303 4984 1471 5055 cogit,
1521 4991 1767 5039 mentem
1807 4983 1961 5039 enim

269 5074 337 5130 ad
386 5075 567 5129 Deum
617 5081 673 5130 et
705 5072 778 5129 ad
808 5087 865 5129 se
913 5072 1097 5143 ipsam
1143 5071 1431 5128 coadunat
1477 5078 1531 5127 et
1569 5071 1817 5142 stringit.
1851 5071 1959 5127 Ve-

266 5161 409 5218 ritas
461 5160 798 5231 conjectoris
854 5160 985 5216 inde
1045 5159 1342 5230 probatur,
1400 5158 1539 5215 dum
1594 5157 1775 5213 sancti
1832 5172 1959 5229 pro-

269 5246 451 5305 fectus
483 5247 829 5305 desiderium
881 5262 1079 5316 verax,
1125 5254 1180 5304 et
1225 5246 1514 5318 aquitatis
1557 5247 1872 5315 continens,
1903 5247 1961 5303 in

267 5345 615 5395 aternorum
646 5338 1231 5408 transitoriorumque
1269 5335 1607 5392 discretione
1642 5351 1714 5391 ex
1743 5335 1962 5392 effecti-

270 5425 382 5482 bus
427 5423 744 5495 judicatur.
793 5424 988 5494 (Vnus.
1037 5425 1153 5492 23.)
1204 5421 1620 5479 Succedentibus
1656 5426 1959 5493 prosperis,

2064 4277 2284 4334 consilii
2324 4278 2477 4334 cordi
2522 4278 2801 4335 adversus
2850 4278 3201 4333 Pharaonem
3259 4275 3539 4347 propinat,
3574 4272 3766 4344 negli-

2066 4369 2272 4439 gentia
2301 4382 2361 4424 se
2407 4369 2620 4439 arguit,
2656 4368 2811 4439 quod
2854 4366 3219 4438 aliquantula
3250 4367 3441 4437 quiete
3475 4363 3767 4419 arridente

2063 4455 2240 4511 animi
2290 4457 2601 4525 appetitum
2646 4456 3011 4512 intermiserit
3052 4452 3438 4517 excrcscendi,
3485 4451 3638 4522 quod
3681 4459 3768 4507 est

2068 4544 2393 4614 interpretis
2442 4544 2722 4600 oblivisci.
2774 4544 3010 4613 Joseph,
3067 4543 3167 4614 qui
3200 4547 3546 4609 augmentum
3576 4547 3762 4607 sonat,

2066 4631 2190 4688 ideo
2235 4632 2509 4702 interpres
2541 4632 2772 4701 dicitur,
2819 4633 2958 4703 quia
3008 4646 3312 4703 nunquam
3354 4628 3548 4686 arcani
3578 4643 3768 4698 capax

2067 4720 2247 4775 divini
2297 4734 2458 4776 mens
2506 4736 2626 4777 esse
2658 4727 2853 4791 potest,
2904 4735 3033 4791 qua
3086 4735 3199 4776 non
3252 4732 3474 4788 semper
3523 4716 3770 4773 catastis

2070 4808 2400 4863 incrementi
2448 4818 2722 4878 appetens
2750 4818 2851 4865 est.
2891 4809 3088 4879 (Vens.
3146 4807 3249 4877 t0.)
3278 4810 3468 4863 Iratus
3504 4821 3605 4859 rea:
3651 4821 3767 4859 ser-

2067 4897 2150 4950 vis
2194 4898 2328 4963 suis,
2360 4911 2441 4951 me
2477 4902 2527 4952 et
2571 4899 2895 4965 magistrum
2936 4900 3202 4967 pistorum
3239 4895 3452 4951 retrudi
3488 4892 3663 4964 jussit
3709 4896 3769 4947 in

2068 4999 2331 5038 carcerem
2359 4987 2630 5055 principis
2660 4987 2914 5041 militum.
2962 4987 3104 5047 Rea,
3156 4985 3208 5040 id
3235 4991 3319 5040 est
3348 4981 3631 5048 diabolus,
3665 4979 3765 5050 qui

2070 5071 2201 5128 ﬁliis
2252 5073 2539 5142 superbia
2569 5073 2903 5129 dominatur
2943 5074 3064 5143 (Job
3122 5087 3238 5140 xu,
3269 5073 3386 5140 25),
3427 5072 3597 5124 servis
3628 5071 3765 5131 suis,

2068 5174 2183 5215 non
2237 5160 2338 5231 qui
2387 5170 2543 5230 sunt,
2595 5161 2691 5217 sed
2747 5161 2849 5231 qui
2902 5161 3159 5225 fuerunt,
3192 5169 3247 5216 et
3279 5161 3401 5231 jam
3449 5172 3483 5213 a
3530 5157 3770 5213 veritate

2069 5246 2291 5305 liberati
2338 5256 2492 5317 sunt,
2528 5249 2823 5320 irascitur;
2856 5248 2913 5304 in
2962 5249 3066 5305 hos
3109 5249 3260 5305 enim
3308 5244 3560 5303 atrocius
3604 5244 3766 5299 inve-

2070 5335 2248 5404 hitur,
2307 5336 2428 5407 ipse
2472 5337 2844 5405 voluntatem,
2889 5337 3132 5395 liberum
3191 5335 3403 5392 scilicet
3433 5332 3763 5396 arbitrium,

2067 5431 2123 5481 et
2166 5424 2507 5481 discutiendi
2551 5438 2618 5480 ac
2659 5424 2704 5480 si
2746 5424 3007 5496 pinsendi
3068 5423 3382 5494 principem
3439 5420 3765 5477 intellecum
