3904 6066
160 163 282 217 2‘77

1375 158 1732 216 MORALIUM
1767 158 1843 216 IN
1878 158 2184 216 GENESIN
2224 160 2356 217 LIB.
2386 159 2482 215 1X.

3568 166 3674 218 278

159 291 423 348 retrudit
478 293 538 345 in
586 305 853 346 carcerem
899 291 1169 360 principis
1222 290 1497 363 militum,
1534 288 1673 359 quia
1716 289 1867 360 cogit
1904 290 1950 342 A
1978 302 2078 358 per
2107 304 2279 360 quem
2312 298 2422 347 stat
2446 292 2691 357 Pharao,
2726 292 2926 349 mundi
2964 293 3143 365 hujus
3171 301 3255 350 est
3288 293 3671 349 abrenuntia-

159 393 276 450 per
350 378 810 451 impugnationis
887 378 1191 442 ambitum,
1259 385 1314 433 et
1396 383 1617 432 coercet
1688 376 1868 433 veluti

159 470 329 524 intra
396 467 757 538 ergastulum
830 467 1087 538 ejusdem
1143 465 1387 529 Satanas,
1437 465 1539 535 qui
1604 465 1869 536 princeps

157 572 376 614 eorum
417 565 521 624 est,
567 571 699 628 qua
746 556 996 611 militant
1050 554 1328 611 adversus
1379 554 1653 621 animam,
1701 554 1867 611 vitio-

159 660 306 702 rum
340 646 399 715 (Ι
426 648 572 701 Petr.
625 660 684 708 ιι,
724 646 826 713 tt).
874 644 1136 714 Reliqua,
1181 650 1246 699 ut
1287 643 1556 712 superius
1605 643 1868 713 exposita

157 741 331 801 sunt,
364 734 637 805 intellige.

235 822 408 891 Quod
464 837 600 879 vero
651 822 825 878 dicit:
885 821 1084 893 (Vsus.
1124 820 1389 891 t2.)Erat
1430 821 1509 874 ibi
1555 836 1694 890 puer
1759 825 1869 876 lle-

162 913 372 977 braus,
429 911 669 982 ejusdem
738 911 893 966 ducis
948 911 1212 977 famulus,
1272 909 1474 965 ducem
1533 923 1671 965 sane
1730 909 1867 966 olim

161 1002 367 1072 ipsum
436 1001 732 1057 diabolum
787 1006 1039 1063 secutus,
1100 998 1197 1054 sed
1256 999 1328 1054 ad
1382 997 1639 1068 pueritia
1698 998 1868 1053 novi-

158 1096 349 1145 tatem
449 1089 956 1158 innocentiamque
1055 1101 1342 1153 reversus,
1427 1087 1610 1141 t‘actus
1713 1086 1866 1141 enim

158 1185 297 1234 erat
358 1177 655 1244 transitor,
711 1176 866 1247 quod
920 1184 1003 1232 est
1055 1175 1332 1231 Hebraeus
1384 1174 1444 1229 in
1494 1188 1740 1241 carcere,
1798 1174 1868 1230 de

161 1280 289 1336 quo
330 1265 547 1337 legitur
593 1266 647 1320 in
701 1263 1059 1334 Apocalypsi,
1127 1263 1509 1319 constitutus:
1559 1264 1720 1331 Ecce,
1772 1262 1864 1318 in-

160 1354 318 1425 quit,
392 1358 658 1408 missurus
714 1358 793 1408 est
860 1368 927 1406 ea
975 1351 1128 1406 vobis
1184 1351 1433 1406 diabolus
1486 1355 1544 1405 in
1603 1368 1867 1406 carcerem

161 1445 363 1512 (Apoc.
415 1457 477 1509 ιι,
542 1443 653 1511 lO),
701 1448 808 1497 etc.
857 1440 1053 1509 (Vs-ns.
1115 1439 1222 1510 14.)
1271 1442 1544 1495 Protinus.
1596 1440 1671 1494 ad
1716 1444 1865 1508 regis

160 1534 481 1601 imperium,
515 1531 764 1585 eductum
796 1529 863 1583 de
905 1543 1115 1584 carcere
1144 1528 1341 1596 Ioseph
1388 1527 1769 1594 totonderunt;
1801 1543 1864 1582 ac
1902 1570 1943 1624 Β

158 1625 310 1675 veste
354 1625 571 1673 mutata
623 1619 931 1673 obtulerunt
967 1619 1034 1671 ei.
1095 1617 1187 1671 Ad
1251 1618 1395 1684 regis
1459 1618 1748 1685 imperium
1798 1617 1865 1671 de

158 1723 380 1762 carcere
403 1707 612 1776 .loseph
641 1706 924 1768 educitur,
968 1719 1081 1760 non
1118 1704 1274 1775 quod
1304 1703 1517 1759 diaboli
1558 1703 1864 1774 imperium

160 1797 236 1852 ad
293 1797 480 1853 nostri
532 1796 610 1866 pii
649 1796 917 1852 desiderii
961 1794 1376 1861 liberationem,
1420 1794 1530 1849 nisi
1560 1794 1735 1849 solius
1765 1793 1865 1849 Dei

159 1886 377 1951 valeat,
435 1885 533 1941 sed
603 1885 764 1955 quia,
817 1885 990 1953 juxta
1053 1881 1444 1952 quorumdam
1502 1881 1862 1951 pravitatem,

159 1988 373 2031 sensus
408 1975 606 2029 laxare
644 1972 918 2039 creditur,
953 1986 988 2027 a
1018 1984 1271 2041 quorum
1305 1969 1862 2039 impugnationibus,

164 2065 280 2120 Deo
305 2062 569 2133 jubente,
602 2068 803 2117 cessat.
840 2060 1001 2116 Unde
1032 2066 1088 2115 et
1118 2059 1275 2128 apud
1322 2057 1614 2114 Danielem
1660 2058 1865 2114 Nabu-

160 2151 528 2208 chodonosor
558 2157 868 2218 percutere,
912 2147 1221 2203 humiliare
1252 2156 1307 2202 et
1351 2145 1608 2202 occidere
1655 2146 1867 2203 dicitur

161 2251 315 2306 quos
336 2237 566 2292 volebat
593 2237 762 2307 (Dan.
802 2252 856 2302 v,
893 2237 999 2306 19),
1032 2249 1129 2291 cor
1158 2235 1327 2303 cujus
1370 2242 1563 2290 tamen
1608 2248 1723 2290 non
1755 2234 1863 2291 nisi

162 2326 223 2379 in
273 2338 460 2380 manu
504 2324 599 2380 Dei
648 2331 789 2380 erat.
851 2323 1164 2389 Tondetur,
1209 2323 1346 2378 dum
1393 2336 1482 2390 ea,
1527 2336 1659 2392 qua
1716 2323 1865 2378 inter

162 2413 512 2469 tentationes
544 2418 908 2469 succreverat
944 2410 1358 2481 superﬂuitate,
1392 2418 1670 2480 prompta
1716 2411 1864 2480 ferro

162 2500 532 2557 discretionis
579 2507 635 2556 et
681 2499 924 2571 gemina
972 2498 1184 2567 forcipe
1230 2497 1529 2552 charitatis
1576 2499 1859 2567 privatur.

166 2589 358 2646 Vestis
392 2596 672 2654 mutatur,
716 2589 854 2643 dum
894 2587 1104 2643 mentis
1146 2585 1380 2641 habitus
1413 2585 1745 2641 innovatur.
1778 2587 1863 2643 Ab

165 2677 259 2732 his
304 2691 342 2732 a
386 2677 603 2746 quibus
640 2684 900 2733 attonsus
937 2683 1037 2743 est,
1084 2674 1367 2730 Pharaoni
1421 2673 1680 2739 oﬂ‘ertur,
1730 2689 1860 2730 cum

164 2779 267 2834 per
295 2764 689 2834 spiritualium
721 2764 977 2820 subsidia
1009 2770 1270 2818 motuum
1302 2761 1375 2816 ad
1404 2761 1514 2817 hoc
1543 2769 1607 2817 ut
1635 2760 1863 2817 diabolo

1980 378 2075 445 tio,
2111 378 2169 433 in
2210 393 2346 449 qua,
2388 381 2528 436 dum
2556 395 2590 435 a
2616 380 2809 436 saculi
2850 381 3124 438 ﬂuctibus
3153 382 3262 439 tuti
3299 396 3523 450 sumus,
3561 382 3669 438 sub

1979 467 2107 523 aliis
2144 469 2455 538 speciebus,
2504 468 2894 539 spiritualium
2945 470 3157 526 scilicet
3198 470 3495 538 vitiorum,
3546 471 3668 526 dia-

1979 556 2091 612 boli
2124 557 2465 628 subjicimur
2493 558 2751 629 vestigio.
2786 558 3025 625 Quidem
3055 559 3206 615 enim
3240 563 3439 630 portus
3473 560 3667 626 maris,

1977 654 2338 716 contemptus
2383 656 2465 704 est
2522 662 2676 704 cura
2730 648 3061 704 mundialis.
3130 649 3305 717 Super
3355 650 3560 716 ripam,
3613 655 3669 703 et

1978 736 2260 804 superius,
2315 750 2477 805 super
2517 739 2742 801 fluvium
2793 743 2942 792 stare
2980 750 3040 791 se
3103 742 3288 804 putat,
3357 734 3497 804 quia
3550 750 3667 791 non

1977 824 2159 878 solum
2194 822 2439 879 ﬂuvium
2468 824 2870 879 sacularitatis
2898 824 3007 880 sibi
3038 823 3336 894 subjugat,
3369 824 3462 878 sed
3496 824 3667 879 etiam

1979 910 2247 966 ﬁduciam
2269 911 2440 966 habet
2470 911 2623 981 quod
2649 912 2934 977 Iordanis,
2968 912 3024 967 hi
3065 912 3278 968 scilicet
3310 912 3407 982 qui
3441 926 3474 966 a
3505 911 3668 967 fasti-

1979 998 2089 1054 bus
2131 998 2325 1053 saculi
2374 998 2735 1067 descendere,
2784 1000 2840 1055 in
2887 1014 2983 1056 eos
3042 1000 3337 1070 potestatis
3392 1000 3662 1055 inﬂuant.

1976 1087 2188 1155 Septem
2213 1087 2388 1151 boves,
2410 1095 2624 1157 septem
2653 1089 2790 1143 mihi
2818 1088 3087 1144 videntur
3106 1088 3319 1160 signari
3342 1088 3669 1159 spirituales

1975 1175 2237 1241 virtutes,
2295 1180 2435 1230 I48
2485 1190 2631 1245 quas
2679 1177 2953 1245 propheta
2992 1185 3287 1245 memorat,
3337 1190 3513 1247 super
3559 1176 3660 1232 ﬂo-

1978 1278 2095 1320 rem
2129 1264 2482 1333 quiescentes
2526 1264 2677 1334 (lsai.
2701 1281 2779 1331 Xl,
2825 1269 2871 1327 l,
2905 1264 2980 1335 2),
3017 1279 3116 1334 per
3155 1280 3302 1336 quas
3334 1266 3525 1321 innuit
3563 1266 3667 1321 bo-

1976 1366 2184 1407 norum
2249 1354 2507 1408 omnium
2562 1353 2966 1423 plenitudines,
3028 1354 3122 1408 hic
3177 1355 3327 1409 enim
3388 1367 3669 1410 numerus

1975 1440 2165 1511 signat
2211 1441 2634 1497 universitates.
2686 1443 2872 1498 Potest
2920 1451 2975 1499 et
3023 1450 3278 1513 quatuor
3327 1441 3669 1512 principales

1975 1529 2238 1596 virtutes,
2294 1542 2427 1584 cum
2468 1529 2656 1586 tribus
2693 1531 3062 1587 naturalibus
3114 1531 3342 1598 nostris,
3380 1530 3670 1586 intellectu

1977 1617 2258 1683 videlicet,
2310 1618 2532 1699 ratione
2579 1626 2633 1674 et
2674 1619 3083 1690 imaginatione
3132 1621 3349 1686 mistas,
3398 1618 3667 1689 signare;

1975 1720 2106 1778 qua
2136 1714 2350 1762 terram
2397 1707 2783 1763 sensualitatis
2813 1715 3042 1775 nostra,
3077 1723 3144 1764 ac
3191 1708 3238 1764 si
3280 1708 3473 1773 boves,
3505 1705 3671 1763 subi—

1975 1795 2158 1866 gendo
2190 1794 2529 1850 discutiunt.
2558 1795 2824 1852 Pulchra
2854 1805 3048 1853 autem
3082 1804 3219 1853 sunt
3247 1799 3430 1861 nimis,
3463 1802 3513 1851 et
3543 1797 3671 1851 obe—

1973 1885 2050 1938 sis
2096 1884 2372 1950 carnibus,
2436 1884 2572 1955 quia
2616 1885 2715 1952 eis,
2772 1899 2905 1941 cum
2951 1885 3338 1955 possidentur,
3393 1884 3473 1940 nil
3512 1883 3668 1940 omni

1974 1980 2137 2042 parte
2165 1972 2407 2037 beatius,
2441 1980 2643 2042 prater
2683 1974 2860 2029 Deum
2898 1974 3043 2029 nihil
3085 1981 3169 2029 est
3213 1973 3435 2043 purius.
3479 1971 3663 2028 Femi-

1974 2074 2081 2117 neo
2129 2068 2319 2117 autem
2367 2060 2643 2118 dicuntur
2690 2076 2920 2132 genere,
2967 2062 3107 2132 quia
3159 2062 3332 2118 totius
3380 2060 3672 2133 religionis

1973 2157 2108 2205 sunt
2139 2158 2350 2205 matres
2376 2164 2442 2205 ac
2485 2150 2759 2206 materia.
2797 2150 3132 2206 Ascendunt
3164 2152 3233 2207 de
3266 2151 3529 2218 ﬂumine,
3566 2150 3670 2218 qui

1973 2252 2092 2294 sese
2158 2238 2487 2308 proripiunt
2538 2253 2572 2294 a
2627 2238 2823 2294 saculi
2887 2238 3305 2296 conformitate.
3374 2241 3438 2294 In
3501 2245 3669 2308 pastu

1972 2326 2198 2397 paludis
2225 2326 2443 2383 virecta
2468 2334 2717 2397 carpunt
2761 2327 2900 2382 dum
2946 2327 3004 2382 in
3056 2327 3320 2396 prasenti
3354 2328 3495 2393 vita,
3537 2341 3669 2397 qua

1976 2414 2162 2484 palus,
2215 2422 2270 2470 et
2311 2414 2578 2472 illecebra
2616 2423 2718 2482 est,
2772 2416 2891 2485 spei
2937 2415 3383 2471 immortalitatis
3424 2416 3666 2472 amoeni-

1975 2511 2088 2560 tate
2116 2504 2359 2573 carptim
2392 2510 2601 2570 tamen,
2638 2518 2739 2574 per
2766 2504 3065 2574 speculum
3095 2504 3308 2559 scilicet
3338 2512 3388 2560 et
3421 2504 3671 2575 anigma

1959 2589 2092 2649 sese
2122 2592 2411 2649 reﬁciunt.

2044 2681 2224 2737 Vnus.
2282 2682 2365 2748 l9,
2416 2682 2504 2748 20,
2552 2684 2643 2736 21.
2686 2710 2754 2723 -
2798 2683 2878 2735 Et
2913 2696 3026 2736 ecce
3074 2681 3499 2750 assequebantur
3545 2681 3668 2736 alia

1970 2774 2171 2839 septem
2227 2770 2399 2837 boves,
2456 2773 2513 2824 in
2553 2775 2763 2824 tantum
2813 2770 3098 2837 deformes,
3142 2774 3192 2822 et
3236 2770 3553 2835 macilenta,
3608 2774 3669 2823 ut

163 2855 428 2920 obsistat,
487 2860 873 2922 promovetur.
930 2851 1146 2908 Oﬂ‘erre
1192 2851 1344 2906 enim
1383 2863 1457 2904 ex
1502 2849 1566 2903 ob
1612 2857 1666 2904 et
1723 2851 1861 2916 fero,
1904 2850 1945 2905 C
1974 2874 2258 2928 nunquam
2288 2859 2421 2913 tales
2451 2861 2682 2912 interra
2724 2860 2949 2927 Egypti
2984 2857 3254 2923 viderim;
3294 2873 3414 2927 qua
3441 2857 3666 2911 devora-

164 2946 301 3009 fers,
322 2943 724 3012 compositum,
760 2941 989 3011 proprie
1031 2940 1244 2996 dicitur
1283 2943 1472 2993 contra
1507 2940 1672 3004 ferre.
1709 2938 1867 2994 Unde

165 3039 222 3086 et
266 3030 427 3100 apud
478 3032 761 3087 comicum
826 3029 1033 3086 vitium
1087 3028 1328 3084 feliciter
1373 3027 1588 3082 dicitur
1647 3027 1861 3098 virgini

164 3119 449 3186 oblatum,
500 3118 835 3174 violentiam
869 3116 1038 3187 plane
1082 3115 1418 3186 significans
1446 3116 1590 3186 (Ter.
1639 3115 1749 3170 Ad.
1782 3130 1861 3184 III,

174 3211 223 3275 1,
258 3211 332 3275 9).

235 3296 412 3352 Vnus.
476 3298 558 3349 15.
606 3323 678 3336 -
730 3293 877 3361 Vidi,
933 3292 1141 3363 inquit,
1200 3294 1431 3359 somnia,
1491 3307 1581 3346 nec
1636 3298 1717 3346 est
1768 3294 1866 3362 qui

165 3385 454 3439 edisserat.
483 3384 572 3438 Ex
603 3382 886 3438 industria
919 3380 1114 3446 hostis,
1152 3388 1206 3436 et
1232 3380 1401 3450 quasi
1430 3380 1504 3436 ad
1535 3380 1863 3449 imperium,

168 3480 231 3529 ut
252 3472 654 3543 pramisimus,
678 3484 872 3537 suum,
901 3470 972 3525 ab
993 3469 1359 3539 oppressione
1380 3475 1577 3524 nostra
1597 3468 1862 3538 quiescit,

168 3570 231 3617 ut
277 3560 490 3631 quietis
529 3574 596 3616 ac
642 3559 880 3621 securis,
916 3557 1082 3628 quasi
1122 3571 1224 3628 per
1268 3556 1654 3628 quastionum
1699 3571 1863 3612 revo-

169 3650 420 3706 lutiones
486 3649 711 3713 inferat,
768 3647 923 3718 quod
976 3646 1375 3717 impugnando
1435 3659 1550 3701 non
1617 3652 1856 3714 poterat.

165 3738 265 3794 Est
313 3751 456 3807 ergo
498 3751 738 3793 sensus:
780 3735 934 3805 Vidi,
971 3734 1179 3805 inquit,
1226 3734 1282 3790 id
1321 3741 1423 3801 est,
1472 3734 1724 3789 intellexi
1768 3734 1863 3788 in-

164 3829 569 3886 certitudinem
601 3827 1068 3884 invisibilitatum
1110 3840 1242 3896 qua
1280 3826 1521 3895 appetis,
1559 3824 1699 3894 quia
1726 3823 1861 3893 qui-

168 3919 414 3975 busdam
446 3916 613 3988 quasi
652 3916 890 3973 somniis
916 3914 1188 3980 illuderit,
1233 3929 1323 3968 nec
1363 3918 1442 3968 est
1471 3916 1568 3982 qui
1600 3913 1864 3967 cdisserut

165 4022 231 4064 ea
268 4022 404 4077 qua
446 4006 662 4077 cogitas
695 4005 862 4077 vigor
905 4003 1155 4075 alicujus
1196 4003 1471 4070 rationis;
1514 4018 1633 4071 qua
1674 4002 1865 4057 audivi

169 4099 219 4148 te
266 4093 695 4163 prudentissime
745 4092 1037 4163 conjicere,
1084 4092 1137 4147 id
1196 4100 1281 4147 est
1326 4106 1457 4162 qua
1508 4092 1761 4160 comperi
1808 4099 1861 4148 te

168 4196 285 4237 non
342 4181 582 4237 scientia
637 4182 938 4252 attingere,
997 4180 1094 4236 sed
1150 4179 1498 4249 conjecturis
1554 4180 1855 4236 astimare.

168 4271 314 4327 Nota
363 4270 517 4340 quod
576 4270 801 4325 somnia
856 4269 1082 4336 vidisse,
1143 4269 1486 4338 conjectura
1532 4267 1746 4323 famam
1805 4282 1864 4325 se

168 4358 376 4415 asserit
403 4358 651 4414 audisse.
688 4357 905 4414 Certior
938 4364 1023 4413 est
1052 4364 1246 4412 autem
1289 4356 1448 4412 visus
1481 4370 1659 4427 quam
1692 4356 1864 4411 audi-

172 4456 286 4503 tus.
334 4448 514 4509 Certo,
564 4447 666 4515 ait,
715 4454 881 4502 teneo
922 4445 1278 4501 somniorum
1323 4445 1421 4500 illa
1461 4445 1670 4501 similia
1720 4459 1860 4514 esse,

172 4549 306 4606 qua
348 4542 398 4590 te
437 4547 506 4591 ac
546 4534 590 4590 si
632 4549 706 4590 ex
761 4548 991 4590 rumore
1038 4534 1245 4590 haurio
1296 4533 1760 4604 prudentissime,
1809 4534 1863 4589 id

172 4629 257 4679 est
308 4623 709 4693 providentius
751 4636 924 4693 quam
971 4636 1201 4678 necesse
1237 4630 1323 4679 est
1371 4621 1514 4678 velle
1560 4622 1860 4692 conjicere.

175 4713 361 4784 (Vnus.
429 4712 545 4782 16.)
613 4713 917 4782 Respondit
977 4713 1213 4781 Joseph:
1284 4712 1500 4780 Absque
1540 4726 1644 4764 me
1720 4712 1864 4765 Deus

172 4801 519 4872 respondebit
570 4816 832 4870 prospera
890 4800 1180 4856 Pharaoni.
1244 4799 1406 4866 Quod
1472 4807 1556 4854 est
1629 4798 1861 4855 dicere:

172 4889 296 4947 Non
317 4889 460 4945 meis
488 4888 985 4957 astimationibus,
1025 4889 1125 4945 sed
1164 4888 1378 4944 divinis
1419 4887 1866 4957 aspirationibus

174 4979 299 5045 tibi,
350 4978 596 5041 diabole,
643 4985 699 5034 et
726 4978 842 5034 tuis
892 4977 1246 5034 illationibus
1276 4976 1455 5043 utilia,
1500 4968 1560 5032 et
1606 4989 1868 5046 congrua

177 5068 516 5124 referentur.

242 5156 415 5213 Vsus.
480 5159 568 5221 l7,
625 5155 712 5211 l8.
743 5185 813 5196 —
860 5157 959 5211 Ait
1016 5170 1141 5223 ergo
1195 5156 1441 5211 Pharao:
1480 5154 1746 5209 Putabam
1785 5168 1869 5208 me

175 5249 315 5300 stare
354 5260 522 5315 super
565 5247 747 5314 ripam
783 5246 1045 5313 ﬂuminis,
1091 5249 1143 5299 et
1171 5248 1371 5313 septem
1408 5243 1559 5298 boves
1605 5242 1671 5297 de
1709 5257 1868 5296 amne

177 5349 514 5402 consurgere,
564 5333 824 5403 pulchras
869 5334 1051 5399 nimis,
1092 5337 1143 5386 et
1192 5332 1362 5387 obesis
1411 5331 1707 5394 carnibus;
1751 5345 1870 5399 qua

178 5425 232 5478 in
254 5426 423 5493 pastu
448 5420 681 5493 paludis
713 5423 917 5476 virecta
954 5420 1267 5491 carpebant.
1299 5419 1443 5490 Ripa
1481 5418 1739 5475 ﬂuminis
1770 5432 1866 5474 su-

1976 2949 2048 3000 tis
2079 2952 2129 3000 et
2166 2948 2509 3014 consumptis
2547 2945 2845 3013 prioribus,
2876 2946 3087 2999 nullum
3124 2946 3436 2998 saturitutis
3475 2944 3669 2997 dedere

1972 3037 2298 3102 vestigium;
2347 3034 2441 3088 sed
2494 3035 2666 3089 simili
2719 3037 2890 3088 macie
2946 3039 2997 3088 et
3052 3034 3305 3102 squalore
3360 3033 3663 3102 torpebant.

1975 3125 2080 3179 Per
2106 3131 2314 3192 septem
2344 3123 2488 3178 alias
2520 3123 2691 3178 boves
2714 3130 2817 3177 aut
2844 3121 3251 3193 temporalitas,
3287 3136 3419 3192 qua
3449 3129 3662 3190 septem

1973 3211 2176 3268 diebus
2210 3210 2489 3277 excurrit,
2531 3218 2631 3266 aut
2675 3218 2789 3266 tota
2836 3210 3188 3277 humanitas,
3236 3223 3368 3280 qua
3411 3218 3665 3279 quatuor

1974 3314 2074 3371 per
2093 3314 2305 3370 corpus
2332 3299 2629 3355 elementis
2674 3306 2914 3366 constat,
2949 3306 3003 3354 et
3047 3299 3104 3353 in
3137 3298 3352 3366 anima,
3411 3298 3660 3369 ingenio,

1970 3388 2285 3455 voluntate,
2320 3395 2375 3443 et
2404 3386 2611 3443 aﬂ‘ectu
2645 3387 2991 3456 praeminet,
3022 3387 3329 3456 ﬁguratur.
3370 3386 3502 3441 Hac
3530 3398 3662 3440 cum

1972 3477 2191 3547 absque
2222 3477 2319 3532 Dei
2362 3470 2554 3532 amore
2584 3476 2895 3542 habentur,
2929 3488 2962 3529 a
3006 3474 3323 3544 spiritualis
3352 3473 3485 3529 boni
3530 3473 3666 3543 pin-

1972 3566 2237 3636 guedine,
2269 3573 2323 3621 et
2353 3578 2385 3620 a
2411 3562 2510 3620 Dei
2541 3563 2793 3633 imagine
2832 3561 3251 3627 deformantur,
3287 3576 3418 3632 qua
3450 3559 3667 3631 priores

1971 3661 2026 3709 et
2054 3660 2380 3722 sequuntur
2402 3659 2455 3708 et
2485 3651 2782 3717 devorant,
2808 3650 2948 3720 quia
2971 3649 3166 3705 multis
3195 3657 3318 3718 post
3343 3648 3666 3704 sanctitatis

1971 3741 2336 3797 eminentiam
2383 3740 2629 3809 turpiter
2680 3738 2859 3809 ingeri
2908 3737 3145 3809 contigit
3192 3744 3247 3792 et
3289 3736 3666 3792 humanitatis

1971 3828 2266 3897 desidiam,
2321 3836 2375 3884 et
2408 3827 2844 3899 temporalitatis
2894 3826 3205 3892 luxuriam,
3247 3825 3329 3881 ita
3358 3832 3423 3881 ut
3451 3839 3551 3896 per
3582 3840 3667 3882 re-

1972 3917 2135 3989 probi
2165 3931 2368 3973 sensus
2417 3917 2703 3973 miseriam
2747 3915 3170 3987 ngyptiorum,
3204 3914 3261 3969 id
3297 3922 3381 3969 est
3426 3914 3667 3970 saeuia-

1972 4006 2146 4073 rium,
2182 4007 2280 4077 qui
2332 4006 2413 4061 nil
2461 4020 2722 4076 unquam
2774 4017 3121 4075 proposuere
3169 4003 3321 4067 boni,
3367 4009 3666 4073 transgre-

1972 4094 2207 4150 diantur
2248 4094 2605 4165 spurcitiam,
2651 4101 2706 4149 et
2753 4107 2867 4149 non
2914 4091 3120 4161 prioris
3157 4091 3343 4147 solum
3386 4092 3518 4147 vita
3550 4105 3665 4147 non

1973 4182 2199 4239 doleant
2252 4196 2476 4250 casum,
2541 4189 2641 4237 aut
2693 4180 2761 4237 de
2807 4181 2932 4251 ejus
2985 4179 3280 4247 memoria,
3346 4179 3485 4249 quia
3539 4193 3666 4235 eam

1969 4270 2448 4340 consumpserint,
2513 4270 2901 4340 lacrymarum
2957 4268 3182 4324 tandem
3235 4268 3485 4339 aliquem
3537 4267 3667 4323 exi-

1971 4366 2109 4430 gant
2134 4372 2253 4429 quo
2283 4358 2618 4413 reﬁciantur
2646 4365 2941 4426 sumptum
2976 4356 3107 4426 ;sed
3142 4356 3316 4412 simili
3344 4371 3460 4426 quo
3487 4354 3660 4412 semel

1972 4447 2175 4503 imbuti
2205 4453 2342 4503 sunt
2364 4445 2581 4515 peccati
2606 4445 2875 4515 squalore
2897 4445 3214 4501 tabescunt.

2040 4534 2210 4592 Vnus.
2257 4538 2346 4601 22,
2388 4536 2479 4601 23,
2521 4536 2608 4589 24.
2640 4565 2708 4574 -
2750 4534 3059 4603 Evigitans,
3104 4548 3297 4588 rursus
3334 4547 3524 4601 sopore
3569 4531 3663 4585 de-

1966 4639 2205 4694 pressus,
2254 4624 2376 4679 vidi
2425 4625 2729 4678 somnium:
2762 4624 2976 4691 Septem
3023 4625 3187 4691 spica
3229 4622 3577 4691 pullulabant
3604 4622 3661 4673 in

1969 4715 2140 4768 culmo
2189 4728 2312 4781 uno,
2375 4714 2546 4782 plenae
2594 4717 2757 4781 atque
2808 4712 3207 4781 pulcherrima.
3273 4712 3412 4764 Alia
3456 4725 3665 4779 quoque

1969 4805 2169 4869 septem
2220 4804 2400 4854 tenues
2450 4806 2500 4853 et
2549 4813 2816 4868 percussa
2878 4798 3130 4856 uredine,
3207 4796 3523 4851 oriebantur
3590 4813 3658 4851 ea:

1971 4889 2213 4956 stipula;
2255 4903 2373 4956 qua
2422 4889 2675 4957 priorum
2731 4884 3193 4955 pulchritudinem
3245 4884 3658 4940 devoraverunt.

1974 4977 2123 5033 Dum
2149 4974 2356 5031 nostris
2380 4974 2439 5031 in
2471 4972 2935 5045 cogitationibus,
2981 4971 3297 5028 sanctitatis
3333 4972 3490 5042 quod
3521 4974 3667 5030 arri-

1974 5064 2209 5133 puimus
2241 5063 2541 5133 proposito,
2576 5061 2746 5132 quasi
2789 5061 2991 5117 ruinas
3033 5059 3396 5117 comminans
3438 5060 3666 5130 typicus

1975 5152 2199 5208 Pharao
2249 5152 2371 5207 hac
2420 5151 2698 5222 loquitur.
2744 5148 3015 5220 Evigilat,
3048 5149 3189 5219 quia
3221 5160 3322 5218 per
3368 5147 3569 5204 talium
3611 5149 3670 5204 in

1976 5241 2168 5298 animo
2225 5240 2551 5297 meditantis
2606 5238 3066 5296 retractationem
3115 5240 3479 5294 fortunarum
3541 5252 3671 5294 ma—

1978 5343 2151 5402 gnam
2185 5329 2646 5399 inquietudinem
2675 5328 2908 5385 excitat.
2954 5328 3209 5384 Rursum
3253 5334 3446 5382 tamen
3477 5325 3672 5396 depri-

1978 5418 2176 5481 mitur,
2206 5416 2345 5487 quia
2377 5416 2547 5473 timor
2589 5417 2764 5488 hujus
2796 5416 3134 5488 ingestiouis
3168 5412 3482 5485 aliquando
3514 5415 3669 5483 sopi-
