3904 6066
233 123 338 175 279

1138 119 1200 174 V.
1241 117 1568 175 GUIBERTI
1609 118 1900 175 ABBATIS
1936 120 1993 175 S.
2036 117 2277 172 MARIA'Z
2315 116 2406 172 DE
2445 114 2830 172 NOVIGENTO

3629 118 3745 170 280

224 262 342 312 tur.
403 251 535 308 Vidi
592 251 727 307 item
789 253 1076 317 somnium,
1126 256 1190 305 ut
1246 249 1400 319 quod
1454 248 1923 320 suggestionibus
1958 250 2005 304 Α
2037 246 2318 304 virtutum
2358 254 2413 302 et
2440 247 2557 317 spei
2593 248 2773 317 (Prov.
2805 259 2962 308 xxw,
3002 248 3109 315 16).
3134 246 3529 313 Septenariuin
3563 243 3745 300 famis

222 342 345 414 jam
401 338 655 411 impegit,
712 338 1087 409 perniciosius
1145 351 1246 407 per
1283 351 1625 393 consensum
1681 336 1922 402 intimet,

227 429 585 487 somniorum
608 426 872 483 videlicet
900 425 1142 482 similem
1173 425 1459 481 bonorum
1499 425 1738 496 spiritus
1771 424 1926 480 invi-

227 519 503 576 sibilium.
560 519 721 576 Unde
755 524 812 572 et
842 514 1011 571 hodie
1058 514 1206 571 inter
1256 514 1482 585 aliquos
1523 514 1927 586 grammaticos

229 610 302 665 ad
360 607 781 664 illitteratorum
826 604 1005 661 exitia
1055 604 1251 675 gravis
1307 603 1376 659 de
1430 602 1928 674 pradestinatione

231 696 475 769 quastio
503 703 606 752 est.

302 788 476 855 Spica
522 788 722 854 septem
782 782 1066 838 virtutum
1125 780 1423 852 plenitudo
1482 788 1586 849 est,
1658 780 1810 837 unde
1874 787 1930 836 et

224 876 400 946 plena
432 872 805 944 pulchraque
834 872 1132 935 dicuntur,
1166 870 1266 926 ubi
1296 884 1430 926 cum
1460 870 1753 939 palearum
1784 869 1930 925 inte-

233 969 531 1035 gumenta,
560 968 616 1017 et
641 960 954 1016 aristarum
1006 959 1155 1015 adsit
1185 958 1506 1027 hispiditas,
1555 956 1933 1027 superﬂuita-

234 1059 317 1109 tes
357 1050 775 1123 cogitationum
817 1062 1124 1119 oppansas,
1171 1055 1226 1103 et
1272 1062 1526 1117 nequam
1566 1046 1934 1103 affectionum

234 1126 650 1215 sollicitudines
680 1139 738 1194 in
789 1138 1039 1194 excitato
1078 1137 1200 1207 jam
1232 1135 1424 1191 animo
1462 1136 1652 1207 signat
1695 1143 1931 1191 erectas.

233 1231 307 1284 In
325 1230 498 1284 culmo
518 1235 709 1303 autem
739 1242 845 1281 uno
871 1226 1178 1296 pullulant,
1208 1225 1346 1294 quia
1377 1238 1507 1280 cum
1530 1238 1649 1280 una
1672 1224 1744 1279 sit
1774 1224 1932 1292 ﬁdes,

242 1331 430 1373 unum
480 1315 783 1386 baptisma,
826 1327 1100 1384 unusque
1131 1314 1277 1368 Deus
1311 1313 1542 1382 (Ephes.
1596 1328 1670 1379 IV,
1729 1313 1808 1382 5),
1860 1327 1935 1369 ex

239 1406 350 1462 hac
401 1405 521 1475 ipsa
570 1403 791 1460 unitate
840 1416 1069 1458 necesse
1109 1408 1195 1457 est
1245 1409 1506 1472 surgant.
1558 1402 1745 1457 Potest
1781 1409 1839 1457 et
1875 1404 1935 1457 in

236 1494 408 1548 culmo
450 1505 611 1547 mens
640 1492 779 1560 ipsa,
825 1490 897 1546 ob
939 1489 1030 1546 sui
1078 1489 1520 1545 inconstantiam
1563 1489 1675 1545 dici
1715 1496 1930 1557 notata,

239 1593 417 1650 quam
447 1593 580 1635 cum
614 1579 735 1635 suis
765 1578 1070 1645 fructibus,
1097 1586 1312 1646 septem
1343 1576 1469 1632 alia
1501 1576 1935 1646 temporalitatis

237 1666 724 1738 animalitatisque
772 1665 995 1735 stipula
1034 1665 1272 1735 steriles,
1302 1672 1357 1721 et
1405 1665 1664 1720 inanium
1715 1665 1935 1736 gloria-

246 1770 378 1812 rum
418 1770 519 1825 per
547 1769 723 1811 auras
749 1762 971 1810 exustae
989 1754 1303 1817 subruunt,
1338 1752 1730 1823 subrutasque
1765 1752 1937 1809 totius

247 1845 325 1914 pii
359 1851 523 1901 actus
566 1843 853 1900 oblivione
899 1848 1269 1898 consumunt.
1324 1842 1471 1896 Hinc
1522 1849 1577 1897 et
1618 1843 1762 1906 fetas
1810 1841 1938 1897 illas

249 1938 430 1987 tenues
476 1933 629 1987 boves
693 1930 849 1997 dicit,
907 1943 1023 1986 non
1070 1937 1302 1999 propter
1356 1928 1783 1995 fecunditatem,
1840 1930 1937 1986 sed

148 2092 159 2098 _
244 2021 387 2092 quia
410 2020 576 2076 virile
602 2033 748 2090 opus
789 2018 1003 2073 vicinia
1034 2016 1375 2074 effeminata
1417 2016 1731 2073 voluntatis
1767 2031 1938 2074 ener-

244 2117 343 2165 vat
369 2116 425 2165 et
457 2108 634 2164 illicit.

315 2197 558 2254 Narravi
586 2195 974 2267 coniectoribus
1017 2197 1368 2258 somniorum,
1409 2209 1503 2248 nec
1549 2198 1628 2248 est
1676 2195 1773 2263 qui
1801 2194 1941 2248 edis-

244 2290 411 2341 serat.
444 2284 605 2352 Quod
642 2283 975 2341 estdicere:
1021 2283 1174 2351 Hac,
1223 2282 1435 2353 inquit,
1470 2296 1602 2352 qua
1633 2290 1748 2338 tua
1796 2296 1942 2353 sug-

248 2374 395 2446 gessi
448 2372 768 2444 prudentia
816 2371 1011 2428 multis
1072 2370 1199 2426 aliis
1261 2370 1489 2440 ingenio
1561 2370 1830 2439 praditis,
1887 2376 1942 2425 et

252 2462 561 2519 invisibilia
632 2459 914 2532 sagaciter
977 2458 1419 2515 discutientibus
1476 2456 1666 2524 intuli,
1720 2457 1818 2513 sed
1862 2456 1942 2513 nil

251 2558 537 2617 constans,
563 2548 654 2605 vel
686 2549 795 2603 fide
824 2548 1066 2618 dignum
1101 2547 1174 2602 ab
1213 2546 1301 2601 his
1349 2545 1558 2615 accepi.
1595 2546 1791 2614 (Vens.
1829 2545 1942 2616 25.)

253 2642 326 2695 Αι
356 2638 596 2707 Joseph:
640 2638 935 2702 Somnium,
976 2634 1074 2701 ait,
1137 2636 1282 2700 regis
1320 2650 1488 2711 unum
1524 2638 1640 2701 est;
1687 2649 1806 2702 qua
1850 2636 1940 2701 fa-

254 2731 439 2781 cturus
492 2730 590 2791 est,
645 2729 781 2781 Deus
838 2724 1073 2780 ostendit
1132 2725 1425 2778 Pharaoni.
1486 2726 1563 2779 Ac
1626 2722 1674 2778 si
1745 2722 1943 2778 dicat:

2036 338 2108 392 ad
2153 344 2373 392 motum
2423 335 2617 393 saeculi
2667 331 2990 402 referimus,
3015 348 3088 390 ex
3123 347 3241 404 qua
3289 340 3448 403 parte
3480 332 3749 402 penuriis

2036 426 2426 483 abundamus.

2109 514 2268 579 Quod
2310 514 2502 571 vidisti
2553 513 2804 570 secundo
2841 513 2912 567 ad
2953 511 3213 568 eamdem
3259 525 3379 567 rem
3424 510 3745 580 pertinens,

2037 604 2301 661 omnium
2341 602 2634 659 ﬁrmitatis
2675 603 2952 657 iniu-inm
2994 607 3097 666 est,
3128 615 3193 655 eo
3223 600 3380 669 quod
3420 600 3520 655 fiat
3551 613 3748 655 sermo

2039 693 2159 758 Dei,
2193 700 2247 749 et
2284 692 2539 748 velocius
2560 691 2892 761 impleatur.
2938 690 3159 756 Vidisti,
3194 689 3404 759 inquit,
3432 688 3489 744 id
3519 696 3604 745 est
3632 703 3749 744 ex-

2038 781 2210 851 periri
2261 779 2634 851 singulariter
2679 793 2771 835 me
2822 777 3023 834 fecisti.
3060 776 3159 832 His
3203 777 3379 843 enim,
3430 776 3532 846 qui
3560 776 3750 841 nobis

2038 869 2227 926 infesti
2255 876 2411 935 sunt,
2434 869 2620 925 dicere
2649 868 2916 931 solemus,
2950 881 3043 922 me
3071 865 3258 923 solum
3288 865 3501 921 vidisti.
3540 866 3747 934 Expe-

2042 958 2145 1014 riri
2167 971 2258 1013 me
2282 971 2420 1028 ergo
2452 956 2629 1013 fecisti
2662 955 2846 1026 primo
2874 969 2975 1024 per
3003 953 3451 1025 suggestionem,
3482 953 3747 1009 secundo

2041 1061 2143 1118 per
2183 1044 2632 1112 delectationem,
2675 1045 2746 1100 ad
2775 1044 3033 1101 eamdem
3066 1051 3178 1099 tua
3224 1057 3341 1097 non
3390 1056 3529 1098 mea
3558 1041 3747 1097 desti-

2043 1134 2291 1191 nationis
2340 1148 2459 1190 rem
2500 1133 2898 1204 pertinentem,
2952 1130 3243 1187 firmitatis
3281 1131 3542 1186 omnium
3585 1144 3748 1186 meo-

2042 1239 2173 1280 rum
2214 1223 2601 1292 spiritualium
2640 1230 2929 1289 votorum,
2963 1235 3094 1275 cum
3134 1220 3285 1275 inter
3326 1219 3612 1275 incentiva
3643 1226 3751 1274 tua

2044 1312 2391 1382 perstiterint
2439 1310 2714 1366 indicium
2769 1317 2873 1375 est,
2923 1324 2989 1364 eo
3038 1308 3195 1378 quod
3243 1322 3431 1364 sermo
3478 1307 3578 1362 Dei
3620 1307 3745 1375 fiat,

2045 1400 2139 1457 ille
2193 1400 2424 1466 scilicet,
2474 1399 2521 1454 si
2569 1399 2805 1469 spiritus
2841 1400 3175 1467 potestatem
3232 1396 3496 1453 habentis
3538 1409 3751 1451 ascen-

2045 1490 2192 1545 derit
2220 1502 2396 1558 super
2427 1495 2499 1551 te,
2534 1488 2723 1543 locum
2750 1494 2919 1543 tuum
2950 1500 3023 1542 ne
3066 1485 3370 1551 dimiseris,
3407 1491 3463 1540 et
3490 1484 3751 1541 velocius

2047 1578 2373 1649 impleatur,
2407 1583 2473 1632 ut
2505 1590 2619 1632 non
2652 1575 2856 1645 illapsa
2885 1574 3184 1631 delectatio
3214 1574 3286 1630 ad
3325 1572 3591 1630 efi‘ectum
3628 1573 3746 1629 du-

2043 1674 2230 1723 catur.

2113 1754 2285 1811 Vens.
2324 1755 2411 1821 33,
2448 1754 2536 1819 34,
2574 1756 2662 1825 35,
2709 1755 2797 1808 36.
2827 1781 2902 1793 —
2934 1754 3087 1807 Nunc
3136 1767 3262 1819 ergo
3317 1750 3609 1820 provideat
3643 1765 3746 1804 rea:

2042 1842 2225 1897 virum
2255 1844 2553 1910 sapientem
2584 1846 2635 1894 et
2664 1841 3018 1906 industrium,
3058 1846 3106 1894 et
3133 1842 3403 1910 praeﬁciat
3431 1855 3559 1893 eum
3590 1844 3751 1894 terra

2042 1932 2296 1999 Egypti,
2337 1931 2434 1998 qui
2457 1931 2751 1984 constituat
2794 1931 3111 1998 praepositos
3152 1944 3252 1997 per
3288 1928 3535 1996 singulas
3566 1929 3746 1993 regio-

2048 2034 2160 2085 nes,
2211 2024 2262 2073 et
2310 2020 2567 2088 quintam
2608 2022 2824 2088 partem
2859 2020 3144 2084 fructuum
3179 2033 3278 2087 per
3327 2021 3526 2085 septem
3574 2030 3747 2070 annos

2045 2108 2380 2174 fertilitatis,
2413 2110 2511 2177 qui
2533 2107 2652 2174 jam
2676 2122 2819 2161 nunc
2850 2108 3033 2172 futuri
3069 2110 3196 2159 sunt
3217 2109 3501 2174 congregat
3523 2106 3581 2158 in
3613 2106 3747 2158 hor-

2046 2213 2174 2263 rea;
2207 2201 2256 2250 et
2286 2211 2438 2250 omne
2466 2197 2804 2261 frumentum
2839 2196 2941 2249 sub
2970 2196 3276 2250 Pharaonis
3315 2198 3578 2262 potestate
3619 2208 3746 2247 con-

2049 2285 2233 2352 datur,
2275 2291 2621 2354 serveturque
2647 2287 2706 2338 in
2750 2284 2977 2338 urbibus
3007 2286 3212 2350 futura
3238 2288 3440 2351 septem
3477 2296 3747 2336 annorum

2049 2376 2207 2441 fami.
2270 2372 2352 2429 Ac
2403 2373 2450 2427 si
2505 2372 2743 2427 diceret:
2803 2374 2945 2427 Dum
2986 2372 3129 2427 mihi
3185 2372 3305 2427 hac
3361 2377 3743 2439 augmentum

2052 2461 2274 2518 caeleste
2308 2460 2592 2531 quarenti
2639 2460 2941 2516 fallacibus
2970 2459 3139 2515 minis
3181 2459 3446 2527 intentas,
3496 2456 3745 2513 intellec-

2056 2557 2177 2606 tum
2226 2549 2298 2605 ad
2346 2549 2679 2619 hujusmodi
2732 2548 2957 2605 viribus
3001 2556 3057 2604 et
3105 2547 3390 2603 industria
3438 2545 3747 2602 refellenda

2053 2637 2338 2692 valentem
2369 2635 2508 2692 mihi
2541 2635 2721 2691 inesse
2751 2635 2849 2690 Dei
2890 2635 3077 2706 gratia
3111 2635 3411 2705 providere
3440 2633 3744 2698 debueras,

2053 2725 2176 2796 qui,
2207 2725 2346 2780 dum
2378 2723 2591 2780 terreni
2621 2722 2879 2792 corporis
2908 2724 3089 2795 hujus
3117 2722 3415 2778 desideriis
3445 2736 3534 2777 me
3566 2721 3746 2791 subji-

257 2812 591 2881 Praponere
617 2824 707 2865 me
732 2809 1037 2879 praesentia
1068 2815 1167 2863 tua
1192 2808 1261 2863 de
1307 2807 1538 2874 futuris,
1584 2813 1638 2862 et
1672 2808 1945 2863 tentatio-
1984 2822 2024 2877 ρ
2054 2828 2180 2870 cere
2210 2812 2445 2881 moliris,
2479 2811 2585 2881 ipsi
2604 2811 2761 2881 quod
2781 2826 2981 2868 revera
3005 2819 3155 2867 terra
3182 2811 3431 2881 Egypti,
3465 2810 3751 2881 angustia

258 2913 401 2955 num
428 2899 664 2968 insuper
708 2912 796 2952 me
822 2896 911 2952 vis
959 2895 1276 2952 absterrere
1322 2895 1619 2961 molestiis,»
1668 2895 1767 2951 sed
1814 2894 1946 2951 novi

259 2987 398 3058 quia
451 2984 663 3042 fabula
709 2998 857 3055 quas
902 2983 1169 3051 intendis,
1222 2990 1348 3054 post
1393 2982 1712 3059 sanctitatis
1755 2983 1949 3040 studia

186 3132 195 3135 ,
258 3076 491 3131 ruinam
540 3074 597 3128 in
643 3073 932 3140 tentando,
982 3086 1168 3128 unum
1213 3071 1577 3142 portendant.
1623 3079 1687 3127 ut
1734 3071 1949 3128 scilicet

260 3179 350 3220 me
378 3177 412 3218 a
434 3163 579 3219 bene
614 3161 836 3233 agendo
865 3161 1136 3227 divertas,
1168 3167 1222 3215 et
1252 3175 1385 3216 cum
1422 3174 1590 3216 omne
1628 3159 1951 3215 sublimiter

260 3252 474 3316 videas,
513 3257 569 3306 et
615 3264 719 3305 rex
759 3251 835 3304 sis
865 3262 1042 3319 super
1078 3262 1275 3305 omnes
1319 3247 1462 3304 filios
1508 3248 1790 3318 superbia
1832 3248 1949 3320 (Job

260 3356 378 3407 xm,
405 3340 516 3406 25),
549 3338 769 3394 osendit
806 3337 910 3394 tibi
940 3338 1093 3393 Deus
1126 3337 1413 3407 quomodo
1451 3338 1746 3406 justorum
1776 3337 1950 3393 corda

262 3443 362 3499 per
406 3428 743 3484 tentationes
782 3425 1064 3495 bumiliet,
1107 3434 1163 3481 et
1202 3440 1298 3481 eos
1342 3440 1415 3481 ex
1456 3424 1777 3481 humilitate
1825 3439 1951 3481 ser-

259 3526 443 3585 vatos,
473 3516 531 3572 in
555 3522 894 3587 perpetuum
925 3522 979 3571 te
999 3529 1131 3570 cum
1157 3513 1288 3581 tuis,
1317 3514 1489 3584 juxta
1519 3528 1726 3569 nomen
1758 3520 1946 3579 tuum,

260 3605 730 3676 dissipationibus
786 3604 1077 3671 damnato,
1158 3610 1415 3658 coronet.
1482 3603 1755 3658 Eamdem
1814 3616 1950 3674 ergo

263 3695 379 3751 vim
425 3693 630 3750 somnii
665 3693 1162 3762 comprehendunt
1189 3690 1382 3762 (Vens.
1431 3694 1517 3760 26)
1552 3696 1751 3759 septem
1799 3691 1951 3745 boves

260 3784 525 3853 pulchra,
553 3788 605 3837 et
651 3787 851 3851 septem
898 3782 1060 3851 spica
1102 3782 1292 3850 plena,
1326 3780 1467 3850 quia
1509 3780 1615 3836 etsi
1647 3780 1716 3835 de
1756 3786 1953 3834 nostra

268 3871 628 3941 provectione
677 3869 952 3940 graveris,
989 3876 1179 3925 tamen
1221 3868 1407 3939 ipsum
1458 3875 1721 3924 nostrum
1770 3867 1951 3937 profe-

265 3968 420 4015 ctum
453 3959 575 4014 ideo
612 3957 869 4029 loqueris
903 3966 966 4014 ut
995 3958 1067 4014 ab
1097 3958 1205 4014 hoc
1244 3959 1364 4029 ipso
1394 3971 1499 4014 nos
1528 3970 1778 4024 revoces,
1812 3956 1951 4012 dum

266 4047 584 4102 infortunia
613 4054 861 4102 ventura
890 4045 1149 4101 minaris.

338 4134 573 4191 Somnia
607 4149 766 4206 ergo,
801 4135 854 4190 id
889 4141 973 4191 est
1005 4148 1158 4190 vana
1186 4140 1241 4190 et
1268 4147 1430 4189 cassa
1478 4132 1619 4199 hac,
1666 4141 1952 4203 quantum

266 4225 338 4281 ad
369 4232 421 4281 te
451 4231 606 4288 sunt,
640 4223 743 4294 qui
772 4238 890 4280 non
913 4223 1024 4279 nisi
1058 4223 1215 4294 quod
1244 4236 1489 4292 pravum
1521 4223 1793 4279 est'nobis
1824 4237 1956 4292 pro-

266 4314 456 4384 spicis,
499 4313 664 4370 nobis
695 4320 889 4370 autem
925 4327 1056 4369 cum
1107 4312 1352 4368 adversa
1393 4311 1699 4382 vigilanter
1740 4311 1955 4382 pravi-

265 4404 470 4459 demus
514 4402 802 4458 somnium
847 4408 1017 4457 tuum
1061 4401 1180 4456 vim
1213 4400 1423 4456 habere
1465 4414 1772 4470 cognosces
1819 4414 1955 4470 per-

271 4492 484 4562 spicua
544 4490 823 4558 veritatis,
869 4490 1010 4546 dum
1069 4503 1184 4545 non
1232 4488 1531 4544 deficimus
1579 4503 1682 4558 per
1722 4502 1810 4556 ea,
1857 4488 1954 4545 sed

266 4580 651 4637 subsistimus.
708 4578 1034 4636 Ubertatem
1098 4578 1253 4634 enim
1315 4591 1579 4646 superna
1637 4577 1957 4634 dulcedinis

265 4677 478 4739 septem
516 4667 654 4724 anni
682 4666 1073 4736 spiritualium
1102 4665 1393 4722 luminum
1436 4665 1807 4734 plenitudinis
1838 4664 1955 4735 typi

267 4757 433 4814 nobis
479 4757 811 4826 important,
845 4755 942 4810 sed
984 4754 1053 4810 de
1082 4753 1340 4820 ﬂumine,
1383 4754 1538 4824 quod
1582 4754 1755 4824 juxta
1793 4754 1956 4809 Psal-

266 4848 493 4903 mistam
523 4843 1048 4917 pertranseundum
1092 4850 1176 4899 est
1215 4843 1385 4915 (Psat.
1433 4858 1565 4911 va,
1602 4845 1677 4913 6),
1714 4841 1954 4898 humili—

263 4934 398 4991 tatis
428 4933 594 5004 pede,
645 4932 704 4989 id
733 4939 818 4989 est
863 4932 932 4988 de
979 4931 1273 5002 prasentis
1321 4946 1571 4988 excursu
1619 4930 1834 4998 saculi,
1882 4944 1957 4986 ex

263 5021 447 5093 surgit
479 5021 634 5078 succi
671 5020 914 5078 caelestis
950 5034 1149 5091 egena,
1193 5018 1374 5076 instar
1420 5033 1729 5074 vaccarum
1766 5018 1955 5089 imago

262 5118 409 5167 tetra
438 5110 761 5178 libidinum,
794 5123 925 5181 qua
954 5108 1206 5165 absumit
1236 5107 1541 5178 quidquid,
1571 5114 1857 5177 quantum
1883 5105 1957 5161 ad

263 5198 391 5269 ejus
437 5197 873 5255 astimationem
926 5198 1028 5268 qui
1090 5197 1326 5267 patitur,
1392 5201 1537 5250 no
1584 5195 1826 5251 interius
1872 5201 1959 5250 est

262 5286 566 5342 virtutum.
599 5286 761 5343 Unde
791 5286 1038 5343 dicitur:
1072 5287 1279 5355 Septies
1303 5284 1473 5351 cadit,
1504 5284 1710 5353 justus,
1744 5297 1957 5339 secun-

267 5376 409 5431 dum
440 5374 840 5431 demissionem
882 5374 1081 5441 animi,
1123 5378 1175 5429 et
1217 5375 1455 5440 resurgit
1492 5372 1666 5443 juxta
1708 5371 1954 5428 reditum

2054 2902 2267 2958 scilicet
2316 2908 2372 2956 et
2421 2900 2789 2956 tenebrarum
2837 2908 2953 2969 est;
2998 2899 3138 2956 dum
3171 2915 3261 2955 me
3293 2913 3486 2970 urges,
3542 2912 3751 2954 causas

2059 2987 2424 3059 principandi
2455 2987 2687 3058 ingeris,
2720 2986 2913 3043 taliter
2942 3001 3081 3043 sane
3126 2987 3462 3044 sollicitatus
3491 2987 3611 3057 ipse
3656 2986 3749 3041 in-

2057 3077 2335 3143 tellectus,
2371 3089 2472 3146 per
2498 3074 2756 3146 singulas
2787 3090 3059 3131 sensuum
3082 3076 3433 3132 exteriorum
3466 3075 3748 3146 regiones,

2058 3172 2313 3236 potentes
2342 3164 2582 3220 rationis
2610 3171 2802 3220 motus
2830 3163 2901 3219 ad
2942 3163 3178 3220 tutelam
3226 3163 3487 3219 intimam
3530 3163 3749 3233 prasti-

2058 3254 2187 3320 tuit,
2223 3252 2326 3323 qui
2351 3252 2684 3309 eorumdem
2719 3252 2982 3323 quinque
3020 3256 3293 3309 sensuum
3337 3251 3747 3322 frugalitatem,

2058 3341 2323 3412 quandiu
2350 3340 2644 3410 plenitudo
2676 3341 2989 3397 introrsum
3019 3340 3261 3397 calestis
3279 3341 3581 3407 exuberat,
3614 3354 3748 3395 con-

2057 3429 2306 3485 scientia
2356 3429 2559 3484 horreo
2615 3429 2868 3485 condens
2924 3428 3276 3485 necessitatis
3326 3429 3567 3498 tempori
3622 3443 3752 3485 con-

2057 3525 2244 3574 servet
2270 3526 2326 3574 et
2365 3526 2616 3588 augeat:
2649 3518 2827 3585 Illius,
2874 3517 3132 3588 inquam.
3168 3518 3403 3589 quando
3436 3525 3502 3574 tu
3542 3517 3616 3573 ad
3646 3517 3754 3574 dis-

2058 3606 2398 3677 sipationem
2435 3605 2612 3661 animi
2667 3612 2998 3675 potestatem
3045 3606 3300 3661 tentandi
3346 3606 3656 3674 acceperis.
3697 3614 3753 3663 et

2059 3697 2117 3752 in
2148 3694 2395 3751 urbibus
2438 3694 2681 3751 interna
2728 3707 3101 3764 quarumque
3137 3696 3421 3750 virtutum
3453 3694 3747 3759 custodia,

2060 3784 2149 3839 vel
2193 3783 2444 3853 ipsorum
2475 3796 2749 3839 sensuum
2801 3782 3188 3852 temperantia
3219 3783 3405 3839 omnis
3450 3782 3754 3838 fertilitatis

2064 3871 2234 3938 illius,
2266 3885 2381 3941 quo
2409 3871 2587 3926 valles
2619 3871 2917 3927 abundant
2951 3871 3221 3927 frumenti
3253 3872 3416 3939 (Psat.
3453 3886 3610 3939 Lxlv,
3645 3872 3748 3938 14),

2061 3974 2327 4029 superna
2373 3959 2585 4016 scilicet
2621 3959 2934 4030 sapientia,
2986 3960 3123 4016 fami
3169 3960 3582 4029 dispensatorie
3618 3974 3752 4030 gus-

2066 4048 2224 4105 tandi
2269 4048 2432 4103 verbi
2483 4048 2578 4104 Dei
2621 4049 2694 4107 ad
2737 4048 3159 4117 depressionem
3189 4063 3222 4102 a
3255 4049 3366 4104 Deo
3420 4048 3627 4104 mentis
3668 4049 3754 4103 in-

1992 4117 2037 4171 D
2065 4138 2270 4204 ducta,
2321 4144 2576 4206 paretur.
2627 4135 2764 4202 Qua
2811 4136 3041 4206 quidem
3084 4136 3261 4193 fames
3301 4138 3612 4207 Egyptum
3655 4151 3754 4205 op-

2064 4226 2280 4298 primit,
2352 4225 2491 4295 quia
2560 4225 2767 4280 mentis
2832 4232 3221 4296 coangustata
3287 4224 3755 4280 tribulationibus

2065 4315 2283 4372 crebris
2311 4314 2716 4371 obscuritatem
2757 4313 3012 4383 quadam
3050 4314 3269 4369 consilii
3295 4320 3544 4384 egestate
3573 4314 3754 4384 magis

2066 4404 2231 4475 quasi
2269 4403 2337 4458 ad
2387 4403 2522 4458 mali
2556 4401 2856 4458 cumulum
2907 4408 3273 4471 conquassat.
3321 4408 3376 4456 et
3425 4401 3674 4471 contegit
3702 4408 3755 4456 et

2064 4507 2196 4549 cum
2223 4492 2301 4547 ita
2334 4492 2446 4556 fiet,
2480 4505 2593 4547 non
2617 4497 2993 4546 consumatur
3020 4497 3172 4545 terra
3212 4490 3423 4559 inopia,
3466 4497 3755 4545 reservato

2064 4581 2216 4638 enim
2271 4580 2376 4649 pia
2427 4579 2759 4635 intentionis
2805 4579 3021 4634 semine
3066 4578 3282 4650 astivis
3329 4577 3751 4639 serenitatibus.

2065 4670 2135 4725 ad
2166 4669 2349 4724 instar
2373 4666 2641 4730 formica,
2669 4667 2730 4722 in
2761 4667 2994 4722 modum
3027 4674 3193 4721 terra
3236 4665 3531 4731 cultibilis,
3571 4666 3754 4722 cordis

2065 4754 2242 4811 nostri
2275 4754 2536 4809 feracitas
2563 4754 2874 4810 subsistere
2926 4753 3129 4823 poterit
3170 4753 3496 4808 tentationis
3533 4752 3752 4822 hyeme.

2136 4845 2298 4899 Vens.
2352 4845 2440 4908 37,
2509 4846 2593 4899 38.
2634 4874 2703 4883 —-
2754 4844 2966 4897 Placuit
3010 4842 3288 4896 Pharaoni
3336 4842 3640 4905 consilium,
3708 4844 3758 4894 et

2066 4935 2272 4987 cunctis
2320 4934 2590 4987 ministris
2634 4934 2775 4987 suis.
2833 4934 3167 5000 Locutusque
3214 4935 3292 4984 est
3340 4930 3415 4985 ad
3464 4945 3587 4984 eos:
3620 4930 3756 4985 Num

2064 5024 2306 5075 invenire
2325 5024 2624 5090 poterimus
2657 5023 2815 5075 talem
2843 5023 3044 5085 virum,
3087 5023 3185 5090 qui
3213 5022 3417 5089 spiritu
3447 5021 3543 5074 Dei
3568 5019 3755 5087 plenus

2063 5109 2184 5165 sit?
2214 5110 2442 5165 Placere
2475 5111 2753 5164 Pharaoni
2793 5109 2934 5165 nihil
2979 5108 3136 5164 aliud
3163 5116 3266 5175 est,
3319 5107 3429 5163 nisi
3459 5106 3754 5163 evidentia

2066 5198 2303 5253 rationis
2331 5196 2498 5268 quasi
2520 5197 2735 5262 cedere,
2771 5204 2872 5253 aut
2916 5211 3091 5265 pravo
3121 5195 3368 5260 effectui,
3420 5194 3523 5266 qui
3552 5202 3608 5250 et
3640 5195 3754 5265 ipse

2063 5286 2285 5341 Pharao
2308 5293 2410 5353 est,
2445 5285 2674 5355 subjici,
2708 5292 2882 5356 atque
2928 5283 3312 5355 acquiescere.
3365 5284 3611 5340 Ministri
3651 5297 3751 5340 au-

2066 5380 2179 5429 tem
2247 5381 2384 5429 sunt
2446 5380 2634 5429 motus
2698 5373 3072 5429 animalitatis
3137 5379 3365 5428 nostra.
3436 5374 3748 5436 Poterimus,
