  <div class='ocr_page' id='page_1' title='image "/cluster/home/n/w/nwhite01/storage/ocr_20150623/156/hvd.32044054760145/146.png"; bbox 0 0 3904 6066; ppageno 0'>
   <div class='ocr_carea' id='block_1_1' title="bbox 108 224 2442 281">
    <p class='ocr_par' dir='ltr' id='par_1_1' title="bbox 108 224 2442 281">
     <span class='ocr_line' id='line_1_1' title="bbox 108 224 2442 281; baseline -0.001 -2"><span class='ocrx_word' id='word_1_1' title='bbox 108 228 202 280; x_wconf 75' lang='grc'><strong>281</strong></span> <span class='ocrx_word' id='word_1_2' title='bbox 1327 224 1695 281; x_wconf 69' lang='lat' dir='ltr'><strong>MOBALIUM</strong></span> <span class='ocrx_word' id='word_1_3' title='bbox 1735 226 1802 280; x_wconf 80' lang='lat' dir='ltr'><strong>IN</strong></span> <span class='ocrx_word' id='word_1_4' title='bbox 1842 226 2136 281; x_wconf 83' lang='lat' dir='ltr'><strong>GENESIN</strong></span> <span class='ocrx_word' id='word_1_5' title='bbox 2178 225 2309 280; x_wconf 84' lang='lat' dir='ltr'><strong>LIB.</strong></span> <span class='ocrx_word' id='word_1_6' title='bbox 2358 226 2442 281; x_wconf 79' lang='lat' dir='ltr'><strong>IX.</strong></span> 
     </span>
    </p>
   </div>
   <div class='ocr_carea' id='block_1_2' title="bbox 3508 234 3611 286">
    <p class='ocr_par' dir='ltr' id='par_1_2' title="bbox 3508 234 3611 286">
     <span class='ocr_line' id='line_1_2' title="bbox 3508 234 3611 286; baseline 0 -1"><span class='ocrx_word' id='word_1_7' title='bbox 3508 234 3611 286; x_wconf 77' lang='lat'><strong>282</strong></span> 
     </span>
    </p>
   </div>
   <div class='ocr_carea' id='block_1_3' title="bbox 106 358 3614 435">
    <p class='ocr_par' dir='ltr' id='par_1_3' title="bbox 106 358 3614 435">
     <span class='ocr_line' id='line_1_3' title="bbox 106 358 3614 435; baseline 0.002 -19"><span class='ocrx_word' id='word_1_8' title='bbox 106 363 279 417; x_wconf 89' lang='lat' dir='ltr'><strong>aiunt</strong></span> <span class='ocrx_word' id='word_1_9' title='bbox 308 360 416 430; x_wconf 87' lang='lat' dir='ltr'><strong>ipsi</strong></span> <span class='ocrx_word' id='word_1_10' title='bbox 444 358 733 430; x_wconf 73' lang='lat' dir='ltr'><strong>appetitus</strong></span> <span class='ocrx_word' id='word_1_11' title='bbox 772 373 907 414; x_wconf 91' lang='lat' dir='ltr'><strong>cum</strong></span> <span class='ocrx_word' id='word_1_12' title='bbox 950 358 1072 415; x_wconf 89' lang='lat' dir='ltr'><strong>suis</strong></span> <span class='ocrx_word' id='word_1_13' title='bbox 1102 359 1367 429; x_wconf 92' lang='lat' dir='ltr'><strong>stimulis,</strong></span> <span class='ocrx_word' id='word_1_14' title='bbox 1401 361 1702 431; x_wconf 83' lang='lat' dir='ltr'><strong>quidpiam</strong></span> <span class='ocrx_word' id='word_1_15' title='bbox 1746 369 1813 419; x_wconf 90' lang='lat' dir='ltr'><strong>ut</strong></span> <span class='ocrx_word' id='word_1_16' title='bbox 1851 364 1898 416; x_wconf 77' lang='grc' dir='ltr'><strong>Δ</strong></span> <span class='ocrx_word' id='word_1_17' title='bbox 1927 364 2050 432; x_wconf 86' lang='lat' dir='ltr'><strong>Ego</strong></span> <span class='ocrx_word' id='word_1_18' title='bbox 2091 378 2231 430; x_wconf 88' lang='lat' dir='ltr'><strong>sum,</strong></span> <span class='ocrx_word' id='word_1_19' title='bbox 2280 362 2490 433; x_wconf 84' lang='lat' dir='ltr'><strong>inquit,</strong></span> <span class='ocrx_word' id='word_1_20' title='bbox 2543 364 2779 430; x_wconf 86' lang='lat' dir='ltr'><strong>Pharao,</strong></span> <span class='ocrx_word' id='word_1_21' title='bbox 2837 364 3040 432; x_wconf 81' lang='lat' dir='ltr'><strong>absque</strong></span> <span class='ocrx_word' id='word_1_22' title='bbox 3088 370 3177 420; x_wconf 89' lang='lat' dir='ltr'><strong>tuo</strong></span> <span class='ocrx_word' id='word_1_23' title='bbox 3236 369 3462 435; x_wconf 82' lang='lat' dir='ltr'><strong>imperio</strong></span> <span class='ocrx_word' id='word_1_24' title='bbox 3507 384 3614 422; x_wconf 87' lang='lat' dir='ltr'><strong>non</strong></span> 
     </span>
    </p>
   </div>
   <div class='ocr_carea' id='block_1_4' title="bbox 104 447 1809 520">
    <p class='ocr_par' dir='ltr' id='par_1_4' title="bbox 104 447 1809 520">
     <span class='ocr_line' id='line_1_4' title="bbox 104 447 1809 520; baseline 0.001 -15"><span class='ocrx_word' id='word_1_25' title='bbox 104 453 187 506; x_wconf 88' lang='lat' dir='ltr'><strong>sic</strong></span> <span class='ocrx_word' id='word_1_26' title='bbox 237 450 472 505; x_wconf 79' lang='lat' dir='ltr'><strong>dicatur</strong></span> <span class='ocrx_word' id='word_1_27' title='bbox 510 447 842 514; x_wconf 88' lang='lat' dir='ltr'><strong>virtuosius,</strong></span> <span class='ocrx_word' id='word_1_28' title='bbox 883 455 938 502; x_wconf 91' lang='lat' dir='ltr'><strong>et</strong></span> <span class='ocrx_word' id='word_1_29' title='bbox 967 448 1121 517; x_wconf 90' lang='lat' dir='ltr'><strong>quod</strong></span> <span class='ocrx_word' id='word_1_30' title='bbox 1163 448 1346 519; x_wconf 87' lang='lat' dir='ltr'><strong>magis</strong></span> <span class='ocrx_word' id='word_1_31' title='bbox 1376 448 1474 504; x_wconf 87' lang='lat' dir='ltr'><strong>Dei</strong></span> <span class='ocrx_word' id='word_1_32' title='bbox 1522 458 1809 520; x_wconf 82' lang='lat' dir='ltr'><strong>congruat</strong></span> 
     </span>
    </p>
   </div>
   <div class='ocr_carea' id='block_1_5' title="bbox 108 535 1810 607">
    <p class='ocr_par' dir='ltr' id='par_1_5' title="bbox 108 535 1810 607">
     <span class='ocr_line' id='line_1_5' title="bbox 108 535 1810 607; baseline 0.001 -15"><span class='ocrx_word' id='word_1_33' title='bbox 108 538 345 607; x_wconf 87' lang='lat' dir='ltr'><strong>spiritui</strong></span> <span class='ocrx_word' id='word_1_34' title='bbox 370 538 629 594; x_wconf 87' lang='lat' dir='ltr'><strong>invenire</strong></span> <span class='ocrx_word' id='word_1_35' title='bbox 660 550 837 606; x_wconf 87' lang='lat' dir='ltr'><strong>quam</strong></span> <span class='ocrx_word' id='word_1_36' title='bbox 870 535 1218 592; x_wconf 88' lang='lat' dir='ltr'><strong>intellectum</strong></span> <span class='ocrx_word' id='word_1_37' title='bbox 1249 536 1351 606; x_wconf 87' lang='lat' dir='ltr'><strong>qui</strong></span> <span class='ocrx_word' id='word_1_38' title='bbox 1382 543 1462 592; x_wconf 90' lang='lat' dir='ltr'><strong>tot</strong></span> <span class='ocrx_word' id='word_1_39' title='bbox 1493 537 1810 594; x_wconf 91' lang='lat' dir='ltr'><strong>incommo-</strong></span> 
     </span>
    </p>
   </div>
   <div class='ocr_carea' id='block_1_6' title="bbox 110 624 1810 695">
    <p class='ocr_par' dir='ltr' id='par_1_6' title="bbox 110 624 1810 695">
     <span class='ocr_line' id='line_1_6' title="bbox 110 624 1810 695; baseline 0 -14"><span class='ocrx_word' id='word_1_40' title='bbox 110 627 197 681; x_wconf 89' lang='lat' dir='ltr'><strong>dis</strong></span> <span class='ocrx_word' id='word_1_41' title='bbox 251 628 446 682; x_wconf 79' lang='lat' dir='ltr'><strong>valeat</strong></span> <span class='ocrx_word' id='word_1_42' title='bbox 496 625 654 682; x_wconf 91' lang='lat' dir='ltr'><strong>solus</strong></span> <span class='ocrx_word' id='word_1_43' title='bbox 708 624 1029 680; x_wconf 85' lang='lat' dir='ltr'><strong>obsistere?</strong></span> <span class='ocrx_word' id='word_1_44' title='bbox 1086 625 1277 695; x_wconf 72' lang='lat' dir='ltr'><strong>(Vens.</strong></span> <span class='ocrx_word' id='word_1_45' title='bbox 1325 626 1439 695; x_wconf 89' lang='lat'><strong>39.)</strong></span> <span class='ocrx_word' id='word_1_46' title='bbox 1498 628 1639 691; x_wconf 83' lang='lat' dir='ltr'><strong>Quia</strong></span> <span class='ocrx_word' id='word_1_47' title='bbox 1684 642 1810 694; x_wconf 88' lang='lat' dir='ltr'><strong>ergo</strong></span> 
     </span>
    </p>
   </div>
   <div class='ocr_carea' id='block_1_7' title="bbox 108 714 1809 784">
    <p class='ocr_par' dir='ltr' id='par_1_7' title="bbox 108 714 1809 784">
     <span class='ocr_line' id='line_1_7' title="bbox 108 714 1809 784; baseline 0.001 -15"><span class='ocrx_word' id='word_1_48' title='bbox 108 714 344 770; x_wconf 74' lang='lat' dir='ltr'><strong>ostendit</strong></span> <span class='ocrx_word' id='word_1_49' title='bbox 372 717 472 769; x_wconf 87' lang='lat' dir='ltr'><strong>tibi</strong></span> <span class='ocrx_word' id='word_1_50' title='bbox 511 718 648 769; x_wconf 86' lang='lat' dir='ltr'><strong>Deus</strong></span> <span class='ocrx_word' id='word_1_51' title='bbox 679 729 798 783; x_wconf 79' lang='lat' dir='ltr'><strong>qua</strong></span> <span class='ocrx_word' id='word_1_52' title='bbox 840 715 1044 768; x_wconf 87' lang='lat' dir='ltr'><strong>locutus</strong></span> <span class='ocrx_word' id='word_1_53' title='bbox 1075 729 1166 783; x_wconf 85' lang='lat' dir='ltr'><strong>es;</strong></span> <span class='ocrx_word' id='word_1_54' title='bbox 1200 714 1255 769; x_wconf 91' lang='lat' dir='ltr'><strong>id</strong></span> <span class='ocrx_word' id='word_1_55' title='bbox 1286 721 1370 770; x_wconf 91' lang='lat' dir='ltr'><strong>est</strong></span> <span class='ocrx_word' id='word_1_56' title='bbox 1400 714 1547 784; x_wconf 83' lang='lat' dir='ltr'><strong>quia</strong></span> <span class='ocrx_word' id='word_1_57' title='bbox 1579 715 1809 784; x_wconf 87' lang='lat' dir='ltr'><strong>ingenio</strong></span> 
     </span>
    </p>
   </div>
   <div class='ocr_carea' id='block_1_8' title="bbox 112 803 1808 874">
    <p class='ocr_par' dir='ltr' id='par_1_8' title="bbox 112 803 1808 874">
     <span class='ocr_line' id='line_1_8' title="bbox 112 803 1808 874; baseline 0 -15"><span class='ocrx_word' id='word_1_58' title='bbox 112 804 451 873; x_wconf 87' lang='lat' dir='ltr'><strong>praemines</strong></span> <span class='ocrx_word' id='word_1_59' title='bbox 489 803 862 874; x_wconf 88' lang='lat' dir='ltr'><strong>providentia</strong></span> <span class='ocrx_word' id='word_1_60' title='bbox 900 817 931 857; x_wconf 84' lang='lat' dir='ltr'><strong>a</strong></span> <span class='ocrx_word' id='word_1_61' title='bbox 962 803 1078 859; x_wconf 86' lang='lat' dir='ltr'><strong>Deo</strong></span> <span class='ocrx_word' id='word_1_62' title='bbox 1118 803 1221 859; x_wconf 88' lang='lat' dir='ltr'><strong>tibi</strong></span> <span class='ocrx_word' id='word_1_63' title='bbox 1264 804 1415 869; x_wconf 90' lang='lat' dir='ltr'><strong>dato,</strong></span> <span class='ocrx_word' id='word_1_64' title='bbox 1468 805 1610 874; x_wconf 91' lang='lat' dir='ltr'><strong>quia</strong></span> <span class='ocrx_word' id='word_1_65' title='bbox 1655 805 1808 861; x_wconf 90' lang='lat' dir='ltr'><strong>enim</strong></span> 
     </span>
    </p>
   </div>
   <div class='ocr_carea' id='block_1_9' title="bbox 112 891 1809 963">
    <p class='ocr_par' dir='ltr' id='par_1_9' title="bbox 112 891 1809 963">
     <span class='ocr_line' id='line_1_9' title="bbox 112 891 1809 963; baseline -0.001 -15"><span class='ocrx_word' id='word_1_66' title='bbox 112 895 228 948; x_wconf 87' lang='lat' dir='ltr'><strong>Deo</strong></span> <span class='ocrx_word' id='word_1_67' title='bbox 256 893 537 960; x_wconf 84' lang='lat' dir='ltr'><strong>adhares,</strong></span> <span class='ocrx_word' id='word_1_68' title='bbox 572 907 726 947; x_wconf 90' lang='lat' dir='ltr'><strong>unus</strong></span> <span class='ocrx_word' id='word_1_69' title='bbox 770 891 1009 961; x_wconf 88' lang='lat' dir='ltr'><strong>spiritus</strong></span> <span class='ocrx_word' id='word_1_70' title='bbox 1044 905 1123 947; x_wconf 91' lang='lat' dir='ltr'><strong>es.</strong></span> <span class='ocrx_word' id='word_1_71' title='bbox 1178 891 1374 959; x_wconf 77' lang='lat' dir='ltr'><strong>(Vnus.</strong></span> <span class='ocrx_word' id='word_1_72' title='bbox 1424 891 1540 963; x_wconf 85' lang='grc'><strong>40.)</strong></span> <span class='ocrx_word' id='word_1_73' title='bbox 1579 893 1660 946; x_wconf 88' lang='lat' dir='ltr'><strong>Tu</strong></span> <span class='ocrx_word' id='word_1_74' title='bbox 1701 894 1809 947; x_wconf 86' lang='lat' dir='ltr'><strong>eris</strong></span> 
     </span>
    </p>
   </div>
   <div class='ocr_carea' id='block_1_10' title="bbox 110 979 1810 1050">
    <p class='ocr_par' dir='ltr' id='par_1_10' title="bbox 110 979 1810 1050">
     <span class='ocr_line' id='line_1_10' title="bbox 110 979 1810 1050; baseline -0.001 -13"><span class='ocrx_word' id='word_1_75' title='bbox 110 997 278 1050; x_wconf 81' lang='lat' dir='ltr'><strong>super</strong></span> <span class='ocrx_word' id='word_1_76' title='bbox 306 980 525 1034; x_wconf 77' lang='lat' dir='ltr'><strong>domum</strong></span> <span class='ocrx_word' id='word_1_77' title='bbox 563 996 755 1047; x_wconf 87' lang='lat' dir='ltr'><strong><em>meam,</em></strong></span> <span class='ocrx_word' id='word_1_78' title='bbox 788 980 843 1034; x_wconf 92' lang='lat' dir='ltr'><strong>id</strong></span> <span class='ocrx_word' id='word_1_79' title='bbox 885 987 968 1035; x_wconf 90' lang='lat' dir='ltr'><strong>est</strong></span> <span class='ocrx_word' id='word_1_80' title='bbox 1001 986 1054 1034; x_wconf 90' lang='lat' dir='ltr'><strong>te</strong></span> <span class='ocrx_word' id='word_1_81' title='bbox 1090 979 1387 1048; x_wconf 70' lang='lat' dir='ltr'><strong>praeferam</strong></span> <span class='ocrx_word' id='word_1_82' title='bbox 1428 980 1669 1045; x_wconf 90' lang='lat' dir='ltr'><strong>mundo,</strong></span> <span class='ocrx_word' id='word_1_83' title='bbox 1700 980 1810 1036; x_wconf 92' lang='lat' dir='ltr'><strong>do-</strong></span> 
     </span>
    </p>
   </div>
   <div class='ocr_carea' id='block_1_11' title="bbox 110 1066 1806 1140">
    <p class='ocr_par' dir='ltr' id='par_1_11' title="bbox 110 1066 1806 1140">
     <span class='ocr_line' id='line_1_11' title="bbox 110 1066 1806 1140; baseline -0.001 -14"><span class='ocrx_word' id='word_1_84' title='bbox 110 1071 232 1126; x_wconf 91' lang='lat' dir='ltr'><strong>mui</strong></span> <span class='ocrx_word' id='word_1_85' title='bbox 270 1069 565 1140; x_wconf 87' lang='lat' dir='ltr'><strong>quondam</strong></span> <span class='ocrx_word' id='word_1_86' title='bbox 609 1082 765 1135; x_wconf 88' lang='lat' dir='ltr'><strong>mea,</strong></span> <span class='ocrx_word' id='word_1_87' title='bbox 800 1081 973 1137; x_wconf 81' lang='lat' dir='ltr'><strong>quam</strong></span> <span class='ocrx_word' id='word_1_88' title='bbox 1006 1067 1053 1123; x_wconf 91' lang='lat' dir='ltr'><strong>si</strong></span> <span class='ocrx_word' id='word_1_89' title='bbox 1096 1066 1215 1123; x_wconf 91' lang='lat' dir='ltr'><strong>ﬁlia</strong></span> <span class='ocrx_word' id='word_1_90' title='bbox 1259 1068 1428 1139; x_wconf 83' lang='lat' dir='ltr'><strong>Regis</strong></span> <span class='ocrx_word' id='word_1_91' title='bbox 1463 1082 1584 1124; x_wconf 83' lang='lat' dir='ltr'><strong>esse</strong></span> <span class='ocrx_word' id='word_1_92' title='bbox 1614 1069 1806 1137; x_wconf 82' lang='lat' dir='ltr'><strong>velim,</strong></span> 
     </span>
    </p>
   </div>
   <div class='ocr_carea' id='block_1_12' title="bbox 111 1156 1812 1228">
    <p class='ocr_par' dir='ltr' id='par_1_12' title="bbox 111 1156 1812 1228">
     <span class='ocr_line' id='line_1_12' title="bbox 111 1156 1812 1228; baseline -0.001 -14"><span class='ocrx_word' id='word_1_93' title='bbox 111 1158 374 1215; x_wconf 82' lang='lat' dir='ltr'><strong>oblivisci</strong></span> <span class='ocrx_word' id='word_1_94' title='bbox 420 1157 631 1227; x_wconf 88' lang='lat' dir='ltr'><strong>jubeor</strong></span> <span class='ocrx_word' id='word_1_95' title='bbox 679 1156 858 1228; x_wconf 82' lang='lat' dir='ltr'><strong>(Psal.</strong></span> <span class='ocrx_word' id='word_1_96' title='bbox 909 1171 1059 1224; x_wconf 64' lang='grc' dir='ltr'><strong>κων,</strong></span> <span class='ocrx_word' id='word_1_97' title='bbox 1116 1159 1197 1223; x_wconf 89' lang='grc'><strong>11,</strong></span> <span class='ocrx_word' id='word_1_98' title='bbox 1248 1156 1355 1227; x_wconf 85' lang='lat' dir='ltr'><strong>l2),</strong></span> <span class='ocrx_word' id='word_1_99' title='bbox 1411 1156 1552 1227; x_wconf 89' lang='lat' dir='ltr'><strong>quia</strong></span> <span class='ocrx_word' id='word_1_100' title='bbox 1599 1157 1812 1214; x_wconf 87' lang='lat' dir='ltr'><strong>veteris</strong></span> 
     </span>
    </p>
   </div>
   <div class='ocr_carea' id='block_1_13' title="bbox 115 1244 1810 1318">
    <p class='ocr_par' dir='ltr' id='par_1_13' title="bbox 115 1244 1810 1318">
     <span class='ocr_line' id='line_1_13' title="bbox 115 1244 1810 1318; baseline 0.001 -18"><span class='ocrx_word' id='word_1_101' title='bbox 115 1247 297 1318; x_wconf 84' lang='lat' dir='ltr'><strong>patris</strong></span> <span class='ocrx_word' id='word_1_102' title='bbox 328 1246 441 1302; x_wconf 90' lang='lat' dir='ltr'><strong>mei</strong></span> <span class='ocrx_word' id='word_1_103' title='bbox 469 1245 681 1301; x_wconf 77' lang='lat' dir='ltr'><strong>diaboli</strong></span> <span class='ocrx_word' id='word_1_104' title='bbox 709 1245 917 1301; x_wconf 90' lang='lat' dir='ltr'><strong>domus</strong></span> <span class='ocrx_word' id='word_1_105' title='bbox 952 1252 1059 1311; x_wconf 90' lang='lat' dir='ltr'><strong>est,</strong></span> <span class='ocrx_word' id='word_1_106' title='bbox 1090 1259 1195 1301; x_wconf 90' lang='lat' dir='ltr'><strong>nec</strong></span> <span class='ocrx_word' id='word_1_107' title='bbox 1231 1244 1417 1301; x_wconf 91' lang='lat' dir='ltr'><strong>solum</strong></span> <span class='ocrx_word' id='word_1_108' title='bbox 1458 1246 1554 1300; x_wconf 89' lang='lat' dir='ltr'><strong>sed</strong></span> <span class='ocrx_word' id='word_1_109' title='bbox 1588 1255 1642 1301; x_wconf 89' lang='lat' dir='ltr'><strong>et</strong></span> <span class='ocrx_word' id='word_1_110' title='bbox 1667 1260 1810 1301; x_wconf 91' lang='lat' dir='ltr'><strong>con-</strong></span> 
     </span>
    </p>
   </div>
   <div class='ocr_carea' id='block_1_14' title="bbox 114 1334 1811 1406">
    <p class='ocr_par' dir='ltr' id='par_1_14' title="bbox 114 1334 1811 1406">
     <span class='ocr_line' id='line_1_14' title="bbox 114 1334 1811 1406; baseline -0.002 -13"><span class='ocrx_word' id='word_1_111' title='bbox 114 1335 488 1406; x_wconf 88' lang='lat' dir='ltr'><strong>cupiscentiis</strong></span> <span class='ocrx_word' id='word_1_112' title='bbox 536 1335 683 1405; x_wconf 86' lang='lat' dir='ltr'><strong>ejus.</strong></span> <span class='ocrx_word' id='word_1_113' title='bbox 739 1336 811 1390; x_wconf 85' lang='lat' dir='ltr'><strong>Et</strong></span> <span class='ocrx_word' id='word_1_114' title='bbox 862 1334 938 1388; x_wconf 83' lang='lat' dir='ltr'><strong>ad</strong></span> <span class='ocrx_word' id='word_1_115' title='bbox 988 1336 1099 1388; x_wconf 86' lang='lat' dir='ltr'><strong>oris</strong></span> <span class='ocrx_word' id='word_1_116' title='bbox 1146 1337 1229 1388; x_wconf 85' lang='lat' dir='ltr'><strong>tui</strong></span> <span class='ocrx_word' id='word_1_117' title='bbox 1267 1336 1555 1403; x_wconf 82' lang='lat' dir='ltr'><strong>imperium</strong></span> <span class='ocrx_word' id='word_1_118' title='bbox 1589 1339 1811 1390; x_wconf 85' lang='lat' dir='ltr'><strong>cunctus</strong></span> 
     </span>
    </p>
   </div>
   <div class='ocr_carea' id='block_1_15' title="bbox 110 1422 1812 1495">
    <p class='ocr_par' dir='ltr' id='par_1_15' title="bbox 110 1422 1812 1495">
     <span class='ocr_line' id='line_1_15' title="bbox 110 1422 1812 1495; baseline 0.001 -17"><span class='ocrx_word' id='word_1_119' title='bbox 110 1426 348 1495; x_wconf 78' lang='lat' dir='ltr'><strong>populus</strong></span> <span class='ocrx_word' id='word_1_120' title='bbox 368 1425 595 1479; x_wconf 84' lang='lat' dir='ltr'><strong>obediet.</strong></span> <span class='ocrx_word' id='word_1_121' title='bbox 630 1423 1031 1495; x_wconf 87' lang='lat' dir='ltr'><strong>Illenimirum</strong></span> <span class='ocrx_word' id='word_1_122' title='bbox 1063 1423 1163 1493; x_wconf 88' lang='lat' dir='ltr'><strong>qui</strong></span> <span class='ocrx_word' id='word_1_123' title='bbox 1196 1423 1254 1478; x_wconf 91' lang='lat' dir='ltr'><strong>in</strong></span> <span class='ocrx_word' id='word_1_124' title='bbox 1287 1422 1508 1492; x_wconf 89' lang='lat' dir='ltr'><strong>psalmo</strong></span> <span class='ocrx_word' id='word_1_125' title='bbox 1539 1422 1812 1479; x_wconf 88' lang='lat' dir='ltr'><strong>oblivioni</strong></span> 
     </span>
    </p>
   </div>
   <div class='ocr_carea' id='block_1_16' title="bbox 115 1510 1808 1583">
    <p class='ocr_par' dir='ltr' id='par_1_16' title="bbox 115 1510 1808 1583">
     <span class='ocr_line' id='line_1_16' title="bbox 115 1510 1808 1583; baseline 0 -16"><span class='ocrx_word' id='word_1_126' title='bbox 115 1513 262 1567; x_wconf 89' lang='lat' dir='ltr'><strong>tradi</strong></span> <span class='ocrx_word' id='word_1_127' title='bbox 276 1512 522 1583; x_wconf 89' lang='lat' dir='ltr'><strong>jubetur</strong></span> <span class='ocrx_word' id='word_1_128' title='bbox 552 1526 682 1567; x_wconf 92' lang='lat' dir='ltr'><strong>cum</strong></span> <span class='ocrx_word' id='word_1_129' title='bbox 708 1510 944 1581; x_wconf 87' lang='lat' dir='ltr'><strong>prat‘ata</strong></span> <span class='ocrx_word' id='word_1_130' title='bbox 980 1510 1164 1567; x_wconf 85' lang='lat' dir='ltr'><strong>Patris</strong></span> <span class='ocrx_word' id='word_1_131' title='bbox 1184 1510 1352 1567; x_wconf 91' lang='lat' dir='ltr'><strong>domo</strong></span> <span class='ocrx_word' id='word_1_132' title='bbox 1383 1511 1552 1581; x_wconf 89' lang='lat' dir='ltr'><strong>(Psal.</strong></span> <span class='ocrx_word' id='word_1_133' title='bbox 1575 1525 1808 1579; x_wconf 68' lang='lat' dir='ltr'><strong>cxxxvr,</strong></span> 
     </span>
    </p>
   </div>
   <div class='ocr_carea' id='block_1_17' title="bbox 116 1597 1812 1669">
    <p class='ocr_par' dir='ltr' id='par_1_17' title="bbox 116 1597 1812 1669">
     <span class='ocr_line' id='line_1_17' title="bbox 116 1597 1812 1669; baseline 0 -15"><span class='ocrx_word' id='word_1_134' title='bbox 116 1602 169 1669; x_wconf 86' lang='lat'><strong>5)</strong></span> <span class='ocrx_word' id='word_1_135' title='bbox 196 1618 210 1667; x_wconf 91' lang='lat'><strong>;</strong></span> <span class='ocrx_word' id='word_1_136' title='bbox 237 1601 337 1657; x_wconf 87' lang='lat' dir='ltr'><strong>sed</strong></span> <span class='ocrx_word' id='word_1_137' title='bbox 370 1600 501 1656; x_wconf 91' lang='lat' dir='ltr'><strong>licet</strong></span> <span class='ocrx_word' id='word_1_138' title='bbox 527 1600 663 1666; x_wconf 90' lang='lat' dir='ltr'><strong>oris,</strong></span> <span class='ocrx_word' id='word_1_139' title='bbox 706 1599 761 1655; x_wconf 90' lang='lat' dir='ltr'><strong>id</strong></span> <span class='ocrx_word' id='word_1_140' title='bbox 792 1602 875 1656; x_wconf 89' lang='lat' dir='ltr'><strong>est</strong></span> <span class='ocrx_word' id='word_1_141' title='bbox 916 1599 1155 1655; x_wconf 88' lang='lat' dir='ltr'><strong>rationis</strong></span> <span class='ocrx_word' id='word_1_142' title='bbox 1186 1597 1425 1668; x_wconf 89' lang='lat' dir='ltr'><strong>imperio</strong></span> <span class='ocrx_word' id='word_1_143' title='bbox 1454 1598 1812 1669; x_wconf 86' lang='lat' dir='ltr'><strong>popularitas</strong></span> 
     </span>
    </p>
   </div>
   <div class='ocr_carea' id='block_1_18' title="bbox 114 1687 1812 1758">
    <p class='ocr_par' dir='ltr' id='par_1_18' title="bbox 114 1687 1812 1758">
     <span class='ocr_line' id='line_1_18' title="bbox 114 1687 1812 1758; baseline 0 -15"><span class='ocrx_word' id='word_1_144' title='bbox 114 1688 396 1745; x_wconf 88' lang='lat' dir='ltr'><strong>vitiorum</strong></span> <span class='ocrx_word' id='word_1_145' title='bbox 434 1688 806 1758; x_wconf 87' lang='lat' dir='ltr'><strong>obtemperet,</strong></span> <span class='ocrx_word' id='word_1_146' title='bbox 841 1702 958 1744; x_wconf 88' lang='lat' dir='ltr'><strong>uno</strong></span> <span class='ocrx_word' id='word_1_147' title='bbox 988 1695 1182 1743; x_wconf 89' lang='lat' dir='ltr'><strong>tamen</strong></span> <span class='ocrx_word' id='word_1_148' title='bbox 1228 1687 1368 1743; x_wconf 92' lang='lat' dir='ltr'><strong>solio</strong></span> <span class='ocrx_word' id='word_1_149' title='bbox 1408 1687 1659 1743; x_wconf 84' lang='lat' dir='ltr'><strong>carnalis</strong></span> <span class='ocrx_word' id='word_1_150' title='bbox 1702 1702 1812 1757; x_wconf 90' lang='lat' dir='ltr'><strong>ap-</strong></span> 
     </span>
    </p>
   </div>
   <div class='ocr_carea' id='block_1_19' title="bbox 116 1774 1811 1845">
    <p class='ocr_par' dir='ltr' id='par_1_19' title="bbox 116 1774 1811 1845">
     <span class='ocr_line' id='line_1_19' title="bbox 116 1774 1811 1845; baseline 0.002 -15"><span class='ocrx_word' id='word_1_151' title='bbox 116 1774 385 1844; x_wconf 88' lang='lat' dir='ltr'><strong>petentia</strong></span> <span class='ocrx_word' id='word_1_152' title='bbox 419 1775 783 1845; x_wconf 86' lang='lat' dir='ltr'><strong>praceditur,</strong></span> <span class='ocrx_word' id='word_1_153' title='bbox 829 1776 970 1845; x_wconf 87' lang='lat' dir='ltr'><strong>quia</strong></span> <span class='ocrx_word' id='word_1_154' title='bbox 999 1788 1034 1830; x_wconf 93' lang='lat' dir='ltr'><strong>a</strong></span> <span class='ocrx_word' id='word_1_155' title='bbox 1063 1774 1292 1831; x_wconf 89' lang='lat' dir='ltr'><strong>nemine</strong></span> <span class='ocrx_word' id='word_1_156' title='bbox 1338 1775 1690 1843; x_wconf 89' lang='lat' dir='ltr'><strong>mortalium,</strong></span> <span class='ocrx_word' id='word_1_157' title='bbox 1721 1776 1811 1833; x_wconf 89' lang='lat' dir='ltr'><strong>vel</strong></span> 
     </span>
    </p>
   </div>
   <div class='ocr_carea' id='block_1_20' title="bbox 113 1863 1074 1933">
    <p class='ocr_par' dir='ltr' id='par_1_20' title="bbox 113 1863 1074 1933">
     <span class='ocr_line' id='line_1_20' title="bbox 113 1863 1074 1933; baseline -0.002 -14"><span class='ocrx_word' id='word_1_158' title='bbox 113 1865 172 1919; x_wconf 90' lang='lat' dir='ltr'><strong>in</strong></span> <span class='ocrx_word' id='word_1_159' title='bbox 197 1863 475 1927; x_wconf 87' lang='lat' dir='ltr'><strong>minimis,</strong></span> <span class='ocrx_word' id='word_1_160' title='bbox 506 1877 580 1919; x_wconf 89' lang='lat' dir='ltr'><strong>ex</strong></span> <span class='ocrx_word' id='word_1_161' title='bbox 606 1870 722 1919; x_wconf 90' lang='lat' dir='ltr'><strong>toto</strong></span> <span class='ocrx_word' id='word_1_162' title='bbox 745 1871 1074 1933; x_wconf 85' lang='lat' dir='ltr'><strong>superatur.</strong></span> 
     </span>
    </p>
   </div>
   <div class='ocr_carea' id='block_1_21' title="bbox 183 1951 1812 2022">
    <p class='ocr_par' dir='ltr' id='par_1_21' title="bbox 183 1951 1812 2022">
     <span class='ocr_line' id='line_1_21' title="bbox 183 1951 1812 2022; baseline -0.001 -14"><span class='ocrx_word' id='word_1_163' title='bbox 183 1951 363 2008; x_wconf 72' lang='lat' dir='ltr'><strong>Vnus.</strong></span> <span class='ocrx_word' id='word_1_164' title='bbox 394 1953 481 2006; x_wconf 84' lang='grc'><strong>41.</strong></span> <span class='ocrx_word' id='word_1_165' title='bbox 509 1984 577 1991; x_wconf 93' lang='grc'><strong>-</strong></span> <span class='ocrx_word' id='word_1_166' title='bbox 624 1953 781 2018; x_wconf 83' lang='lat' dir='ltr'><strong>Ecce,</strong></span> <span class='ocrx_word' id='word_1_167' title='bbox 829 1951 1039 2022; x_wconf 89' lang='lat' dir='ltr'><strong>inquit,</strong></span> <span class='ocrx_word' id='word_1_168' title='bbox 1089 1952 1345 2006; x_wconf 81' lang='lat' dir='ltr'><strong>constitui</strong></span> <span class='ocrx_word' id='word_1_169' title='bbox 1382 1955 1432 2006; x_wconf 90' lang='lat' dir='ltr'><strong>te</strong></span> <span class='ocrx_word' id='word_1_170' title='bbox 1478 1967 1642 2022; x_wconf 80' lang='lat' dir='ltr'><strong>super</strong></span> <span class='ocrx_word' id='word_1_171' title='bbox 1686 1955 1812 2007; x_wconf 87' lang='lat' dir='ltr'><strong>uni-</strong></span> 
     </span>
    </p>
   </div>
   <div class='ocr_carea' id='block_1_22' title="bbox 114 2039 1811 2110">
    <p class='ocr_par' dir='ltr' id='par_1_22' title="bbox 114 2039 1811 2110">
     <span class='ocr_line' id='line_1_22' title="bbox 114 2039 1811 2110; baseline 0 -15"><span class='ocrx_word' id='word_1_172' title='bbox 114 2056 331 2095; x_wconf 80' lang='lat' dir='ltr'><strong>uersam</strong></span> <span class='ocrx_word' id='word_1_173' title='bbox 379 2047 583 2095; x_wconf 85' lang='lat' dir='ltr'><strong>terram</strong></span> <span class='ocrx_word' id='word_1_174' title='bbox 624 2042 871 2110; x_wconf 69' lang='lat' dir='ltr'><strong>Egypti.</strong></span> <span class='ocrx_word' id='word_1_175' title='bbox 932 2040 987 2096; x_wconf 92' lang='lat' dir='ltr'><strong>Si</strong></span> <span class='ocrx_word' id='word_1_176' title='bbox 1042 2039 1249 2096; x_wconf 91' lang='lat' dir='ltr'><strong>domus</strong></span> <span class='ocrx_word' id='word_1_177' title='bbox 1291 2048 1346 2095; x_wconf 88' lang='lat' dir='ltr'><strong>et</strong></span> <span class='ocrx_word' id='word_1_178' title='bbox 1407 2040 1659 2109; x_wconf 90' lang='lat' dir='ltr'><strong>populus</strong></span> <span class='ocrx_word' id='word_1_179' title='bbox 1708 2040 1811 2096; x_wconf 90' lang='lat' dir='ltr'><strong>tibi</strong></span> 
     </span>
    </p>
   </div>
   <div class='ocr_carea' id='block_1_23' title="bbox 113 2127 1812 2200">
    <p class='ocr_par' dir='ltr' id='par_1_23' title="bbox 113 2127 1812 2200">
     <span class='ocr_line' id='line_1_23' title="bbox 113 2127 1812 2200; baseline -0.001 -15"><span class='ocrx_word' id='word_1_180' title='bbox 113 2130 448 2200; x_wconf 88' lang='lat' dir='ltr'><strong>subjicitur,</strong></span> <span class='ocrx_word' id='word_1_181' title='bbox 473 2135 590 2185; x_wconf 90' lang='lat' dir='ltr'><strong>tota</strong></span> <span class='ocrx_word' id='word_1_182' title='bbox 612 2142 748 2199; x_wconf 83' lang='lat' dir='ltr'><strong>ergo</strong></span> <span class='ocrx_word' id='word_1_183' title='bbox 780 2127 1082 2184; x_wconf 90' lang='lat' dir='ltr'><strong>terrenitas</strong></span> <span class='ocrx_word' id='word_1_184' title='bbox 1109 2127 1512 2184; x_wconf 86' lang='lat' dir='ltr'><strong>sacularitatis</strong></span> <span class='ocrx_word' id='word_1_185' title='bbox 1541 2129 1689 2184; x_wconf 92' lang='lat' dir='ltr'><strong>illico</strong></span> <span class='ocrx_word' id='word_1_186' title='bbox 1710 2129 1812 2184; x_wconf 89' lang='lat' dir='ltr'><strong>tibi</strong></span> 
     </span>
    </p>
   </div>
   <div class='ocr_carea' id='block_1_24' title="bbox 118 2218 1814 2290">
    <p class='ocr_par' dir='ltr' id='par_1_24' title="bbox 118 2218 1814 2290">
     <span class='ocr_line' id='line_1_24' title="bbox 118 2218 1814 2290; baseline 0 -15"><span class='ocrx_word' id='word_1_187' title='bbox 118 2234 323 2290; x_wconf 91' lang='lat' dir='ltr'><strong>parere</strong></span> <span class='ocrx_word' id='word_1_188' title='bbox 372 2227 630 2290; x_wconf 83' lang='lat' dir='ltr'><strong>cogetur.</strong></span> <span class='ocrx_word' id='word_1_189' title='bbox 663 2220 796 2275; x_wconf 86' lang='lat' dir='ltr'><strong>Hac</strong></span> <span class='ocrx_word' id='word_1_190' title='bbox 832 2218 1011 2275; x_wconf 90' lang='lat' dir='ltr'><strong>verba</strong></span> <span class='ocrx_word' id='word_1_191' title='bbox 1038 2219 1148 2274; x_wconf 90' lang='lat' dir='ltr'><strong>sub</strong></span> <span class='ocrx_word' id='word_1_192' title='bbox 1178 2219 1490 2275; x_wconf 85' lang='lat' dir='ltr'><strong>Pharaonis</strong></span> <span class='ocrx_word' id='word_1_193' title='bbox 1519 2220 1704 2289; x_wconf 86' lang='lat' dir='ltr'><strong>specie</strong></span> <span class='ocrx_word' id='word_1_194' title='bbox 1732 2219 1814 2276; x_wconf 92' lang='lat' dir='ltr'><strong>sic</strong></span> 
     </span>
    </p>
   </div>
   <div class='ocr_carea' id='block_1_25' title="bbox 117 2307 1809 2377">
    <p class='ocr_par' dir='ltr' id='par_1_25' title="bbox 117 2307 1809 2377">
     <span class='ocr_line' id='line_1_25' title="bbox 117 2307 1809 2377; baseline 0 -13"><span class='ocrx_word' id='word_1_195' title='bbox 117 2308 346 2364; x_wconf 86' lang='lat' dir='ltr'><strong>diabolo</strong></span> <span class='ocrx_word' id='word_1_196' title='bbox 376 2314 742 2377; x_wconf 88' lang='lat' dir='ltr'><strong>coaptantur,</strong></span> <span class='ocrx_word' id='word_1_197' title='bbox 772 2315 837 2363; x_wconf 91' lang='lat' dir='ltr'><strong>ut</strong></span> <span class='ocrx_word' id='word_1_198' title='bbox 867 2321 983 2363; x_wconf 90' lang='lat' dir='ltr'><strong>non</strong></span> <span class='ocrx_word' id='word_1_199' title='bbox 1026 2307 1441 2371; x_wconf 88' lang='lat' dir='ltr'><strong>benevolentia,</strong></span> <span class='ocrx_word' id='word_1_200' title='bbox 1478 2307 1575 2363; x_wconf 91' lang='lat' dir='ltr'><strong>sed</strong></span> <span class='ocrx_word' id='word_1_201' title='bbox 1614 2322 1809 2364; x_wconf 88' lang='lat' dir='ltr'><strong>neces-</strong></span> 
     </span>
    </p>
   </div>
   <div class='ocr_carea' id='block_1_26' title="bbox 117 2394 1810 2465">
    <p class='ocr_par' dir='ltr' id='par_1_26' title="bbox 117 2394 1810 2465">
     <span class='ocr_line' id='line_1_26' title="bbox 117 2394 1810 2465; baseline -0.001 -14"><span class='ocrx_word' id='word_1_202' title='bbox 117 2396 274 2463; x_wconf 86' lang='lat' dir='ltr'><strong>sitas,</strong></span> <span class='ocrx_word' id='word_1_203' title='bbox 313 2409 435 2465; x_wconf 90' lang='lat' dir='ltr'><strong>qua</strong></span> <span class='ocrx_word' id='word_1_204' title='bbox 461 2395 628 2452; x_wconf 90' lang='lat' dir='ltr'><strong>nobis</strong></span> <span class='ocrx_word' id='word_1_205' title='bbox 664 2395 853 2451; x_wconf 90' lang='lat' dir='ltr'><strong>victus</strong></span> <span class='ocrx_word' id='word_1_206' title='bbox 893 2409 1009 2451; x_wconf 93' lang='lat' dir='ltr'><strong>non</strong></span> <span class='ocrx_word' id='word_1_207' title='bbox 1051 2394 1277 2450; x_wconf 88' lang='lat' dir='ltr'><strong>ofﬁcere</strong></span> <span class='ocrx_word' id='word_1_208' title='bbox 1322 2395 1552 2463; x_wconf 89' lang='lat' dir='ltr'><strong>sinitur,</strong></span> <span class='ocrx_word' id='word_1_209' title='bbox 1603 2395 1810 2452; x_wconf 89' lang='lat' dir='ltr'><strong>intelli-</strong></span> 
     </span>
    </p>
   </div>
   <div class='ocr_carea' id='block_1_27' title="bbox 117 2481 1813 2555">
    <p class='ocr_par' dir='ltr' id='par_1_27' title="bbox 117 2481 1813 2555">
     <span class='ocr_line' id='line_1_27' title="bbox 117 2481 1813 2555; baseline 0 -16"><span class='ocrx_word' id='word_1_210' title='bbox 117 2492 331 2555; x_wconf 85' lang='lat' dir='ltr'><strong>gatur;</strong></span> <span class='ocrx_word' id='word_1_211' title='bbox 364 2491 418 2540; x_wconf 91' lang='lat' dir='ltr'><strong>et</strong></span> <span class='ocrx_word' id='word_1_212' title='bbox 447 2483 529 2538; x_wconf 91' lang='lat' dir='ltr'><strong>sic</strong></span> <span class='ocrx_word' id='word_1_213' title='bbox 559 2482 839 2553; x_wconf 89' lang='lat' dir='ltr'><strong>appetitui</strong></span> <span class='ocrx_word' id='word_1_214' title='bbox 869 2481 1222 2539; x_wconf 90' lang='lat' dir='ltr'><strong>conveniunt</strong></span> <span class='ocrx_word' id='word_1_215' title='bbox 1266 2496 1443 2552; x_wconf 88' lang='lat' dir='ltr'><strong>pravo</strong></span> <span class='ocrx_word' id='word_1_216' title='bbox 1470 2490 1542 2539; x_wconf 91' lang='lat' dir='ltr'><strong>ut</strong></span> <span class='ocrx_word' id='word_1_217' title='bbox 1566 2484 1813 2540; x_wconf 88' lang='lat' dir='ltr'><strong>eviden-</strong></span> 
     </span>
    </p>
   </div>
   <div class='ocr_carea' id='block_1_28' title="bbox 119 2570 1810 2641">
    <p class='ocr_par' dir='ltr' id='par_1_28' title="bbox 119 2570 1810 2641">
     <span class='ocr_line' id='line_1_28' title="bbox 119 2570 1810 2641; baseline 0 -14"><span class='ocrx_word' id='word_1_218' title='bbox 119 2572 232 2627; x_wconf 87' lang='lat' dir='ltr'><strong>tius</strong></span> <span class='ocrx_word' id='word_1_219' title='bbox 273 2572 603 2641; x_wconf 89' lang='lat' dir='ltr'><strong>rectiusque</strong></span> <span class='ocrx_word' id='word_1_220' title='bbox 643 2570 874 2627; x_wconf 88' lang='lat' dir='ltr'><strong>valeaut</strong></span> <span class='ocrx_word' id='word_1_221' title='bbox 919 2571 1264 2627; x_wconf 86' lang='lat' dir='ltr'><strong>concordare</strong></span> <span class='ocrx_word' id='word_1_222' title='bbox 1307 2578 1578 2627; x_wconf 89' lang='lat' dir='ltr'><strong>correcto.</strong></span> <span class='ocrx_word' id='word_1_223' title='bbox 1613 2573 1810 2640; x_wconf 70' lang='lat' dir='ltr'><strong>(Vnus.</strong></span> 
     </span>
    </p>
   </div>
   <div class='ocr_carea' id='block_1_29' title="bbox 115 2660 1809 2731">
    <p class='ocr_par' dir='ltr' id='par_1_29' title="bbox 115 2660 1809 2731">
     <span class='ocr_line' id='line_1_29' title="bbox 115 2660 1809 2731; baseline 0 -17"><span class='ocrx_word' id='word_1_224' title='bbox 115 2660 228 2731; x_wconf 79' lang='lat'><strong>42.)</strong></span> <span class='ocrx_word' id='word_1_225' title='bbox 265 2661 521 2728; x_wconf 77' lang='lat' dir='ltr'><strong>Tulitque</strong></span> <span class='ocrx_word' id='word_1_226' title='bbox 564 2661 824 2713; x_wconf 84' lang='lat' dir='ltr'><strong>annulum</strong></span> <span class='ocrx_word' id='word_1_227' title='bbox 866 2660 933 2714; x_wconf 85' lang='lat' dir='ltr'><strong>de</strong></span> <span class='ocrx_word' id='word_1_228' title='bbox 959 2674 1126 2714; x_wconf 89' lang='lat' dir='ltr'><strong>manu</strong></span> <span class='ocrx_word' id='word_1_229' title='bbox 1163 2675 1286 2727; x_wconf 87' lang='lat' dir='ltr'><strong>sua,</strong></span> <span class='ocrx_word' id='word_1_230' title='bbox 1330 2665 1381 2715; x_wconf 86' lang='lat' dir='ltr'><strong>et</strong></span> <span class='ocrx_word' id='word_1_231' title='bbox 1410 2660 1559 2714; x_wconf 81' lang='lat' dir='ltr'><strong>dedit</strong></span> <span class='ocrx_word' id='word_1_232' title='bbox 1588 2663 1646 2714; x_wconf 87' lang='lat' dir='ltr'><strong>in</strong></span> <span class='ocrx_word' id='word_1_233' title='bbox 1692 2677 1809 2714; x_wconf 86' lang='lat' dir='ltr'><strong>ma-</strong></span> 
     </span>
    </p>
   </div>
   <div class='ocr_carea' id='block_1_30' title="bbox 115 2749 1815 2818">
    <p class='ocr_par' dir='ltr' id='par_1_30' title="bbox 115 2749 1815 2818">
     <span class='ocr_line' id='line_1_30' title="bbox 115 2749 1815 2818; baseline 0 -15"><span class='ocrx_word' id='word_1_234' title='bbox 115 2767 189 2803; x_wconf 86' lang='lat' dir='ltr'><strong>nu</strong></span> <span class='ocrx_word' id='word_1_235' title='bbox 217 2749 379 2817; x_wconf 82' lang='lat' dir='ltr'><strong>ejus:</strong></span> <span class='ocrx_word' id='word_1_236' title='bbox 439 2751 771 2818; x_wconf 77' lang='lat' dir='ltr'><strong>Vestivitque</strong></span> <span class='ocrx_word' id='word_1_237' title='bbox 799 2765 918 2803; x_wconf 88' lang='lat' dir='ltr'><strong>eum</strong></span> <span class='ocrx_word' id='word_1_238' title='bbox 958 2750 1098 2803; x_wconf 80' lang='lat' dir='ltr'><strong>stola</strong></span> <span class='ocrx_word' id='word_1_239' title='bbox 1126 2749 1398 2817; x_wconf 84' lang='lat' dir='ltr'><strong>bysssina,</strong></span> <span class='ocrx_word' id='word_1_240' title='bbox 1438 2753 1490 2803; x_wconf 83' lang='lat' dir='ltr'><strong>et</strong></span> <span class='ocrx_word' id='word_1_241' title='bbox 1530 2749 1662 2803; x_wconf 88' lang='lat' dir='ltr'><strong>collo</strong></span> <span class='ocrx_word' id='word_1_242' title='bbox 1697 2754 1815 2803; x_wconf 88' lang='lat' dir='ltr'><strong>tor-</strong></span> 
     </span>
    </p>
   </div>
   <div class='ocr_carea' id='block_1_31' title="bbox 116 2836 1814 2908">
    <p class='ocr_par' dir='ltr' id='par_1_31' title="bbox 116 2836 1814 2908">
     <span class='ocr_line' id='line_1_31' title="bbox 116 2836 1814 2908; baseline -0.001 -15"><span class='ocrx_word' id='word_1_243' title='bbox 116 2854 273 2908; x_wconf 82' lang='lat' dir='ltr'><strong>quem</strong></span> <span class='ocrx_word' id='word_1_244' title='bbox 297 2853 524 2892; x_wconf 83' lang='lat' dir='ltr'><strong>auream</strong></span> <span class='ocrx_word' id='word_1_245' title='bbox 550 2838 924 2892; x_wconf 78' lang='lat' dir='ltr'><strong>circumdedit.</strong></span> <span class='ocrx_word' id='word_1_246' title='bbox 958 2836 1233 2893; x_wconf 83' lang='lat' dir='ltr'><strong>Annulus</strong></span> <span class='ocrx_word' id='word_1_247' title='bbox 1263 2838 1320 2893; x_wconf 87' lang='lat' dir='ltr'><strong>in</strong></span> <span class='ocrx_word' id='word_1_248' title='bbox 1351 2851 1534 2894; x_wconf 90' lang='lat' dir='ltr'><strong>manu</strong></span> <span class='ocrx_word' id='word_1_249' title='bbox 1564 2838 1814 2893; x_wconf 85' lang='lat' dir='ltr'><strong>Pharao-</strong></span> 
     </span>
    </p>
   </div>
   <div class='ocr_carea' id='block_1_32' title="bbox 1918 452 3614 521">
    <p class='ocr_par' dir='ltr' id='par_1_32' title="bbox 1918 452 3614 521">
     <span class='ocr_line' id='line_1_32' title="bbox 1918 452 3614 521; baseline 0.002 -14"><span class='ocrx_word' id='word_1_250' title='bbox 1918 452 2152 507; x_wconf 88' lang='lat' dir='ltr'><strong>movcbit</strong></span> <span class='ocrx_word' id='word_1_251' title='bbox 2201 454 2493 520; x_wconf 85' lang='lat' dir='ltr'><strong>quisquam</strong></span> <span class='ocrx_word' id='word_1_252' title='bbox 2546 467 2766 505; x_wconf 83' lang='lat' dir='ltr'><strong>manum</strong></span> <span class='ocrx_word' id='word_1_253' title='bbox 2814 457 2912 506; x_wconf 88' lang='lat' dir='ltr'><strong>aut</strong></span> <span class='ocrx_word' id='word_1_254' title='bbox 2937 453 3127 521; x_wconf 80' lang='lat' dir='ltr'><strong>pedem</strong></span> <span class='ocrx_word' id='word_1_255' title='bbox 3187 456 3241 507; x_wconf 77' lang='lat' dir='ltr'><strong>in</strong></span> <span class='ocrx_word' id='word_1_256' title='bbox 3298 461 3408 509; x_wconf 86' lang='lat' dir='ltr'><strong>tota</strong></span> <span class='ocrx_word' id='word_1_257' title='bbox 3465 461 3614 510; x_wconf 87' lang='lat' dir='ltr'><strong>terra</strong></span> 
     </span>
    </p>
   </div>
   <div class='ocr_carea' id='block_1_33' title="bbox 1919 541 3613 611">
    <p class='ocr_par' dir='ltr' id='par_1_33' title="bbox 1919 541 3613 611">
     <span class='ocr_line' id='line_1_33' title="bbox 1919 541 3613 611; baseline 0.002 -14"><span class='ocrx_word' id='word_1_258' title='bbox 1919 544 2164 611; x_wconf 72' lang='lat' dir='ltr'><strong>Egypti.</strong></span> <span class='ocrx_word' id='word_1_259' title='bbox 2197 542 2317 611; x_wconf 88' lang='lat' dir='ltr'><strong>Ego</strong></span> <span class='ocrx_word' id='word_1_260' title='bbox 2356 541 2701 596; x_wconf 87' lang='lat' dir='ltr'><strong>naturaliter</strong></span> <span class='ocrx_word' id='word_1_261' title='bbox 2728 556 2859 597; x_wconf 91' lang='lat' dir='ltr'><strong>cum</strong></span> <span class='ocrx_word' id='word_1_262' title='bbox 2901 542 3006 597; x_wconf 92' lang='lat' dir='ltr'><strong>sim</strong></span> <span class='ocrx_word' id='word_1_263' title='bbox 3049 542 3292 599; x_wconf 83' lang='lat' dir='ltr'><strong>levitatis</strong></span> <span class='ocrx_word' id='word_1_264' title='bbox 3329 551 3385 599; x_wconf 92' lang='lat' dir='ltr'><strong>et</strong></span> <span class='ocrx_word' id='word_1_265' title='bbox 3428 544 3613 601; x_wconf 87' lang='lat' dir='ltr'><strong>malo—</strong></span> 
     </span>
    </p>
   </div>
   <div class='ocr_carea' id='block_1_34' title="bbox 1920 628 3611 698">
    <p class='ocr_par' dir='ltr' id='par_1_34' title="bbox 1920 628 3611 698">
     <span class='ocr_line' id='line_1_34' title="bbox 1920 628 3611 698; baseline 0.002 -14"><span class='ocrx_word' id='word_1_266' title='bbox 1920 643 2053 684; x_wconf 87' lang='lat' dir='ltr'><strong>rum</strong></span> <span class='ocrx_word' id='word_1_267' title='bbox 2094 637 2390 698; x_wconf 89' lang='lat' dir='ltr'><strong>appetens,</strong></span> <span class='ocrx_word' id='word_1_268' title='bbox 2444 628 2557 684; x_wconf 87' lang='lat' dir='ltr'><strong>tuis</strong></span> <span class='ocrx_word' id='word_1_269' title='bbox 2602 642 2636 682; x_wconf 90' lang='lat' dir='ltr'><strong>a</strong></span> <span class='ocrx_word' id='word_1_270' title='bbox 2678 628 2846 684; x_wconf 92' lang='lat' dir='ltr'><strong>modo</strong></span> <span class='ocrx_word' id='word_1_271' title='bbox 2891 629 3165 698; x_wconf 87' lang='lat' dir='ltr'><strong>imperiis,</strong></span> <span class='ocrx_word' id='word_1_272' title='bbox 3215 646 3321 687; x_wconf 91' lang='lat' dir='ltr'><strong>nec</strong></span> <span class='ocrx_word' id='word_1_273' title='bbox 3362 635 3421 685; x_wconf 84' lang='lat' dir='ltr'><strong>in</strong></span> <span class='ocrx_word' id='word_1_274' title='bbox 3465 639 3611 687; x_wconf 84' lang='lat' dir='ltr'><strong>terra</strong></span> 
     </span>
    </p>
   </div>
   <div class='ocr_carea' id='block_1_35' title="bbox 1918 717 3612 792">
    <p class='ocr_par' dir='ltr' id='par_1_35' title="bbox 1918 717 3612 792">
     <span class='ocr_line' id='line_1_35' title="bbox 1918 717 3612 792; baseline 0.001 -17"><span class='ocrx_word' id='word_1_275' title='bbox 1918 719 2168 790; x_wconf 66' lang='lat' dir='ltr'><strong>Egypti</strong></span> <span class='ocrx_word' id='word_1_276' title='bbox 2194 731 2451 787; x_wconf 90' lang='lat' dir='ltr'><strong>corpore,</strong></span> <span class='ocrx_word' id='word_1_277' title='bbox 2500 717 2710 772; x_wconf 87' lang='lat' dir='ltr'><strong>scilicet</strong></span> <span class='ocrx_word' id='word_1_278' title='bbox 2754 718 3114 787; x_wconf 88' lang='lat' dir='ltr'><strong>corruptibili</strong></span> <span class='ocrx_word' id='word_1_279' title='bbox 3146 720 3300 788; x_wconf 93' lang='lat' dir='ltr'><strong>quod</strong></span> <span class='ocrx_word' id='word_1_280' title='bbox 3330 728 3612 792; x_wconf 83' lang='lat' dir='ltr'><strong>aggravat</strong></span> 
     </span>
    </p>
   </div>
   <div class='ocr_carea' id='block_1_36' title="bbox 1919 805 3612 876">
    <p class='ocr_par' dir='ltr' id='par_1_36' title="bbox 1919 805 3612 876">
     <span class='ocr_line' id='line_1_36' title="bbox 1919 805 3612 876; baseline 0.001 -14"><span class='ocrx_word' id='word_1_281' title='bbox 1919 807 2171 862; x_wconf 88' lang='lat' dir='ltr'><strong>animam</strong></span> <span class='ocrx_word' id='word_1_282' title='bbox 2207 806 2357 876; x_wconf 86' lang='lat' dir='ltr'><strong>(Sap.</strong></span> <span class='ocrx_word' id='word_1_283' title='bbox 2401 820 2478 872; x_wconf 85' lang='lat' dir='ltr'><strong>1x,</strong></span> <span class='ocrx_word' id='word_1_284' title='bbox 2511 805 2617 875; x_wconf 88' lang='grc'><strong>15),</strong></span> <span class='ocrx_word' id='word_1_285' title='bbox 2647 806 2837 874; x_wconf 81' lang='lat' dir='ltr'><strong>pedem</strong></span> <span class='ocrx_word' id='word_1_286' title='bbox 2882 805 3214 873; x_wconf 83' lang='lat' dir='ltr'><strong>all&#39;ectionis,</strong></span> <span class='ocrx_word' id='word_1_287' title='bbox 3266 814 3362 861; x_wconf 88' lang='lat' dir='ltr'><strong>aut</strong></span> <span class='ocrx_word' id='word_1_288' title='bbox 3391 825 3612 864; x_wconf 86' lang='lat' dir='ltr'><strong>manum</strong></span> 
     </span>
    </p>
   </div>
   <div class='ocr_carea' id='block_1_37' title="bbox 1919 894 3612 965">
    <p class='ocr_par' dir='ltr' id='par_1_37' title="bbox 1919 894 3612 965">
     <span class='ocr_line' id='line_1_37' title="bbox 1919 894 3612 965; baseline 0.002 -14"><span class='ocrx_word' id='word_1_289' title='bbox 1919 894 2264 965; x_wconf 88' lang='lat' dir='ltr'><strong>operationis</strong></span> <span class='ocrx_word' id='word_1_290' title='bbox 2294 902 2559 950; x_wconf 90' lang='lat' dir='ltr'><strong>moturus</strong></span> <span class='ocrx_word' id='word_1_291' title='bbox 2586 902 2671 951; x_wconf 85' lang='lat' dir='ltr'><strong>est</strong></span> <span class='ocrx_word' id='word_1_292' title='bbox 2691 894 2956 965; x_wconf 90' lang='lat' dir='ltr'><strong>deinceps</strong></span> <span class='ocrx_word' id='word_1_293' title='bbox 2984 896 3129 951; x_wconf 88' lang='lat' dir='ltr'><strong>citra</strong></span> <span class='ocrx_word' id='word_1_294' title='bbox 3155 896 3612 954; x_wconf 84' lang='lat' dir='ltr'><strong>convenientiam</strong></span> 
     </span>
    </p>
   </div>
   <div class='ocr_carea' id='block_1_38' title="bbox 1918 990 2101 1039">
    <p class='ocr_par' dir='ltr' id='par_1_38' title="bbox 1918 990 2101 1039">
     <span class='ocr_line' id='line_1_38' title="bbox 1918 990 2101 1039; baseline -0.016 0"><span class='ocrx_word' id='word_1_295' title='bbox 1918 990 2101 1039; x_wconf 87' lang='lat' dir='ltr'><strong>tuam.</strong></span> 
     </span>
    </p>
   </div>
   <div class='ocr_carea' id='block_1_39' title="bbox 1992 1071 3612 1140">
    <p class='ocr_par' dir='ltr' id='par_1_39' title="bbox 1992 1071 3612 1140">
     <span class='ocr_line' id='line_1_39' title="bbox 1992 1071 3612 1140; baseline 0.002 -13"><span class='ocrx_word' id='word_1_296' title='bbox 1992 1071 2163 1127; x_wconf 74' lang='lat' dir='ltr'><strong>Vnus.</strong></span> <span class='ocrx_word' id='word_1_297' title='bbox 2192 1072 2282 1125; x_wconf 60' lang='lat'><strong>45.</strong></span> <span class='ocrx_word' id='word_1_298' title='bbox 2314 1101 2383 1109; x_wconf 98' lang='lat'><strong><em>—</em></strong></span> <span class='ocrx_word' id='word_1_299' title='bbox 2420 1073 2697 1140; x_wconf 79' lang='lat' dir='ltr'><strong>Vertitque</strong></span> <span class='ocrx_word' id='word_1_300' title='bbox 2737 1087 2925 1126; x_wconf 85' lang='lat' dir='ltr'><strong>nomen</strong></span> <span class='ocrx_word' id='word_1_301' title='bbox 2963 1072 3134 1139; x_wconf 85' lang='lat' dir='ltr'><strong>illius,</strong></span> <span class='ocrx_word' id='word_1_302' title='bbox 3167 1078 3217 1128; x_wconf 84' lang='lat' dir='ltr'><strong>et</strong></span> <span class='ocrx_word' id='word_1_303' title='bbox 3252 1078 3465 1129; x_wconf 75' lang='lat' dir='ltr'><strong>vocavit</strong></span> <span class='ocrx_word' id='word_1_304' title='bbox 3491 1091 3612 1130; x_wconf 86' lang='lat' dir='ltr'><strong>cum</strong></span> 
     </span>
    </p>
   </div>
   <div class='ocr_carea' id='block_1_40' title="bbox 1921 1159 3610 1231">
    <p class='ocr_par' dir='ltr' id='par_1_40' title="bbox 1921 1159 3610 1231">
     <span class='ocr_line' id='line_1_40' title="bbox 1921 1159 3610 1231; baseline 0.003 -18"><span class='ocrx_word' id='word_1_305' title='bbox 1921 1160 2110 1228; x_wconf 82' lang='lat' dir='ltr'><strong>lingua</strong></span> <span class='ocrx_word' id='word_1_306' title='bbox 2158 1161 2442 1230; x_wconf 71' lang='lat' dir='ltr'><strong>Egyptia,</strong></span> <span class='ocrx_word' id='word_1_307' title='bbox 2491 1159 2826 1214; x_wconf 84' lang='lat' dir='ltr'><strong>Salvatorem</strong></span> <span class='ocrx_word' id='word_1_308' title='bbox 2862 1161 3072 1215; x_wconf 81' lang='lat' dir='ltr'><strong>mundi.</strong></span> <span class='ocrx_word' id='word_1_309' title='bbox 3128 1162 3310 1216; x_wconf 82' lang='lat' dir='ltr'><strong>Vertit</strong></span> <span class='ocrx_word' id='word_1_310' title='bbox 3360 1177 3516 1231; x_wconf 80' lang='lat' dir='ltr'><strong>ergo,</strong></span> <span class='ocrx_word' id='word_1_311' title='bbox 3554 1163 3610 1219; x_wconf 88' lang='lat' dir='ltr'><strong>id</strong></span> 
     </span>
    </p>
   </div>
   <div class='ocr_carea' id='block_1_41' title="bbox 1920 1247 3609 1318">
    <p class='ocr_par' dir='ltr' id='par_1_41' title="bbox 1920 1247 3609 1318">
     <span class='ocr_line' id='line_1_41' title="bbox 1920 1247 3609 1318; baseline 0.002 -14"><span class='ocrx_word' id='word_1_312' title='bbox 1920 1257 2005 1304; x_wconf 87' lang='lat' dir='ltr'><strong>est</strong></span> <span class='ocrx_word' id='word_1_313' title='bbox 2059 1248 2205 1303; x_wconf 87' lang='lat' dir='ltr'><strong>verti</strong></span> <span class='ocrx_word' id='word_1_314' title='bbox 2262 1247 2397 1303; x_wconf 85' lang='lat' dir='ltr'><strong>facit</strong></span> <span class='ocrx_word' id='word_1_315' title='bbox 2459 1249 2634 1317; x_wconf 87' lang='lat' dir='ltr'><strong>quod,</strong></span> <span class='ocrx_word' id='word_1_316' title='bbox 2698 1249 3017 1304; x_wconf 89' lang='lat' dir='ltr'><strong>secundum</strong></span> <span class='ocrx_word' id='word_1_317' title='bbox 3071 1257 3317 1306; x_wconf 80' lang='lat' dir='ltr'><strong>veterem</strong></span> <span class='ocrx_word' id='word_1_318' title='bbox 3374 1259 3609 1318; x_wconf 90' lang='lat' dir='ltr'><strong>statum,</strong></span> 
     </span>
    </p>
   </div>
   <div class='ocr_carea' id='block_1_42' title="bbox 1920 1336 3611 1410">
    <p class='ocr_par' dir='ltr' id='par_1_42' title="bbox 1920 1336 3611 1410">
     <span class='ocr_line' id='line_1_42' title="bbox 1920 1336 3611 1410; baseline 0.002 -19"><span class='ocrx_word' id='word_1_319' title='bbox 1920 1350 2139 1406; x_wconf 88' lang='lat' dir='ltr'><strong>pravus</strong></span> <span class='ocrx_word' id='word_1_320' title='bbox 2182 1336 2501 1391; x_wconf 84' lang='lat' dir='ltr'><strong>vocabatur</strong></span> <span class='ocrx_word' id='word_1_321' title='bbox 2556 1336 2863 1404; x_wconf 85' lang='lat' dir='ltr'><strong>appetitus,</strong></span> <span class='ocrx_word' id='word_1_322' title='bbox 2913 1352 3069 1393; x_wconf 88' lang='lat' dir='ltr'><strong>nunc</strong></span> <span class='ocrx_word' id='word_1_323' title='bbox 3119 1338 3332 1394; x_wconf 82' lang='lat' dir='ltr'><strong>dicitur</strong></span> <span class='ocrx_word' id='word_1_324' title='bbox 3384 1340 3611 1410; x_wconf 90' lang='lat' dir='ltr'><strong>pietatis</strong></span> 
     </span>
    </p>
   </div>
   <div class='ocr_carea' id='block_1_43' title="bbox 1922 1424 3613 1495">
    <p class='ocr_par' dir='ltr' id='par_1_43' title="bbox 1922 1424 3613 1495">
     <span class='ocr_line' id='line_1_43' title="bbox 1922 1424 3613 1495; baseline 0.001 -16"><span class='ocrx_word' id='word_1_325' title='bbox 1922 1424 2177 1480; x_wconf 68' lang='lat' dir='ltr'><strong>affectus.</strong></span> <span class='ocrx_word' id='word_1_326' title='bbox 2249 1424 2467 1492; x_wconf 85' lang='lat' dir='ltr'><strong>Lingua</strong></span> <span class='ocrx_word' id='word_1_327' title='bbox 2514 1427 2780 1495; x_wconf 63' lang='lat' dir='ltr'><strong>)Egyptia</strong></span> <span class='ocrx_word' id='word_1_328' title='bbox 2857 1432 3023 1480; x_wconf 87' lang='lat' dir='ltr'><strong>vocat</strong></span> <span class='ocrx_word' id='word_1_329' title='bbox 3087 1441 3206 1480; x_wconf 82' lang='lat' dir='ltr'><strong>eum</strong></span> <span class='ocrx_word' id='word_1_330' title='bbox 3278 1429 3613 1482; x_wconf 82' lang='lat' dir='ltr'><strong>Salvatorem</strong></span> 
     </span>
    </p>
   </div>
   <div class='ocr_carea' id='block_1_44' title="bbox 1920 1514 3614 1583">
    <p class='ocr_par' dir='ltr' id='par_1_44' title="bbox 1920 1514 3614 1583">
     <span class='ocr_line' id='line_1_44' title="bbox 1920 1514 3614 1583; baseline 0.002 -15"><span class='ocrx_word' id='word_1_331' title='bbox 1920 1514 2131 1579; x_wconf 81' lang='lat' dir='ltr'><strong>mundi,</strong></span> <span class='ocrx_word' id='word_1_332' title='bbox 2184 1514 2419 1583; x_wconf 86' lang='lat' dir='ltr'><strong>quando</strong></span> <span class='ocrx_word' id='word_1_333' title='bbox 2459 1527 2559 1582; x_wconf 85' lang='lat' dir='ltr'><strong>per</strong></span> <span class='ocrx_word' id='word_1_334' title='bbox 2604 1514 3018 1583; x_wconf 82' lang='lat' dir='ltr'><strong>experientiam</strong></span> <span class='ocrx_word' id='word_1_335' title='bbox 3062 1514 3450 1571; x_wconf 86' lang='lat' dir='ltr'><strong>tribulationis</strong></span> <span class='ocrx_word' id='word_1_336' title='bbox 3494 1531 3614 1572; x_wconf 86' lang='lat' dir='ltr'><strong>sese</strong></span> 
     </span>
    </p>
   </div>
   <div class='ocr_carea' id='block_1_45' title="bbox 1850 1592 3613 1698">
    <p class='ocr_par' dir='ltr' id='par_1_45' title="bbox 1850 1592 3613 1698">
     <span class='ocr_line' id='line_1_45' title="bbox 1850 1592 3613 1698; baseline 0.001 -41"><span class='ocrx_word' id='word_1_337' title='bbox 1850 1642 1895 1698; x_wconf 75' lang='grc' dir='ltr'><strong>Β</strong></span> <span class='ocrx_word' id='word_1_338' title='bbox 1922 1601 2355 1673; x_wconf 87' lang='lat' dir='ltr'><strong>coangustantis</strong></span> <span class='ocrx_word' id='word_1_339' title='bbox 2403 1601 2510 1657; x_wconf 89' lang='lat' dir='ltr'><strong>hoc</strong></span> <span class='ocrx_word' id='word_1_340' title='bbox 2554 1602 2706 1657; x_wconf 91' lang='lat' dir='ltr'><strong>enim</strong></span> <span class='ocrx_word' id='word_1_341' title='bbox 2745 1609 2912 1658; x_wconf 90' lang='lat' dir='ltr'><strong>sonat</strong></span> <span class='ocrx_word' id='word_1_342' title='bbox 2947 1603 3281 1673; x_wconf 67' lang='lat' dir='ltr'><strong>Egyptusg.</strong></span> <span class='ocrx_word' id='word_1_343' title='bbox 3314 1592 3523 1672; x_wconf 82' lang='lat' dir='ltr'><strong>lingua,</strong></span> <span class='ocrx_word' id='word_1_344' title='bbox 3554 1604 3613 1659; x_wconf 88' lang='lat' dir='ltr'><strong>id</strong></span> 
     </span>
    </p>
   </div>
   <div class='ocr_carea' id='block_1_46' title="bbox 1922 1690 3614 1760">
    <p class='ocr_par' dir='ltr' id='par_1_46' title="bbox 1922 1690 3614 1760">
     <span class='ocr_line' id='line_1_46' title="bbox 1922 1690 3614 1760; baseline 0.001 -15"><span class='ocrx_word' id='word_1_345' title='bbox 1922 1698 2006 1745; x_wconf 91' lang='lat' dir='ltr'><strong>est</strong></span> <span class='ocrx_word' id='word_1_346' title='bbox 2061 1691 2346 1746; x_wconf 88' lang='lat' dir='ltr'><strong>sententia</strong></span> <span class='ocrx_word' id='word_1_347' title='bbox 2410 1704 2514 1760; x_wconf 93' lang='lat' dir='ltr'><strong>per</strong></span> <span class='ocrx_word' id='word_1_348' title='bbox 2572 1690 2966 1760; x_wconf 79' lang='lat' dir='ltr'><strong>panitentiam</strong></span> <span class='ocrx_word' id='word_1_349' title='bbox 3029 1691 3284 1760; x_wconf 88' lang='lat' dir='ltr'><strong>pristina</strong></span> <span class='ocrx_word' id='word_1_350' title='bbox 3341 1691 3614 1748; x_wconf 86' lang='lat' dir='ltr'><strong>vanitatis</strong></span> 
     </span>
    </p>
   </div>
   <div class='ocr_carea' id='block_1_47' title="bbox 1917 1778 3609 1850">
    <p class='ocr_par' dir='ltr' id='par_1_47' title="bbox 1917 1778 3609 1850">
     <span class='ocr_line' id='line_1_47' title="bbox 1917 1778 3609 1850; baseline 0.001 -15"><span class='ocrx_word' id='word_1_351' title='bbox 1917 1786 2288 1845; x_wconf 89' lang='lat' dir='ltr'><strong>commutata,</strong></span> <span class='ocrx_word' id='word_1_352' title='bbox 2357 1778 2666 1835; x_wconf 89' lang='lat' dir='ltr'><strong>carnalitas</strong></span> <span class='ocrx_word' id='word_1_353' title='bbox 2733 1779 3226 1850; x_wconf 87' lang='lat' dir='ltr'><strong>mundialitasque</strong></span> <span class='ocrx_word' id='word_1_354' title='bbox 3292 1781 3609 1837; x_wconf 82' lang='lat' dir='ltr'><strong>calestium</strong></span> 
     </span>
    </p>
   </div>
   <div class='ocr_carea' id='block_1_48' title="bbox 1920 1867 3611 1938">
    <p class='ocr_par' dir='ltr' id='par_1_48' title="bbox 1920 1867 3611 1938">
     <span class='ocr_line' id='line_1_48' title="bbox 1920 1867 3611 1938; baseline 0 -15"><span class='ocrx_word' id='word_1_355' title='bbox 1920 1868 2240 1937; x_wconf 88' lang='lat' dir='ltr'><strong>appetitum</strong></span> <span class='ocrx_word' id='word_1_356' title='bbox 2282 1867 2483 1923; x_wconf 87' lang='lat' dir='ltr'><strong>salutis</strong></span> <span class='ocrx_word' id='word_1_357' title='bbox 2512 1868 2759 1938; x_wconf 88' lang='lat' dir='ltr'><strong>propria</strong></span> <span class='ocrx_word' id='word_1_358' title='bbox 2803 1867 3016 1924; x_wconf 83' lang='lat' dir='ltr'><strong>fatetur</strong></span> <span class='ocrx_word' id='word_1_359' title='bbox 3054 1876 3367 1924; x_wconf 87' lang='lat' dir='ltr'><strong>auctorem.</strong></span> <span class='ocrx_word' id='word_1_360' title='bbox 3414 1870 3611 1923; x_wconf 81' lang='lat' dir='ltr'><strong>Dedit-</strong></span> 
     </span>
    </p>
   </div>
   <div class='ocr_carea' id='block_1_49' title="bbox 1921 1956 3613 2026">
    <p class='ocr_par' dir='ltr' id='par_1_49' title="bbox 1921 1956 3613 2026">
     <span class='ocr_line' id='line_1_49' title="bbox 1921 1956 3613 2026; baseline 0.001 -16"><span class='ocrx_word' id='word_1_361' title='bbox 1921 1972 2022 2026; x_wconf 85' lang='lat' dir='ltr'><strong>que</strong></span> <span class='ocrx_word' id='word_1_362' title='bbox 2042 1956 2133 2012; x_wconf 86' lang='lat' dir='ltr'><strong>illi</strong></span> <span class='ocrx_word' id='word_1_363' title='bbox 2160 1972 2384 2011; x_wconf 69' lang='lat' dir='ltr'><strong>umorem</strong></span> <span class='ocrx_word' id='word_1_364' title='bbox 2429 1957 2688 2016; x_wconf 75' lang='lat' dir='ltr'><strong>Aseneth.</strong></span> <span class='ocrx_word' id='word_1_365' title='bbox 2724 1957 2906 2022; x_wconf 76' lang='lat' dir='ltr'><strong>ﬁliam</strong></span> <span class='ocrx_word' id='word_1_366' title='bbox 2952 1958 3273 2025; x_wconf 78' lang='lat' dir='ltr'><strong>Putipharis</strong></span> <span class='ocrx_word' id='word_1_367' title='bbox 3313 1959 3613 2013; x_wconf 77' lang='lat' dir='ltr'><strong>sacerdotis</strong></span> 
     </span>
    </p>
   </div>
   <div class='ocr_carea' id='block_1_50' title="bbox 1919 2044 3614 2115">
    <p class='ocr_par' dir='ltr' id='par_1_50' title="bbox 1919 2044 3614 2115">
     <span class='ocr_line' id='line_1_50' title="bbox 1919 2044 3614 2115; baseline 0.001 -17"><span class='ocrx_word' id='word_1_368' title='bbox 1919 2045 2284 2114; x_wconf 77' lang='lat' dir='ltr'><strong>Heliopoleos.</strong></span> <span class='ocrx_word' id='word_1_369' title='bbox 2317 2044 2568 2100; x_wconf 84' lang='lat' dir='ltr'><strong>Aseneth</strong></span> <span class='ocrx_word' id='word_1_370' title='bbox 2614 2046 2780 2098; x_wconf 88' lang='lat' dir='ltr'><strong>ruina</strong></span> <span class='ocrx_word' id='word_1_371' title='bbox 2822 2044 3266 2114; x_wconf 88' lang='lat' dir='ltr'><strong>interpretatur;</strong></span> <span class='ocrx_word' id='word_1_372' title='bbox 3310 2045 3614 2115; x_wconf 89' lang='lat' dir='ltr'><strong>Putiphar,</strong></span> 
     </span>
    </p>
   </div>
   <div class='ocr_carea' id='block_1_51' title="bbox 1919 2131 3613 2202">
    <p class='ocr_par' dir='ltr' id='par_1_51' title="bbox 1919 2131 3613 2202">
     <span class='ocr_line' id='line_1_51' title="bbox 1919 2131 3613 2202; baseline -0.001 -15"><span class='ocrx_word' id='word_1_373' title='bbox 1919 2148 1976 2187; x_wconf 87' lang='lat' dir='ltr'><strong>os</strong></span> <span class='ocrx_word' id='word_1_374' title='bbox 2016 2131 2288 2186; x_wconf 74' lang='lat' dir='ltr'><strong>inclinans</strong></span> <span class='ocrx_word' id='word_1_375' title='bbox 2335 2132 2409 2187; x_wconf 87' lang='lat' dir='ltr'><strong>ad</strong></span> <span class='ocrx_word' id='word_1_376' title='bbox 2457 2133 2877 2198; x_wconf 81' lang='lat' dir='ltr'><strong>dissecandum;</strong></span> <span class='ocrx_word' id='word_1_377' title='bbox 2924 2133 3300 2202; x_wconf 85' lang='lat' dir='ltr'><strong>Hcliopoleos,</strong></span> <span class='ocrx_word' id='word_1_378' title='bbox 3350 2135 3482 2188; x_wconf 73' lang='lat' dir='ltr'><strong>solis</strong></span> <span class='ocrx_word' id='word_1_379' title='bbox 3527 2137 3613 2188; x_wconf 86' lang='lat' dir='ltr'><strong>ci-</strong></span> 
     </span>
    </p>
   </div>
   <div class='ocr_carea' id='block_1_52' title="bbox 1919 2220 3615 2291">
    <p class='ocr_par' dir='ltr' id='par_1_52' title="bbox 1919 2220 3615 2291">
     <span class='ocr_line' id='line_1_52' title="bbox 1919 2220 3615 2291; baseline 0.002 -16"><span class='ocrx_word' id='word_1_380' title='bbox 1919 2224 2084 2276; x_wconf 80' lang='lat' dir='ltr'><strong>vitas.</strong></span> <span class='ocrx_word' id='word_1_381' title='bbox 2133 2221 2277 2277; x_wconf 88' lang='lat' dir='ltr'><strong>Filia</strong></span> <span class='ocrx_word' id='word_1_382' title='bbox 2324 2222 2487 2291; x_wconf 89' lang='lat' dir='ltr'><strong>pravi</strong></span> <span class='ocrx_word' id='word_1_383' title='bbox 2542 2221 2721 2277; x_wconf 90' lang='lat' dir='ltr'><strong>nostri</strong></span> <span class='ocrx_word' id='word_1_384' title='bbox 2780 2220 3088 2291; x_wconf 86' lang='lat' dir='ltr'><strong>appetitus,</strong></span> <span class='ocrx_word' id='word_1_385' title='bbox 3140 2221 3241 2290; x_wconf 89' lang='lat' dir='ltr'><strong>qui</strong></span> <span class='ocrx_word' id='word_1_386' title='bbox 3290 2236 3372 2283; x_wconf 90' lang='lat' dir='ltr'><strong>os,</strong></span> <span class='ocrx_word' id='word_1_387' title='bbox 3423 2222 3479 2278; x_wconf 93' lang='lat' dir='ltr'><strong>id</strong></span> <span class='ocrx_word' id='word_1_388' title='bbox 3531 2228 3615 2278; x_wconf 87' lang='lat' dir='ltr'><strong>est</strong></span> 
     </span>
    </p>
   </div>
   <div class='ocr_carea' id='block_1_53' title="bbox 1920 2309 3613 2379">
    <p class='ocr_par' dir='ltr' id='par_1_53' title="bbox 1920 2309 3613 2379">
     <span class='ocr_line' id='line_1_53' title="bbox 1920 2309 3613 2379; baseline 0.001 -16"><span class='ocrx_word' id='word_1_389' title='bbox 1920 2309 2142 2365; x_wconf 89' lang='lat' dir='ltr'><strong>aditum</strong></span> <span class='ocrx_word' id='word_1_390' title='bbox 2170 2309 2530 2366; x_wconf 88' lang='lat' dir='ltr'><strong>conscientia</strong></span> <span class='ocrx_word' id='word_1_391' title='bbox 2559 2323 2785 2378; x_wconf 89' lang='lat' dir='ltr'><strong>semper</strong></span> <span class='ocrx_word' id='word_1_392' title='bbox 2815 2309 3071 2375; x_wconf 89' lang='lat' dir='ltr'><strong>inclinat,</strong></span> <span class='ocrx_word' id='word_1_393' title='bbox 3105 2317 3168 2364; x_wconf 92' lang='lat' dir='ltr'><strong>ut</strong></span> <span class='ocrx_word' id='word_1_394' title='bbox 3210 2310 3364 2379; x_wconf 89' lang='lat' dir='ltr'><strong>quod</strong></span> <span class='ocrx_word' id='word_1_395' title='bbox 3407 2309 3613 2379; x_wconf 87' lang='lat' dir='ltr'><strong>spiritu</strong></span> 
     </span>
    </p>
   </div>
   <div class='ocr_carea' id='block_1_54' title="bbox 1922 2397 3612 2466">
    <p class='ocr_par' dir='ltr' id='par_1_54' title="bbox 1922 2397 3612 2466">
     <span class='ocr_line' id='line_1_54' title="bbox 1922 2397 3612 2466; baseline -0.001 -12"><span class='ocrx_word' id='word_1_396' title='bbox 1922 2398 2019 2454; x_wconf 89' lang='lat' dir='ltr'><strong>Dei</strong></span> <span class='ocrx_word' id='word_1_397' title='bbox 2066 2397 2299 2454; x_wconf 90' lang='lat' dir='ltr'><strong>unitum</strong></span> <span class='ocrx_word' id='word_1_398' title='bbox 2355 2406 2460 2462; x_wconf 89' lang='lat' dir='ltr'><strong>est,</strong></span> <span class='ocrx_word' id='word_1_399' title='bbox 2510 2398 2747 2453; x_wconf 90' lang='lat' dir='ltr'><strong>dissecet</strong></span> <span class='ocrx_word' id='word_1_400' title='bbox 2772 2404 2827 2453; x_wconf 94' lang='lat' dir='ltr'><strong>et</strong></span> <span class='ocrx_word' id='word_1_401' title='bbox 2878 2397 3128 2465; x_wconf 87' lang='lat' dir='ltr'><strong>dirimat,</strong></span> <span class='ocrx_word' id='word_1_402' title='bbox 3179 2398 3351 2452; x_wconf 89' lang='lat' dir='ltr'><strong>ruina</strong></span> <span class='ocrx_word' id='word_1_403' title='bbox 3400 2398 3612 2466; x_wconf 86' lang='lat' dir='ltr'><strong>peccati</strong></span> 
     </span>
    </p>
   </div>
   <div class='ocr_carea' id='block_1_55' title="bbox 1918 2484 3612 2556">
    <p class='ocr_par' dir='ltr' id='par_1_55' title="bbox 1918 2484 3612 2556">
     <span class='ocr_line' id='line_1_55' title="bbox 1918 2484 3612 2556; baseline -0.002 -13"><span class='ocrx_word' id='word_1_404' title='bbox 1918 2488 2516 2556; x_wconf 61' lang='lat' dir='ltr'><strong>est..Concupiscentia</strong></span> <span class='ocrx_word' id='word_1_405' title='bbox 2557 2485 2709 2541; x_wconf 87' lang='lat' dir='ltr'><strong>enim</strong></span> <span class='ocrx_word' id='word_1_406' title='bbox 2762 2501 2882 2539; x_wconf 85' lang='lat' dir='ltr'><strong>cum</strong></span> <span class='ocrx_word' id='word_1_407' title='bbox 2942 2488 3239 2554; x_wconf 78' lang='lat' dir='ltr'><strong>conceperit</strong></span> <span class='ocrx_word' id='word_1_408' title='bbox 3290 2484 3442 2555; x_wconf 79' lang='lat' dir='ltr'><strong>parit</strong></span> <span class='ocrx_word' id='word_1_409' title='bbox 3481 2502 3612 2555; x_wconf 83' lang='lat' dir='ltr'><strong>pec-</strong></span> 
     </span>
    </p>
   </div>
   <div class='ocr_carea' id='block_1_56' title="bbox 1919 2573 3612 2643">
    <p class='ocr_par' dir='ltr' id='par_1_56' title="bbox 1919 2573 3612 2643">
     <span class='ocr_line' id='line_1_56' title="bbox 1919 2573 3612 2643; baseline 0 -13"><span class='ocrx_word' id='word_1_410' title='bbox 1919 2579 2098 2631; x_wconf 86' lang='lat' dir='ltr'><strong>catum</strong></span> <span class='ocrx_word' id='word_1_411' title='bbox 2153 2576 2290 2643; x_wconf 82' lang='lat' dir='ltr'><strong>(Jac.</strong></span> <span class='ocrx_word' id='word_1_412' title='bbox 2344 2590 2383 2639; x_wconf 90' lang='lat'><strong>1,</strong></span> <span class='ocrx_word' id='word_1_413' title='bbox 2450 2574 2554 2643; x_wconf 77' lang='lat'><strong>15).</strong></span> <span class='ocrx_word' id='word_1_414' title='bbox 2608 2573 2832 2629; x_wconf 86' lang='lat' dir='ltr'><strong>Pharao</strong></span> <span class='ocrx_word' id='word_1_415' title='bbox 2890 2574 3101 2629; x_wconf 86' lang='lat' dir='ltr'><strong>dicitur</strong></span> <span class='ocrx_word' id='word_1_416' title='bbox 3169 2574 3466 2643; x_wconf 82' lang='lat' dir='ltr'><strong>dissipans,</strong></span> <span class='ocrx_word' id='word_1_417' title='bbox 3520 2574 3612 2630; x_wconf 84' lang='lat' dir='ltr'><strong>vel</strong></span> 
     </span>
    </p>
   </div>
   <div class='ocr_carea' id='block_1_57' title="bbox 1921 2651 3614 2732">
    <p class='ocr_par' dir='ltr' id='par_1_57' title="bbox 1921 2651 3614 2732">
     <span class='ocr_line' id='line_1_57' title="bbox 1921 2651 3614 2732; baseline 0 -15"><span class='ocrx_word' id='word_1_418' title='bbox 1921 2651 2317 2732; x_wconf 76' lang='lat' dir='ltr'><strong>discooperiens</strong></span> <span class='ocrx_word' id='word_1_419' title='bbox 2370 2678 2508 2717; x_wconf 86' lang='lat' dir='ltr'><strong>cum.</strong></span> <span class='ocrx_word' id='word_1_420' title='bbox 2573 2663 2705 2718; x_wconf 85' lang='lat' dir='ltr'><strong>Hac</strong></span> <span class='ocrx_word' id='word_1_421' title='bbox 2770 2675 2921 2717; x_wconf 85' lang='lat' dir='ltr'><strong>uxor</strong></span> <span class='ocrx_word' id='word_1_422' title='bbox 2980 2662 3183 2731; x_wconf 80' lang='lat' dir='ltr'><strong>Josepb</strong></span> <span class='ocrx_word' id='word_1_423' title='bbox 3237 2677 3271 2717; x_wconf 88' lang='lat' dir='ltr'><strong>a</strong></span> <span class='ocrx_word' id='word_1_424' title='bbox 3319 2662 3614 2718; x_wconf 83' lang='lat' dir='ltr'><strong>Pharaone</strong></span> 
     </span>
    </p>
   </div>
   <div class='ocr_carea' id='block_1_58' title="bbox 1920 2750 3615 2822">
    <p class='ocr_par' dir='ltr' id='par_1_58' title="bbox 1920 2750 3615 2822">
     <span class='ocr_line' id='line_1_58' title="bbox 1920 2750 3615 2822; baseline -0.001 -15"><span class='ocrx_word' id='word_1_425' title='bbox 1920 2752 2115 2817; x_wconf 90' lang='lat' dir='ltr'><strong>datur,</strong></span> <span class='ocrx_word' id='word_1_426' title='bbox 2154 2751 2389 2822; x_wconf 91' lang='lat' dir='ltr'><strong>quando</strong></span> <span class='ocrx_word' id='word_1_427' title='bbox 2431 2750 2504 2806; x_wconf 90' lang='lat' dir='ltr'><strong>ab</strong></span> <span class='ocrx_word' id='word_1_428' title='bbox 2536 2750 2655 2820; x_wconf 90' lang='lat' dir='ltr'><strong>ipso</strong></span> <span class='ocrx_word' id='word_1_429' title='bbox 2684 2764 2937 2819; x_wconf 87' lang='lat' dir='ltr'><strong>nequam</strong></span> <span class='ocrx_word' id='word_1_430' title='bbox 2983 2750 3239 2820; x_wconf 87' lang='lat' dir='ltr'><strong>appetitu</strong></span> <span class='ocrx_word' id='word_1_431' title='bbox 3291 2752 3362 2806; x_wconf 91' lang='lat' dir='ltr'><strong>ob</strong></span> <span class='ocrx_word' id='word_1_432' title='bbox 3409 2765 3615 2807; x_wconf 86' lang='lat' dir='ltr'><strong>causas</strong></span> 
     </span>
    </p>
   </div>
   <div class='ocr_carea' id='block_1_59' title="bbox 1921 2838 3610 2910">
    <p class='ocr_par' dir='ltr' id='par_1_59' title="bbox 1921 2838 3610 2910">
     <span class='ocr_line' id='line_1_59' title="bbox 1921 2838 3610 2910; baseline -0.001 -15"><span class='ocrx_word' id='word_1_433' title='bbox 1921 2855 2041 2896; x_wconf 88' lang='lat' dir='ltr'><strong>sua</strong></span> <span class='ocrx_word' id='word_1_434' title='bbox 2105 2839 2292 2910; x_wconf 90' lang='lat' dir='ltr'><strong>primo</strong></span> <span class='ocrx_word' id='word_1_435' title='bbox 2347 2851 2449 2909; x_wconf 91' lang='lat' dir='ltr'><strong>per</strong></span> <span class='ocrx_word' id='word_1_436' title='bbox 2510 2838 2652 2893; x_wconf 90' lang='lat' dir='ltr'><strong>vitia</strong></span> <span class='ocrx_word' id='word_1_437' title='bbox 2715 2838 3105 2907; x_wconf 87' lang='lat' dir='ltr'><strong>dissipationis</strong></span> <span class='ocrx_word' id='word_1_438' title='bbox 3168 2838 3404 2907; x_wconf 79' lang='lat' dir='ltr'><strong>superni</strong></span> <span class='ocrx_word' id='word_1_439' title='bbox 3460 2852 3610 2909; x_wconf 84' lang='lat' dir='ltr'><strong>aug-</strong></span> 
     </span>
    </p>
   </div>
   <div class='ocr_carea' id='block_1_60' title="bbox 119 2925 3611 2998">
    <p class='ocr_par' dir='ltr' id='par_1_60' title="bbox 119 2925 3611 2998">
     <span class='ocr_line' id='line_1_60' title="bbox 119 2925 3611 2998; baseline 0 -17"><span class='ocrx_word' id='word_1_440' title='bbox 119 2927 226 2993; x_wconf 89' lang='lat' dir='ltr'><strong>nis,</strong></span> <span class='ocrx_word' id='word_1_441' title='bbox 272 2926 613 2995; x_wconf 85' lang='lat' dir='ltr'><strong>mysterium</strong></span> <span class='ocrx_word' id='word_1_442' title='bbox 652 2933 735 2981; x_wconf 92' lang='lat' dir='ltr'><strong>est</strong></span> <span class='ocrx_word' id='word_1_443' title='bbox 765 2926 1086 2996; x_wconf 85' lang='lat' dir='ltr'><strong>iniquitatis</strong></span> <span class='ocrx_word' id='word_1_444' title='bbox 1116 2925 1176 2981; x_wconf 91' lang='lat' dir='ltr'><strong>in</strong></span> <span class='ocrx_word' id='word_1_445' title='bbox 1215 2926 1405 2982; x_wconf 90' lang='lat' dir='ltr'><strong>studio</strong></span> <span class='ocrx_word' id='word_1_446' title='bbox 1442 2927 1810 2997; x_wconf 87' lang='lat' dir='ltr'><strong>operationis,</strong></span> <span class='ocrx_word' id='word_1_447' title='bbox 1852 2941 1893 2995; x_wconf 73' lang='grc' dir='ltr'>ο</span> <span class='ocrx_word' id='word_1_448' title='bbox 1926 2927 2101 2984; x_wconf 90' lang='lat' dir='ltr'><strong>menti</strong></span> <span class='ocrx_word' id='word_1_449' title='bbox 2159 2926 2455 2993; x_wconf 89' lang='lat' dir='ltr'><strong>desiderio,</strong></span> <span class='ocrx_word' id='word_1_450' title='bbox 2514 2926 2674 2982; x_wconf 89' lang='lat' dir='ltr'><strong>velut</strong></span> <span class='ocrx_word' id='word_1_451' title='bbox 2733 2940 2883 2982; x_wconf 91' lang='lat' dir='ltr'><strong>uxor</strong></span> <span class='ocrx_word' id='word_1_452' title='bbox 2940 2927 3303 2998; x_wconf 86' lang='lat' dir='ltr'><strong>adjungitur,</strong></span> <span class='ocrx_word' id='word_1_453' title='bbox 3362 2935 3427 2983; x_wconf 92' lang='lat' dir='ltr'><strong>ut</strong></span> <span class='ocrx_word' id='word_1_454' title='bbox 3473 2928 3611 2983; x_wconf 91' lang='lat' dir='ltr'><strong>dum</strong></span> 
     </span>
    </p>
   </div>
   <div class='ocr_carea' id='block_1_61' title="bbox 118 3014 1800 3085">
    <p class='ocr_par' dir='ltr' id='par_1_61' title="bbox 118 3014 1800 3085">
     <span class='ocr_line' id='line_1_61' title="bbox 118 3014 1800 3085; baseline -0.001 -14"><span class='ocrx_word' id='word_1_455' title='bbox 118 3015 213 3071; x_wconf 88' lang='lat' dir='ltr'><strong>sed</strong></span> <span class='ocrx_word' id='word_1_456' title='bbox 242 3015 319 3071; x_wconf 91' lang='lat' dir='ltr'><strong>ab</strong></span> <span class='ocrx_word' id='word_1_457' title='bbox 353 3015 475 3084; x_wconf 91' lang='lat' dir='ltr'><strong>ipso</strong></span> <span class='ocrx_word' id='word_1_458' title='bbox 493 3015 702 3085; x_wconf 76' lang='lat' dir='ltr'><strong>Ioseph</strong></span> <span class='ocrx_word' id='word_1_459' title='bbox 731 3015 923 3082; x_wconf 90' lang='lat' dir='ltr'><strong>datur,</strong></span> <span class='ocrx_word' id='word_1_460' title='bbox 955 3029 1089 3070; x_wconf 91' lang='lat' dir='ltr'><strong>cum</strong></span> <span class='ocrx_word' id='word_1_461' title='bbox 1128 3014 1201 3069; x_wconf 88' lang='lat' dir='ltr'><strong>ad</strong></span> <span class='ocrx_word' id='word_1_462' title='bbox 1239 3014 1560 3071; x_wconf 89' lang='lat' dir='ltr'><strong>sanctitatis</strong></span> <span class='ocrx_word' id='word_1_463' title='bbox 1588 3015 1800 3071; x_wconf 90' lang='lat' dir='ltr'><strong>deside-</strong></span> 
     </span>
    </p>
   </div>
   <div class='ocr_carea' id='block_1_62' title="bbox 119 3100 1810 3172">
    <p class='ocr_par' dir='ltr' id='par_1_62' title="bbox 119 3100 1810 3172">
     <span class='ocr_line' id='line_1_62' title="bbox 119 3100 1810 3172; baseline 0.001 -16"><span class='ocrx_word' id='word_1_464' title='bbox 119 3102 269 3157; x_wconf 88' lang='lat' dir='ltr'><strong>rium</strong></span> <span class='ocrx_word' id='word_1_465' title='bbox 293 3100 536 3157; x_wconf 85' lang='lat' dir='ltr'><strong>afl‘ectus</strong></span> <span class='ocrx_word' id='word_1_466' title='bbox 565 3115 600 3156; x_wconf 92' lang='lat' dir='ltr'><strong>a</strong></span> <span class='ocrx_word' id='word_1_467' title='bbox 625 3101 1006 3172; x_wconf 90' lang='lat' dir='ltr'><strong>cupiditatum</strong></span> <span class='ocrx_word' id='word_1_468' title='bbox 1038 3102 1413 3172; x_wconf 88' lang='lat' dir='ltr'><strong>perversitate</strong></span> <span class='ocrx_word' id='word_1_469' title='bbox 1445 3103 1810 3159; x_wconf 79' lang='lat' dir='ltr'><strong>transfertur.</strong></span> 
     </span>
    </p>
   </div>
   <div class='ocr_carea' id='block_1_63' title="bbox 116 3190 1816 3262">
    <p class='ocr_par' dir='ltr' id='par_1_63' title="bbox 116 3190 1816 3262">
     <span class='ocr_line' id='line_1_63' title="bbox 116 3190 1816 3262; baseline 0.001 -17"><span class='ocrx_word' id='word_1_470' title='bbox 116 3191 353 3246; x_wconf 79' lang='lat' dir='ltr'><strong>Annulo</strong></span> <span class='ocrx_word' id='word_1_471' title='bbox 382 3198 575 3246; x_wconf 89' lang='lat' dir='ltr'><strong>autem</strong></span> <span class='ocrx_word' id='word_1_472' title='bbox 603 3191 841 3247; x_wconf 88' lang='lat' dir='ltr'><strong>celanda</strong></span> <span class='ocrx_word' id='word_1_473' title='bbox 868 3190 1196 3260; x_wconf 86' lang='lat' dir='ltr'><strong>signantur,</strong></span> <span class='ocrx_word' id='word_1_474' title='bbox 1231 3205 1334 3260; x_wconf 89' lang='lat' dir='ltr'><strong>per</strong></span> <span class='ocrx_word' id='word_1_475' title='bbox 1356 3191 1511 3262; x_wconf 90' lang='lat' dir='ltr'><strong>quod</strong></span> <span class='ocrx_word' id='word_1_476' title='bbox 1542 3192 1816 3262; x_wconf 89' lang='lat' dir='ltr'><strong>nequitia</strong></span> 
     </span>
    </p>
   </div>
   <div class='ocr_carea' id='block_1_64' title="bbox 118 3279 1816 3350">
    <p class='ocr_par' dir='ltr' id='par_1_64' title="bbox 118 3279 1816 3350">
     <span class='ocr_line' id='line_1_64' title="bbox 118 3279 1816 3350; baseline 0.001 -16"><span class='ocrx_word' id='word_1_477' title='bbox 118 3279 514 3335; x_wconf 84' lang='lat' dir='ltr'><strong>velamentum</strong></span> <span class='ocrx_word' id='word_1_478' title='bbox 552 3279 850 3349; x_wconf 87' lang='lat' dir='ltr'><strong>accipitur.</strong></span> <span class='ocrx_word' id='word_1_479' title='bbox 900 3279 1054 3335; x_wconf 91' lang='lat' dir='ltr'><strong>Stola</strong></span> <span class='ocrx_word' id='word_1_480' title='bbox 1109 3279 1343 3350; x_wconf 87' lang='lat' dir='ltr'><strong>byssina</strong></span> <span class='ocrx_word' id='word_1_481' title='bbox 1383 3288 1467 3336; x_wconf 89' lang='lat' dir='ltr'><strong>est</strong></span> <span class='ocrx_word' id='word_1_482' title='bbox 1513 3280 1816 3349; x_wconf 91' lang='lat' dir='ltr'><strong>incorrup-</strong></span> 
     </span>
    </p>
   </div>
   <div class='ocr_carea' id='block_1_65' title="bbox 121 3368 1812 3439">
    <p class='ocr_par' dir='ltr' id='par_1_65' title="bbox 121 3368 1812 3439">
     <span class='ocr_line' id='line_1_65' title="bbox 121 3368 1812 3439; baseline 0 -16"><span class='ocrx_word' id='word_1_483' title='bbox 121 3369 291 3425; x_wconf 88' lang='lat' dir='ltr'><strong>tiouis</strong></span> <span class='ocrx_word' id='word_1_484' title='bbox 323 3368 384 3423; x_wconf 90' lang='lat' dir='ltr'><strong>in</strong></span> <span class='ocrx_word' id='word_1_485' title='bbox 414 3382 512 3437; x_wconf 89' lang='lat' dir='ltr'><strong>spe</strong></span> <span class='ocrx_word' id='word_1_486' title='bbox 552 3368 674 3438; x_wconf 91' lang='lat' dir='ltr'><strong>jam</strong></span> <span class='ocrx_word' id='word_1_487' title='bbox 718 3368 919 3439; x_wconf 82' lang='lat' dir='ltr'><strong>gloria,</strong></span> <span class='ocrx_word' id='word_1_488' title='bbox 960 3368 1053 3424; x_wconf 88' lang='lat' dir='ltr'><strong>vel</strong></span> <span class='ocrx_word' id='word_1_489' title='bbox 1101 3369 1464 3425; x_wconf 88' lang='lat' dir='ltr'><strong>conscientia</strong></span> <span class='ocrx_word' id='word_1_490' title='bbox 1507 3369 1812 3425; x_wconf 88' lang='lat' dir='ltr'><strong>munditia.</strong></span> 
     </span>
    </p>
   </div>
   <div class='ocr_carea' id='block_1_66' title="bbox 119 3456 1815 3528">
    <p class='ocr_par' dir='ltr' id='par_1_66' title="bbox 119 3456 1815 3528">
     <span class='ocr_line' id='line_1_66' title="bbox 119 3456 1815 3528; baseline 0.001 -16"><span class='ocrx_word' id='word_1_491' title='bbox 119 3458 234 3512; x_wconf 87' lang='lat' dir='ltr'><strong>Hac</strong></span> <span class='ocrx_word' id='word_1_492' title='bbox 264 3471 372 3512; x_wconf 91' lang='lat' dir='ltr'><strong>nos</strong></span> <span class='ocrx_word' id='word_1_493' title='bbox 399 3456 584 3522; x_wconf 87' lang='lat' dir='ltr'><strong>vestit,</strong></span> <span class='ocrx_word' id='word_1_494' title='bbox 619 3472 750 3513; x_wconf 88' lang='lat' dir='ltr'><strong>cum</strong></span> <span class='ocrx_word' id='word_1_495' title='bbox 778 3456 850 3512; x_wconf 89' lang='lat' dir='ltr'><strong>ad</strong></span> <span class='ocrx_word' id='word_1_496' title='bbox 900 3458 1049 3513; x_wconf 89' lang='lat' dir='ltr'><strong>hanc</strong></span> <span class='ocrx_word' id='word_1_497' title='bbox 1089 3457 1439 3513; x_wconf 88' lang='lat' dir='ltr'><strong>induendam</strong></span> <span class='ocrx_word' id='word_1_498' title='bbox 1484 3472 1599 3514; x_wconf 91' lang='lat' dir='ltr'><strong>non</strong></span> <span class='ocrx_word' id='word_1_499' title='bbox 1637 3460 1815 3528; x_wconf 88' lang='lat' dir='ltr'><strong>impe-</strong></span> 
     </span>
    </p>
   </div>
   <div class='ocr_carea' id='block_1_67' title="bbox 120 3544 1812 3617">
    <p class='ocr_par' dir='ltr' id='par_1_67' title="bbox 120 3544 1812 3617">
     <span class='ocr_line' id='line_1_67' title="bbox 120 3544 1812 3617; baseline 0.001 -17"><span class='ocrx_word' id='word_1_500' title='bbox 120 3545 216 3600; x_wconf 90' lang='lat' dir='ltr'><strong>dit.</strong></span> <span class='ocrx_word' id='word_1_501' title='bbox 248 3544 460 3601; x_wconf 79' lang='lat' dir='ltr'><strong>Recole</strong></span> <span class='ocrx_word' id='word_1_502' title='bbox 505 3545 886 3615; x_wconf 88' lang='lat' dir='ltr'><strong>Evangelium</strong></span> <span class='ocrx_word' id='word_1_503' title='bbox 928 3545 998 3601; x_wconf 88' lang='lat' dir='ltr'><strong>de</strong></span> <span class='ocrx_word' id='word_1_504' title='bbox 1048 3546 1304 3617; x_wconf 88' lang='lat' dir='ltr'><strong>prodigo,</strong></span> <span class='ocrx_word' id='word_1_505' title='bbox 1350 3547 1447 3602; x_wconf 91' lang='lat' dir='ltr'><strong>sed</strong></span> <span class='ocrx_word' id='word_1_506' title='bbox 1495 3545 1812 3616; x_wconf 82' lang='lat' dir='ltr'><strong>panitenti,</strong></span> 
     </span>
    </p>
   </div>
   <div class='ocr_carea' id='block_1_68' title="bbox 120 3633 1812 3705">
    <p class='ocr_par' dir='ltr' id='par_1_68' title="bbox 120 3633 1812 3705">
     <span class='ocr_line' id='line_1_68' title="bbox 120 3633 1812 3705; baseline 0.001 -17"><span class='ocrx_word' id='word_1_507' title='bbox 120 3633 250 3700; x_wconf 87' lang='lat' dir='ltr'><strong>ﬁlio,</strong></span> <span class='ocrx_word' id='word_1_508' title='bbox 284 3648 421 3703; x_wconf 85' lang='lat' dir='ltr'><strong>qua</strong></span> <span class='ocrx_word' id='word_1_509' title='bbox 453 3646 721 3689; x_wconf 86' lang='lat' dir='ltr'><strong>reversus</strong></span> <span class='ocrx_word' id='word_1_510' title='bbox 758 3646 793 3687; x_wconf 90' lang='lat' dir='ltr'><strong>a</strong></span> <span class='ocrx_word' id='word_1_511' title='bbox 830 3639 991 3704; x_wconf 87' lang='lat' dir='ltr'><strong>patre</strong></span> <span class='ocrx_word' id='word_1_512' title='bbox 1023 3634 1175 3689; x_wconf 89' lang='lat' dir='ltr'><strong>dona</strong></span> <span class='ocrx_word' id='word_1_513' title='bbox 1218 3634 1495 3704; x_wconf 90' lang='lat' dir='ltr'><strong>percipiat</strong></span> <span class='ocrx_word' id='word_1_514' title='bbox 1534 3634 1685 3705; x_wconf 89' lang='lat' dir='ltr'><strong>(Luc.</strong></span> <span class='ocrx_word' id='word_1_515' title='bbox 1718 3651 1812 3702; x_wconf 89' lang='lat' dir='ltr'><strong>xv,</strong></span> 
     </span>
    </p>
   </div>
   <div class='ocr_carea' id='block_1_69' title="bbox 116 3720 1811 3793">
    <p class='ocr_par' dir='ltr' id='par_1_69' title="bbox 116 3720 1811 3793">
     <span class='ocr_line' id='line_1_69' title="bbox 116 3720 1811 3793; baseline 0.004 -19"><span class='ocrx_word' id='word_1_516' title='bbox 116 3722 225 3792; x_wconf 70' lang='lat'><strong>22.)</strong></span> <span class='ocrx_word' id='word_1_517' title='bbox 256 3720 417 3777; x_wconf 85' lang='lat' dir='ltr'><strong>Collo</strong></span> <span class='ocrx_word' id='word_1_518' title='bbox 446 3735 642 3776; x_wconf 88' lang='lat' dir='ltr'><strong>vocem</strong></span> <span class='ocrx_word' id='word_1_519' title='bbox 662 3721 1000 3789; x_wconf 89' lang='lat' dir='ltr'><strong>emittimus,</strong></span> <span class='ocrx_word' id='word_1_520' title='bbox 1022 3721 1338 3793; x_wconf 89' lang='lat' dir='ltr'><strong>cibumque</strong></span> <span class='ocrx_word' id='word_1_521' title='bbox 1357 3730 1412 3780; x_wconf 90' lang='lat' dir='ltr'><strong>et</strong></span> <span class='ocrx_word' id='word_1_522' title='bbox 1433 3723 1811 3791; x_wconf 88' lang='lat' dir='ltr'><strong>admittimus,</strong></span> 
     </span>
    </p>
   </div>
   <div class='ocr_carea' id='block_1_70' title="bbox 118 3809 1815 3883">
    <p class='ocr_par' dir='ltr' id='par_1_70' title="bbox 118 3809 1815 3883">
     <span class='ocr_line' id='line_1_70' title="bbox 118 3809 1815 3883; baseline 0.002 -18"><span class='ocrx_word' id='word_1_523' title='bbox 118 3824 216 3879; x_wconf 86' lang='lat' dir='ltr'><strong>per</strong></span> <span class='ocrx_word' id='word_1_524' title='bbox 243 3810 403 3880; x_wconf 89' lang='lat' dir='ltr'><strong>quod</strong></span> <span class='ocrx_word' id='word_1_525' title='bbox 440 3810 555 3864; x_wconf 89' lang='lat' dir='ltr'><strong>vim</strong></span> <span class='ocrx_word' id='word_1_526' title='bbox 585 3809 805 3865; x_wconf 87' lang='lat' dir='ltr'><strong>consilii</strong></span> <span class='ocrx_word' id='word_1_527' title='bbox 838 3809 1171 3880; x_wconf 90' lang='lat' dir='ltr'><strong>accipimus,</strong></span> <span class='ocrx_word' id='word_1_528' title='bbox 1196 3813 1350 3881; x_wconf 91' lang='lat' dir='ltr'><strong>quod</strong></span> <span class='ocrx_word' id='word_1_529' title='bbox 1376 3812 1542 3868; x_wconf 89' lang='lat' dir='ltr'><strong>nobis</strong></span> <span class='ocrx_word' id='word_1_530' title='bbox 1569 3812 1815 3883; x_wconf 89' lang='lat' dir='ltr'><strong>aliisque</strong></span> 
     </span>
    </p>
   </div>
   <div class='ocr_carea' id='block_1_71' title="bbox 114 3898 1813 3970">
    <p class='ocr_par' dir='ltr' id='par_1_71' title="bbox 114 3898 1813 3970">
     <span class='ocr_line' id='line_1_71' title="bbox 114 3898 1813 3970; baseline 0.004 -18"><span class='ocrx_word' id='word_1_531' title='bbox 114 3898 524 3969; x_wconf 85' lang='lat' dir='ltr'><strong>impendimus.</strong></span> <span class='ocrx_word' id='word_1_532' title='bbox 562 3898 702 3954; x_wconf 84' lang='lat' dir='ltr'><strong>Huic</strong></span> <span class='ocrx_word' id='word_1_533' title='bbox 723 3907 957 3968; x_wconf 91' lang='lat' dir='ltr'><strong>torques</strong></span> <span class='ocrx_word' id='word_1_534' title='bbox 973 3912 1153 3954; x_wconf 87' lang='lat' dir='ltr'><strong>aurea</strong></span> <span class='ocrx_word' id='word_1_535' title='bbox 1172 3900 1646 3970; x_wconf 89' lang='lat' dir='ltr'><strong>circumponitur,</strong></span> <span class='ocrx_word' id='word_1_536' title='bbox 1680 3916 1813 3958; x_wconf 91' lang='lat' dir='ltr'><strong>cum</strong></span> 
     </span>
    </p>
   </div>
   <div class='ocr_carea' id='block_1_72' title="bbox 113 3986 1810 4057">
    <p class='ocr_par' dir='ltr' id='par_1_72' title="bbox 113 3986 1810 4057">
     <span class='ocr_line' id='line_1_72' title="bbox 113 3986 1810 4057; baseline 0.001 -14"><span class='ocrx_word' id='word_1_537' title='bbox 113 4002 385 4057; x_wconf 85' lang='lat' dir='ltr'><strong>superna</strong></span> <span class='ocrx_word' id='word_1_538' title='bbox 414 3986 758 4043; x_wconf 90' lang='lat' dir='ltr'><strong>documento</strong></span> <span class='ocrx_word' id='word_1_539' title='bbox 793 3987 1073 4051; x_wconf 88' lang='lat' dir='ltr'><strong>veritatis,</strong></span> <span class='ocrx_word' id='word_1_540' title='bbox 1107 4000 1226 4056; x_wconf 90' lang='lat' dir='ltr'><strong>qua</strong></span> <span class='ocrx_word' id='word_1_541' title='bbox 1259 3987 1343 4043; x_wconf 91' lang='lat' dir='ltr'><strong>nil</strong></span> <span class='ocrx_word' id='word_1_542' title='bbox 1373 3988 1676 4057; x_wconf 89' lang='lat' dir='ltr'><strong>pretiosius</strong></span> <span class='ocrx_word' id='word_1_543' title='bbox 1706 3996 1810 4055; x_wconf 90' lang='lat' dir='ltr'><strong>est,</strong></span> 
     </span>
    </p>
   </div>
   <div class='ocr_carea' id='block_1_73' title="bbox 112 4075 1815 4143">
    <p class='ocr_par' dir='ltr' id='par_1_73' title="bbox 112 4075 1815 4143">
     <span class='ocr_line' id='line_1_73' title="bbox 112 4075 1815 4143; baseline 0.001 -11"><span class='ocrx_word' id='word_1_544' title='bbox 112 4083 167 4132; x_wconf 87' lang='lat' dir='ltr'><strong>et</strong></span> <span class='ocrx_word' id='word_1_545' title='bbox 196 4075 471 4132; x_wconf 90' lang='lat' dir='ltr'><strong>munitur</strong></span> <span class='ocrx_word' id='word_1_546' title='bbox 500 4075 804 4132; x_wconf 92' lang='lat' dir='ltr'><strong>locutionis</strong></span> <span class='ocrx_word' id='word_1_547' title='bbox 833 4075 995 4132; x_wconf 91' lang='lat' dir='ltr'><strong>nullo</strong></span> <span class='ocrx_word' id='word_1_548' title='bbox 1030 4075 1358 4143; x_wconf 88' lang='lat' dir='ltr'><strong>obsistente,</strong></span> <span class='ocrx_word' id='word_1_549' title='bbox 1397 4084 1452 4133; x_wconf 91' lang='lat' dir='ltr'><strong>et</strong></span> <span class='ocrx_word' id='word_1_550' title='bbox 1492 4077 1815 4133; x_wconf 86' lang='lat' dir='ltr'><strong>illustratus</strong></span> 
     </span>
    </p>
   </div>
   <div class='ocr_carea' id='block_1_74' title="bbox 115 4164 951 4220">
    <p class='ocr_par' dir='ltr' id='par_1_74' title="bbox 115 4164 951 4220">
     <span class='ocr_line' id='line_1_74' title="bbox 115 4164 951 4220; baseline 0 -1"><span class='ocrx_word' id='word_1_551' title='bbox 115 4172 327 4220; x_wconf 83' lang='lat' dir='ltr'><strong>nostra</strong></span> <span class='ocrx_word' id='word_1_552' title='bbox 356 4164 716 4219; x_wconf 89' lang='lat' dir='ltr'><strong>discretionis</strong></span> <span class='ocrx_word' id='word_1_553' title='bbox 743 4164 951 4220; x_wconf 86' lang='lat' dir='ltr'><strong>virtus.</strong></span> 
     </span>
    </p>
   </div>
   <div class='ocr_carea' id='block_1_75' title="bbox 192 4250 1815 4322">
    <p class='ocr_par' dir='ltr' id='par_1_75' title="bbox 192 4250 1815 4322">
     <span class='ocr_line' id='line_1_75' title="bbox 192 4250 1815 4322; baseline 0.001 -17"><span class='ocrx_word' id='word_1_554' title='bbox 192 4256 345 4305; x_wconf 66' lang='grc'><strong>151)</strong></span> <span class='ocrx_word' id='word_1_555' title='bbox 391 4250 562 4307; x_wconf 73' lang='lat' dir='ltr'><strong>Vens.</strong></span> <span class='ocrx_word' id='word_1_556' title='bbox 627 4251 717 4304; x_wconf 81' lang='grc'><strong>43.</strong></span> <span class='ocrx_word' id='word_1_557' title='bbox 778 4281 848 4291; x_wconf 90' lang='grc'><strong><em>-</em></strong></span> <span class='ocrx_word' id='word_1_558' title='bbox 881 4252 1028 4306; x_wconf 85' lang='lat' dir='ltr'><strong>Fecit</strong></span> <span class='ocrx_word' id='word_1_559' title='bbox 1063 4266 1274 4321; x_wconf 88' lang='lat' dir='ltr'><strong>quoque</strong></span> <span class='ocrx_word' id='word_1_560' title='bbox 1319 4252 1604 4307; x_wconf 78' lang='lat' dir='ltr'><strong>ascendere</strong></span> <span class='ocrx_word' id='word_1_561' title='bbox 1649 4268 1815 4322; x_wconf 87' lang='lat' dir='ltr'><strong>super</strong></span> 
     </span>
    </p>
   </div>
   <div class='ocr_carea' id='block_1_76' title="bbox 114 4340 1814 4409">
    <p class='ocr_par' dir='ltr' id='par_1_76' title="bbox 114 4340 1814 4409">
     <span class='ocr_line' id='line_1_76' title="bbox 114 4340 1814 4409; baseline 0.002 -17"><span class='ocrx_word' id='word_1_562' title='bbox 114 4355 342 4393; x_wconf 76' lang='lat' dir='ltr'><strong>cia-rum</strong></span> <span class='ocrx_word' id='word_1_563' title='bbox 376 4354 536 4393; x_wconf 88' lang='lat' dir='ltr'><strong>suum</strong></span> <span class='ocrx_word' id='word_1_564' title='bbox 574 4340 886 4405; x_wconf 84' lang='lat' dir='ltr'><strong>secundum,</strong></span> <span class='ocrx_word' id='word_1_565' title='bbox 933 4342 1201 4394; x_wconf 85' lang='lat' dir='ltr'><strong>clamante</strong></span> <span class='ocrx_word' id='word_1_566' title='bbox 1245 4356 1487 4409; x_wconf 74' lang='lat' dir='ltr'><strong>praecone</strong></span> <span class='ocrx_word' id='word_1_567' title='bbox 1530 4346 1591 4395; x_wconf 90' lang='lat' dir='ltr'><strong>ut</strong></span> <span class='ocrx_word' id='word_1_568' title='bbox 1637 4358 1814 4396; x_wconf 86' lang='lat' dir='ltr'><strong>omnes</strong></span> 
     </span>
    </p>
   </div>
   <div class='ocr_carea' id='block_1_77' title="bbox 114 4429 1817 4500">
    <p class='ocr_par' dir='ltr' id='par_1_77' title="bbox 114 4429 1817 4500">
     <span class='ocr_line' id='line_1_77' title="bbox 114 4429 1817 4500; baseline 0.004 -19"><span class='ocrx_word' id='word_1_569' title='bbox 114 4445 299 4482; x_wconf 84' lang='lat' dir='ltr'><strong>coram</strong></span> <span class='ocrx_word' id='word_1_570' title='bbox 343 4443 402 4482; x_wconf 86' lang='lat' dir='ltr'><strong>eo</strong></span> <span class='ocrx_word' id='word_1_571' title='bbox 453 4432 879 4497; x_wconf 77' lang='lat' dir='ltr'><strong>genu/lecterent.</strong></span> <span class='ocrx_word' id='word_1_572' title='bbox 930 4429 1152 4486; x_wconf 87' lang='lat' dir='ltr'><strong>Currus</strong></span> <span class='ocrx_word' id='word_1_573' title='bbox 1192 4429 1510 4486; x_wconf 86' lang='lat' dir='ltr'><strong>Pharaonis</strong></span> <span class='ocrx_word' id='word_1_574' title='bbox 1567 4430 1817 4500; x_wconf 91' lang='lat' dir='ltr'><strong>impetus</strong></span> 
     </span>
    </p>
   </div>
   <div class='ocr_carea' id='block_1_78' title="bbox 113 4516 1815 4589">
    <p class='ocr_par' dir='ltr' id='par_1_78' title="bbox 113 4516 1815 4589">
     <span class='ocr_line' id='line_1_78' title="bbox 113 4516 1815 4589; baseline 0.002 -17"><span class='ocrx_word' id='word_1_575' title='bbox 113 4525 195 4572; x_wconf 84' lang='lat' dir='ltr'><strong>est</strong></span> <span class='ocrx_word' id='word_1_576' title='bbox 226 4516 580 4572; x_wconf 86' lang='lat' dir='ltr'><strong>ambitionis.</strong></span> <span class='ocrx_word' id='word_1_577' title='bbox 612 4516 910 4573; x_wconf 91' lang='lat' dir='ltr'><strong>Secundus</strong></span> <span class='ocrx_word' id='word_1_578' title='bbox 941 4525 1135 4574; x_wconf 90' lang='lat' dir='ltr'><strong>autem</strong></span> <span class='ocrx_word' id='word_1_579' title='bbox 1175 4532 1386 4575; x_wconf 91' lang='lat' dir='ltr'><strong>currus</strong></span> <span class='ocrx_word' id='word_1_580' title='bbox 1414 4526 1517 4586; x_wconf 91' lang='lat' dir='ltr'><strong>est,</strong></span> <span class='ocrx_word' id='word_1_581' title='bbox 1550 4534 1665 4575; x_wconf 88' lang='lat' dir='ltr'><strong>non</strong></span> <span class='ocrx_word' id='word_1_582' title='bbox 1692 4520 1815 4589; x_wconf 88' lang='lat' dir='ltr'><strong>jam</strong></span> 
     </span>
    </p>
   </div>
   <div class='ocr_carea' id='block_1_79' title="bbox 116 4604 1816 4677">
    <p class='ocr_par' dir='ltr' id='par_1_79' title="bbox 116 4604 1816 4677">
     <span class='ocr_line' id='line_1_79' title="bbox 116 4604 1816 4677; baseline 0.003 -18"><span class='ocrx_word' id='word_1_583' title='bbox 116 4604 507 4660; x_wconf 84' lang='lat' dir='ltr'><strong>materialium</strong></span> <span class='ocrx_word' id='word_1_584' title='bbox 537 4605 840 4676; x_wconf 88' lang='lat' dir='ltr'><strong>cupiditas,</strong></span> <span class='ocrx_word' id='word_1_585' title='bbox 869 4606 966 4661; x_wconf 88' lang='lat' dir='ltr'><strong>sed</strong></span> <span class='ocrx_word' id='word_1_586' title='bbox 989 4605 1086 4661; x_wconf 90' lang='lat' dir='ltr'><strong>illa</strong></span> <span class='ocrx_word' id='word_1_587' title='bbox 1115 4621 1248 4677; x_wconf 88' lang='lat' dir='ltr'><strong>qua</strong></span> <span class='ocrx_word' id='word_1_588' title='bbox 1278 4608 1563 4677; x_wconf 88' lang='lat' dir='ltr'><strong>pracipue</strong></span> <span class='ocrx_word' id='word_1_589' title='bbox 1587 4615 1816 4665; x_wconf 88' lang='lat' dir='ltr'><strong>sanctos</strong></span> 
     </span>
    </p>
   </div>
   <div class='ocr_carea' id='block_1_80' title="bbox 113 4694 1816 4764">
    <p class='ocr_par' dir='ltr' id='par_1_80' title="bbox 113 4694 1816 4764">
     <span class='ocr_line' id='line_1_80' title="bbox 113 4694 1816 4764; baseline 0.004 -17"><span class='ocrx_word' id='word_1_590' title='bbox 113 4694 273 4749; x_wconf 90' lang='lat' dir='ltr'><strong>viros</strong></span> <span class='ocrx_word' id='word_1_591' title='bbox 294 4694 622 4750; x_wconf 87' lang='lat' dir='ltr'><strong>voluntarie</strong></span> <span class='ocrx_word' id='word_1_592' title='bbox 678 4708 960 4764; x_wconf 90' lang='lat' dir='ltr'><strong>pauperes</strong></span> <span class='ocrx_word' id='word_1_593' title='bbox 996 4694 1237 4764; x_wconf 90' lang='lat' dir='ltr'><strong>impetit,</strong></span> <span class='ocrx_word' id='word_1_594' title='bbox 1296 4696 1567 4752; x_wconf 84' lang='lat' dir='ltr'><strong>humana</strong></span> <span class='ocrx_word' id='word_1_595' title='bbox 1627 4697 1816 4753; x_wconf 88' lang='lat' dir='ltr'><strong>laudis</strong></span> 
     </span>
    </p>
   </div>
   <div class='ocr_carea' id='block_1_81' title="bbox 113 4781 1815 4852">
    <p class='ocr_par' dir='ltr' id='par_1_81' title="bbox 113 4781 1815 4852">
     <span class='ocr_line' id='line_1_81' title="bbox 113 4781 1815 4852; baseline 0.003 -16"><span class='ocrx_word' id='word_1_596' title='bbox 113 4781 384 4837; x_wconf 85' lang='lat' dir='ltr'><strong>aviditas.</strong></span> <span class='ocrx_word' id='word_1_597' title='bbox 415 4782 595 4852; x_wconf 83' lang='lat' dir='ltr'><strong>Major</strong></span> <span class='ocrx_word' id='word_1_598' title='bbox 625 4796 760 4837; x_wconf 90' lang='lat' dir='ltr'><strong>vero</strong></span> <span class='ocrx_word' id='word_1_599' title='bbox 794 4783 1000 4851; x_wconf 88' lang='lat' dir='ltr'><strong>priore,</strong></span> <span class='ocrx_word' id='word_1_600' title='bbox 1043 4783 1337 4852; x_wconf 88' lang='lat' dir='ltr'><strong>sequentis</strong></span> <span class='ocrx_word' id='word_1_601' title='bbox 1366 4785 1669 4841; x_wconf 85' lang='lat' dir='ltr'><strong>acerbitas.</strong></span> <span class='ocrx_word' id='word_1_602' title='bbox 1701 4785 1815 4841; x_wconf 91' lang='lat' dir='ltr'><strong>Su-</strong></span> 
     </span>
    </p>
   </div>
   <div class='ocr_carea' id='block_1_82' title="bbox 111 4869 1814 4939">
    <p class='ocr_par' dir='ltr' id='par_1_82' title="bbox 111 4869 1814 4939">
     <span class='ocr_line' id='line_1_82' title="bbox 111 4869 1814 4939; baseline 0.002 -14"><span class='ocrx_word' id='word_1_603' title='bbox 111 4884 216 4939; x_wconf 89' lang='lat' dir='ltr'><strong>per</strong></span> <span class='ocrx_word' id='word_1_604' title='bbox 245 4869 409 4925; x_wconf 91' lang='lat' dir='ltr'><strong>hunc</strong></span> <span class='ocrx_word' id='word_1_605' title='bbox 443 4870 751 4925; x_wconf 83' lang='lat' dir='ltr'><strong>ascendere</strong></span> <span class='ocrx_word' id='word_1_606' title='bbox 776 4885 909 4926; x_wconf 88' lang='lat' dir='ltr'><strong>eum</strong></span> <span class='ocrx_word' id='word_1_607' title='bbox 941 4870 1093 4934; x_wconf 88' lang='lat' dir='ltr'><strong>facit,</strong></span> <span class='ocrx_word' id='word_1_608' title='bbox 1130 4885 1264 4926; x_wconf 92' lang='lat' dir='ltr'><strong>cum</strong></span> <span class='ocrx_word' id='word_1_609' title='bbox 1294 4872 1502 4928; x_wconf 81' lang='lat' dir='ltr'><strong>calesti</strong></span> <span class='ocrx_word' id='word_1_610' title='bbox 1536 4873 1814 4929; x_wconf 90' lang='lat' dir='ltr'><strong>desiderio</strong></span> 
     </span>
    </p>
   </div>
   <div class='ocr_carea' id='block_1_83' title="bbox 113 4958 1815 5028">
    <p class='ocr_par' dir='ltr' id='par_1_83' title="bbox 113 4958 1815 5028">
     <span class='ocr_line' id='line_1_83' title="bbox 113 4958 1815 5028; baseline 0.001 -14"><span class='ocrx_word' id='word_1_611' title='bbox 113 4958 374 5014; x_wconf 86' lang='lat' dir='ltr'><strong>avaritia</strong></span> <span class='ocrx_word' id='word_1_612' title='bbox 426 4972 742 5014; x_wconf 80' lang='lat' dir='ltr'><strong>excursum</strong></span> <span class='ocrx_word' id='word_1_613' title='bbox 791 4958 1033 5028; x_wconf 91' lang='lat' dir='ltr'><strong>deprimi</strong></span> <span class='ocrx_word' id='word_1_614' title='bbox 1083 4959 1379 5028; x_wconf 89' lang='lat' dir='ltr'><strong>permittit.</strong></span> <span class='ocrx_word' id='word_1_615' title='bbox 1429 4960 1497 5016; x_wconf 89' lang='lat' dir='ltr'><strong>Hi</strong></span> <span class='ocrx_word' id='word_1_616' title='bbox 1545 4960 1697 5016; x_wconf 90' lang='lat' dir='ltr'><strong>enim</strong></span> <span class='ocrx_word' id='word_1_617' title='bbox 1757 4962 1815 5017; x_wconf 91' lang='lat' dir='ltr'><strong>in</strong></span> 
     </span>
    </p>
   </div>
   <div class='ocr_carea' id='block_1_84' title="bbox 111 5044 1810 5119">
    <p class='ocr_par' dir='ltr' id='par_1_84' title="bbox 111 5044 1810 5119">
     <span class='ocr_line' id='line_1_84' title="bbox 111 5044 1810 5119; baseline 0.001 -17"><span class='ocrx_word' id='word_1_618' title='bbox 111 5046 387 5102; x_wconf 90' lang='lat' dir='ltr'><strong>curribus</strong></span> <span class='ocrx_word' id='word_1_619' title='bbox 415 5053 470 5100; x_wconf 86' lang='lat' dir='ltr'><strong>et</strong></span> <span class='ocrx_word' id='word_1_620' title='bbox 493 5044 549 5100; x_wconf 90' lang='lat' dir='ltr'><strong>bi</strong></span> <span class='ocrx_word' id='word_1_621' title='bbox 573 5044 982 5114; x_wconf 87' lang='lat' dir='ltr'><strong>jucundantur</strong></span> <span class='ocrx_word' id='word_1_622' title='bbox 1011 5046 1069 5101; x_wconf 90' lang='lat' dir='ltr'><strong>in</strong></span> <span class='ocrx_word' id='word_1_623' title='bbox 1098 5046 1266 5116; x_wconf 85' lang='lat' dir='ltr'><strong>equis</strong></span> <span class='ocrx_word' id='word_1_624' title='bbox 1295 5048 1472 5112; x_wconf 88' lang='lat' dir='ltr'><strong>(Psal.</strong></span> <span class='ocrx_word' id='word_1_625' title='bbox 1507 5062 1622 5110; x_wconf 78' lang='lat' dir='ltr'><strong>XIX,</strong></span> <span class='ocrx_word' id='word_1_626' title='bbox 1653 5048 1730 5119; x_wconf 88' lang='grc'><strong>8),</strong></span> <span class='ocrx_word' id='word_1_627' title='bbox 1752 5048 1810 5103; x_wconf 91' lang='lat' dir='ltr'><strong>id</strong></span> 
     </span>
    </p>
   </div>
   <div class='ocr_carea' id='block_1_85' title="bbox 113 5132 1815 5206">
    <p class='ocr_par' dir='ltr' id='par_1_85' title="bbox 113 5132 1815 5206">
     <span class='ocr_line' id='line_1_85' title="bbox 113 5132 1815 5206; baseline 0.002 -16"><span class='ocrx_word' id='word_1_628' title='bbox 113 5142 216 5199; x_wconf 86' lang='lat' dir='ltr'><strong>est,</strong></span> <span class='ocrx_word' id='word_1_629' title='bbox 270 5134 331 5189; x_wconf 91' lang='lat' dir='ltr'><strong>bi</strong></span> <span class='ocrx_word' id='word_1_630' title='bbox 379 5134 437 5189; x_wconf 91' lang='lat' dir='ltr'><strong>in</strong></span> <span class='ocrx_word' id='word_1_631' title='bbox 473 5132 907 5203; x_wconf 88' lang='lat' dir='ltr'><strong>cupiditatibus,</strong></span> <span class='ocrx_word' id='word_1_632' title='bbox 958 5140 1015 5190; x_wconf 90' lang='lat' dir='ltr'><strong>et</strong></span> <span class='ocrx_word' id='word_1_633' title='bbox 1057 5135 1116 5190; x_wconf 92' lang='lat' dir='ltr'><strong>bi</strong></span> <span class='ocrx_word' id='word_1_634' title='bbox 1163 5135 1219 5190; x_wconf 93' lang='lat' dir='ltr'><strong>in</strong></span> <span class='ocrx_word' id='word_1_635' title='bbox 1262 5136 1568 5206; x_wconf 89' lang='lat' dir='ltr'><strong>superbiis.</strong></span> <span class='ocrx_word' id='word_1_636' title='bbox 1624 5136 1815 5193; x_wconf 89' lang='lat' dir='ltr'><strong>Praco</strong></span> 
     </span>
    </p>
   </div>
   <div class='ocr_carea' id='block_1_86' title="bbox 118 5222 1815 5293">
    <p class='ocr_par' dir='ltr' id='par_1_86' title="bbox 118 5222 1815 5293">
     <span class='ocr_line' id='line_1_86' title="bbox 118 5222 1815 5293; baseline 0.002 -16"><span class='ocrx_word' id='word_1_637' title='bbox 118 5222 326 5277; x_wconf 90' lang='lat' dir='ltr'><strong>clamat</strong></span> <span class='ocrx_word' id='word_1_638' title='bbox 363 5236 499 5277; x_wconf 93' lang='lat' dir='ltr'><strong>cum</strong></span> <span class='ocrx_word' id='word_1_639' title='bbox 544 5234 725 5277; x_wconf 88' lang='lat' dir='ltr'><strong>sacra</strong></span> <span class='ocrx_word' id='word_1_640' title='bbox 752 5222 1001 5293; x_wconf 88' lang='lat' dir='ltr'><strong>pagina,</strong></span> <span class='ocrx_word' id='word_1_641' title='bbox 1054 5231 1155 5279; x_wconf 91' lang='lat' dir='ltr'><strong>aut</strong></span> <span class='ocrx_word' id='word_1_642' title='bbox 1201 5223 1386 5279; x_wconf 89' lang='lat' dir='ltr'><strong>divini</strong></span> <span class='ocrx_word' id='word_1_643' title='bbox 1435 5224 1656 5281; x_wconf 90' lang='lat' dir='ltr'><strong>timoris</strong></span> <span class='ocrx_word' id='word_1_644' title='bbox 1698 5239 1815 5282; x_wconf 89' lang='lat' dir='ltr'><strong>vox</strong></span> 
     </span>
    </p>
   </div>
   <div class='ocr_carea' id='block_1_87' title="bbox 118 5310 1815 5370">
    <p class='ocr_par' dir='ltr' id='par_1_87' title="bbox 118 5310 1815 5370">
     <span class='ocr_line' id='line_1_87' title="bbox 118 5310 1815 5370; baseline 0.003 -6"><span class='ocrx_word' id='word_1_645' title='bbox 118 5310 306 5367; x_wconf 87' lang='lat' dir='ltr'><strong>vicina</strong></span> <span class='ocrx_word' id='word_1_646' title='bbox 348 5311 557 5368; x_wconf 88' lang='lat' dir='ltr'><strong>crebro</strong></span> <span class='ocrx_word' id='word_1_647' title='bbox 604 5310 763 5365; x_wconf 92' lang='lat' dir='ltr'><strong>cordi</strong></span> <span class='ocrx_word' id='word_1_648' title='bbox 813 5319 867 5367; x_wconf 91' lang='lat' dir='ltr'><strong>et</strong></span> <span class='ocrx_word' id='word_1_649' title='bbox 911 5312 1153 5368; x_wconf 90' lang='lat' dir='ltr'><strong>auribus</strong></span> <span class='ocrx_word' id='word_1_650' title='bbox 1200 5313 1469 5369; x_wconf 88' lang='lat' dir='ltr'><strong>enuntiat</strong></span> <span class='ocrx_word' id='word_1_651' title='bbox 1516 5321 1581 5369; x_wconf 93' lang='lat' dir='ltr'><strong>ut</strong></span> <span class='ocrx_word' id='word_1_652' title='bbox 1628 5314 1815 5370; x_wconf 90' lang='lat' dir='ltr'><strong>omnis</strong></span> 
     </span>
    </p>
   </div>
   <div class='ocr_carea' id='block_1_88' title="bbox 118 5398 1811 5471">
    <p class='ocr_par' dir='ltr' id='par_1_88' title="bbox 118 5398 1811 5471">
     <span class='ocr_line' id='line_1_88' title="bbox 118 5398 1811 5471; baseline 0.002 -17"><span class='ocrx_word' id='word_1_653' title='bbox 118 5414 396 5468; x_wconf 86' lang='lat' dir='ltr'><strong>corporea</strong></span> <span class='ocrx_word' id='word_1_654' title='bbox 455 5398 777 5455; x_wconf 85' lang='lat' dir='ltr'><strong>insolentia</strong></span> <span class='ocrx_word' id='word_1_655' title='bbox 835 5399 1013 5470; x_wconf 86' lang='lat' dir='ltr'><strong>rigor,</strong></span> <span class='ocrx_word' id='word_1_656' title='bbox 1073 5400 1147 5455; x_wconf 91' lang='lat' dir='ltr'><strong>ad</strong></span> <span class='ocrx_word' id='word_1_657' title='bbox 1197 5402 1517 5470; x_wconf 87' lang='lat' dir='ltr'><strong>appetenda</strong></span> <span class='ocrx_word' id='word_1_658' title='bbox 1576 5409 1811 5471; x_wconf 89' lang='lat' dir='ltr'><strong>aterna,</strong></span> 
     </span>
    </p>
   </div>
   <div class='ocr_carea' id='block_1_89' title="bbox 119 5488 1809 5562">
    <p class='ocr_par' dir='ltr' id='par_1_89' title="bbox 119 5488 1809 5562">
     <span class='ocr_line' id='line_1_89' title="bbox 119 5488 1809 5562; baseline 0.001 -18"><span class='ocrx_word' id='word_1_659' title='bbox 119 5489 401 5560; x_wconf 86' lang='lat' dir='ltr'><strong>quidquid</strong></span> <span class='ocrx_word' id='word_1_660' title='bbox 433 5488 549 5544; x_wconf 92' lang='lat' dir='ltr'><strong>sibi</strong></span> <span class='ocrx_word' id='word_1_661' title='bbox 580 5488 725 5543; x_wconf 89' lang='lat' dir='ltr'><strong>inest</strong></span> <span class='ocrx_word' id='word_1_662' title='bbox 755 5488 1161 5544; x_wconf 87' lang='lat' dir='ltr'><strong>cervicositatis</strong></span> <span class='ocrx_word' id='word_1_663' title='bbox 1190 5488 1460 5546; x_wconf 88' lang='lat' dir='ltr'><strong>inﬂectat.</strong></span> <span class='ocrx_word' id='word_1_664' title='bbox 1496 5489 1688 5562; x_wconf 74' lang='lat' dir='ltr'><strong>(Vens.</strong></span> <span class='ocrx_word' id='word_1_665' title='bbox 1720 5491 1809 5546; x_wconf 77' lang='grc'><strong>44.</strong></span> 
     </span>
    </p>
   </div>
   <div class='ocr_carea' id='block_1_90' title="bbox 1922 3014 3617 3086">
    <p class='ocr_par' dir='ltr' id='par_1_90' title="bbox 1922 3014 3617 3086">
     <span class='ocr_line' id='line_1_90' title="bbox 1922 3014 3617 3086; baseline -0.002 -13"><span class='ocrx_word' id='word_1_666' title='bbox 1922 3024 2377 3086; x_wconf 88' lang='lat' dir='ltr'><strong>perpetratorum</strong></span> <span class='ocrx_word' id='word_1_667' title='bbox 2420 3015 2705 3071; x_wconf 89' lang='lat' dir='ltr'><strong>malorum</strong></span> <span class='ocrx_word' id='word_1_668' title='bbox 2752 3016 2924 3071; x_wconf 92' lang='lat' dir='ltr'><strong>ruina</strong></span> <span class='ocrx_word' id='word_1_669' title='bbox 2966 3015 3359 3085; x_wconf 88' lang='lat' dir='ltr'><strong>perpenditur,</strong></span> <span class='ocrx_word' id='word_1_670' title='bbox 3414 3023 3469 3071; x_wconf 90' lang='lat' dir='ltr'><strong>et</strong></span> <span class='ocrx_word' id='word_1_671' title='bbox 3515 3014 3617 3070; x_wconf 90' lang='lat' dir='ltr'><strong>ini-</strong></span> 
     </span>
    </p>
   </div>
   <div class='ocr_carea' id='block_1_91' title="bbox 1924 3103 3612 3176">
    <p class='ocr_par' dir='ltr' id='par_1_91' title="bbox 1924 3103 3612 3176">
     <span class='ocr_line' id='line_1_91' title="bbox 1924 3103 3612 3176; baseline -0.002 -15"><span class='ocrx_word' id='word_1_672' title='bbox 1924 3105 2216 3176; x_wconf 89' lang='lat' dir='ltr'><strong>quitatum</strong></span> <span class='ocrx_word' id='word_1_673' title='bbox 2259 3104 2596 3160; x_wconf 88' lang='lat' dir='ltr'><strong>earumdem</strong></span> <span class='ocrx_word' id='word_1_674' title='bbox 2634 3103 2876 3169; x_wconf 87' lang='lat' dir='ltr'><strong>fructus,</strong></span> <span class='ocrx_word' id='word_1_675' title='bbox 2911 3118 3084 3174; x_wconf 88' lang='lat' dir='ltr'><strong>quem</strong></span> <span class='ocrx_word' id='word_1_676' title='bbox 3127 3104 3317 3175; x_wconf 87' lang='lat' dir='ltr'><strong>signat</strong></span> <span class='ocrx_word' id='word_1_677' title='bbox 3362 3105 3612 3159; x_wconf 80' lang='lat' dir='ltr'><strong>Pharao—</strong></span> 
     </span>
    </p>
   </div>
   <div class='ocr_carea' id='block_1_92' title="bbox 1922 3192 3615 3263">
    <p class='ocr_par' dir='ltr' id='par_1_92' title="bbox 1922 3192 3615 3263">
     <span class='ocr_line' id='line_1_92' title="bbox 1922 3192 3615 3263; baseline -0.001 -14"><span class='ocrx_word' id='word_1_678' title='bbox 1922 3194 2034 3261; x_wconf 91' lang='lat' dir='ltr'><strong>nis,</strong></span> <span class='ocrx_word' id='word_1_679' title='bbox 2089 3192 2536 3263; x_wconf 90' lang='lat' dir='ltr'><strong>Putipbarisque</strong></span> <span class='ocrx_word' id='word_1_680' title='bbox 2583 3206 2811 3259; x_wconf 90' lang='lat' dir='ltr'><strong>nomen,</strong></span> <span class='ocrx_word' id='word_1_681' title='bbox 2862 3192 3210 3261; x_wconf 85' lang='lat' dir='ltr'><strong>attenditur;</strong></span> <span class='ocrx_word' id='word_1_682' title='bbox 3257 3192 3384 3247; x_wconf 86' lang='lat' dir='ltr'><strong>inde</strong></span> <span class='ocrx_word' id='word_1_683' title='bbox 3430 3192 3615 3261; x_wconf 80' lang='lat' dir='ltr'><strong>proles</strong></span> 
     </span>
    </p>
   </div>
   <div class='ocr_carea' id='block_1_93' title="bbox 1924 3279 3616 3352">
    <p class='ocr_par' dir='ltr' id='par_1_93' title="bbox 1924 3279 3616 3352">
     <span class='ocr_line' id='line_1_93' title="bbox 1924 3279 3616 3352; baseline -0.002 -16"><span class='ocrx_word' id='word_1_684' title='bbox 1924 3282 2003 3352; x_wconf 91' lang='lat' dir='ltr'><strong>pii</strong></span> <span class='ocrx_word' id='word_1_685' title='bbox 2028 3281 2214 3350; x_wconf 90' lang='lat' dir='ltr'><strong>operis</strong></span> <span class='ocrx_word' id='word_1_686' title='bbox 2235 3280 2577 3351; x_wconf 90' lang='lat' dir='ltr'><strong>propensius</strong></span> <span class='ocrx_word' id='word_1_687' title='bbox 2619 3287 2993 3351; x_wconf 86' lang='lat' dir='ltr'><strong>propagetur.</strong></span> <span class='ocrx_word' id='word_1_688' title='bbox 3032 3280 3313 3349; x_wconf 85' lang='lat' dir='ltr'><strong>Putiphar</strong></span> <span class='ocrx_word' id='word_1_689' title='bbox 3353 3279 3616 3335; x_wconf 85' lang='lat' dir='ltr'><strong>sacerdos</strong></span> 
     </span>
    </p>
   </div>
   <div class='ocr_carea' id='block_1_94' title="bbox 1922 3368 3612 3439">
    <p class='ocr_par' dir='ltr' id='par_1_94' title="bbox 1922 3368 3612 3439">
     <span class='ocr_line' id='line_1_94' title="bbox 1922 3368 3612 3439; baseline -0.004 -12"><span class='ocrx_word' id='word_1_690' title='bbox 1922 3378 2027 3438; x_wconf 88' lang='lat' dir='ltr'><strong>est,</strong></span> <span class='ocrx_word' id='word_1_691' title='bbox 2092 3369 2458 3439; x_wconf 83' lang='lat' dir='ltr'><strong>Heliopoleos,</strong></span> <span class='ocrx_word' id='word_1_692' title='bbox 2509 3368 2649 3439; x_wconf 89' lang='lat' dir='ltr'><strong>quia</strong></span> <span class='ocrx_word' id='word_1_693' title='bbox 2690 3368 2951 3438; x_wconf 88' lang='lat' dir='ltr'><strong>nequitia</strong></span> <span class='ocrx_word' id='word_1_694' title='bbox 2998 3368 3475 3437; x_wconf 86' lang='lat' dir='ltr'><strong>concupiscentia</strong></span> <span class='ocrx_word' id='word_1_695' title='bbox 3521 3381 3612 3423; x_wconf 89' lang='lat' dir='ltr'><strong>sa-</strong></span> 
     </span>
    </p>
   </div>
   <div class='ocr_carea' id='block_1_95' title="bbox 1924 3455 3612 3526">
    <p class='ocr_par' dir='ltr' id='par_1_95' title="bbox 1924 3455 3612 3526">
     <span class='ocr_line' id='line_1_95' title="bbox 1924 3455 3612 3526; baseline -0.004 -11"><span class='ocrx_word' id='word_1_696' title='bbox 1924 3473 2041 3526; x_wconf 88' lang='lat' dir='ltr'><strong>cra,</strong></span> <span class='ocrx_word' id='word_1_697' title='bbox 2086 3457 2139 3512; x_wconf 91' lang='lat' dir='ltr'><strong>id</strong></span> <span class='ocrx_word' id='word_1_698' title='bbox 2186 3465 2271 3514; x_wconf 92' lang='lat' dir='ltr'><strong>est</strong></span> <span class='ocrx_word' id='word_1_699' title='bbox 2313 3456 2685 3512; x_wconf 85' lang='lat' dir='ltr'><strong>exsecrabilis</strong></span> <span class='ocrx_word' id='word_1_700' title='bbox 2729 3458 2851 3512; x_wconf 81' lang='lat' dir='ltr'><strong>dux</strong></span> <span class='ocrx_word' id='word_1_701' title='bbox 2897 3464 2981 3511; x_wconf 90' lang='lat' dir='ltr'><strong>est</strong></span> <span class='ocrx_word' id='word_1_702' title='bbox 3027 3455 3154 3521; x_wconf 88' lang='lat' dir='ltr'><strong>via,</strong></span> <span class='ocrx_word' id='word_1_703' title='bbox 3202 3469 3321 3526; x_wconf 90' lang='lat' dir='ltr'><strong>qua</strong></span> <span class='ocrx_word' id='word_1_704' title='bbox 3377 3455 3491 3511; x_wconf 88' lang='lat' dir='ltr'><strong>itur</strong></span> <span class='ocrx_word' id='word_1_705' title='bbox 3541 3455 3612 3509; x_wconf 90' lang='lat' dir='ltr'><strong>ad</strong></span> 
     </span>
    </p>
   </div>
   <div class='ocr_carea' id='block_1_96' title="bbox 1925 3543 3613 3613">
    <p class='ocr_par' dir='ltr' id='par_1_96' title="bbox 1925 3543 3613 3613">
     <span class='ocr_line' id='line_1_96' title="bbox 1925 3543 3613 3613; baseline -0.002 -11"><span class='ocrx_word' id='word_1_706' title='bbox 1925 3547 2235 3613; x_wconf 88' lang='lat' dir='ltr'><strong>civitatem,</strong></span> <span class='ocrx_word' id='word_1_707' title='bbox 2272 3559 2385 3601; x_wconf 94' lang='lat' dir='ltr'><strong>non</strong></span> <span class='ocrx_word' id='word_1_708' title='bbox 2425 3545 2547 3600; x_wconf 89' lang='lat' dir='ltr'><strong>veri</strong></span> <span class='ocrx_word' id='word_1_709' title='bbox 2594 3544 2747 3611; x_wconf 89' lang='lat' dir='ltr'><strong>solis,</strong></span> <span class='ocrx_word' id='word_1_710' title='bbox 2787 3545 2958 3613; x_wconf 86' lang='lat' dir='ltr'><strong>cujus</strong></span> <span class='ocrx_word' id='word_1_711' title='bbox 2998 3545 3207 3600; x_wconf 78' lang='lat' dir='ltr'><strong>artifex</strong></span> <span class='ocrx_word' id='word_1_712' title='bbox 3252 3553 3308 3599; x_wconf 85' lang='lat' dir='ltr'><strong>et</strong></span> <span class='ocrx_word' id='word_1_713' title='bbox 3353 3543 3613 3599; x_wconf 89' lang='lat' dir='ltr'><strong>conditor</strong></span> 
     </span>
    </p>
   </div>
   <div class='ocr_carea' id='block_1_97' title="bbox 1926 3630 3614 3705">
    <p class='ocr_par' dir='ltr' id='par_1_97' title="bbox 1926 3630 3614 3705">
     <span class='ocr_line' id='line_1_97' title="bbox 1926 3630 3614 3705; baseline -0.003 -13"><span class='ocrx_word' id='word_1_714' title='bbox 1926 3638 2076 3692; x_wconf 89' lang='lat' dir='ltr'><strong>Deus</strong></span> <span class='ocrx_word' id='word_1_715' title='bbox 2120 3642 2206 3691; x_wconf 93' lang='lat' dir='ltr'><strong>est</strong></span> <span class='ocrx_word' id='word_1_716' title='bbox 2254 3634 2437 3705; x_wconf 85' lang='lat' dir='ltr'><strong>(Hebr.</strong></span> <span class='ocrx_word' id='word_1_717' title='bbox 2481 3648 2559 3699; x_wconf 87' lang='lat' dir='ltr'><strong>x1,</strong></span> <span class='ocrx_word' id='word_1_718' title='bbox 2624 3634 2732 3699; x_wconf 87' lang='grc'><strong>10),</strong></span> <span class='ocrx_word' id='word_1_719' title='bbox 2777 3633 2873 3688; x_wconf 90' lang='lat' dir='ltr'><strong>sed</strong></span> <span class='ocrx_word' id='word_1_720' title='bbox 2945 3646 3122 3702; x_wconf 89' lang='lat' dir='ltr'><strong>quam</strong></span> <span class='ocrx_word' id='word_1_721' title='bbox 3183 3646 3311 3687; x_wconf 88' lang='lat' dir='ltr'><strong>eam</strong></span> <span class='ocrx_word' id='word_1_722' title='bbox 3369 3630 3614 3687; x_wconf 85' lang='lat' dir='ltr'><strong>adilicat</strong></span> 
     </span>
    </p>
   </div>
   <div class='ocr_carea' id='block_1_98' title="bbox 1924 3720 3267 3780">
    <p class='ocr_par' dir='ltr' id='par_1_98' title="bbox 1924 3720 3267 3780">
     <span class='ocr_line' id='line_1_98' title="bbox 1924 3720 3267 3780; baseline -0.004 0"><span class='ocrx_word' id='word_1_723' title='bbox 1924 3723 2023 3780; x_wconf 92' lang='lat' dir='ltr'><strong>ubi</strong></span> <span class='ocrx_word' id='word_1_724' title='bbox 2048 3722 2272 3779; x_wconf 87' lang='lat' dir='ltr'><strong>fervent</strong></span> <span class='ocrx_word' id='word_1_725' title='bbox 2302 3720 2568 3777; x_wconf 89' lang='lat' dir='ltr'><strong>incendia</strong></span> <span class='ocrx_word' id='word_1_726' title='bbox 2595 3720 2893 3777; x_wconf 85' lang='lat' dir='ltr'><strong>multiﬁda</strong></span> <span class='ocrx_word' id='word_1_727' title='bbox 2918 3720 3267 3776; x_wconf 83' lang='lat' dir='ltr'><strong>tentationis.</strong></span> 
     </span>
    </p>
   </div>
   <div class='ocr_carea' id='block_1_99' title="bbox 1998 3808 3612 3877">
    <p class='ocr_par' dir='ltr' id='par_1_99' title="bbox 1998 3808 3612 3877">
     <span class='ocr_line' id='line_1_99' title="bbox 1998 3808 3612 3877; baseline -0.005 -9"><span class='ocrx_word' id='word_1_728' title='bbox 1998 3812 2167 3868; x_wconf 73' lang='lat' dir='ltr'><strong>Vnus.</strong></span> <span class='ocrx_word' id='word_1_729' title='bbox 2212 3812 2300 3864; x_wconf 84' lang='grc'><strong>46.</strong></span> <span class='ocrx_word' id='word_1_730' title='bbox 2350 3840 2420 3851; x_wconf 89' lang='grc'><strong><em>-</em></strong></span> <span class='ocrx_word' id='word_1_731' title='bbox 2467 3813 2731 3877; x_wconf 87' lang='lat' dir='ltr'><strong>Egressus</strong></span> <span class='ocrx_word' id='word_1_732' title='bbox 2787 3811 2974 3877; x_wconf 80' lang='lat' dir='ltr'><strong>itaque</strong></span> <span class='ocrx_word' id='word_1_733' title='bbox 3035 3810 3229 3877; x_wconf 74' lang='lat' dir='ltr'><strong>Ioseph</strong></span> <span class='ocrx_word' id='word_1_734' title='bbox 3281 3808 3357 3861; x_wconf 86' lang='lat' dir='ltr'><strong>ad</strong></span> <span class='ocrx_word' id='word_1_735' title='bbox 3410 3812 3612 3861; x_wconf 88' lang='lat' dir='ltr'><strong>terram</strong></span> 
     </span>
    </p>
   </div>
   <div class='ocr_carea' id='block_1_100' title="bbox 1921 3896 3614 3970">
    <p class='ocr_par' dir='ltr' id='par_1_100' title="bbox 1921 3896 3614 3970">
     <span class='ocr_line' id='line_1_100' title="bbox 1921 3896 3614 3970; baseline -0.003 -14"><span class='ocrx_word' id='word_1_736' title='bbox 1921 3901 2146 3969; x_wconf 63' lang='lat' dir='ltr'><strong>Egypti</strong></span> <span class='ocrx_word' id='word_1_737' title='bbox 2192 3899 2449 3970; x_wconf 81' lang='lat' dir='ltr'><strong>(triginta</strong></span> <span class='ocrx_word' id='word_1_738' title='bbox 2484 3904 2664 3952; x_wconf 88' lang='lat' dir='ltr'><strong>autem</strong></span> <span class='ocrx_word' id='word_1_739' title='bbox 2701 3913 2967 3951; x_wconf 82' lang='lat' dir='ltr'><strong>annorum</strong></span> <span class='ocrx_word' id='word_1_740' title='bbox 3014 3901 3150 3960; x_wconf 91' lang='lat' dir='ltr'><strong>erat,</strong></span> <span class='ocrx_word' id='word_1_741' title='bbox 3202 3896 3421 3966; x_wconf 86' lang='lat' dir='ltr'><strong>quando</strong></span> <span class='ocrx_word' id='word_1_742' title='bbox 3464 3898 3614 3951; x_wconf 85' lang='lat' dir='ltr'><strong>stetit</strong></span> 
     </span>
    </p>
   </div>
   <div class='ocr_carea' id='block_1_101' title="bbox 1922 3986 3614 4057">
    <p class='ocr_par' dir='ltr' id='par_1_101' title="bbox 1922 3986 3614 4057">
     <span class='ocr_line' id='line_1_101' title="bbox 1922 3986 3614 4057; baseline -0.002 -14"><span class='ocrx_word' id='word_1_743' title='bbox 1922 3992 1980 4043; x_wconf 90' lang='lat' dir='ltr'><strong>in</strong></span> <span class='ocrx_word' id='word_1_744' title='bbox 2033 3993 2315 4057; x_wconf 83' lang='lat' dir='ltr'><strong>conspectu</strong></span> <span class='ocrx_word' id='word_1_745' title='bbox 2359 3990 2504 4053; x_wconf 86' lang='lat' dir='ltr'><strong>regis</strong></span> <span class='ocrx_word' id='word_1_746' title='bbox 2559 3986 2881 4055; x_wconf 84' lang='lat' dir='ltr'><strong>Pharaonis)</strong></span> <span class='ocrx_word' id='word_1_747' title='bbox 2937 3987 3245 4039; x_wconf 70' lang='lat' dir='ltr'><strong>circumibit</strong></span> <span class='ocrx_word' id='word_1_748' title='bbox 3290 4000 3471 4039; x_wconf 76' lang='lat' dir='ltr'><strong>omnes</strong></span> <span class='ocrx_word' id='word_1_749' title='bbox 3521 4001 3614 4039; x_wconf 84' lang='lat' dir='ltr'><strong>re-</strong></span> 
     </span>
    </p>
   </div>
   <div class='ocr_carea' id='block_1_102' title="bbox 1921 4073 3615 4148">
    <p class='ocr_par' dir='ltr' id='par_1_102' title="bbox 1921 4073 3615 4148">
     <span class='ocr_line' id='line_1_102' title="bbox 1921 4073 3615 4148; baseline -0.002 -16"><span class='ocrx_word' id='word_1_750' title='bbox 1921 4081 2104 4147; x_wconf 84' lang='lat' dir='ltr'><strong>giones</strong></span> <span class='ocrx_word' id='word_1_751' title='bbox 2136 4078 2381 4148; x_wconf 70' lang='lat' dir='ltr'><strong>Egypti.</strong></span> <span class='ocrx_word' id='word_1_752' title='bbox 2414 4076 2513 4130; x_wconf 80' lang='lat' dir='ltr'><strong>Ad</strong></span> <span class='ocrx_word' id='word_1_753' title='bbox 2549 4079 2751 4130; x_wconf 87' lang='lat' dir='ltr'><strong>terram</strong></span> <span class='ocrx_word' id='word_1_754' title='bbox 2792 4078 3019 4145; x_wconf 68' lang='lat' dir='ltr'><strong>Egypti</strong></span> <span class='ocrx_word' id='word_1_755' title='bbox 3061 4074 3255 4145; x_wconf 85' lang='lat' dir='ltr'><strong>egredi</strong></span> <span class='ocrx_word' id='word_1_756' title='bbox 3293 4073 3526 4141; x_wconf 88' lang='lat' dir='ltr'><strong>dicitur,</strong></span> <span class='ocrx_word' id='word_1_757' title='bbox 3558 4082 3615 4129; x_wconf 89' lang='lat' dir='ltr'><strong>et</strong></span> 
     </span>
    </p>
   </div>
   <div class='ocr_carea' id='block_1_103' title="bbox 1921 4162 3614 4235">
    <p class='ocr_par' dir='ltr' id='par_1_103' title="bbox 1921 4162 3614 4235">
     <span class='ocr_line' id='line_1_103' title="bbox 1921 4162 3614 4235; baseline -0.004 -12"><span class='ocrx_word' id='word_1_758' title='bbox 1921 4167 2003 4223; x_wconf 90' lang='lat' dir='ltr'><strong>sic</strong></span> <span class='ocrx_word' id='word_1_759' title='bbox 2033 4167 2275 4235; x_wconf 63' lang='lat' dir='ltr'><strong>zEgp/pti</strong></span> <span class='ocrx_word' id='word_1_760' title='bbox 2318 4167 2561 4233; x_wconf 84' lang='lat' dir='ltr'><strong>regiones</strong></span> <span class='ocrx_word' id='word_1_761' title='bbox 2588 4163 2910 4229; x_wconf 87' lang='lat' dir='ltr'><strong>circumire,</strong></span> <span class='ocrx_word' id='word_1_762' title='bbox 2942 4163 3081 4233; x_wconf 87' lang='lat' dir='ltr'><strong>quia</strong></span> <span class='ocrx_word' id='word_1_763' title='bbox 3125 4162 3232 4217; x_wconf 90' lang='lat' dir='ltr'><strong>nisi</strong></span> <span class='ocrx_word' id='word_1_764' title='bbox 3275 4162 3469 4218; x_wconf 88' lang='lat' dir='ltr'><strong>saculi</strong></span> <span class='ocrx_word' id='word_1_765' title='bbox 3508 4169 3614 4217; x_wconf 91' lang='lat' dir='ltr'><strong>ter-</strong></span> 
     </span>
    </p>
   </div>
   <div class='ocr_carea' id='block_1_104' title="bbox 1852 4236 3617 4322">
    <p class='ocr_par' dir='ltr' id='par_1_104' title="bbox 1852 4236 3617 4322">
     <span class='ocr_line' id='line_1_104' title="bbox 1852 4236 3617 4322; baseline -0.003 -11"><span class='ocrx_word' id='word_1_766' title='bbox 1852 4236 1893 4290; x_wconf 75' lang='lat' dir='ltr'><strong>D</strong></span> <span class='ocrx_word' id='word_1_767' title='bbox 1923 4255 2221 4311; x_wconf 89' lang='lat' dir='ltr'><strong>renitatem</strong></span> <span class='ocrx_word' id='word_1_768' title='bbox 2295 4253 2473 4308; x_wconf 90' lang='lat' dir='ltr'><strong>animi</strong></span> <span class='ocrx_word' id='word_1_769' title='bbox 2550 4251 2846 4322; x_wconf 87' lang='lat' dir='ltr'><strong>majestate</strong></span> <span class='ocrx_word' id='word_1_770' title='bbox 2916 4250 3351 4315; x_wconf 87' lang='lat' dir='ltr'><strong>excesserimus,</strong></span> <span class='ocrx_word' id='word_1_771' title='bbox 3420 4264 3617 4306; x_wconf 91' lang='lat' dir='ltr'><strong>omnes</strong></span> 
     </span>
    </p>
   </div>
   <div class='ocr_carea' id='block_1_105' title="bbox 1919 4339 3611 4410">
    <p class='ocr_par' dir='ltr' id='par_1_105' title="bbox 1919 4339 3611 4410">
     <span class='ocr_line' id='line_1_105' title="bbox 1919 4339 3611 4410; baseline -0.003 -11"><span class='ocrx_word' id='word_1_772' title='bbox 1919 4342 2308 4399; x_wconf 88' lang='lat' dir='ltr'><strong>sensualitatis</strong></span> <span class='ocrx_word' id='word_1_773' title='bbox 2361 4347 2569 4397; x_wconf 87' lang='lat' dir='ltr'><strong>nostra</strong></span> <span class='ocrx_word' id='word_1_774' title='bbox 2633 4348 2834 4410; x_wconf 85' lang='lat' dir='ltr'><strong>partes,</strong></span> <span class='ocrx_word' id='word_1_775' title='bbox 2902 4339 3071 4409; x_wconf 90' lang='lat' dir='ltr'><strong>quasi</strong></span> <span class='ocrx_word' id='word_1_776' title='bbox 3121 4339 3352 4409; x_wconf 67' lang='lat' dir='ltr'><strong>{Egypti</strong></span> <span class='ocrx_word' id='word_1_777' title='bbox 3412 4339 3611 4405; x_wconf 89' lang='lat' dir='ltr'><strong>latera,</strong></span> 
     </span>
    </p>
   </div>
   <div class='ocr_carea' id='block_1_106' title="bbox 1921 4427 3615 4498">
    <p class='ocr_par' dir='ltr' id='par_1_106' title="bbox 1921 4427 3615 4498">
     <span class='ocr_line' id='line_1_106' title="bbox 1921 4427 3615 4498; baseline -0.003 -11"><span class='ocrx_word' id='word_1_778' title='bbox 1921 4431 2113 4487; x_wconf 89' lang='lat' dir='ltr'><strong>debita</strong></span> <span class='ocrx_word' id='word_1_779' title='bbox 2178 4430 2517 4486; x_wconf 88' lang='lat' dir='ltr'><strong>auctoritate</strong></span> <span class='ocrx_word' id='word_1_780' title='bbox 2568 4427 2857 4498; x_wconf 89' lang='lat' dir='ltr'><strong>despicere</strong></span> <span class='ocrx_word' id='word_1_781' title='bbox 2908 4441 3026 4483; x_wconf 90' lang='lat' dir='ltr'><strong>non</strong></span> <span class='ocrx_word' id='word_1_782' title='bbox 3082 4441 3411 4497; x_wconf 90' lang='lat' dir='ltr'><strong>possumus.</strong></span> <span class='ocrx_word' id='word_1_783' title='bbox 3464 4427 3615 4483; x_wconf 87' lang='lat' dir='ltr'><strong>Licet</strong></span> 
     </span>
    </p>
   </div>
   <div class='ocr_carea' id='block_1_107' title="bbox 1920 4515 3611 4591">
    <p class='ocr_par' dir='ltr' id='par_1_107' title="bbox 1920 4515 3611 4591">
     <span class='ocr_line' id='line_1_107' title="bbox 1920 4515 3611 4591; baseline -0.003 -15"><span class='ocrx_word' id='word_1_784' title='bbox 1920 4534 2056 4591; x_wconf 84' lang='lat' dir='ltr'><strong>ergo</strong></span> <span class='ocrx_word' id='word_1_785' title='bbox 2118 4519 2175 4574; x_wconf 92' lang='lat' dir='ltr'><strong>in</strong></span> <span class='ocrx_word' id='word_1_786' title='bbox 2231 4532 2464 4588; x_wconf 89' lang='lat' dir='ltr'><strong>corpore</strong></span> <span class='ocrx_word' id='word_1_787' title='bbox 2511 4516 2825 4584; x_wconf 88' lang='lat' dir='ltr'><strong>constituti,</strong></span> <span class='ocrx_word' id='word_1_788' title='bbox 2895 4523 3062 4572; x_wconf 88' lang='lat' dir='ltr'><strong>extra</strong></span> <span class='ocrx_word' id='word_1_789' title='bbox 3123 4516 3251 4586; x_wconf 92' lang='lat' dir='ltr'><strong>ejus</strong></span> <span class='ocrx_word' id='word_1_790' title='bbox 3315 4515 3611 4581; x_wconf 87' lang='lat' dir='ltr'><strong>desideria,</strong></span> 
     </span>
    </p>
   </div>
   <div class='ocr_carea' id='block_1_108' title="bbox 1922 4606 3613 4680">
    <p class='ocr_par' dir='ltr' id='par_1_108' title="bbox 1922 4606 3613 4680">
     <span class='ocr_line' id='line_1_108' title="bbox 1922 4606 3613 4680; baseline -0.005 -15"><span class='ocrx_word' id='word_1_791' title='bbox 1922 4609 2087 4680; x_wconf 90' lang='lat' dir='ltr'><strong>quasi</strong></span> <span class='ocrx_word' id='word_1_792' title='bbox 2117 4615 2283 4664; x_wconf 86' lang='lat' dir='ltr'><strong>extra</strong></span> <span class='ocrx_word' id='word_1_793' title='bbox 2318 4614 2525 4673; x_wconf 87' lang='lat' dir='ltr'><strong>castra,</strong></span> <span class='ocrx_word' id='word_1_794' title='bbox 2559 4606 2631 4661; x_wconf 87' lang='lat' dir='ltr'><strong>ad</strong></span> <span class='ocrx_word' id='word_1_795' title='bbox 2663 4620 2818 4673; x_wconf 90' lang='lat' dir='ltr'><strong>eum,</strong></span> <span class='ocrx_word' id='word_1_796' title='bbox 2869 4606 2969 4675; x_wconf 92' lang='lat' dir='ltr'><strong>qui</strong></span> <span class='ocrx_word' id='word_1_797' title='bbox 3011 4611 3178 4660; x_wconf 88' lang='lat' dir='ltr'><strong>extra</strong></span> <span class='ocrx_word' id='word_1_798' title='bbox 3211 4613 3433 4674; x_wconf 87' lang='lat' dir='ltr'><strong>portam</strong></span> <span class='ocrx_word' id='word_1_799' title='bbox 3477 4618 3613 4674; x_wconf 89' lang='lat' dir='ltr'><strong>pas-</strong></span> 
     </span>
    </p>
   </div>
   <div class='ocr_carea' id='block_1_109' title="bbox 1920 4690 3610 4764">
    <p class='ocr_par' dir='ltr' id='par_1_109' title="bbox 1920 4690 3610 4764">
     <span class='ocr_line' id='line_1_109' title="bbox 1920 4690 3610 4764; baseline -0.005 -11"><span class='ocrx_word' id='word_1_800' title='bbox 1920 4711 2021 4753; x_wconf 90' lang='lat' dir='ltr'><strong>sus</strong></span> <span class='ocrx_word' id='word_1_801' title='bbox 2047 4703 2153 4763; x_wconf 90' lang='lat' dir='ltr'><strong>est,</strong></span> <span class='ocrx_word' id='word_1_802' title='bbox 2180 4696 2338 4751; x_wconf 87' lang='lat' dir='ltr'><strong>exire</strong></span> <span class='ocrx_word' id='word_1_803' title='bbox 2375 4695 2648 4751; x_wconf 90' lang='lat' dir='ltr'><strong>debemus</strong></span> <span class='ocrx_word' id='word_1_804' title='bbox 2689 4694 2871 4764; x_wconf 85' lang='lat' dir='ltr'><strong>(Hebr.</strong></span> <span class='ocrx_word' id='word_1_805' title='bbox 2921 4708 3042 4761; x_wconf 81' lang='lat' dir='ltr'><strong>XIII,</strong></span> <span class='ocrx_word' id='word_1_806' title='bbox 3096 4692 3206 4759; x_wconf 82' lang='lat' dir='ltr'><strong>t2).</strong></span> <span class='ocrx_word' id='word_1_807' title='bbox 3259 4692 3417 4747; x_wconf 89' lang='lat' dir='ltr'><strong>Sicut</strong></span> <span class='ocrx_word' id='word_1_808' title='bbox 3457 4690 3610 4746; x_wconf 89' lang='lat' dir='ltr'><strong>enim</strong></span> 
     </span>
    </p>
   </div>
   <div class='ocr_carea' id='block_1_110' title="bbox 1921 4780 3614 4855">
    <p class='ocr_par' dir='ltr' id='par_1_110' title="bbox 1921 4780 3614 4855">
     <span class='ocr_line' id='line_1_110' title="bbox 1921 4780 3614 4855; baseline -0.005 -15"><span class='ocrx_word' id='word_1_809' title='bbox 1921 4784 2210 4855; x_wconf 88' lang='lat' dir='ltr'><strong>quispiam</strong></span> <span class='ocrx_word' id='word_1_810' title='bbox 2270 4783 2547 4839; x_wconf 88' lang='lat' dir='ltr'><strong>fetoribus</strong></span> <span class='ocrx_word' id='word_1_811' title='bbox 2590 4790 2875 4849; x_wconf 87' lang='lat' dir='ltr'><strong>assuetus,</strong></span> <span class='ocrx_word' id='word_1_812' title='bbox 2938 4780 3225 4835; x_wconf 88' lang='lat' dir='ltr'><strong>miseriam</strong></span> <span class='ocrx_word' id='word_1_813' title='bbox 3292 4793 3465 4849; x_wconf 85' lang='lat' dir='ltr'><strong>quam</strong></span> <span class='ocrx_word' id='word_1_814' title='bbox 3518 4792 3614 4848; x_wconf 90' lang='lat' dir='ltr'><strong>pa-</strong></span> 
     </span>
    </p>
   </div>
   <div class='ocr_carea' id='block_1_111' title="bbox 1920 4865 3614 4942">
    <p class='ocr_par' dir='ltr' id='par_1_111' title="bbox 1920 4865 3614 4942">
     <span class='ocr_line' id='line_1_111' title="bbox 1920 4865 3614 4942; baseline -0.007 -11"><span class='ocrx_word' id='word_1_815' title='bbox 1920 4874 2064 4931; x_wconf 89' lang='lat' dir='ltr'><strong>titur</strong></span> <span class='ocrx_word' id='word_1_816' title='bbox 2092 4872 2314 4942; x_wconf 90' lang='lat' dir='ltr'><strong>putoris</strong></span> <span class='ocrx_word' id='word_1_817' title='bbox 2362 4872 2605 4940; x_wconf 78' lang='lat' dir='ltr'><strong>ignorat.</strong></span> <span class='ocrx_word' id='word_1_818' title='bbox 2656 4871 2836 4927; x_wconf 92' lang='lat' dir='ltr'><strong>donec</strong></span> <span class='ocrx_word' id='word_1_819' title='bbox 2864 4870 2931 4925; x_wconf 80' lang='lat' dir='ltr'><strong>ad</strong></span> <span class='ocrx_word' id='word_1_820' title='bbox 2975 4867 3135 4924; x_wconf 90' lang='lat' dir='ltr'><strong>liberi</strong></span> <span class='ocrx_word' id='word_1_821' title='bbox 3163 4881 3229 4922; x_wconf 90' lang='lat' dir='ltr'><strong>ac</strong></span> <span class='ocrx_word' id='word_1_822' title='bbox 3260 4867 3423 4922; x_wconf 74' lang='lat' dir='ltr'><strong>nitidi</strong></span> <span class='ocrx_word' id='word_1_823' title='bbox 3466 4865 3614 4921; x_wconf 89' lang='lat' dir='ltr'><strong>aeris</strong></span> 
     </span>
    </p>
   </div>
   <div class='ocr_carea' id='block_1_112' title="bbox 1922 4955 3613 5032">
    <p class='ocr_par' dir='ltr' id='par_1_112' title="bbox 1922 4955 3613 5032">
     <span class='ocr_line' id='line_1_112' title="bbox 1922 4955 3613 5032; baseline -0.004 -15"><span class='ocrx_word' id='word_1_824' title='bbox 1922 4961 2233 5032; x_wconf 87' lang='lat' dir='ltr'><strong>puritatem</strong></span> <span class='ocrx_word' id='word_1_825' title='bbox 2285 4960 2572 5029; x_wconf 89' lang='lat' dir='ltr'><strong>procedat,</strong></span> <span class='ocrx_word' id='word_1_826' title='bbox 2629 4959 2709 5013; x_wconf 91' lang='lat' dir='ltr'><strong>ita</strong></span> <span class='ocrx_word' id='word_1_827' title='bbox 2750 4959 3026 5013; x_wconf 85' lang='lat' dir='ltr'><strong>vitiorum</strong></span> <span class='ocrx_word' id='word_1_828' title='bbox 3079 4955 3415 5011; x_wconf 88' lang='lat' dir='ltr'><strong>confusione</strong></span> <span class='ocrx_word' id='word_1_829' title='bbox 3469 4955 3613 5010; x_wconf 89' lang='lat' dir='ltr'><strong>sub-</strong></span> 
     </span>
    </p>
   </div>
   <div class='ocr_carea' id='block_1_113' title="bbox 1921 5042 3612 5118">
    <p class='ocr_par' dir='ltr' id='par_1_113' title="bbox 1921 5042 3612 5118">
     <span class='ocr_line' id='line_1_113' title="bbox 1921 5042 3612 5118; baseline -0.005 -13"><span class='ocrx_word' id='word_1_830' title='bbox 1921 5063 2163 5113; x_wconf 90' lang='lat' dir='ltr'><strong>mersus,</strong></span> <span class='ocrx_word' id='word_1_831' title='bbox 2228 5048 2382 5118; x_wconf 89' lang='lat' dir='ltr'><strong>ipsas</strong></span> <span class='ocrx_word' id='word_1_832' title='bbox 2424 5047 2708 5103; x_wconf 90' lang='lat' dir='ltr'><strong>malorum</strong></span> <span class='ocrx_word' id='word_1_833' title='bbox 2749 5059 3146 5115; x_wconf 88' lang='lat' dir='ltr'><strong>nequaquam,</strong></span> <span class='ocrx_word' id='word_1_834' title='bbox 3200 5043 3414 5114; x_wconf 90' lang='lat' dir='ltr'><strong>quibus</strong></span> <span class='ocrx_word' id='word_1_835' title='bbox 3457 5042 3612 5098; x_wconf 89' lang='lat' dir='ltr'><strong>obsi-</strong></span> 
     </span>
    </p>
   </div>
   <div class='ocr_carea' id='block_1_114' title="bbox 1921 5134 3613 5206">
    <p class='ocr_par' dir='ltr' id='par_1_114' title="bbox 1921 5134 3613 5206">
     <span class='ocr_line' id='line_1_114' title="bbox 1921 5134 3613 5206; baseline -0.004 -12"><span class='ocrx_word' id='word_1_836' title='bbox 1921 5139 2106 5206; x_wconf 90' lang='lat' dir='ltr'><strong>detur,</strong></span> <span class='ocrx_word' id='word_1_837' title='bbox 2141 5138 2466 5194; x_wconf 89' lang='lat' dir='ltr'><strong>atrocitates</strong></span> <span class='ocrx_word' id='word_1_838' title='bbox 2495 5135 2757 5203; x_wconf 90' lang='lat' dir='ltr'><strong>attendit,</strong></span> <span class='ocrx_word' id='word_1_839' title='bbox 2801 5135 2980 5189; x_wconf 90' lang='lat' dir='ltr'><strong>donec</strong></span> <span class='ocrx_word' id='word_1_840' title='bbox 3029 5134 3181 5202; x_wconf 88' lang='lat' dir='ltr'><strong>ipsas</strong></span> <span class='ocrx_word' id='word_1_841' title='bbox 3226 5141 3410 5203; x_wconf 85' lang='lat' dir='ltr'><strong>pestes</strong></span> <span class='ocrx_word' id='word_1_842' title='bbox 3461 5147 3613 5201; x_wconf 87' lang='lat' dir='ltr'><strong>pra—</strong></span> 
     </span>
    </p>
   </div>
   <div class='ocr_carea' id='block_1_115' title="bbox 1923 5221 3612 5290">
    <p class='ocr_par' dir='ltr' id='par_1_115' title="bbox 1923 5221 3612 5290">
     <span class='ocr_line' id='line_1_115' title="bbox 1923 5221 3612 5290; baseline -0.004 -8"><span class='ocrx_word' id='word_1_843' title='bbox 1923 5227 2096 5283; x_wconf 88' lang='lat' dir='ltr'><strong>libato</strong></span> <span class='ocrx_word' id='word_1_844' title='bbox 2130 5234 2386 5282; x_wconf 88' lang='lat' dir='ltr'><strong>aromate</strong></span> <span class='ocrx_word' id='word_1_845' title='bbox 2416 5223 2729 5280; x_wconf 87' lang='lat' dir='ltr'><strong>honestatis</strong></span> <span class='ocrx_word' id='word_1_846' title='bbox 2769 5223 3025 5279; x_wconf 79' lang='lat' dir='ltr'><strong>excedat.</strong></span> <span class='ocrx_word' id='word_1_847' title='bbox 3075 5221 3237 5278; x_wconf 91' lang='lat' dir='ltr'><strong>Unde</strong></span> <span class='ocrx_word' id='word_1_848' title='bbox 3265 5229 3319 5277; x_wconf 91' lang='lat' dir='ltr'><strong>et</strong></span> <span class='ocrx_word' id='word_1_849' title='bbox 3372 5221 3429 5275; x_wconf 91' lang='lat' dir='ltr'><strong>in</strong></span> <span class='ocrx_word' id='word_1_850' title='bbox 3460 5222 3612 5290; x_wconf 85' lang='lat' dir='ltr'><strong>Apo-</strong></span> 
     </span>
    </p>
   </div>
   <div class='ocr_carea' id='block_1_116' title="bbox 1920 5310 3614 5386">
    <p class='ocr_par' dir='ltr' id='par_1_116' title="bbox 1920 5310 3614 5386">
     <span class='ocr_line' id='line_1_116' title="bbox 1920 5310 3614 5386; baseline -0.004 -15"><span class='ocrx_word' id='word_1_851' title='bbox 1920 5316 2139 5386; x_wconf 87' lang='lat' dir='ltr'><strong>calypsi</strong></span> <span class='ocrx_word' id='word_1_852' title='bbox 2168 5330 2202 5370; x_wconf 91' lang='lat' dir='ltr'><strong>a</strong></span> <span class='ocrx_word' id='word_1_853' title='bbox 2245 5314 2413 5385; x_wconf 88' lang='lat' dir='ltr'><strong>longe</strong></span> <span class='ocrx_word' id='word_1_854' title='bbox 2460 5312 2758 5368; x_wconf 91' lang='lat' dir='ltr'><strong>dilectores</strong></span> <span class='ocrx_word' id='word_1_855' title='bbox 2805 5310 3108 5380; x_wconf 78' lang='lat' dir='ltr'><strong>Babylonis</strong></span> <span class='ocrx_word' id='word_1_856' title='bbox 3146 5310 3424 5366; x_wconf 90' lang='lat' dir='ltr'><strong>dicuntur</strong></span> <span class='ocrx_word' id='word_1_857' title='bbox 3464 5318 3614 5365; x_wconf 87' lang='lat' dir='ltr'><strong>stare</strong></span> 
     </span>
    </p>
   </div>
   <div class='ocr_carea' id='block_1_117' title="bbox 1921 5398 3615 5473">
    <p class='ocr_par' dir='ltr' id='par_1_117' title="bbox 1921 5398 3615 5473">
     <span class='ocr_line' id='line_1_117' title="bbox 1921 5398 3615 5473; baseline -0.003 -16"><span class='ocrx_word' id='word_1_858' title='bbox 1921 5403 2119 5473; x_wconf 80' lang='lat' dir='ltr'><strong>(Apoc.</strong></span> <span class='ocrx_word' id='word_1_859' title='bbox 2152 5418 2310 5468; x_wconf 78' lang='lat' dir='ltr'><strong>xvur,</strong></span> <span class='ocrx_word' id='word_1_860' title='bbox 2346 5403 2454 5470; x_wconf 87' lang='grc'><strong>15),</strong></span> <span class='ocrx_word' id='word_1_861' title='bbox 2482 5408 2546 5457; x_wconf 91' lang='lat' dir='ltr'><strong>ut</strong></span> <span class='ocrx_word' id='word_1_862' title='bbox 2574 5400 2835 5471; x_wconf 90' lang='lat' dir='ltr'><strong>ejusdem</strong></span> <span class='ocrx_word' id='word_1_863' title='bbox 2872 5398 3165 5455; x_wconf 89' lang='lat' dir='ltr'><strong>interitum</strong></span> <span class='ocrx_word' id='word_1_864' title='bbox 3198 5399 3272 5455; x_wconf 91' lang='lat' dir='ltr'><strong>ab</strong></span> <span class='ocrx_word' id='word_1_865' title='bbox 3311 5412 3378 5454; x_wconf 90' lang='lat' dir='ltr'><strong>ea</strong></span> <span class='ocrx_word' id='word_1_866' title='bbox 3412 5399 3615 5453; x_wconf 89' lang='lat' dir='ltr'><strong>semoti</strong></span> 
     </span>
    </p>
   </div>
   <div class='ocr_carea' id='block_1_118' title="bbox 1920 5485 3619 5562">
    <p class='ocr_par' dir='ltr' id='par_1_118' title="bbox 1920 5485 3619 5562">
     <span class='ocr_line' id='line_1_118' title="bbox 1920 5485 3619 5562; baseline -0.002 -17"><span class='ocrx_word' id='word_1_867' title='bbox 1920 5491 2156 5547; x_wconf 87' lang='lat' dir='ltr'><strong>valeant</strong></span> <span class='ocrx_word' id='word_1_868' title='bbox 2195 5504 2455 5562; x_wconf 88' lang='lat' dir='ltr'><strong>pensare.</strong></span> <span class='ocrx_word' id='word_1_869' title='bbox 2505 5488 2817 5546; x_wconf 88' lang='lat' dir='ltr'><strong>Ternarius</strong></span> <span class='ocrx_word' id='word_1_870' title='bbox 2842 5487 2914 5543; x_wconf 90' lang='lat' dir='ltr'><strong>ad</strong></span> <span class='ocrx_word' id='word_1_871' title='bbox 2939 5487 3297 5553; x_wconf 88' lang='lat' dir='ltr'><strong>Trinitatem,</strong></span> <span class='ocrx_word' id='word_1_872' title='bbox 3342 5485 3619 5541; x_wconf 82' lang='lat' dir='ltr'><strong>denarius</strong></span> 
     </span>
    </p>
   </div>
  </div>
