3924 6088
282 185 388 241 283

1169 185 1232 239 V.
1272 183 1607 241 GUIBERTI
1644 183 1935 240 ABBATIS
1973 185 2028 239 S.
2073 183 2309 240 MARI/E
2344 183 2439 239 DE

2501 184 2886 241 NOVIGENTO
3076 192 3081 201 ‘
3670 184 3778 240 284

281 315 356 372 ad
415 315 680 385 praecepti
739 313 943 371 attinet
987 314 1433 381 exsecutionem,
1479 327 1612 384 quae
1662 314 1777 370 duo
1832 327 1966 370 cum
2004 312 2053 367 A
2080 317 2279 382 septem
2308 316 2445 367 anni
2469 314 2684 382 inopia,
2720 328 2853 383 quos
2879 313 3218 382 praedixerat
3244 316 3459 384 Ioseph,
3492 320 3543 370 et
3572 319 3630 370 in
3653 318 3780 371 uni-

282 404 448 460 nobis
476 411 614 460 sunt
658 402 718 458 in
759 401 1059 469 desiderio,
1092 401 1230 457 satis
1253 400 1375 472 jam
1422 401 1690 471 congruit
1743 405 1803 456 in
1849 417 1973 457 eon-

281 497 464 562 speetu
512 493 829 550 Pharaonis.
881 489 1037 560 quod
1094 497 1179 546 est
1223 503 1475 559 praesens
1524 489 1796 545 violentia
1852 490 1974 546 daa-

283 580 489 645 monis,
518 580 707 646 statio,
729 579 783 635 id
811 585 893 634 est
920 577 992 633 ad
1016 578 1063 648 ej
1081 593 1147 634 us
1180 577 1464 634 illationes
1491 578 1818 634 decertatio.

355 669 524 727 Vnus.
549 670 637 732 47,
662 670 748 722 48.
778 696 845 708 —-
878 668 1138 735 Venitque
1157 668 1421 733 fertilitas
1448 672 1648 736 septem
1672 683 1971 735 annorum;

281 763 333 812 et
352 759 411 811 in
441 757 748 825 manipulos
780 754 1011 810 redacta
1037 760 1236 822 segetes
1257 761 1591 824 congregatae
1616 760 1743 809 sunt
1761 758 1817 809 in
1848 756 1972 810 hor-

280 860 375 900 rea
416 846 671 914 Egi/pii.
715 845 901 900 Omnis
929 847 1094 898 etiam
1134 846 1361 910 frugum
1390 843 1736 898 abundantia
1761 846 1820 898 in
1857 847 1970 898 sin-

280 935 425 1003 gulis
454 933 680 987 urbibus
704 932 923 986 condita
950 937 1047 987 est.
1094 933 1382 988 Ubertatis
1412 940 1663 1001 tempore
1693 935 1751 986 in
1788 935 1972 986 mani-

273 1024 433 1093 pulos
464 1022 808 1093 rediguntur
837 1026 1053 1089 segetes,
1078 1035 1213 1077 cum
1238 1020 1612 1090 prosperitate
1641 1019 1851 1076 divinae
1881 1035 1974 1077 ar-

280 1107 501 1164 ridente
547 1105 886 1172 dulcedinis,
919 1105 1069 1161 bona
1114 1112 1308 1161 nostra
1348 1104 1561 1174 passim
1591 1118 1659 1159 ac
1705 1105 1975 1175 quaelibet

280 1204 409 1253 acta
437 1195 547 1251 sub
579 1208 822 1250 censura
852 1208 919 1249 ac
950 1194 996 1249 si
1022 1193 1132 1249 sub
1164 1192 1397 1249 vinculo
1421 1193 1658 1263 superni
1684 1195 1974 1250 constrin-

281 1292 503 1357 guntur
532 1283 766 1349 amoris,
800 1281 956 1352 quod
988 1289 1073 1337 est
1105 1281 1298 1337 oleum
1338 1281 1550 1338 habere
1598 1281 1658 1336 in
1706 1282 1878 1338 vasis.
1913 1284 1976 1337 In

279 1374 473 1428 horrea
485 1377 913 1442 congregantur
924 1370 1186 1441 Egypti,
1202 1369 1344 1440 quia
1357 1369 1693 1425 thesaurum
1709 1369 1867 1426 hunc
1878 1370 1978 1426 ha-

282 1463 482 1519 bemus
506 1460 567 1515 in
599 1459 867 1516 fictilibus
900 1459 1073 1515 vasis.
1109 1459 1355 1526 Frugum
1385 1458 1733 1515 abundantia
1760 1461 1820 1513 in
1851 1462 1977 1514 sin-

279 1552 424 1620 gulis
461 1549 685 1603 urbibus
714 1554 1121 1618 congregatur,
1154 1561 1286 1602 cum
1320 1547 1575 1617 plcnaria
1611 1548 1976 1604 continentiae

2081 417 2232 457 verso
2283 402 2409 456 orbe
2446 405 2620 470 fames
2657 404 2968 472 pravaluit.
3006 401 3224 458 Divina;
3273 403 3574 460 infusionis
3602 405 3778 474 pleni-

2084 490 2285 546 tudine
2314 495 2536 559 exacta,
2580 491 2867 547 interioris
2900 491 3087 547 victus
3132 491 3349 547 accedit
3383 492 3590 560 inedia,
3636 494 3775 564 quia

2082 579 2193 634 nisi
2233 579 2419 650 gratia
2465 579 2537 635 ad
2572 587 2797 650 tempus
2847 579 3088 646 deserat,
3135 580 3368 636 tentatio
3411 580 3598 638 locum
3651 595 3769 637 non

2081 666 2319 736 invenit,
2366 683 2483 737 quo
2531 682 2590 724 se
2629 668 2853 733 inferat,
2900 672 2956 723 et
2991 670 3049 722 in
3088 671 3338 723 universo
3389 670 3533 735 orbe,
3584 668 3776 725 omni-

2083 757 2252 812 moda
2284 756 2542 813 videlicet
2591 757 2957 827 perfectione,
2989 772 3121 828 quae
3161 758 3380 827 pridem
3427 758 3613 814 fuerat
3645 757 3772 813 lau-

2083 847 2279 916 guoris
2299 845 2508 901 interni
2541 845 2769 901 miseria
2799 845 3056 902 incubat.
3090 846 3257 902 Orbis
3293 846 3365 902 ob
3397 845 3485 900 sui
3511 844 3776 901 rotundi-

2083 941 2253 990 tatem
2288 947 2391 1002 pro
2411 935 2651 1002 perfecto
2682 933 2936 1002 ponitur,
2988 941 3055 989 ut
3083 941 3200 989 est:
3243 933 3486 987 Auribus
3513 935 3779 1002 pereipite

2083 1024 2181 1090 qui
2228 1021 2492 1076 habitatis
2534 1022 2713 1076 orbem
2745 1023 2907 1090 (Psal.
2941 1036 3132 1089 XLVIII,
3166 1022 3246 1090 2).
3296 1022 3361 1077 In
3391 1025 3584 1075 cuncta
3623 1026 3781 1076 terra

2082 1111 2326 1179 Egypti
2352 1125 2458 1165 non
2485 1115 2602 1164 erat
2626 1112 2809 1180 panis.
2836 1110 3027 1178 (Vens.
3064 1112 3177 1179 55).
3199 1114 3316 1179 ()ua
3353 1111 3618 1164 esuriente
3665 1109 3779 1163 cla-

2081 1201 2254 1253 mavit
2314 1199 2548 1267 populus
2608 1198 2683 1251 ad
2735 1200 3071 1253 Pharaonem
3118 1196 3399 1251 ’alimenta
3452 1204 3653 1266 petens.
3717 1199 3784 1252 In

2084 1295 2199 1343 tota
2265 1291 2413 1340 terra
2470 1288 2699 1357 Egypti
2750 1301 2857 1340 non
2913 1294 2997 1342 est
3054 1288 3238 1356 punis,
3297 1285 3439 1355 quia
3503 1285 3559 1339 in
3622 1285 3783 1340 omni

2086 1376 2366 1431 mundiali
2430 1376 2708 1432 desiderio
2756 1389 2872 1430 non
2918 1382 3002 1430 est
3055 1374 3174 1429 ulla
3224 1373 3496 1428 alimonia
3549 1372 3779 1428 mentis.

2083 1466 2201 1520 Non
2236 1468 2382 1519 enim
2409 1467 2642 1530 invenio,
2676 1464 2757 1519 ait
2792 1463 3115 1533 Apostolus,
3149 1465 3205 1516 in
3234 1478 3396 1516 carne
3432 1477 3549 1515 mea
3581 1462 3781 1515 bonum

2086 1554 2253 1619 (Rom.
2293 1567 2389 1619 vn,
2446 1551 2553 1621 l8).
2604 1552 2757 1606 Pane
2808 1564 2940 1605 vero
2986 1549 3184 1620 gratia:
3228 1555 3564 1618 consumpto
3610 1549 3783 1618 .lEgy-

282 1639 468 1694 virtus
500 1637 559 1692 in
604 1650 956 1706 unoquoque
1006 1650 1281 1691 sensuum
1332 1634 1642 1701 stabilitur,
1693 1635 1805 1691 imo
1838 1651 1974 1693 con-
2013 1660 2054 1713 Β
2087 1643 2220 1710 plus
2286 1640 2676 1705 tenebrarum,
2727 1646 2783 1694 et
2837 1637 3132 1694 tribulatio
3192 1645 3600 1706 coangustans,
3660 1651 3779 1692 non

281 1726 455 1791 ditur,
491 1724 645 1795 quod
676 1723 1111 1779 occultationem
1139 1723 1447 1794 vigilanter
1469 1737 1672 1779 sonare
1695 1723 1973 1796 intelligi-

283 1823 395 1871 tur.
417 1814 609 1880 (Vens.
635 1811 746 1883 49.)
768 1814 1044 1881 Tantaque
1061 1814 1172 1878 fuit
1192 1811 1481 1866 multitudo
1504 1813 1695 1876 tritici,
1718 1817 1777 1867 ut
1799 1829 1975 1869 arenas

282 1906 451 1958 maris
471 1906 858 1971 coargueretur,
890 1906 939 1954 et
970 1904 1128 1970 copia
1164 1915 1471 1954 mensuram
1500 1901 1793 1956 accederet.
1829 1904 1972 1957 Mul-

280 1992 458 2047 titudo
503 1993 677 2045 tritici
724 1992 894 2044 maris
927 2004 1103 2043 arena
1156 1996 1509 2058 comquatur,
1564 2003 1695 2044 cum
1741 1990 1975 2047 virtutis

278 2078 678 2144 exuberantia,
707 2086 829 2134 tum
854 2078 1057 2134 mentis
1095 2077 1389 2141 serenitas,
1430 2090 1496 2132 ac
1528 2078 1730 2133 levitas
1760 2094 1971 2135 conve-

281 2171 452 2226 niunt
471 2176 526 2223 et
542 2168 894 2239 junguntur.
911 2167 1099 2221 Arena
1112 2164 1264 2220 enim
1288 2165 1472 2221 mollis
1490 2173 1545 2221 et
1561 2174 1725 2237 grata
1740 2166 1974 2236 planitie

280 2265 381 2313 est.
411 2256 585 2326 Copia
614 2267 938 2310 mensuram
966 2253 1207 2317 excedit,
1240 2268 1372 2308 cum
1397 2253 1539 2308 bene
1566 2254 1772 2325 agendi
1804 2253 1973 2310 facul-

281 2352 368 2402 tas
419 2345 571 2401 ultra
618 2343 890 2399 humanm
932 2341 1366 2397 consuetudinis
1410 2356 1581 2398 usum
1630 2342 1975 2413 plerumque

280 2432 547 2503 suppetit.

351 2522 523 2579 Vnus.
567 2523 653 2575 50.
685 2550 746 2561 —
779 2522 913 2576 Nati
943 2523 1069 2573 sunt
1108 2524 1288 2574 autem
1332 2520 1527 2589 Joseph
1547 2519 1666 2590 ﬁlii
1702 2520 1831 2587 duo,
1870 2536 1975 2574 an-

283 2615 499 2678 tequam
538 2611 743 2663 veniret
782 2611 991 2674 fames;
1026 2622 1157 2676 quos
1208 2611 1259 2662 ei
1300 2610 1512 2677 peperit
1560 2610 1813 2675 Aseneth,
1863 2617 1969 2666 etc.

284 2698 411 2754 Filii
443 2698 569 2767 ejus
609 2698 815 2752 animae
862 2695 1103 2751 caelestis
1156 2696 1450 2766 augmenti
1504 2697 1689 2753 avidas
1729 2712 1976 2754 nascun-

283 2795 398 2852 tur,
461 2786 600 2841 dum
669 2784 960 2855 praemisso
1039 2784 1383 2853 paenitentiae
1452 2784 1598 2840 bono
1657 2787 1975 2842 sanctitatis

282 2889 427 2944 opus
472 2872 869 2943 subsequitur.
912 2874 1041 2928 Haec
1083 2887 1153 2928 ex
1186 2872 1359 2928 ruina
1409 2873 1747 2929 dissecantis
1795 2888 1972 2945 appe-

282 2963 420 3020 titus
478 2963 613 3027 lilia,
674 2975 846 3032 quem
903 2962 1198 3017 ductorem
1261 2961 1467 3017 habuit
1525 2962 1597 3017 ad
1658 2964 1967 3019 criminum

282 3050 553 3120 solstitia;
623 3050 965 3121 gignuntur,
1049 3055 1181 3104 I5!
1255 3050 1395 3118 quia
1463 3049 1785 3107 abundavit
1844 3066 1975 3122 pec-

281 3142 492 3201 catum,
549 3137 735 3209 gratia
777 3138 1007 3194 uberior
1050 3138 1221 3207 juxta
1266 3137 1599 3206 Apostolum
1650 3138 1975 3197 infunditur

283 3227 457 3294 (Rom.
500 3243 552 3294 v,
597 3227 708 3297 20).
758 3225 899 3282 Solis
948 3226 1180 3282 nomine
1233 3234 1437 3281 aestum
1495 3228 1827 3283 tentationis
1879 3242 1974 3284 ac-

278 3315 409 3384 cipi,
460 3322 596 3371 teste
646 3323 729 3371 est
790 3314 950 3381 illud,
1013 3313 1170 3383 quod
1225 3317 1350 3368 orto
1407 3314 1524 3370 sole
1579 3323 1975 3372 aestuaverunt

280 3403 539 3460 homines
570 3405 785 3473 (Matth,
818 3417 937 3466 xui,
966 3403 1041 3470 6),
1085 3408 1148 3457 ut
1180 3401 1458 3457 Dominus
1488 3402 1599 3458 ait:
1636 3404 1811 3473 (Vens
1859 3405 1972 3475 51.)

281 3491 707 3563 Primogenitus
759 3491 969 3546 dicitur
1025 3492 1328 3556 Manasses,
1380 3490 1480 3559 qui
1534 3490 1746 3547 dicitur
1781 3493 1975 3548 oblivi-

280 3594 447 3647 seens,
481 3579 641 3649 quia,
669 3579 875 3649 inquit,
907 3578 1153 3633 oblivisci
1188 3593 1268 3631 me
1294 3579 1427 3644 fecit
1459 3581 1599 3635 Deus
1633 3583 1871 3635 omnium
1892 3582 1976 3635 la-

282 3669 472 3723 borum
515 3684 769 3735 meorum,
820 3670 869 3721 et
900 3666 1087 3721 domus
1133 3668 1314 3734 patris
1356 3669 1480 3721 mei.
1533 3667 1637 3723 Illa
1674 3668 1829 3724 enim
1866 3684 1976 3739 pm-

282 3757 565 3813 nitudinis
592 3764 674 3812 est
723 3755 951 3821 veritas,
994 3755 1036 3808 si
1072 3762 1266 3809 vetera
1295 3761 1351 3809 et
1383 3755 1693 3824 preeterita,
1746 3757 1803 3811 in
1841 3758 1973 3827 qui-

282 3846 393 3903 bus
443 3846 834 3902 laboravimus
875 3853 929 3901 et
970 3844 1189 3899 onerati
1236 3843 1474 3908 fuimus,
1525 3845 1970 3915 obliviscentes;

281 3941 337 3989 et
385 3933 592 3988 domus
635 3933 932 3989 diabolicze
990 3930 1350 4001 paternitatis
1398 3933 1562 3988 nobis
1608 3934 1831 3989 aditum
1872 3934 1975 3989 ob-

282 4028 587 4082 struentes,
675 4021 747 4075 ad
827 4020 1080 4075 futuram
1164 4018 1477 4075 novitatem
1567 4021 1969 4078 extendamur.

284 4109 477 4177 (Vens.
524 4109 634 4176 52.)
680 4108 975 4164 Secundus
1020 4106 1296 4175 Ephraim
1334 4115 1594 4174 vocatur,
1641 4109 1799 4180 quod
1845 4110 1975 4166 fru-

2086 1728 2302 1784 habens
2362 1728 2515 1784 unde
2571 1726 2906 1782 inanitatem
2974 1726 3194 1782 ventris
3244 1724 3573 1794 adimpleat,
3623 1732 3679 1780 et
3720 1725 3781 1780 in

2082 1816 2308 1886 siliquis
2354 1823 2623 1871 constans
2660 1815 2800 1870 nihil
2850 1814 3113 1884 reperiat,
3167 1814 3368 1869 merito
3413 1812 3610 1869 esurit.
3656 1812 3783 1868 Cla-

2082 1911 2202 1959 mat
2232 1905 2307 1958 ad
2332 1904 2683 1970 Pharaonem,
2721 1902 2879 1971 quia,
2922 1902 3096 1973 juxta
3128 1901 3532 1972 Evangelium,
3564 1901 3783 1971 expetit

2083 1992 2332 2063 regionis
2374 1991 2712 2062 principem,
2752 1990 2850 2046 sed
2893 1990 3031 2046 dum
3075 2004 3190 2045 non
3242 1989 3422 2045 reiicit
3463 2003 3536 2045 ex
3581 2003 3781 2059 porco-

2081 2093 2214 2136 rum
2263 2079 2388 2135 cibo
2436 2079 2640 2134 famem
2689 2080 2839 2148 (Luc.
2890 2093 2986 2143 xv,
3023 2082 3108 2145 l5,
3147 2078 3262 2145 16),
3296 2077 3463 2147 quasi
3504 2091 3578 2133 ex
3628 2077 3782 2147 prin-

2083 2169 2222 2238 cipis
2278 2168 2363 2222 vel
2414 2166 2729 2222 Pharaonis
2791 2180 3059 2236 responso
3117 2166 3338 2235 repetit,
3396 2173 3452 2220 et
3503 2173 3779 2234 exoptare

2082 2256 2309 2325 cogitur
2371 2255 2859 2311 mercenariorum
2915 2268 3143 2324 panem.
3184 2255 3264 2308 Ite
3309 2253 3518 2323 inquit,
3564 2254 3639 2307 ad
3681 2258 3778 2308 Jo-

2083 2345 2232 2412 seph,
2266 2342 2488 2400 caeleste
2522 2350 2904 2413 augmentum
2938 2342 3204 2412 appetite,
3243 2347 3295 2396 et
3324 2340 3598 2410 quidquid
3626 2342 3779 2396 vobis

2081 2432 2372 2501 indixerit,
2410 2433 2599 2498 facite.
2644 2432 2802 2488 Sicut
2828 2432 2984 2487 enim
3023 2430 3310 2501 cupiditas
3348 2430 3653 2498 malorum,
3696 2431 3779 2485 sic

2085 2521 2343 2576 omnium
2377 2528 2460 2576 est
2490 2522 2584 2590 pia
2610 2520 2830 2576 affectio
2866 2520 3144 2590 magistra
3170 2520 3472 2575 bonorum.

2158 2611 2321 2665 Vnus.
2364 2612 2450 2664 56.
2498 2640 2556 2650 —
2629 2609 2908 2666 Crescebat
2966 2614 3145 2662 autem
3184 2607 3427 2676 quotidie
3472 2608 3647 2673 fames
3710 2610 3771 2661 in

2083 2699 2229 2751 omni
2288 2702 2454 2762 terra,
2523 2696 2683 2766 quia,
2741 2696 3012 2766 gliscente
3071 2702 3334 2750 motuum
3389 2693 3777 2763 corporalium

2086 2785 2303 2852 morbo,
2352 2799 2464 2839 non
2495 2786 2664 2840 habet
2712 2784 2867 2854 quod
2919 2782 3164 2839 defectui
3210 2796 3315 2838 suo
3346 2781 3631 2853 propinet,
3672 2790 3779 2838 aut

2084 2881 2359 2944 suggerat
2389 2873 2551 2942 inops
2592 2871 2976 2941 conscientia;
3010 2871 3309 2941 quaerendi
3359 2886 3497 2941 ergo
3536 2878 3675 2926 sunt
3704 2871 3778 2926 ab

2085 2963 2270 3019 amico
2315 2961 2521 3031 Joseph
2566 2968 2678 3016 tres
2728 2974 2923 3030 panes,
2971 2961 3073 3029 qui
3123 2965 3492 3029 apponantur
3529 2959 3779 3030 Egypto

2083 3065 2327 3107 reversa
2371 3050 2439 3105 de
2471 3048 2566 3104 via
2605 3050 2755 3114 (Luc.
2802 3064 2861 3117 ιι,
2913 3051 2989 3115 5).
3027 3049 3369 3117 Aperuitque
3408 3048 3615 3119 Joseph
3652 3050 3777 3101 uni-

2080 3155 2240 3194 versa
2304 3142 2515 3204 horrea,
2566 3142 2617 3191 et
2672 3137 2938 3191 vendebat
3006 3139 3312 3205 .Egyptiis;
3370 3151 3497 3190 nam
3554 3142 3604 3190 et
3654 3137 3776 3190 illos

2081 3233 2424 3297 Oppresserat
2477 3229 2673 3294 fames.
2717 3226 2918 3295 (Vnus.
2970 3224 3079 3294 57.)
3132 3226 3430 3293 Omnesque
3480 3226 3777 3292 provincia

2080 3318 2367 3372 veniebant
2413 3318 2473 3370 in
2516 3318 2828 3385 Egyptum,
2870 3320 2932 3369 ut
2981 3319 3211 3369 emerent
3253 3328 3422 3381 escas,
3472 3319 3524 3368 et
3570 3315 3775 3368 malum

2080 3405 2285 3474 inopiae
2336 3410 2714 3473 temperarent.
2772 3404 2968 3471 Ioseph
3019 3405 3274 3457 universa
3324 3403 3517 3456 horrea
3569 3401 3776 3471 aperit,

2081 3507 2217 3551 cum
2247 3493 2453 3549 interni
2494 3493 2739 3548 aviditas
2779 3492 3064 3562 proiectus
3102 3505 3433 3562 assurgens,
3468 3490 3644 3546 totius
3676 3504 3778 3546 ra-

2080 3582 2436 3646 tionalitatis,
2480 3582 2652 3650 juxta
2697 3580 2853 3650 quod
2902 3579 3113 3650 cuique
3164 3579 3245 3636 rei
3294 3592 3621 3649 congruum
3669 3587 3772 3643 est,

2082 3670 2276 3739 copias
2336 3669 2553 3738 pandit.
2599 3670 2877 3740 Egyptiis
2931 3669 3151 3734 vendit,
3198 3668 3339 3723 dum
3385 3667 3458 3723 ab
3505 3668 3589 3722 eis
3620 3668 3777 3737 quod

2080 3757 2315 3829 Egypti
2341 3765 2496 3823 sunt,
2540 3757 2595 3813 id
2642 3764 2727 3813 est
2756 3757 2911 3826 quod
2956 3754 3325 3811 saacularitati
3378 3755 3771 3821 intenderunt,

2082 3860 2185 3917 per
2238 3846 2649 3902 confessionem
2718 3844 2924 3913 accipit
2983 3851 3039 3899 et
3086 3843 3447 3913 postmodum
3495 3842 3777 3912 stipendia

2082 3936 2274 4005 dignae
2315 3933 2716 3991 consolationis
2780 3933 3071 4002 expendit.
3117 3933 3243 3988 Illos
3293 3931 3448 3987 enim
3505 3930 3779 4001 opprimit

2081 4024 2275 4090 fames,
2305 4023 2445 4093 quia
2476 4030 2662 4078 motus
2693 4020 2981 4092 praecipue
3021 4020 3417 4092 aegrimoniam
3450 4020 3603 4077 hanc
3645 4032 3779 4088 per-

2083 4110 2276 4167 ferunt
2316 4111 2611 4166 animales.
2666 4112 2857 4167 Omnes
2901 4111 3198 4179 provincia
3240 4108 3482 4165 veniunt
3512 4108 3569 4163 in
3604 4109 3779 4176 Egy-

281 4195 541 4251 ctilicans
563 4196 810 4252 dicitur:
849 4199 1088 4253 Crescere
1116 4196 1280 4259 enim,
1325 4196 1423 4263 ait,
1464 4213 1549 4251 me
1573 4199 1706 4264 fecit
1739 4201 1882 4254 Deus
1911 4201 1972 4253 in
2012 4212 2055 4266 ι)
2078 4205 2237 4269 ptum
2284 4205 2344 4252 ut
2373 4214 2519 4253 escas
2558 4207 2770 4265 emant,
2816 4213 2948 4254 cum
2989 4211 3188 4253 omnes
3231 4195 3638 4252 exterioritatis
3682 4209 3782 4250 no—

283 4290 432 4337 terra
468 4286 812 4353 paupertatis
849 4300 1013 4348 mea;
1044 4282 1103 4336 in
1148 4295 1265 4350 quo
1311 4283 1715 4356 intelliguntur
1751 4287 1975 4356 pietatis

281 4372 572 4438 exercitia,
605 4387 736 4443 quae
762 4372 984 4429 fructus
1024 4381 1160 4428 sunt
1209 4372 1410 4429 vitales
1465 4382 1823 4445 emergentes
1846 4375 1967 4445 jam

282 4458 341 4514 in
397 4474 652 4530 corpore,
711 4462 864 4530 quod
926 4460 1033 4516 fuit
1097 4463 1252 4532 olim,
1306 4462 1542 4518 internas
1601 4463 1971 4532 paupertatis,

284 4548 428 4604 dans
463 4550 757 4604 materiam
782 4556 955 4613 terra,
991 4550 1088 4605 ubi
1117 4559 1172 4606 et
1217 4549 1535 4620 accipimus
1582 4563 1748 4605 verso
1776 4550 1977 4607 ordine

287 4650 445 4691 nunc
474 4637 844 4693 incrementa.

358 4725 534 4781 VEns.
600 4727 686 4790 53,
740 4726 826 4780 54.
875 4757 945 4766 —
1001 4728 1177 4795 Igitur
1225 4730 1518 4782 transactis
1560 4734 1761 4797 septem
1814 4730 1974 4783 annis

284 4813 572 4883 ubertatis,
632 4816 730 4883 qui
769 4818 992 4882 fuerant
1045 4818 1106 4870 in
1151 4816 1422 4886 Egypto,
1472 4822 1743 4885 meperunt
1792 4819 1976 4872 venire

2083 4296 2217 4345 strae
2247 4286 2627 4356 dispersiones
2654 4287 2722 4341 ad
2759 4286 3147 4343 tribulationis
3176 4286 3481 4357 angustiae,
3516 4283 3780 4340 maeroris

2078 4376 2251 4433 etiam
2292 4389 2359 4429 ac
2389 4375 2803 4431 tenebrositatis
2848 4376 3091 4444 propriae
3134 4374 3394 4430 miserias
3423 4371 3781 4428 contueudas

2079 4465 2381 4531 accedunt,
2437 4463 2537 4519 ubi
2583 4462 2905 4518 remedium
2950 4462 3057 4518 sibi
3108 4461 3428 4517 refectionis
3471 4459 3777 4530 cujusdam

2076 4568 2151 4609 ex
2182 4551 2390 4607 doloris
2414 4549 2760 4619 impensione
2778 4550 3043 4620 exigunt.
3073 4550 3331 4605 Fuerunt
3359 4548 3514 4604 enim
3534 4546 3778 4603 cuidam

2078 4639 2348 4709 lacrymte
2403 4652 2521 4694 suae
2580 4651 2754 4707 panes
2805 4636 2897 4692 die
2963 4650 3029 4691 ac
3085 4644 3248 4693 nocte
3298 4636 3465 4705 (Psal.
3527 4649 3641 4702 xu,
3697 4634 3775 4703 4).

2076 4729 2362 4798 ,λΕεδνριιιε
2434 4734 2627 4782 autem
2681 4732 2736 4781 et
2798 4724 3227 4781 tribulationem
3277 4731 3332 4779 et
3381 4729 3587 4779 caetera
3643 4736 3779 4792 quae

2079 4816 2464 4887 praemisimus
2493 4814 2724 4871 nomine
2748 4820 2933 4869 sonat.

1230 5079 1533 5123 EXPLICIT
1577 5079 1771 5121 LIBER
1814 5078 2171 5123 MORALIUM
2216 5076 2546 5122 GENESEOS
2591 5076 2836 5122 NONUS.
