3904 6066
119 194 233 246 ἳ85

1416 195 1783 254 MORALIUM
1823 198 1890 254 IN
1917 199 2211 256 GENESIN
2246 198 2371 254 LIB.
2402 199 2459 253 Χ.
3538 200 3640 252 286
3737 192 3741 196 ’

1299 524 1653 598 INCIPIT
1716 524 1999 599 LIBER
2057 525 2503 599 DECIMUS.

892 733 1737 839 MORALIUM
1876 735 2035 837 IN
2178 732 2883 837 GENESIN.

200 1145 544 1201 Auxiliante
574 1148 683 1218 Deo
726 1145 1034 1210 decimum,
1070 1157 1242 1214 quem
1287 1151 1343 1200 et
1389 1152 1665 1216 putamus
1692 1142 1836 1199 ulti—
1873 1144 1921 1197 Α
1949 1146 2206 1199 cessaria.
2262 1144 2519 1200 Adorant
2553 1185 2566 1210 ,
2636 1160 2767 1200 cum
2827 1144 2886 1200 in
2951 1148 3315 1202 veneratione
3383 1147 3641 1212 habent,

131 1246 322 1299 mum,
356 1232 414 1287 in
445 1232 647 1288 Genesi
680 1232 938 1288 libellum
970 1231 1288 1299 adorimur,
1332 1231 1493 1287 illum
1517 1230 1619 1302 qui
1651 1245 1752 1300 pro
1782 1245 1842 1286 se

130 1321 546 1399 laborantibus
594 1322 868 1377 denarius
922 1328 1026 1388 est,
1084 1329 1410 1388 exorantes,
1461 1328 1524 1378 ut
1573 1320 1675 1391 qui
1729 1320 1843 1375 huc

132 1424 328 1479 usque
376 1424 690 1466 excursum
742 1409 917 1471 dedit.
965 1409 1137 1465 ﬁnem
1184 1409 1467 1480 largiatur
1513 1410 1836 1465 honestum.

134 1498 359 1554 Honori
386 1486 649 1568 namque
675 1511 801 1564 suo,
838 1497 897 1551 in
942 1497 1049 1552 hoc
1085 1496 1387 1567 opusculo,
1415 1506 1470 1552 et
1497 1496 1671 1553 saluti
1701 1511 1842 1552 suo-

129 1600 271 1642 rum
299 1585 573 1641 volumus
606 1584 850 1641 militare
869 1598 1189 1640 servorum.
1223 1583 1496 1655 Sequitur
1515 1599 1653 1657 ergo
1677 1598 1843 1641 sacra

130 1674 403 1730 historia.

776 1742 1008 1800 CAPUT
1045 1742 1216 1798 XLII.

202 1851 387 1908 Vens.
422 1854 473 1915 1,
519 1852 572 1905 2.
621 1879 688 1889 —
721 1849 963 1905 Audiens
992 1854 1170 1903 autem
1211 1849 1373 1904 Jacob
1401 1849 1546 1919 quod
1584 1849 1842 1904 alimenta

132 1939 505 1994 venderentur
530 1941 590 1993 in
628 1941 859 2008 Egypto
887 1939 1032 1992 dixit
1049 1939 1191 2007 ﬁliis
1218 1941 1333 1993 suis
1359 1958 1375 1993 :
1406 1942 1584 2009 Quare
1613 1941 1843 2007 negligi-

134 2031 246 2084 tis!
287 2035 436 2083 I5!
486 2028 696 2082 Audivi
725 2027 869 2097 quod
900 2029 1142 2082 triticum
1170 2027 1526 2082 venumdetur
1561 2030 1622 2081 in
1668 2030 1841 2095 Egy-

131 2123 249 2186 pto.
287 2116 627 2183 Descendite,
678 2121 728 2169 et
758 2117 914 2170 eruite
945 2114 1098 2170 nobis
1128 2118 1450 2182 necessaria,
1482 2121 1542 2170 ut
1570 2118 1841 2186 possimus

134 2208 340 2271 vivere,
386 2210 437 2260 et
483 2220 589 2259 non
644 2219 1022 2258 consumamur
1077 2206 1283 2273 inopia.
1343 2203 1617 2274 Intelligit
1669 2217 1842 2259 verus

135 2293 358 2364 peccati
409 2292 826 2362 supplantator,
878 2290 1197 2347 intellectus
1233 2291 1444 2347 scilicet
1488 2300 1700 2357 noster,
1736 2292 1841 2347 hoc

135 2384 295 2439 enim
344 2381 551 2437 audire
597 2394 770 2436 suum
817 2386 921 2447 est,
958 2381 1113 2451 quod
1162 2383 1222 2434 in
1268 2382 1525 2449 Egypto,
1574 2380 1627 2435 id
1668 2389 1750 2435 est
1780 2379 1839 2434 in

140 2470 393 2541 pr0pria3
442 2468 683 2525 miserias
748 2467 1101 2525 confessione
1160 2468 1459 2538 spirituale
1503 2468 1843 2538 acquiratur

136 2559 486 2614 alimentum
534 2572 547 2611 :
600 2558 671 2614 Os
716 2559 857 2612 enim
888 2572 1063 2611 meum
1110 2559 1322 2627 aperui,
1357 2561 1407 2611 et
1440 2560 1657 2611 αἰεναπί
1683 2559 1843 2627 spiri-

138 2653 252 2702 tum
304 2646 477 2717 (Psnt.
528 2660 726 2712 cxvui,
784 2645 926 2714 131),
959 2654 1013 2702 et
1056 2646 1428 2717 cogitationes
1470 2661 1542 2703 ex
1592 2646 1841 2702 scientiae

137 2736 361 2793 semine
390 2735 617 2806 genitas
660 2742 940 2804 tanquam
971 2734 1116 2790 ﬁlios
1144 2735 1213 2789 de
1243 2735 1595 2805 negligentia
1625 2735 1838 2805 arguit.

141 2823 476 2888 Descendite,
526 2822 735 2892 inquit,
788 2822 842 2876 id
887 2829 970 2877 est
1021 2821 1426 2891 humiliamini,
1474 2831 1529 2880 et
1575 2823 1680 2893 piae
1713 2836 1839 2893 pre-

142 2912 286 2968 tium
323 2909 699 2981 pcenitudinis
739 2908 1072 2979 impendite,
1109 2917 1170 2966 ut
1199 2925 1363 2980 opem
1402 2909 1842 2981 consequamini

143 3015 274 3071 quae
318 2999 643 3055 necessaria
690 3004 775 3054 est
804 2998 958 3054 vitae.
1004 2998 1200 3068 (Vens.
1253 3001 1305 3067 3,
1338 3000 1418 3068 4.)
1453 2999 1841 3053 Descendentes

144 3092 320 3156 igitur
364 3090 571 3154 fratres
602 3086 797 3156 Ioseph
841 3086 1037 3155 decem,
1080 3092 1141 3141 ut
1182 3093 1414 3142 emerent
1451 3090 1749 3154 frumenta,
1782 3089 1843 3141 in

142 3180 461 3246 Egyptum,
514 3173 798 3245 Benjamin
841 3174 988 3230 domi
1023 3180 1225 3231 retento
1255 3177 1323 3230 ab
1357 3176 1536 3230 .lacob
1566 3178 1663 3245 qui
1691 3176 1843 3229 dime—

142 3269 230 3317 rat
258 3262 539 3329 fratribus
570 3263 685 3330 ejus
731 3277 744 3315 :
795 3263 871 3316 Ne
912 3264 1056 3328 forte
1100 3265 1160 3316 in
1198 3265 1390 3316 itinere
1422 3261 1722 3331 quidquam
1748 3277 1844 3329 pa-

144 3355 319 3407 tiatur
347 3353 505 3405 mati.
542 3352 725 3404 Decem
751 3352 959 3415 fratres
985 3352 1206 3421 Ioseph,
1234 3349 1324 3405 vel
1352 3349 1539 3405 virtus
1570 3349 1841 3405 universa

143 3440 213 3494 ad
259 3437 616 3507 Decalogum
660 3437 941 3504 instituta,
987 3436 1076 3491 vel
1106 3449 1316 3505 corpus
1342 3441 1397 3491 et
1426 3436 1621 3490 anima
1658 3434 1841 3491 amori

142 3524 442 3583 Trinitatis
489 3523 713 3591 innixa,
766 3522 973 3580 caelesti
1006 3524 1355 3579 incremento
1403 3536 1676 3594 germane
1705 3536 1843 3579 con-

139 3615 365 3687 juncta,
399 3614 471 3669 ad
505 3612 719 3683 pabula
757 3611 984 3668 interna
1014 3612 1328 3682 quaerenda
1365 3626 1422 3668 se
1452 3611 1716 3682 ﬂectunt;
1744 3611 1842 3667 sed

1951 1237 2369 1301 agnoscuntur,
2420 1245 2554 1287 cum
2604 1232 2783 1287 nostri
2827 1232 3136 1288 rationales
3166 1241 3353 1289 motus
3385 1235 3645 1290 dulcedi-

1950 1334 2079 1375 nem
2111 1319 2238 1389 ejus
2254 1318 2642 1390 experiuntur
2661 1334 2727 1376 ac
2748 1319 3017 1392 diligunt.
3050 1323 3350 1392 Appetitus
3379 1322 3642 1390 caelestis,

1951 1409 2115 1477 quasi
2158 1408 2229 1462 ad
2263 1408 2498 1476 alienos,
2542 1409 2747 1465 durius
2792 1409 3071 1479 loquitur,
3106 1412 3243 1466 dum
3298 1411 3495 1467 divina
3537 1411 3646 1468 dis-

1951 1498 2283 1567 pensatione
2336 1496 2530 1553 minus
2577 1498 2793 1554 arridet
2839 1498 3183 1568 plerumque
3237 1501 3411 1555 menti
3468 1514 3643 1570 quam

1950 1585 2074 1655 ipsa
2113 1585 2377 1641 voluerit.
2430 1586 2610 1653 Unde,
2653 1586 2749 1654 ait,
2797 1601 3049 1656 superna
3097 1602 3327 1658 sperare
3372 1588 3642 1658 poteritis,

1949 1674 2117 1744 quia
2158 1673 2420 1729 saeculari
2450 1688 2645 1730 amore
2690 1689 2808 1731 non
2847 1674 3170 1731 disceditis?
3213 1678 3643 1745 Te'rrenitatem,

1948 1761 2132 1828 aiunt,
2167 1776 2285 1831 qua
2326 1761 2623 1817 daemoniis
2655 1770 2718 1818 ut
2747 1763 3057 1819 transirent
3097 1764 3314 1835 iniquae
3344 1764 3645 1821 humilita-

1951 1848 2020 1904 tis
2062 1848 2295 1905 dorsum
2342 1850 2762 1918 praabebamus,
2810 1865 2913 1906 nos
2964 1852 3255 1907 incurvari
3305 1853 3646 1924 jubentibus

1950 1937 2333 2007 reliquimus,
2390 1946 2446 1994 et
2486 1939 2819 1996 alimoniam
2877 1939 3176 1996 vitalitatis
3219 1949 3448 1997 aeternae
3500 1941 3647 1998 datis

1949 2027 2320 2095 praesentium
2352 2026 2655 2097 impendiis
2684 2027 3058 2098 requirimus.

2022 2115 2192 2171 Vnus.
2225 2118 2278 2170 8.
2338 2144 2399 2155 --
2446 2115 2527 2169 Et
2554 2121 2732 2169 tamen
2760 2119 2965 2183 fratres
3000 2118 3113 2185 ipse
3156 2132 3491 2184 cognoscens,
3542 2132 3646 2172 non

1949 2208 2027 2258 est
2056 2205 2277 2271 agnitus
2303 2203 2371 2257 ab
2401 2205 2499 2257 eis.
2534 2203 2762 2260 Fratres
2799 2204 3110 2274 cognoscit,
3144 2219 3275 2260 cum
3311 2206 3483 2260 totius
3511 2219 3642 2260 san-

1949 2290 2160 2345 ctitatis
2211 2304 2400 2346 mores
2453 2304 2487 2344 a
2532 2290 2699 2346 nobis
2747 2291 3013 2362 cognosci
3064 2292 3223 2356 facit;
3277 2293 3349 2348 ab
3397 2292 3477 2348 eis
3510 2307 3643 2349 vero

1950 2394 2064 2436 non
2097 2380 2449 2450 agnoscitur,
2485 2380 2623 2450 quia
2660 2386 2715 2436 et
2756 2380 2802 2436 si
2833 2394 2905 2435 ex
2959 2381 3154 2451 aliquo
3201 2394 3393 2436 amore
3433 2382 3642 2451 partim

1952 2468 2183 2524 videtur
2228 2477 2282 2523 et
2319 2468 2517 2535 scitur,
2550 2483 2854 2539 nunquam
2890 2477 3077 2525 tamen
3116 2476 3492 2539 augmentum
3526 2469 3644 2539 spi-

1950 2553 2159 2619 rituale
2186 2555 2244 2610 in
2292 2555 2400 2610 hac
2436 2554 2557 2611 vita
2604 2556 2673 2611 ad
2709 2556 3023 2625 perfectum
3069 2556 3312 2625 capitur.
3350 2557 3539 2625 (Vens.
3573 2557 3643 2626 9.)

1948 2643 2382 2713 Recordatusque
2438 2649 2516 2699 est
2584 2647 2914 2699 somniorum
2986 2661 3105 2714 qua
3171 2645 3475 2713 aliquando
3554 2645 3643 2701 vi-

1949 2732 2124 2800 derat,
2175 2737 2226 2786 et
2270 2735 2352 2786 ait
2379 2731 2454 2786 ad
2497 2748 2583 2787 eos
2629 2734 3065 2803 :-E:vploratores
3113 2735 3280 2796 estis;
3324 2737 3385 2786 ut
3411 2733 3644 2789 videatis

1948 2820 2257 2890 inﬁrmiora
2315 2825 2471 2874 terra
2530 2822 2775 2875 venistis.
2846 2821 3202 2876 Recordatur
3265 2824 3594 2875 somniorum
3625 2863 3641 2889 ,

1949 2923 2080 2965 cum
2129 2908 2235 2964 sibi
2266 2909 2549 2978 praeponit
2596 2909 2824 2965 assidue
2854 2924 2973 2979 qua
3016 2909 3275 2965 imbutus
3312 2917 3396 2964 est
3445 2911 3645 2978 provi-

1949 2996 2201 3052 dentiam
2248 2996 2599 3053 futurorum.
2649 2996 2773 3053 Non
2806 2998 2903 3064 ita,
2939 2997 3147 3067 inquit,
3180 3003 3245 3052 ut
3287 2996 3474 3051 dicitis
3504 2997 3644 3053 Cha-

1948 3084 2264 3139 nanitidem
2315 3084 2644 3154 respuistis,
2693 3085 2790 3141 sed
2841 3099 2952 3140 non
3003 3082 3188 3140 solum
3237 3084 3463 3139 inﬁrma
3512 3098 3643 3155 quae

1948 3172 2296 3228 humanitati
2340 3173 2604 3240 attinent,
2637 3187 2841 3230 verum
2886 3176 3207 3243 inﬁrmiora,
3262 3174 3478 3243 quibus
3524 3181 3643 3230 ter-

1950 3261 2071 3316 reni
2126 3260 2303 3316 animi
2335 3261 2585 3327 sordent,
2635 3261 2844 3318 scilicet
2873 3262 3010 3317 vitia
3050 3262 3392 3318 intentiones
3444 3270 3642 3318 vestrae

1947 3348 2245 3418 explorare
2294 3349 2545 3404 student.
2599 3350 2795 3418 (Vnus.
2843 3352 2952 3415 10.)
2999 3351 3136 3416 Non,
3187 3352 3363 3414 aiunt,
3413 3353 3495 3405 ita
3541 3355 3639 3416 est,

1949 3437 2180 3504 domine,
2230 3437 2325 3493 sed
2371 3437 2523 3492 servi
2572 3437 2654 3493 tui
2701 3438 3023 3494 ofﬁciorum
3072 3438 3384 3494 cmlestium
3436 3452 3643 3493 memo-

1949 3538 2058 3591 res,
2096 3524 2186 3579 his
2228 3538 2295 3579 ac
2324 3524 2371 3579 si
2420 3524 2546 3580 cibo
2589 3524 2743 3580 reﬁci
2785 3539 3036 3594 expensa
3080 3525 3138 3580 iu
3190 3525 3434 3595 pretium
3484 3524 3641 3580 omni

1949 3613 2241 3682 voluptate
2288 3612 2630 3668 desiderant.
2681 3613 2875 3683 (Vnus.
2934 3616 3042 3678 11.)
3096 3614 3285 3668 Omnes
3328 3614 3434 3682 ﬁlii
3480 3616 3642 3666 unius

143 3703 456 3774 Benjamin,
502 3700 606 3772 qui
643 3701 804 3771 ﬁlius
850 3701 1086 3755 dea-tera
1131 3700 1380 3768 dicitur,
1431 3714 1592 3756 amor
1631 3700 1843 3756 scilicet
1881 3718 1922 3773 ρ
1949 3704 2061 3755 viri
2103 3716 2306 3757 sumus.
2371 3699 2550 3763 Illius,
2602 3700 2864 3756 videlicet
2906 3714 3079 3769 quem
3128 3714 3228 3769 pro
3281 3699 3368 3755 sui
3422 3699 3641 3755 unitate

144 3792 391 3850 caelestis
432 3791 580 3856 vitm,
613 3790 682 3843 ab
727 3789 888 3844 Jacob
932 3789 1089 3845 domi
1139 3796 1383 3856 tenetur,
1430 3790 1570 3860 quia
1612 3788 1840 3859 spiritui

144 3881 297 3938 intra
342 3878 751 3936 conscientiam
790 3891 1016 3947 semper
1047 3890 1273 3933 necesse
1300 3885 1400 3945 est,
1435 3885 1499 3933 ut
1543 3877 1842 3934 individuo

144 3971 533 4040 astringatur;
582 3981 652 4022 ne
697 3968 741 4022 si
790 3965 1047 4021 exterius
1095 3966 1348 4034 prodeat,
1400 3966 1547 4022 inter
1576 3966 1839 4022 inanium

144 4059 408 4114 favorum
437 4070 612 4111 auras
640 4054 867 4110 damnis
898 4053 1194 4124 aliquibus
1221 4061 1508 4111 tenuetur.

212 4146 388 4201 Vnus.
423 4145 471 4195 5.
517 4173 586 4181 —
624 4144 857 4209 lngressi
882 4147 1010 4195 sunt
1050 4148 1251 4196 terram
1280 4144 1526 4212 Egypti,
1559 4157 1677 4195 cum
1716 4144 1840 4197 aliis

146 4236 241 4304 qui
286 4231 590 4303 pergebant
634 4231 707 4285 ad
751 4230 1050 4285 emendum.
1090 4232 1309 4287 Terram
1360 4232 1585 4300 Egypti
1641 4230 1840 4301 ingre—

146 4322 409 4386 diuntur,
457 4333 591 4375 cum
638 4326 874 4375 terrena
904 4318 1218 4375 affectionis
1265 4319 1531 4375 tenebras
1560 4327 1614 4375 et
1662 4333 1844 4391 angu-

147 4410 303 4470 stias,
356 4407 510 4463 vires
548 4405 832 4463 interioris
875 4407 1124 4463 hominis
1177 4414 1459 4479 congestae
1499 4407 1838 4476 irrumpere,

147 4511 213 4552 ac
241 4496 499 4552 obtinere
543 4496 844 4564 nituntur;
897 4495 1048 4551 unde
1076 4503 1130 4551 et
1159 4495 1321 4563 alios,
1355 4494 1457 4566 qui
1489 4495 1687 4551 iisdem
1736 4495 1842 4565 piis

147 4581 534 4640 mercimoniis
586 4582 838 4638 institere
868 4624 883 4650 ,
944 4582 1033 4638 vel
1087 4584 1353 4651 instant,
1408 4592 1634 4640 sanctos
1692 4583 1843 4640 viros

148 4673 472 4729 imitantur.
508 4674 643 4726 Erat
672 4676 851 4725 autem
890 4673 1065 4738 fames
1097 4674 1156 4725 in
1187 4676 1334 4726 terra
1373 4674 1662 4726 Chanaan.
1695 4671 1842 4728 Cha-

148 4775 297 4817 naan
329 4760 544 4815 dicitur
578 4763 811 4828 paratus
842 4760 1159 4825 humilitati,
1196 4760 1529 4831 signiﬁcans
1558 4762 1837 4826 animum,

148 4850 343 4906 eadem
377 4863 510 4919 quae
564 4861 665 4917 per
693 4847 1007 4918 Egyptum
1059 4847 1375 4919 ﬁguratum
1415 4848 1667 4905 terrestri
1700 4847 1838 4905 alie—

150 4940 355 5005 ctione,
407 4936 577 5007 quasi
609 4935 811 5006 iniqua
849 4935 1103 5006 quadam
1150 4936 1492 5006 humilitate,
1535 4937 1838 5009 dejectum,

1948 3797 2161 3860 septem
2192 3788 2459 3845 mulieres
2504 3784 2948 3858 apprehendunt
2995 3788 3136 3858 (Isa.
3171 3803 3247 3855 1v,
3309 3791 3381 3855 1),
3414 3796 3469 3844 et
3499 3787 3641 3857 quia

1948 3877 2038 3933 vir
2066 3884 2149 3933 est
2193 3884 2248 3933 et
2283 3891 2435 3933 unus
2463 3884 2564 3945 est,
2613 3878 2834 3946 paciﬁci
2871 3875 2991 3946 jam
3039 3877 3193 3945 apud
3244 3877 3419 3932 Deum
3452 3882 3507 3931 et
3538 3874 3640 3930 ho-

1950 3965 2131 4021 mines
2172 3967 2433 4019 venimus.
2488 3963 2752 4035 Cumque
2802 3965 2914 4020 Deo
2962 3971 3017 4019 et
3066 3963 3345 4033 proximis
3387 3977 3486 4032 pro
3525 3962 3640 4017 Deo

1951 4053 2172 4123 placere
2203 4053 2498 4124 gestimus,
2540 4051 2680 4122 quid
2722 4051 2855 4107 mali
2907 4051 3154 4107 aestimas
3203 4051 3639 4107 machinemur?

1950 4141 2148 4212 (Vsus.
2187 4141 2296 4212 12.)
2319 4140 2746 4208 Immunita,ait,
2774 4146 2927 4194 terrae
2948 4141 3111 4208 hujus
3139 4140 3479 4195 considerare
3497 4141 3641 4192 veni-

1947 4231 2066 4283 stis.
2109 4227 2269 4295 Quod
2300 4237 2385 4284 est
2425 4229 2878 4299 opportunitates
2917 4228 3111 4284 adhuc
3143 4229 3414 4299 peccandi
3444 4228 3641 4283 obser-

1949 4316 2117 4381 vatis,
2154 4330 2258 4371 nec
2302 4315 2373 4371 ad
2406 4316 2558 4371 vires
2587 4315 2788 4381 animi,
2831 4314 2929 4370 sed
2961 4313 3163 4386 fragile
3205 4328 3415 4385 corpus
3456 4320 3642 4369 atten-

1949 4404 2147 4461 dentes
2178 4403 2449 4473 desipitis.

2021 4492 2191 4550 Vsus.
2232 4494 2312 4546 l3.
2355 4519 2427 4532 --
2470 4486 2780 4558 Duodecim,
2827 4494 3103 4560 inquiunt,
3139 4494 3283 4546 servi
3324 4492 3405 4546 tui
3434 4494 3640 4558 fratres

1948 4595 2153 4637 sumus.
2186 4579 2350 4648 Quia,
2387 4593 2488 4650 per
2523 4579 2818 4635 Trinitatis
2861 4594 3137 4648 amorem,
3170 4588 3424 4649 quatuor
3448 4578 3642 4633 Evan-

1951 4668 2253 4740 geliorum,
2284 4668 2369 4723 vel
2414 4675 2666 4737 quatuor
2712 4666 3117 4738 principalium
3168 4666 3447 4721 virtutum
3475 4664 3644 4734 perfe-

1949 4757 2161 4813 ctiones
2208 4769 2484 4827 germana
2534 4757 2747 4827 pariter
2778 4756 3073 4823 devotione
3116 4753 3539 4823 prosequimur,
3586 4759 3643 4807 et

1950 4860 2083 4902 cum
2116 4848 2171 4898 in
2204 4850 2349 4898 terra
2387 4845 2647 4902 Chanaan
2694 4858 2967 4908 essemus,
3000 4843 3070 4898 ad
3114 4841 3442 4898 liliationem
3489 4839 3642 4896 illius

1952 4934 2127 4991 unius
2154 4934 2223 4989 de
2254 4948 2371 5004 quo
2395 4934 2517 5005 jam
2548 4933 2761 4989 dictum
2794 4940 2877 4988 est
2918 4931 3028 4986 viri
3058 4930 3245 4986 vocati
3275 4944 3497 4986 sumus.
3532 4931 3639 4984 Mi-

151 5034 204 5082 et
257 5025 501 5081 internae
559 5024 978 5094 praestolantem
1036 5024 1205 5080 famis
1264 5024 1582 5091 interitum,
1641 5025 1750 5081 nisi
1805 5039 1842 5081 a
1878 5016 1920 5069 Ι)
1949 5025 2130 5079 nimus
2170 5038 2283 5079 non
2329 5030 2562 5092 propter
2600 5020 3018 5093 indignitatem,
3068 5020 3166 5076 sed
3209 5026 3440 5090 propter
3481 5018 3641 5088 spiri-

152 5113 354 5183 Joseph
412 5112 645 5183 praelato
716 5112 945 5185 {Egypti
999 5112 1199 5191 ‘vitalis
1262 5113 1370 5170 sibi
1436 5113 1607 5169 tritici
1670 5114 1841 5170 fuerit

156 5201 455 5272 largitione
504 5200 870 5258 subventum.
928 5200 1118 5272 (Vens.
1171 5203 1223 5267 6,
1284 5200 1359 5273 7.)
1414 5202 1649 5271 Cumque
1701 5201 1841 5257 ado-

156 5296 360 5346 rassent
389 5305 511 5344 eum
536 5291 762 5358 fratres,
796 5295 847 5344 et
875 5292 1183 5357 agnovisset
1211 5304 1317 5356 eos,
1352 5292 1518 5358 quasi
1544 5291 1619 5345 ad
1637 5290 1844 5344 alienos

157 5380 340 5435 durius
397 5379 721 5448 loquebatur
744 5419 758 5444 ,
809 5381 1152 5447 interrogans
1197 5394 1281 5434 eos
1330 5395 1343 5433 :
1400 5379 1551 5436 Unde
1603 5378 1841 5436 venitis?

157 5468 419 5535 Deterra,
468 5465 765 5535 inquiunt,
817 5465 1098 5532 Chanaan,
1146 5468 1207 5519 ut
1253 5480 1489 5520 emamus
1532 5467 1702 5520 victui
1743 5481 1842 5520 ne~

1951 5112 2230 5168 tualitatis
2266 5111 2659 5176 subtilitatem,
2696 5124 2824 5181 spes
2870 5109 3080 5166 scilicet
3113 5114 3308 5164 nostra
3349 5121 3481 5163 cum
3528 5107 3641 5162 Pa-

1950 5208 2035 5258 tre
2064 5199 2274 5258 coelesti
2319 5207 2422 5267 est,
2459 5198 2560 5256 ubi
2604 5198 2776 5254 etiam
2819 5197 3138 5254 secundum
3186 5196 3338 5251 hanc
3380 5195 3641 5251 diversa-

1952 5303 2105 5345 mur.
2155 5289 2316 5343 Atius
2367 5303 2474 5342 non
2521 5290 2601 5341 est
2645 5301 2827 5357 super,
2883 5287 3023 5356 quia
3076 5283 3281 5341 mundi
3331 5283 3639 5354 appetitus,

1951 5377 2055 5448 qui
2085 5391 2189 5433 nos
2217 5390 2394 5447 super
2421 5375 2783 5447 equitaverat
2811 5373 2944 5432 olim
2972 5373 3091 5444 jam
3122 5386 3507 5443 supernorum
3539 5371 3644 5427 de-

1951 5465 2155 5523 siderio
2204 5472 2289 5521 est
2330 5465 2547 5522 subter.
2594 5464 2791 5534 (Vnus.
2844 5462 2952 5534 14.)
2985 5465 3094 5519 Hoc
3130 5467 3228 5526 est,
3263 5463 3364 5527 ait,
3393 5459 3538 5528 quod
3567 5460 3644 5514 lo-
