3904 6066
228 143 329 195 287
1123 139 1181 191 V.
1223 136 1553 191 GUIBERTI
1595 135 1889 190 ABBATIS
1925 135 1982 190 S.
2026 134 2266 189 ΜΑΒΙᾸΞ
2306 133 2394 188 DE
2434 132 2828 188 NOVIGENTO

3620 136 3741 188 288

231 279 387 329 cutus
432 290 579 340 sum,
630 274 997 342 emploratorcs
1053 275 1182 326 estis
1230 272 1368 338 (14).
1427 270 1659 327 Tharsis
1709 270 1922 326 dicitur
1958 270 2003 322 Α
2034 276 2215 335 zetur,
2249 269 2305 324 in
2333 276 2612 325 aeternum
2658 282 2891 324 carnem
2933 282 3047 324 non
3079 269 3391 325 manducat
3422 269 3746 339 Apostolus

229 362 551 433 exploratio
577 362 793 434 gaudii,
830 361 887 416 in
915 361 1120 430 spiritu
1149 366 1341 415 autem
1375 358 1694 415 vehementi
1727 366 1927 414 conte-

232 451 307 507 rit
348 452 499 507 Deus
545 465 722 506 naves
769 450 1000 505 Tharsis
1051 449 1212 516 (Psal.
1263 462 1440 513 van,
1477 447 1553 517 8).
1600 448 1724 502 Jam
1769 460 1927 502 nunc

232 540 693 610 experimentum
714 539 937 606 capiam
968 536 1267 592 mundana
1297 550 1400 590 vos
1424 536 1617 591 adhuc
1644 534 1925 603 aucupari

236 629 467 700 gaudia.
515 628 707 694 (Vsus.
743 627 855 694 15.)
894 628 997 681 Per
1025 626 1254 679 salutem
1286 626 1611 691 Pharaonis,
1645 639 1751 677 non
1777 639 1926 691 egre-

237 716 466 769 diemini
494 716 637 780 hinc,
692 713 854 768 donec
884 715 1066 767 veniat
1090 714 1272 779 frater
1300 718 1470 766 vester
1495 711 1778 766 minimus.
1834 710 1929 766 Sa.-

236 804 327 859 lus
350 802 666 858 Pharaonis
690 809 792 862 est,
825 816 939 857 non
970 816 1089 871 qua
1118 801 1340 856 Pharao
1371 799 1650 864 salvatur.
1685 799 1780 855 sed
1812 813 1929 869 qua.

235 891 426 960 potius
463 905 499 946 a
544 890 716 960 typici
768 890 1083 945 Pharaonis
1114 888 1443 944 incursione
1472 888 1787 943 salvamur.
1820 888 1924 953 Ita,

232 978 447 1050 inquit,
490 993 524 1033 a
554 978 839 1035 bonorum
869 978 1128 1034 omnium
1161 976 1497 1047 dissipatore
1534 977 1742 1043 salvcr,
1771 976 1927 1047 quod

234 1083 350 1124 non
405 1068 568 1134 hinc,
612 1066 669 1122 id
717 1074 802 1123 est
856 1067 929 1123 ab
977 1065 1235 1135 appetitu
1286 1065 1528 1121 caelestis
1582 1064 1925 1136 augmenti,

233 1156 509 1212 excedere
548 1155 621 1210 ad
661 1157 892 1210 terrena
942 1167 1044 1209 vos
1091 1153 1274 1215 liceat,
1326 1152 1506 1208 donec
1538 1152 1655 1222 spei
1703 1159 1929 1208 aeterna:

235 1244 481 1309 fructus,
526 1241 719 1313 quiin
765 1241 920 1298 caelis
952 1241 1108 1311 apud
1151 1241 1379 1307 Patrem
1423 1240 1793 1297 absconditus
1823 1248 1925 1310 est,

235 1332 451 1388 veniat.
485 1333 740 1387 Minimus
768 1330 940 1386 etiam
985 1329 1108 1385 ideo
1137 1336 1239 1396 est,
1286 1329 1424 1399 quia
1453 1336 1509 1384 et
1548 1328 1771 1384 minimi
1802 1343 1929 1384 am-

240 1420 392 1490 plius
435 1418 617 1490 diligi,
650 1426 705 1475 et
738 1416 931 1474 curari
976 1416 1177 1484 solent,
1210 1416 1365 1487 quod
1403 1423 1588 1472 totum
1627 1417 1828 1473 attinet
1857 1417 1926 1472 ad

235 1522 415 1578 spem.

307 1596 479 1651 Vsus.
532 1598 615 1650 l6.
672 1626 740 1635 ——
793 1597 994 1650 Mittite
1039 1609 1107 1648 ea:
1142 1594 1293 1649 vobis
1337 1609 1537 1662 unum,
1583 1597 1635 1648 et
1688 1593 1930 1649 adducat
1970 1563 2009 1616 Β

235 1700 355 1737 eum
409 1698 420 1738 :
466 1699 556 1737 vos
607 1687 785 1737 autem
817 1684 969 1736 eritis
1016 1684 1075 1736 in
1116 1682 1368 1745 vinculis,
1419 1680 1581 1734 donec
1634 1680 1933 1749 probentur

237 1787 356 1841 qua
393 1777 533 1825 I53
562 1771 809 1837 dixistis,
857 1776 1040 1824 utrum
1078 1785 1207 1824 vera
1254 1785 1327 1822 an
1374 1769 1524 1834 falsa
1571 1771 1706 1822 sint.
1758 1768 1929 1824 Illum

236 1876 404 1915 unum
433 1859 803 1929 principalem
834 1860 1052 1925 mittite,
1084 1872 1151 1913 ac
1193 1857 1239 1912 si
1282 1864 1644 1927 sequestrum
1676 1856 1931 1913 charita-

240 1948 311 2004 tis
337 1946 625 2013 affectum,
674 1955 737 2002 ut
765 1946 917 2017 quod
950 1945 1273 2016 prospicitis
1317 1958 1414 2015 spe
1450 1944 1721 2000 exhibeat
1770 1944 1931 2001 VLbiS

239 2035 298 2091 in
348 2050 428 2091 re.
474 2037 576 2089 Vos
625 2041 839 2101 autem,
893 2034 1118 2089 interim
1167 2047 1201 2087 a
1248 2032 1511 2088 szeculari
1560 2032 1925 2095 cohibendos.

238 2124 347 2180 sub
379 2123 692 2193 disciplima
739 2122 987 2178 vinculis
1018 2121 1214 2177 scitote
1259 2120 1512 2186 lascivia,
1560 2128 1626 2176 ut
1656 2121 1932 2191 probetur

237 2212 343 2268 sub
374 2213 515 2266 meis
549 2209 1029 2276 accusationibus,
1066 2217 1267 2265 vestrae
1298 2208 1612 2264 devotionis
1640 2221 1707 2263 ac
1740 2222 1927 2277 perse-

238 2299 513 2357 verantiae
569 2299 821 2355 defensio
880 2298 1049 2354 facta.
1107 2298 1298 2366 (VERS.
1361 2300 1444 2361 17,
1508 2296 1617 2367 18.)
1674 2297 1930 2352 Tradidit

235 2403 361 2455 ergo
393 2404 478 2443 cos
524 2391 584 2442 in
632 2389 875 2442 custodia
909 2387 1085 2440 tribus
1125 2385 1335 2439 diebus.
1393 2385 1494 2438 Die
1547 2387 1727 2438 autem
1773 2386 1930 2438 tertio

236 2477 441 2531 eductis
471 2494 498 2531 e
541 2493 771 2544 carcere,
815 2479 898 2529 ait
946 2492 958 2529 :
1006 2476 1189 2530 Facite
1237 2473 1381 2543 quod
1420 2474 1563 2537 dimi,
1613 2479 1663 2527 et
1689 2475 1925 2527 vinetis:

240 2569 407 2620 Deum
435 2568 576 2619 enim
609 2568 784 2619 timeo.
820 2566 1009 2619 Prima
1034 2563 1155 2618 dies
1182 2569 1265 2616 est
1297 2561 1619 2630 conversio;
1653 2560 1926 2629 secunda,

236 2652 523 2707 virtutum
572 2652 881 2722 promotio;
939 2652 1152 2717 tertia,
1222 2649 1463 2705 cmlestis
1519 2649 1924 2706 remuneratio.

238 2739 356 2796 Sub
394 2740 782 2796 conversionis
827 2754 963 2810 ergo
1011 2738 1334 2802 vocatione,
1395 2738 1502 2793 sub
1555 2737 1931 2808 promotionis

2036 360 2083 430 (Ι
2110 360 2238 412 Cor.
2288 373 2408 423 vm,
2462 357 2569 423 13).
2618 357 2811 428 (Vnus.
2848 360 2962 423 22.)
3007 359 3053 412 E
3101 359 3297 426 quibus
3350 373 3492 413 unus
3541 360 3745 415 Ruben

2035 452 2115 503 ait
2149 464 2162 502 :
2208 446 2473 517 Nunquid
2504 462 2611 500 non
2647 447 2774 500 dixi
2799 446 2953 500 vobis
2981 460 2994 500 :
3044 447 3221 501 Nolite
3245 462 3468 516 peccare
3512 450 3568 502 in
3594 464 3742 517 pue-

2034 554 2177 607 rum,
2225 543 2276 591 et
2314 552 2420 590 non
2454 536 2691 590 audistis
2727 535 2846 589 me?
2884 551 2949 589 en
2989 538 3216 603 sanguis
3258 536 3375 602 ejus
3414 538 3743 603 exquiritur

2034 624 2482 694 Conqueramur
2534 622 2723 677 taliter
2787 622 3094 677 adversum
3157 636 3215 676 se
3271 630 3461 678 motus
3523 621 3745 678 interni

2037 714 2135 769 sed
2164 712 2388 777 Ruben,
2437 711 2537 779 qui
2570 710 2781 766 dicitur
2825 710 3016 764 videns
3056 713 3115 764 in
3162 710 3356 777 medio,
3389 711 3441 765 id
3471 718 3555 766 est
3584 710 3745 766 ratio

2037 817 2168 871 quae
2197 800 2513 870 corporalia
2543 800 2924 855 communiter
2967 800 3405 869 spiritualiaque
3430 799 3741 870 dijudicat,

2036 904 2209 959 super
2256 904 2363 946 sua
2406 903 2502 945 eos
2545 888 2954 959 redargutione
2999 896 3425 955 commemorat,
3477 889 3633 958 quod
3674 889 3746 944 in

2038 993 2096 1035 se
2126 980 2378 1035 hebetem
2412 978 2627 1033 scilicet
2665 977 2875 1042 adhuc,
2921 983 2975 1032 et
3003 977 3076 1032 ad
3107 977 3477 1034 conﬂictuum
3512 977 3747 1034 labores

2039 1077 2301 1125 tenerum
2348 1080 2581 1137 peccare
2630 1065 2878 1122 vetuerit
2927 1072 2983 1121 et
3039 1066 3269 1133 audire,
3325 1067 3746 1137 spernentibus

2039 1156 2275 1227 peccati,
2307 1155 2461 1226 quod
2490 1162 2575 1211 est
2597 1155 2922 1225 sanguinis,
2958 1155 3107 1211 Deus
3134 1156 3331 1225 pinnas
3360 1155 3634 1211 intulerit.

2108 1246 2287 1301 Vnus.
2332 1246 2420 1311 23,
2466 1244 2555 1311 24,
2615 1244 2702 1297 25.
2745 1273 2813 1282 -
2864 1244 3182 1298 Nesciebant
3228 1249 3406 1297 autem
3453 1244 3597 1312 quod
3641 1247 3742 1299 in-

2040 1335 2299 1401 telligeret
2338 1332 2553 1400 Ioseph,
2602 1347 2661 1385 eo
2704 1331 2850 1402 quod
2895 1347 2992 1401 per
3041 1334 3388 1399 interpretem
3425 1334 3742 1401 loqueretur

2038 1422 2114 1475 ad
2143 1436 2248 1475 eos.
2282 1422 2608 1488 Avertitque
2635 1433 2691 1473 se
2735 1434 3049 1486 parumper,
3101 1424 3152 1472 et
3178 1421 3361 1487 ﬂevit;
3406 1424 3455 1473 et
3486 1436 3737 1475 reversus

2040 1512 2247 1565 locutus
2298 1514 2376 1564 est
2429 1508 2504 1563 ad
2558 1523 2663 1563 eos.
2723 1509 2927 1564 Tollens
2979 1508 3219 1572 Simeon,
3280 1513 3333 1562 et
3384 1509 3560 1574 ligans
3613 1510 3738 1564 illis

2038 1598 2412 1667 praesentibus.
2457 1596 2603 1652 Dum
2655 1596 2732 1650 ita
2784 1597 2852 1652 de
2906 1596 3235 1651 animorum
3286 1597 3738 1665 {egritudinibus

2037 1700 2242 1743 sensus
2291 1685 2500 1741 interni
2535 1686 2856 1755 ingemunt,
2901 1686 3052 1742 hanc
3077 1685 3259 1754 ipsam
3294 1685 3734 1756 intelligentiam

2037 1789 2072 1831 a
2097 1774 2334 1845 mystico
2382 1773 2592 1843 Joseph
2632 1773 2737 1830 sibi
2772 1773 2997 1830 infundi
3028 1775 3370 1844 plerumque
3416 1774 3683 1831 nesciunt
3717 1791 3733 1829 :

2037 1863 2146 1919 nisi
2196 1862 2348 1918 enim
2413 1861 2812 1931 spiritualibus
2854 1862 3181 1933 augmentis
3232 1862 3529 1930 instarent,
3571 1877 3737 1918 nun-

2038 1965 2213 2021 quam
2244 1966 2339 2007 eos
2362 1949 2685 2020 corporalia
2732 1949 2873 2005 vitia
2901 1949 3224 2020 fatigarent,
3270 1964 3336 2004 eo
3365 1949 3517 2019 quod
3547 1950 3740 2004 media

2037 2038 2187 2093 inter
2235 2046 2511 2107 utrosque
2552 2035 2914 2106 cogitationis
2967 2035 3203 2105 querela
3253 2034 3545 2104 discurrit,
3600 2051 3736 2106 quae

2037 2135 2228 2183 tamen
2278 2126 2529 2195 idipsum
2563 2125 2716 2194 quod
2766 2124 2990 2179 fastidio
3036 2124 3402 2193 prasentium
3448 2124 3733 2194 tangitur,

2037 2215 2312 2286 quodque
2338 2215 2406 2269 de
2456 2215 2561 2269 hoc
2593 2213 2711 2282 ipso
2751 2212 2907 2282 apud
2949 2226 3008 2267 se
3046 2212 3380 2273 altercatur.
3410 2212 3482 2266 ab
3509 2212 3730 2277 eodem,

2037 2302 2141 2373 qui
2203 2302 2539 2359 melioribus
2594 2300 2794 2371 augeri
2823 2307 3076 2369 exoptat,
3136 2300 3479 2356 infunditur.
3511 2301 3736 2355 Avertit

2036 2405 2172 2462 ergo
2227 2405 2283 2444 se
2319 2404 2616 2459 parumper
2659 2397 2712 2445 et
2766 2388 2880 2457 flet,
2929 2402 3062 2444 cum
3113 2402 3148 2443 a
3197 2388 3365 2444 corde
3406 2387 3735 2444 lransilorZa

2038 2479 2316 2543 dimovet,
2371 2485 2427 2533 et
2473 2478 2756 2547 quidquid
2808 2477 2964 2533 noxii
3020 2477 3076 2532 in
3124 2475 3424 2532 affectibus
3474 2476 3736 2531 humoris

2037 2567 2248 2633 existit,
2283 2581 2317 2621 a
2359 2580 2418 2621 se
2448 2573 2705 2635 patenter
2742 2572 3066 2635 extorquet.
3100 2566 3400 2633 Parumper
3430 2564 3481 2620 id
3514 2564 3729 2633 agitur,

2038 2656 2179 2725 quia
2208 2661 2365 2709 tanta
2409 2655 2498 2708 sui
2529 2653 2841 2709 auctoritas
2870 2668 2985 2708 non
3029 2654 3130 2708 diu
3161 2653 3336 2708 menti
3379 2652 3731 2719 conceditur,

2040 2743 2194 2798 unde
2228 2749 2285 2798 et
2307 2757 2552 2796 reversus
2581 2742 2655 2795 ad
2686 2756 2770 2796 eos
2806 2742 3081 2811 loquitur,
3116 2742 3257 2811 quia
3286 2741 3455 2796 citius
3483 2741 3552 2796 ad
3585 2755 3738 2811 prae—

232 2828 659 2898 justiﬁcationc,
705 2829 815 2883 sub
864 2826 1341 2883 remunerationis
1374 2826 1564 2882 adhuc
1610 2834 1799 2881 tamen
1832 2839 1932 2895 per
1969 2838 2009 2893 C
2041 2832 2193 2887 dicta
2240 2831 2540 2899 ratiocinia
2584 2830 2721 2886 velit
2764 2829 2906 2886 nolit
2954 2837 3279 2886 revocatur.
3330 2830 3575 2895 Simeon,
3631 2829 3735 2899 qui

237 2931 393 2986 spem
425 2916 854 2987 gloriﬁcatione,
906 2914 1143 2970 rationis
1183 2914 1585 2984 mancipamur
1627 2914 1927 2983 custodiae;

239 3006 333 3061 sed
378 3019 513 3060 cum
551 3005 620 3060 de
659 3004 880 3060 timoris
926 3004 1013 3057 die
1044 3005 1199 3057 tertio
1228 3003 1493 3058 eruimur
1533 3016 1780 3068 carcere,
1807 3003 1928 3071 jam

240 3093 523 3164 placidius
555 3101 744 3148 monet
778 3093 951 3148 vitam
987 3091 1387 3148 mandatorum
1421 3091 1747 3160 impletione
1776 3105 1932 3146 mer-

239 3182 358 3237 cari
413 3185 575 3236 Deum
622 3184 781 3248 enim,
833 3180 1041 3250 inquit,
1076 3184 1253 3242 timeo,
1298 3194 1413 3234 non
1463 3179 1928 3248 poenaliterjam,

238 3269 336 3325 sed
378 3283 452 3325 ex
499 3278 660 3339 parte
701 3269 1060 3338 paternitatis
1095 3268 1395 3323 desiderio.
1453 3269 1646 3338 (Vsus.
1711 3271 1819 3335 19.)
1875 3267 1931 3322 Si

239 3372 376 3429 ergo
402 3371 592 3427 pacem
628 3372 661 3412 a
691 3357 847 3413 vitiis
878 3371 1103 3412 mecum
1124 3356 1242 3426 jam
1278 3357 1487 3412 habere
1511 3356 1775 3427 cmpistis.
1810 3358 1933 3422 [ra-

240 3451 320 3500 ter
346 3451 521 3500 vester
565 3461 702 3500 unus
734 3447 950 3514 ligetur,
982 3445 1233 3500 charitas
1276 3444 1372 3499 illa
1420 3444 1498 3499 nil
1522 3445 1641 3514 jam
1673 3450 1935 3512 suspecta

240 3534 311 3590 de
340 3534 620 3604 supplicio
666 3548 951 3590 carcerem
1003 3534 1208 3588 amodo
1240 3532 1456 3603 lugeat,
1498 3546 1614 3602 quo
1655 3532 1935 3587 retinetur

241 3638 276 3678 a
304 3638 519 3695 regno;
565 3639 656 3678 vos
705 3628 883 3677 autem
912 3621 1058 3675 abite
1094 3621 1167 3676 ab
1195 3621 1509 3676 intentione
1551 3619 1835 3686 forastica,
1879 3627 1934 3675 et

241 3712 423 3767 divini
454 3712 675 3783 saporis
713 3712 785 3767 ad
834 3710 1198 3780 singularum
1237 3708 1579 3765 diverticula
1616 3709 1932 3770 virtutum:

240 3803 380 3866 ferte
403 3805 698 3868 frumenta.
733 3800 922 3869 (Vsus.
967 3799 1080 3865 '20.)
1120 3799 1207 3853 Ex
1255 3812 1372 3867 quo
1414 3796 1691 3852 minimus
1736 3796 1933 3864 frater,

242 3903 371 3959 spes
408 3889 670 3944 videlicet
718 3888 857 3943 mihi
900 3888 1174 3956 ampliata
1209 3887 1528 3956 proveniat,
1570 3892 1625 3941 et
1676 3885 1934 3940 veracior

242 3984 444 4033 vestrae
484 3976 842 4047 allegationis
884 3976 953 4031 ad
1002 3977 1133 4031 vita
1169 3975 1463 4045 praemium
1512 3972 1786 4043 professio
1832 3987 1931 4043 pa-

240 4072 373 4120 teat.

315 4153 489 4209 Vsus.
543 4155 632 4207 2|.
687 4184 755 4192 —
813 4154 1072 4208 Fecerunt
1117 4157 1178 4206 ut
1209 4152 1449 4216 dixerat,
1495 4156 1546 4205 et
1596 4151 1760 4205 locuti
1803 4155 1930 4205 sunt

244 4243 320 4296 ad
350 4245 574 4297 invicem
618 4257 631 4296 :
680 4244 868 4297 Merito
907 4244 1016 4296 haec
1045 4244 1310 4311 patimur,
1345 4243 1476 4310 quia
1511 4243 1849 4309 peccavimus
1876 4242 1935 4293 in

242 4335 476 4398 fratrem
527 4336 766 4386 nostrum
797 4372 812 4395 ,
882 4331 1122 4385 videntes
1189 4330 1501 4397 angustiam
1575 4329 1771 4381 animae
1820 4330 1935 4396 ejus

244 4437 365 4477 cum
394 4421 775 4489 deprecaretur
815 4434 929 4482 nos,
959 4424 1010 4472 et
1043 4434 1150 4473 non
1186 4417 1512 4472 audivimus.
1548 4416 1761 4470 Idcirco
1785 4420 1936 4472 venit

242 4511 354 4563 ista
410 4509 695 4562 tribulatio
744 4522 908 4576 suptr
957 4523 1071 4561 nos.
1121 4506 1429 4576 Postquam
1482 4505 1759 4561 desiderio
1815 4521 1933 4561 caa—

243 4597 364 4653 lesti
399 4597 563 4652 factis
608 4595 1050 4666 acquiescimus,
1082 4603 1136 4651 et
1184 4594 1608 4665 gravitudinem
1640 4594 1772 4650 vitae
1804 4609 1933 4650 mu-

245 4686 477 4741 tationis
515 4685 884 4748 attendimus,
934 4684 1083 4739 intra
1113 4698 1217 4739 nos
1249 4683 1352 4738 ista
1385 4681 1733 4738 conferimus
1763 4699 1776 4736 :
1815 4684 1935 4738 Hzec

241 4777 429 4829 merito
479 4772 887 4829 difficultatum
918 4772 1071 4827 mala
1121 4771 1390 4841 patimur,
1442 4771 1582 4840 quia
1613 4778 1816 4825 contra
1849 4771 1936 4825 in-

243 4862 506 4918 teriorem
559 4860 849 4917 hominem
894 4860 1277 4930 peccavimus,
1326 4875 1446 4913 cum
1495 4859 1608 4929 ipse
1659 4858 1765 4930 legi
1802 4858 1932 4928 Dei;

243 4950 516 5019 quoniam
561 4950 713 5005 bona
741 4956 844 5014 est,
877 4948 1255 5014 consentiens,
1289 4948 1438 5003 inter
1484 4947 1786 5017 angustias
1817 4955 1934 5002 ten-

246 5037 474 5093 tationis
507 5039 741 5101 invitus,
791 5045 845 5092 et
888 5035 1054 5106 quasi
1095 5036 1447 5091 ratiocinans
1496 5035 1821 5090 traheretur
1864 5034 1936 5089 ad

243 5126 497 5194 culpam,
541 5131 590 5180 et
618 5142 726 5180 non
769 5126 1102 5180 audivimus.
1145 5125 1351 5179 Idcirco
1406 5124 1464 5178 in
1510 5138 1625 5192 quo
1674 5122 1853 5193 gratis
1882 5130 1937 5178 et

243 5210 402 5267 nullo
433 5220 666 5283 cogente
692 5214 937 5278 ruimus,
967 5214 1121 5283 juste
1145 5213 1253 5269 sub
1283 5210 1627 5268 indesinenti
1654 5211 1934 5267 malorum

245 5300 458 5355 tribula
480 5300 758 5370 jacemus.
803 5303 1037 5372 Propter
1067 5302 1226 5357 hunc
1258 5301 1514 5367 fratrem,
1548 5315 1619 5355 ne
1651 5299 1935 5355 scandali-

318 5423 431 5494 (l4)
461 5424 737 5481 Nonnihil
764 5425 855 5481 hic
883 5425 1074 5481 deesse
1106 5425 1349 5481 videtur.

2044 2919 2258 2976 dicitur
2287 2919 2515 2973 audiens
2562 2921 2869 2985 tristitiam,
2924 2918 3039 2987 ipse
3078 2917 3316 2988 spiritus
3362 2924 3466 2984 est,
3517 2917 3615 2985 qui
3665 2918 3739 2972 de

2042 3023 2150 3064 sua
2197 3021 2422 3077 semper
2465 3007 2839 3063 instabilitate
2882 3006 3161 3062 tristatur.
3220 3006 3275 3061 Is
3320 3006 3557 3070 tollitur,
3598 3020 3732 3061 cum

2042 3097 2115 3154 ab
2156 3097 2366 3152 intimis
2417 3096 2696 3157 elevatur.
2748 3097 2860 3149 illis
2909 3095 3263 3164 praesentibus
3311 3094 3544 3165 ligatur,
3593 3094 3736 3163 quia

2042 3186 2349 3242 contractis
2381 3184 2449 3239 ad
2483 3184 2641 3239 hunc
2684 3183 2871 3253 ipsum
2909 3183 3163 3239 externis
3211 3181 3568 3251 internisque
3597 3195 3735 3236 sen-

2042 3275 2222 3337 sibus,
2269 3272 2451 3328 divini
2511 3272 2728 3328 timoris
2786 3272 2964 3327 clavis
3013 3271 3374 3341 astringitur.
3440 3270 3625 3325 Potest
3678 3277 3737 3324 et

2043 3377 2146 3433 per
2189 3362 2506 3418 Simeonem
2550 3360 2788 3417 allectus
2836 3360 3084 3417 carnalis
3124 3358 3327 3429 accipi,
3358 3359 3458 3428 qui
3502 3358 3737 3414 crebras

2043 3451 2424 3507 tentationum
2472 3450 2773 3519 experitur
2813 3448 3090 3506 tristitias.
3141 3451 3424 3517 Jussitque
3464 3449 3735 3502 ministris

2041 3545 2103 3594 ut
2131 3540 2379 3609 impleret
2417 3552 2596 3593 saccos
2641 3553 2823 3592 eorum
2870 3540 3069 3602 tritico,
3109 3540 3161 3591 et
3205 3540 3521 3605 reponerent
3564 3551 3735 3605 pecu-

2040 3630 2165 3682 nias
2206 3628 2543 3694 singulorum
2576 3628 2636 3680 in
2672 3627 2899 3680 sacculis
2947 3628 3083 3691 suis,
3125 3625 3270 3679 datis
3308 3640 3478 3693 supra
3508 3624 3737 3679 cibariis

2041 3718 2100 3768 in
2143 3717 2268 3780 via;
2303 3716 2400 3783 qui
2442 3716 2686 3780 fecerunt
2734 3717 2834 3767 ita.
2882 3713 3126 3769 Ministri
3158 3712 3529 3784 cogitationes
3574 3720 3733 3779 sunt,

2043 3802 2261 3872 quibus
2299 3801 2558 3871 jubetur,
2606 3809 2671 3857 ut
2716 3815 2912 3857 saccos
2941 3801 3130 3856 tritico
3182 3799 3474 3869 impleant,
3524 3799 3738 3856 scilicet

2041 3889 2427 3958 corporalium
2473 3890 2805 3959 passionum
2860 3889 3145 3945 molestias
3190 3888 3372 3943 divini
3423 3888 3585 3944 verbi
3633 3903 3739 3959 pa-

2043 3977 2179 4033 bulo
2226 3978 2507 4033 consolari
2554 3978 2844 4044 studeant,
2896 3985 2959 4033 ut
3005 3976 3315 4033 Psalmistte
3367 3976 3675 4033 concinant
3719 3993 3733 4031 :

2044 4065 2370 4121 Conscidisti
2400 4081 2612 4120 saccum
2654 4081 2849 4133 meum,
2878 4070 2933 4119 et
2970 4065 3376 4120 circumdedisti
3418 4080 3502 4119 me
3539 4065 3737 4119 laetitia

2046 4154 2212 4226 (Psat.
2264 4167 2431 4221 xxxx,
2470 4156 2574 4217 t2).
2613 4154 2715 4209 Per
2743 4153 2844 4209 hos
2879 4153 3169 4209 ministros
3218 4152 3489 4223 quaelibet
3527 4152 3738 4207 hausta

2041 4242 2356 4299 forinsecus
2406 4248 2805 4313 suggeruntur
2848 4241 3149 4297 tractanda
3194 4240 3422 4297 rationi.
3472 4242 3737 4294 Pecunias

2041 4332 2380 4398 singulorum
2432 4334 2492 4384 in
2561 4332 2792 4385 sacculis
2853 4335 3181 4399 reponunt,
3244 4342 3373 4384 cum
3424 4328 3737 4383 sententias

2042 4420 2377 4490 quibusque
2424 4419 2687 4475 sensibus
2728 4417 3060 4474 muniendis
3114 4424 3278 4487 aptas
3330 4416 3387 4471 in
3443 4416 3736 4472 memoriis

2042 4509 2319 4563 condunt.
2373 4507 2602 4563 Cibaria
2658 4508 2894 4576 insuper
2947 4507 3125 4572 dant,
3178 4520 3310 4562 cum
3358 4504 3576 4560 debitas
3626 4519 3736 4560 su-

2042 4610 2232 4665 perna:
2260 4598 2460 4667 gratiae
2482 4595 2814 4651 refectiones
2835 4595 2894 4650 in
2916 4595 3095 4664 hujus
3123 4594 3314 4650 saeculi
3348 4599 3553 4654 tractu.
3581 4593 3738 4649 intel-

2044 4685 2226 4740 lectus
2254 4684 2548 4739 desideriis
2578 4683 2820 4739 ﬁdeliter
2845 4683 3204 4739 obaudiendo
3243 4681 3587 4737 ministrant.

2116 4773 2283 4828 Vnus.
2319 4775 2406 4827 26.
2451 4802 2520 4813 —
2568 4775 2645 4826 At
2685 4773 2791 4838 illi,
2826 4776 3103 4841 portantes
3130 4774 3409 4837 frumenta
3453 4772 3511 4823 in
3540 4771 3735 4832 asinis,

2038 4864 2276 4931 profecti
2297 4867 2444 4927 sunt,
2480 4862 2533 4917 id
2583 4870 2668 4918 est
2700 4862 2757 4917 in
2806 4861 3160 4931 corporibus,
3191 4875 3323 4931 quae
3360 4866 3644 4929 quantum
3678 4860 3738 4914 in

2042 4964 2101 5006 se
2150 4957 2255 5014 est,
2301 4950 2445 5005 rude
2494 4949 2769 5020 quiddam
2820 4950 2877 5005 in
2933 4950 3168 5005 modum
3224 4948 3521 5004 asinorum
3578 4954 3735 5013 sunt,

2042 5039 2344 5094 thesauros
2405 5038 2619 5093 divinae
2674 5036 2966 5107 sapientiae
3023 5045 3191 5093 caute
3240 5048 3307 5092 ea
3365 5034 3614 5106 regendo
3670 5048 3741 5090 ac

2045 5127 2355 5196 premendo
2411 5127 2484 5183 ad
2544 5125 2836 5197 proposita
2888 5124 3154 5180 tendunt.
3212 5124 3405 5194 (Vsus.
3463 5126 3563 5190 27,
3620 5123 3736 5193 28.)

2043 5216 2352 5283 Apertoque
2400 5230 2540 5269 unus
2578 5229 2751 5279 sacco,
2799 5217 2860 5267 ut
2888 5212 3046 5266 daret
3084 5212 3329 5283 jumento
3371 5213 3631 5282 pabulum
3678 5214 3739 5265 in

2043 5304 2367 5372 diversorio,
2399 5304 2788 5372 contemplatus
2824 5304 3109 5371 pecuniam
3138 5304 3196 5355 in
3226 5316 3315 5355 ore
3338 5301 3559 5367 saeculi,
3590 5300 3738 5354 dixit
