3904 6066
90 290 204 345 289

1300 292 1666 349 MORALIUM
1702 294 1774 349 ΙΝ
1812 293 2107 351 GENESIN
2149 293 2279 349 LIB.
2312 294 2380 349 X.

3504 298 3611 351 290

94 427 376 493 fratribus
409 443 429 479 .·
458 426 694 480 Reddita
733 430 812 479 est
852 425 988 478 mihi
1013 430 1255 495 pecunia
1292 442 1428 487 mea,
1480 443 1544 481 en
1573 428 1807 482 habetur
1843 430 1886 482 A
1916 428 2141 493 nititur,
2189 434 2243 483 et
2274 425 2441 497 quasi
2471 424 2551 481 nil
2584 439 2645 480 se
2673 425 3024 496 explicuisse
3057 428 3230 483 videt.
3274 430 3489 498 Ioseph,
3523 430 3611 485 in-

94 518 152 567 in
211 529 387 568 sacco.
428 515 590 570 Unus
647 528 877 569 saccum
909 517 1113 584 aperit,
1168 529 1300 570 eum
1352 530 1555 571 sensus
1601 515 1807 575 mentis

97 602 347 671 quilibet
389 602 702 671 cujuslibet
755 602 1033 670 passionis
1085 610 1354 658 naturam
1408 603 1512 659 sibi
1549 603 1653 673 ipsi
1703 618 1806 672 per

96 691 523 760 experientiam
581 690 872 759 patefacit.
927 691 1065 746 Inde
1112 690 1209 746 dat
1245 690 1491 761 jumento
1541 692 1803 760 pabulum

98 782 155 833 in
186 780 515 842 diversorio,
549 779 689 849 quia
736 793 808 833 ex
857 779 981 848 ipsa
1006 779 1462 849 impugnationis
1509 782 1805 835 occasione

105 876 134 922 Ι
152 873 256 922 64
286 867 566 937 pabulum
593 868 815 924 caleste
848 882 1109 938 quarere
1135 868 1382 939 cogitur,
1416 869 1573 938 quod
1598 882 1804 938 corpo-

96 957 204 1011 rali
238 956 523 1026 appetitui
553 955 784 1026 objiciat
816 956 875 1011 in
906 956 1140 1011 remotis
1168 957 1546 1012 conscientia.
1579 955 1652 1012 Os
1677 970 1801 1012 sac-

95 1043 239 1109 culi,
293 1043 489 1098 aditus
542 1050 626 1099 est
670 1043 903 1110 peccati,
945 1043 1045 1098 ubi
1087 1042 1253 1099 debet
1301 1042 1547 1112 pecunia
1592 1043 1805 1099 divina

95 1133 402 1188 sententia
449 1131 521 1187 ad
571 1131 716 1187 idem
766 1131 1139 1187 refellendum
1184 1132 1455 1187 inveniri.
1506 1132 1801 1187 Rcdditam

98 1220 387 1275 fratribus
444 1219 744 1289 pecuniam
800 1220 1051 1285 nuntiat,
1104 1220 1241 1276 dum
1288 1219 1547 1289 ejusdem
1598 1219 1804 1276 mentis

98 1308 359 1365 motibus
387 1316 709 1377 opportune
740 1308 869 1375 sibi,
917 1308 1247 1364 tentationis
1294 1307 1509 1364 scilicet
1556 1315 1804 1378 tempore

96 1395 388 1461 oblatam,
435 1394 746 1465 Scriptura
804 1395 1110 1451 testimonii
1161 1396 1612 1452 recordationem
1664 1396 1804 1451 inti-

97 1493 241 1544 mat.
290 1493 347 1539 et
381 1485 454 1539 ad
505 1484 749 1553 idipsum
780 1483 1126 1555 gratulando
1162 1486 1508 1540 corroborat.
1547 1484 1806 1540 Habetur

100 1573 153 1626 in
187 1587 381 1640 sacco,
414 1587 547 1628 cutn
582 1573 670 1627 vis
694 1572 872 1628 divini
908 1573 1195 1643 pracepti,
1228 1587 1299 1628 ne
1331 1574 1472 1629 forte
1505 1572 1803 1643 perefﬂua-

1913 517 2059 586 quit,
2111 530 2253 572 cura
2303 515 2565 571 videlicet
2617 515 2858 569 caelestis
2905 517 3222 585 augmenti,
3269 518 3605 585 visibilium,

1913 612 1978 660 ut
2025 605 2258 670 assolet,
2317 617 2566 659 amorem
2618 617 2730 657 non
2780 611 3016 672 superat
3069 603 3325 669 affectus,
3384 607 3485 676 qui
3535 608 3608 663 ob

1913 692 2138 762 pietatis
2196 693 2469 762 gemitum
2531 690 2757 747 Simeon
2818 691 2952 746 olim
3013 693 3215 747 merito
3268 693 3611 763 dicebatur,

1912 780 2162 836 vinculis
2200 780 2555 836 carnalitatis
2597 780 2959 849 astringitur.
3007 782 3310 849 Benjamin,
3345 783 3447 851 qui
3480 797 3609 852 spes

1912 869 2222 934 electionis,
2270 882 2401 939 qua
2451 882 2552 938 per
2597 868 2887 923 dexteram
2942 867 3238 938 signatur,
3287 870 3603 939 accipitur,

1913 958 2091 1014 vultis
2142 958 2386 1019 auferre.
2445 956 2586 1026 quia
2633 956 2827 1011 omnia
2876 957 3281 1025 prasumptive
3332 959 3606 1028 aggredi-

1915 1047 2076 1110 mini,
2110 1046 2405 1115 aquibus,
2461 1058 2592 1099 cum
2646 1058 2746 1098 vos
2790 1043 2967 1099 relabi
3015 1045 3339 1115 contigerit,
3394 1048 3605 1116 cogetis

1913 1148 2002 1189 me
2030 1134 2199 1189 etiam
2258 1133 2326 1188 de
2355 1132 2539 1187 salute
2586 1131 2907 1200 desperare.
2960 1132 3091 1187 Hac
3146 1132 3482 1188 humanitus
3529 1134 3601 1189 ad

1911 1236 1970 1277 se
2024 1221 2292 1277 decidens
2348 1220 2810 1276 intellectualitas
2856 1219 2995 1275 solet
3046 1219 3251 1275 dicere.
3311 1222 3461 1286 Hac,
3509 1222 3604 1277 in-

1912 1311 2061 1381 quit,
2113 1309 2300 1365 omnis
2345 1308 2714 1364 sanctitatum
2766 1307 3104 1363 excellentia
3162 1310 3216 1362 in
3273 1323 3399 1364 mea
3449 1310 3602 1366 mala

1914 1399 2145 1454 recidet.

1971 1488 2142 1543 Vens.
2196 1488 2283 1540 37.
2313 1516 2382 1525 ——
2415 1486 2516 1542 Cui
2555 1486 2772 1547 Ruben,
2804 1484 2904 1555 qui
2932 1483 3144 1540 dicitur
3172 1485 3360 1540 videns
3407 1489 3600 1555 ﬁlium,

1912 1575 2033 1644 ipsa
2086 1575 2334 1645 profecto
2400 1573 2859 1629 intellectualitas
2918 1573 3104 1642 seipsa
3169 1573 3434 1628 subtilior
3483 1574 3601 1643 jam

99 1676 254 1723 mus,
293 1661 567 1717 inseritur
597 1661 814 1717 carnali
845 1661 1139 1717 desiderio.
1175 1664 1254 1715 Et
1286 1662 1649 1730 obstupefacti
1684 1668 1800 1714 tur-
1844 1702 1883 1757 Β
1915 1663 2123 1733 corrigi
2188 1663 2480 1732 incipiens,
2542 1670 2596 1717 et
2655 1662 2956 1718 intendens
3002 1660 3165 1731 empti
3222 1661 3432 1715 laboris
3478 1662 3608 1715 fru—

100 1749 346 1815 batique,
389 1750 651 1804 dixerunt
686 1756 876 1804 mutuo
910 1766 923 1803 :
956 1750 1229 1814 Quidnam
1266 1754 1346 1803 est
1374 1750 1472 1804 hoc
1500 1749 1647 1815 quod
1672 1752 1803 1816 fecit

97 1840 258 1893 nobis
326 1838 517 1894 Deus?
572 1838 900 1895 Mirandum
962 1840 1130 1908 plane
1195 1840 1332 1894 satis
1390 1846 1474 1894 est
1535 1839 1803 1894 humanis

99 1927 392 1992 sensibus,
470 1941 602 1982 cum
660 1927 823 1997 ligari
891 1940 924 1982 a
980 1928 1096 1983 Deo
1148 1942 1206 1983 se
1255 1928 1453 1983 vident
1505 1927 1801 1982 mandato—

101 2028 237 2070 rum
316 2029 554 2070 suorum
634 2016 1043 2085 compedibus,
1098 2017 1200 2086 qui
1251 2015 1554 2071 absterreri
1616 2029 1803 2085 quon-

102 2103 237 2157 dam
289 2103 392 2157 vix
443 2102 648 2172 gladiis
694 2104 1153 2174 impendentibus
1198 2109 1459 2173 poterant
1505 2102 1578 2159 ab
1631 2104 1805 2159 scele-

103 2191 291 2246 ribus.

170 2280 351 2335 Vsus.
408 2282 496 2348 29,
548 2282 634 2335 30.
690 2310 763 2324 —
828 2283 1213 2347 Veneruntque
1264 2281 1338 2335 ad
1390 2280 1552 2335 Jacob
1592 2284 1803 2350 patrem

100 2383 263 2421 suun
308 2373 368 2422 in
419 2374 620 2424 terram
675 2370 955 2433 Chanaan,
1008 2375 1061 2424 et
1102 2374 1472 2424 narraverunt
1517 2374 1564 2423 ei
1621 2373 1806 2423 omnia

102 2472 222 2521 qua
271 2457 618 2511 accidissent.
668 2459 904 2511 Locutus
955 2464 1034 2511 est
1071 2458 1244 2519 nobis,
1289 2458 1582 2528 inquiunt,
1631 2459 1804 2511 domi-

102 2560 206 2598 nus
267 2550 427 2599 terra
484 2547 638 2607 dure,
692 2555 798 2602 etc.
854 2549 920 2601 In
974 2552 1173 2601 terram
1232 2547 1492 2602 Chanaan
1540 2548 1803 2619 veniunt,

101 2645 235 2686 cum
278 2631 598 2688 al‘l’ectionis
649 2633 1034 2688 terrenitatem
1082 2634 1151 2688 ad
1203 2632 1806 2702 peccandbconcupi-

104 2719 357 2774 seentias
400 2733 521 2773 sese
553 2722 794 2789 turpiter
840 2721 1255 2789 demittentem,
1298 2734 1588 2790 germana
1638 2720 1808 2775 ratio-

106 2807 418 2863 nalitatum
472 2808 642 2869 vires,
699 2808 879 2863 donec
926 2808 998 2863 ad
1042 2809 1587 2879 supereminentiam
1646 2823 1806 2864 acce-

107 2894 245 2949 dant
296 2895 639 2959 intellectus,
693 2896 792 2965 qui
849 2896 1281 2953 universitatem
1340 2896 1614 2953 vitiorum
1662 2911 1807 2967 sup-

1912 1760 2091 1817 ctum,
2144 1752 2284 1821 quia
2328 1766 2441 1806 non
2491 1751 2612 1805 sine
2658 1749 2852 1805 dolore
2890 1749 3152 1818 parimus
3206 1749 3491 1819 quidquid
3525 1756 3610 1805 est

1911 1840 2193 1895 bonorum
2242 1852 2501 1907 operum,
2545 1836 2828 1905 respondit
2860 1852 2873 1889 :
2908 1839 3051 1890 Duos
3077 1837 3221 1895 ﬁlios
3251 1852 3390 1891 meos
3429 1838 3605 1891 inter-

1909 1931 2023 1997 ﬁce,
2057 1928 2107 1980 si
2158 1942 2266 1980 non
2304 1926 2570 1979 reduxere
2610 1941 2729 1978 eum
2781 1925 2898 1978 tibi.
2939 1924 3117 1978 Trade
3166 1929 3226 1978 in
3268 1940 3435 1978 manu
3465 1941 3603 1986 mea,

1911 2022 1960 2070 et
1991 2031 2084 2085 ego
2113 2030 2232 2069 eum
2276 2018 2563 2069 restituam
2592 2014 2715 2067 tibi.
2757 2016 2836 2068 Ae
2874 2013 2921 2067 si
2954 2012 3163 2068 diceret
3200 2028 3213 2067 ε
3251 2013 3404 2067 Duos
3444 2013 3605 2081 prin-

1911 2104 2122 2174 cipales
2187 2103 2485 2159 charitatis
2557 2100 2817 2165 allectus,
2879 2101 2952 2156 ad
3008 2101 3188 2157 Deum
3264 2100 3478 2155 scilicet
3554 2107 3609 2155 et

1912 2193 2282 2263 proximum,
2346 2204 2493 2260 quos
2559 2189 2738 2256 foveo,
2790 2190 2929 2244 dum
2984 2188 3344 2259 perfectionis
3398 2189 3608 2243 futura

1912 2280 2091 2336 robur
2120 2280 2427 2350 attingant,
2462 2278 2518 2332 in
2551 2284 2720 2332 temet
2753 2277 3035 2341 interime,
3059 2278 3102 2329 si
3138 2276 3441 2331 tradideris
3471 2288 3604 2330 eum

1912 2368 2110 2424 manui
2161 2381 2319 2434 mea,
2367 2366 2424 2421 id
2451 2373 2533 2421 est
2571 2365 2614 2420 si
2648 2365 2965 2420 secundum
3016 2363 3416 2418 rationalitatis
3464 2376 3605 2432 ope-

1915 2458 2191 2512 rationem
2234 2469 2301 2511 ac
2348 2455 2742 2525 magisterium
2786 2451 3066 2508 direxeris
3112 2465 3291 2521 spem,
3345 2464 3447 2520 per
3475 2450 3606 2505 effi-

1913 2545 2178 2601 cientiam
2210 2551 2527 2599 consecuta
2570 2540 2942 2597 beatitudinis
2986 2554 3111 2595 eam
3147 2539 3249 2593 tibi
3285 2553 3607 2608 reprasen-

1915 2634 2067 2699 tabo,
2100 2632 2253 2703 quod
2304 2631 2489 2688 credis
2540 2637 2642 2685 aut
2689 2642 2885 2699 speras
2930 2627 3278 2683 veritieando
3308 2640 3410 2696 per
3463 2640 3605 2681 rem.

1916 2723 2112 2790 (Vnus.
2173 2720 2288 2791 48.)
2339 2722 2459 2776 Νοη
2514 2718 2814 2777 descendet,
2873 2721 3072 2793 inquit,
3112 2717 3260 2785 ﬁlius
3306 2730 3456 2768 meus
3511 2730 3605 2767 υο-

1917 2811 2139 2864 biscum.
2185 2808 2482 2864 Alternare
2530 2807 2627 2863 tali
2661 2805 2825 2862 modo
2868 2805 3049 2861 solent
3097 2804 3153 2858 in
3183 2805 3377 2859 animo
3408 2801 3609 2857 divina

1914 2912 1982 2953 ac
2016 2899 2274 2954 humana
2317 2895 2584 2963 rationes,
2630 2895 2767 2950 dum
2816 2893 2910 2948 illa
2953 2892 3197 2948 sublime
3239 2891 3507 2945 admonet
3554 2898 3608 2945 et

111 2982 347 3052 plantet,
398 2982 749 3054 irrumpunt.
795 2984 1120 3041 Intellectus
1164 2987 1314 3041 enim
1367 2985 1808 3056 contemplativa
1847 2993 1888 3049 C
1917 2988 2173 3059 suggerit
2223 2986 2329 3042 sub
2380 2982 2736 3041 discretionis
2781 2982 3010 3037 nomine
3057 2981 3163 3035 ista
3212 2988 3451 3049 tepores.
3496 2978 3609 3033 Vos

108 3072 205 3126 Dei
254 3072 461 3128 notitia
505 3073 733 3139 dicitur,
768 3081 822 3129 et
856 3073 977 3129 ideo
1009 3088 1231 3130 omnem
1283 3074 1519 3129 rationis
1569 3074 1803 3130 modum

106 3161 568 3231 supergreditur.
631 3161 778 3217 Huic
829 3169 1072 3217 narrant
1124 3176 1254 3232 qua
1302 3161 1409 3218 sibi
1468 3162 1801 3229 acciderint,

108 3251 246 3319 quia
302 3249 379 3304 ad
437 3250 593 3305 hunc
643 3250 977 3306 referuntur
1026 3250 1805 3321 discutienda‘quaeunque

106 3339 205 3393 sibi
266 3338 512 3393 adversa
562 3338 650 3393 vel
709 3352 985 3408 prospera
1040 3338 1387 3409 ingruerint.
1447 3340 1679 3393 Locutus
1726 3342 1805 3391 est

106 3427 258 3480 nobis
310 3425 564 3480 dominus
634 3431 789 3481 terra
852 3427 1006 3494 dure,
1068 3426 1279 3483 scilicet
1338 3426 1657 3496 spiritualis
1705 3427 1805 3481 de-

108 3514 383 3571 siderium
430 3515 784 3583 incrementi,
821 3515 977 3585 quod
1024 3516 1409 3585 supereminet
1451 3517 1606 3571 omni
1640 3522 1805 3571 terra

110 3601 341 3671 gloria,
401 3600 608 3671 objecit
674 3600 838 3657 nobis
910 3600 1074 3656 initia
1141 3601 1285 3657 bene
1362 3602 1596 3656 vivendi
1670 3615 1804 3671 pro-

112 3689 461 3758 ponentibus
518 3689 877 3745 incommoda
938 3689 1291 3747 difﬁcultatis
1345 3696 1625 3746 ventura.
1680 3692 1804 3747 Ca—

112 3787 229 3833 tera
256 3792 391 3847 qua
421 3785 750 3847 sequuntur
781 3778 1051 3848 superius
1080 3785 1341 3840 tractata.
1378 3792 1493 3834 non
1521 3786 1709 3849 egent,
1743 3786 1807 3835 ut

110 3866 335 3937 opinor,
369 3867 567 3936 repeti.

181 3954 354 4010 Vsus.
391 3956 479 4015 35,
530 3956 618 4007 36.
662 3984 717 3994 —
762 3956 862 4009 His
915 3955 1096 4017 dictis,
1144 3971 1264 4010 cum
1293 3956 1576 4022 frumenta
1628 3954 1810 4024 effun-

112 4044 323 4106 derent,
378 4045 588 4111 singuli
641 4049 962 4113 repererunt
1020 4047 1078 4099 in
1126 4061 1217 4100 ore
1269 4061 1547 4100 saccorum
1608 4046 1807 4113 ligatas

106 4136 392 4202 pecunias.
436 4133 837 4198 Eatem‘itisque
868 4135 1033 4187 simul
1060 4135 1328 4196 omnibus,
1362 4135 1506 4189 dixit
1523 4138 1687 4204 pater
1713 4135 1807 4187 Ja-

111 4221 205 4275 cob
233 4237 247 4274 :
273 4220 501 4286 Absque
545 4221 726 4275 liberis
778 4237 862 4276 me
900 4238 1011 4277 esse
1049 4225 1276 4290 fecistis.
1323 4223 1520 4292 Ioseph
1567 4239 1674 4277 non
1725 4226 1803 4276 est

110 4325 295 4380 super,
350 4310 567 4364 Simeon
613 4314 828 4364 tenetur
876 4315 938 4365 in
981 4313 1233 4373 vinculis,
1285 4316 1337 4365 et
1383 4311 1673 4380 Benjamin
1711 4326 1807 4364 au-

110 4400 299 4465 feretis
324 4414 337 4452 :
359 4403 420 4452 in
464 4413 550 4453 me
577 4398 688 4454 hac
710 4400 859 4454 mala
902 4404 1084 4453 omnia
1120 4399 1450 4453 reciderunt.
1495 4398 1805 4468 Postquam

111 4486 220 4542 sub
278 4486 603 4542 intellectus
666 4487 829 4543 lance
884 4488 1079 4543 omnia
1135 4487 1535 4553 trutinantur,
1588 4486 1806 4558 singuli

112 4575 405 4631 frumenta
459 4573 789 4643 eﬂ'undunt,
847 4590 981 4632 cum
1034 4575 1215 4630 divini
1276 4574 1535 4631 subsidia
1584 4575 1805 4630 consilii

109 4662 480 4733 sibimetipsis
508 4663 811 4719 interiores
846 4678 1051 4719 sensus
1092 4670 1428 4735 aspergunt.
1462 4666 1523 4718 In
1554 4678 1647 4720 ore
1683 4678 1804 4718 sac-

109 4767 292 4807 eorum
337 4753 542 4821 ligatas
586 4756 847 4822 pecunias
888 4751 1201 4823 reperiunt,
1242 4767 1374 4809 cum
1410 4752 1467 4807 in
1498 4754 1621 4822 ipsa
1665 4766 1804 4823 sug-

110 4842 364 4911 gestione
409 4843 619 4909 carnis,
674 4842 1005 4912 passionum
1057 4842 1298 4899 insertas
1343 4841 1613 4897 salutaris
1653 4854 1805 4912 pra-

109 4930 416 4984 dicamenti
466 4943 760 4998 censuras,
793 4946 925 5001 qua
974 4931 1063 4986 bis
1091 4931 1343 4998 obvient,
1373 4944 1445 4985 ex
1490 4936 1806 4985 consuetu-

111 5017 241 5073 dine
290 5018 589 5073 resistendi
646 5019 751 5075 sibi
785 5019 1012 5075 inolitas
1055 5020 1406 5075 custodiunt.
1451 5018 1627 5074 Simul
1675 5032 1805 5073 om-

112 5119 210 5161 nes
257 5113 663 5175 exterrentur,
722 5121 852 5163 cum
914 5108 1151 5163 sollicite
1213 5107 1497 5164 interioris
1556 5106 1806 5163 hominis

114 5195 258 5251 acies
312 5194 594 5251 adversus
639 5195 893 5264 corporis
939 5196 1230 5253 illecebras
1276 5196 1596 5252 secundum
1652 5193 1803 5250 Scri-

115 5291 417 5352 pturarum
464 5283 691 5338 decreta
741 5283 1085 5340 redduntur.
1146 5284 1250 5340 Sed
1295 5284 1433 5341 dum
1484 5283 1806 5339 intellectus

116 5379 188 5427 tot
216 5371 615 5427 custodiarum
660 5372 966 5427 vexatione
1010 5373 1298 5439 turbatur,
1348 5373 1640 5444 quondam
1682 5371 1804 5427 tra-

116 5468 235 5516 ctus
293 5460 583 5516 fastidiose
657 5460 878 5532 absque
947 5460 1181 5531 liberis,
1252 5462 1534 5518 bonorum
1592 5461 1805 5517 scilicet

115 5562 347 5619 operum
398 5549 709 5615 fructibus,
759 5550 971 5606 factum
1011 5550 1287 5620 perbibet,
1338 5551 1476 5606 dum
1510 5550 1582 5605 ad
1610 5549 1805 5605 omnia

1916 3075 2091 3130 nimie
2130 3074 2378 3144 propriis
2408 3072 2644 3127 ﬁdentes
2694 3068 2917 3125 viribus
2958 3068 3073 3123 alta
3101 3066 3466 3137 prasumitis,
3508 3066 3603 3121 sed

1914 3163 2048 3219 vita
2080 3177 2219 3218 mea
2262 3160 2622 3224 exercitium,
2670 3157 2820 3227 quod
2852 3164 2935 3212 est
2986 3156 3139 3211 ﬁlius
3167 3156 3436 3216 dextera,
3482 3167 3607 3222 spes

1915 3251 2178 3306 videlicet
2206 3248 2598 3320 promerenda
2640 3245 2929 3301 electionis
2983 3258 3097 3299 non
3132 3243 3431 3298 nobiscum
3470 3256 3608 3310 pro-

1916 3338 2179 3411 greditur
2224 3337 2296 3393 ad
2342 3336 2545 3403 ardua,
2605 3335 2701 3389 sed
2754 3335 2902 3388 sicut
2951 3332 3226 3401 scriptum
3275 3338 3359 3387 est
3408 3345 3421 3385 :
3460 3331 3607 3386 Onus

1915 3442 2079 3497 super
2136 3432 2186 3481 te
2232 3441 2298 3480 ne
2355 3425 2616 3479 levaeeris
2672 3423 2779 3490 (ιγ
2830 3423 2959 3489 Reg.
3016 3435 3104 3486 1x,
3156 3420 3281 3488 25);
3341 3419 3414 3474 ad
3469 3432 3608 3488 pro-

1916 3516 2165 3587 positum
2205 3514 2395 3570 tendet
2435 3526 2568 3567 cum
2620 3522 2913 3575 mensura,
2964 3508 3105 3578 quia
3150 3507 3280 3563 talis
3335 3520 3610 3562 ascensus

1917 3618 2031 3660 non
2079 3602 2239 3658 aliud
2270 3613 2448 3671 quam
2500 3599 2806 3654 descensus
2849 3604 2994 3652 esset
3041 3595 3111 3650 ad
3146 3595 3363 3649 intima.
3414 3596 3609 3649 Frater

1916 3690 2071 3761 ejus,
2126 3687 2449 3745 intellectus
2501 3685 2817 3743 secundum
2874 3683 2982 3739 sibi
3047 3682 3233 3737 debite
3295 3680 3608 3751 majestatis

1917 3778 2222 3848 imperium
2251 3781 2494 3831 mortuus
2528 3779 2625 3840 est,
2675 3774 2778 3829 iste
2808 3773 2972 3835 solus,
3022 3784 3152 3840 spes
3181 3769 3394 3825 scilicet
3440 3769 3606 3825 Iutu-

1917 3880 2113 3923 rorum
2154 3867 2446 3931 remansit;
2480 3866 2530 3920 si
2561 3862 2696 3933 quid
2738 3864 2788 3916 ei
2832 3860 3092 3915 acciderit
3121 3861 3180 3913 in
3225 3862 3396 3924 terra,
3433 3857 3485 3912 id
3520 3863 3607 3913 est

1916 3963 2113 4011 contra
2153 3954 2537 4010 terrenitatem
2592 3952 2754 4008 vobis
2797 3949 3151 4006 certantibus
3180 3948 3249 4003 ad
3292 3961 3468 4018 quam
3500 3946 3609 4002 ob-

1918 4043 2208 4100 tinendam
2258 4041 2510 4110 tenditis,
2562 4056 2722 4095 canos
2774 4053 2934 4105 nicas,
2994 4037 3048 4093 id
3095 4044 3179 4093 est
3235 4035 3606 4092 defectionem

1916 4140 2381 4203 vetustatemque
2429 4144 2614 4186 meam
2645 4129 2719 4184 ad
2755 4131 2960 4195 inferos
3002 4127 3219 4183 ultima
3263 4124 3609 4194 desperatio-

1920 4221 2010 4277 nis
2034 4221 2347 4291 dcponetis.
2384 4221 2446 4275 ln
2478 4219 2701 4275 inferno
2722 4218 2874 4275 enim
2909 4216 3044 4287 quis
3071 4213 3438 4271 confitebitur
3466 4211 3611 4268 tibi?

1850 4271 1890 4324 θ
1919 4271 2310 4382 (magis

2517 4378 2750 4435 CAPUT
2798 4375 3000 4432 XLIII.

1985 4488 2157 4545 Vens.
2209 4490 2257 4541 l.
2291 4488 2343 4542 2.
2379 4516 2445 4525 —
2491 4485 2716 4538 Interim
2745 4485 2918 4549 fames
2965 4496 3171 4536 omnem
3221 4483 3420 4534 terram
3449 4477 3605 4533 vehe-

1912 4581 2120 4632 menter
2161 4575 2460 4645 premebat.
2496 4573 2946 4641 Consumptisque
2986 4570 3119 4624 cibis
3158 4584 3291 4635 quos
3324 4584 3393 4622 ea:
3438 4570 3605 4635 Egy-

1906 4670 2006 4736 pto
2050 4665 2359 4719 detulerant
2398 4663 2541 4717 dixit
2568 4662 2731 4716 Iacob
2756 4660 2831 4714 ad
2857 4662 2996 4730 ﬁlios
3035 4673 3160 4713 suos
3186 4675 3205 4712 :
3232 4657 3603 4713 Revertimini,

1913 4760 1966 4812 et
2004 4756 2161 4809 emite
2207 4753 2518 4822 pauxillum
2568 4765 2832 4806 escarum.
2881 4748 3125 4803 Animus
3173 4759 3304 4802 cum
3360 4742 3606 4799 nimium

1911 4841 2226 4898 tentatione
2276 4840 2560 4910 pulsatur,
2595 4838 2654 4893 in
2709 4842 2850 4891 l55
2885 4835 3164 4891 desidiam
3193 4831 3521 4898 resolvitur,
3554 4835 3610 4886 et

1913 4931 2020 4988 sub
2061 4928 2463 4985 mediocritatis
2508 4926 2691 4983 colore
2733 4940 2801 4982 ea
2830 4939 2961 4995 qua
3006 4922 3282 4994 praedicta
3321 4926 3456 4975 sunt
3486 4917 3610 4974 elo-

1914 5020 2135 5090 quitur.
2190 5019 2437 5074 Fructus
2484 5022 2698 5080 tamen,
2747 5015 2848 5084 qui
2894 5026 2963 5067 ex
3025 5012 3212 5081 prima
3257 5006 3608 5065 confessione

1911 5113 2271 5179 provenerat,
2323 5105 2621 5162 humilitas
2665 5116 2733 5159 ac
2786 5100 3175 5171 compunetio,
3227 5105 3347 5155 tota
3396 5110 3607 5152 consu-

1912 5193 2109 5259 mitur,
2160 5200 2215 5248 et
2262 5191 2428 5262 quasi
2472 5205 2540 5245 ea:
2591 5188 2843 5258 Egypto
2883 5185 3055 5242 delati
3103 5182 3214 5239 cibi
3272 5181 3606 5251 depereunt,

1910 5283 2049 5339 dum
2103 5281 2452 5351 panitentia
2500 5285 2862 5349 peccatorum
2905 5273 3128 5330 utilitas
3172 5270 3507 5339 abrogatur,
3554 5275 3611 5323 et

1910 5370 2142 5428 interim
2197 5384 2359 5425 mens
2395 5366 2613 5424 consilii
2663 5370 2910 5437 egestate
2959 5360 3247 5416 atteritur.
3300 5357 3403 5413 Sed
3437 5355 3610 5412 intel-

1911 5459 2091 5515 lectus
2142 5474 2201 5513 se
2252 5456 2424 5521 vinci,
2485 5463 2540 5511 et
2593 5454 2871 5525 languere
2918 5447 3313 5517 conspiciens,
3363 5444 3517 5513 ﬁliis,
3552 5442 3609 5499 id

1911 5555 1995 5603 est
2027 5548 2133 5618 piis
2161 5547 2573 5616 cogitationum
2608 5542 2878 5606 motibus,
2924 5545 2990 5593 ut
3018 5541 3388 5593 revertantur
3413 5530 3487 5586 ad
3517 5531 3612 5586 sui
