3904 6066
284 251 382 304 291

1133 251 1203 306 v.
1265 250 1595 306 summm
1651 250 1944 307 ABBATIS
1990 251 2045 306 s.
2104 252 2341 308 manu;
2398 224 2489 309 n'n
2549 252 2936 310 NOVIGENTO

3672 257 3784 310 292

287 384 666 457 cognitionem
722 384 928 441 iterum
985 386 1307 442 confitendo
1353 386 1676 455 submonet,
1730 394 1794 443 ut
1845 401 1976 444 cum
2017 389 2058 443 A
2091 388 2254 445 fessio
2286 390 2341 445 iu
2385 391 2699 461 praeteritas
2728 390 2906 446 relabi
2946 404 3148 446 verens
3178 390 3371 447 sordes
3400 404 3558 462 spem
3605 390 3785 462 dirigi

287 472 561 529 redierint
608 473 678 528 ad
709 487 806 529 cor
848 474 938 528 vel
969 474 1191 529 modica
1237 474 1443 529 interni
1476 476 1693 544 saporis
1720 488 1815 530 eos
1852 487 1983 529 esca

287 561 566 617 sublevet.

358 650 532 707 Vnus.
585 650 636 709 3,
670 650 721 710 4,
773 653 822 703 5.
856 680 927 689 -
956 649 1036 703 At
1065 650 1240 703 Iudas
1270 666 1283 703 :
1311 652 1670 708 Denuntiavit
1713 659 1867 713 nobis
1895 664 1982 713 vir

285 740 378 793 ille
430 739 529 793 sub
584 742 956 807 testiﬁcatione
988 739 1193 807 jurans
1242 756 1255 792 :
1312 742 1431 796 Non
1481 742 1734 797 videbitis
1784 749 1979 814 facinm

283 842 456 882 meam
502 831 613 880 nisi
641 828 870 893 fratrem
903 832 1144 881 vestrum
1191 831 1475 882 minimum
1517 831 1884 890 addumeritis.
1922 840 1979 889 Si

284 928 408 981 ergo
447 916 549 979 vis,
598 916 752 965 mitte
798 928 917 966 eum
972 913 1271 974 nobiscum,
1305 917 1357 966 et
1400 929 1690 982 pergemus
1743 925 1977 989 pariter,

284 1015 624 1066 ememusque
676 1003 804 1054 usui
856 1005 1179 1055 necessaria.
1233 1001 1293 1056 Si
1337 1006 1520 1056 autem
1573 1021 1682 1059 non
1722 1013 1825 1069 vis,
1872 1025 1980 1063 non

281 1090 501 1144 ibimus.
532 1089 710 1144 ludas
751 1096 804 1144 et
835 1088 1059 1156 Ruben,
1091 1089 1367 1145 confessio
1407 1090 1669 1149 videlicet
1698 1104 1751 1149 et
1780 1098 1980 1166 gratiae

281 1178 653 1248 experientia,
701 1178 856 1247 quod
909 1185 992 1233 est
1033 1178 1135 1233 filii
1183 1178 1346 1245 visio,
1394 1180 1568 1235 Jacob
1626 1182 1980 1241 intellectua-

281 1266 391 1323 lem
422 1274 684 1322 nostrum
714 1266 1036 1335 specialiter
1084 1266 1486 1336 alloquuntur,
1531 1270 1671 1338 quia
1701 1286 1771 1327 ne
1818 1272 1981 1331 labor

282 1353 652 1410 confessionis
709 1368 776 1409 ac
825 1354 1198 1423 paenitudinis
1253 1364 1393 1411 actae
1446 1356 1733 1426 depereat,
1778 1370 1834 1417 et
1873 1362 1981 1419 hoc

284 1445 471 1513 ipsum
523 1443 673 1513 quod
713 1442 831 1512 jam
864 1443 1075 1498 divinae
1120 1443 1520 1500 tnisericordize
1560 1459 1627 1502 ac
1659 1448 1981 1508 dulcedinis

283 1532 461 1588 sensit
487 1545 554 1586 ac
593 1531 806 1601 sapuit,
845 1538 996 1598 ruat,
1047 1532 1333 1601 praecipue
1363 1535 1735 1604 recogitantis
1780 1539 1980 1595 intelli-

283 1620 488 1690 gentiae
518 1633 709 1685 canos,
758 1620 882 1689 qui,
910 1619 1084 1689 juxta
1132 1621 1487 1689 prophetam,
1522 1637 1646 1679 eam
1692 1625 1811 1695 jam
1846 1643 1977 1697 per-

2089 478 2146 532 in
2181 479 2359 534 Deum
2391 479 2679 545 admonet,
2719 487 2782 536 ut
2814 480 2884 534 ad
2914 479 3196 535 virtutum
3229 480 3420 536 studia
3450 480 3785 550 provehan-

2087 572 2203 632 tur,
2238 575 2299 622 ut
2330 568 2505 622 vitam
2539 567 2779 623 interius
2802 568 3115 634 obtineant,
3146 576 3199 623 et
3235 568 3369 637 ipsae
3402 568 3553 624 vires
3577 568 3781 634 animi,

2086 668 2219 709 cum
2256 654 2527 724 primaeva
2570 655 2794 725 piorum
2826 663 3058 711 actuum
3096 655 3452 712 exhibitione
3484 670 3598 712 non
3631 655 3786 712 occi-

2086 742 2245 797 dant.
2295 743 2545 798 Puerum
2595 743 2805 799 idcirco
2834 758 2990 813 spem
3034 745 3246 813 accipe,
3298 745 3437 815 quia
3478 759 3604 800 eam
3634 758 3789 814 opus

2086 838 2169 885 est
2196 845 2270 886 ex
2299 845 2539 900 operum
2569 831 2850 887 bonorum
2895 834 3078 901 specie
3104 832 3289 902 seipsa
3327 847 3551 902 semper
3586 833 3789 888 novio-

2087 932 2205 974 rem
2239 932 2381 974 esse.
2430 919 2552 987 Ego
2593 922 2831 989 suscipio
2859 935 3106 989 puerum,
3149 920 3288 976 dum
3324 919 3432 976 sub
3459 933 3558 990 spe
3593 919 3786 975 veniae

2087 1007 2433 1077 poenitentiae
2477 1008 2703 1077 pondus
2745 1008 2985 1078 excipio.
3031 1007 3087 1063 Si
3117 1009 3303 1078 perire
3348 1009 3671 1079 contigerit,
3705 1010 3786 1065 ab

2088 1096 2255 1152 inerti
2311 1098 2638 1166 operatione
2693 1111 2819 1153 mea
2875 1097 3119 1154 exitium
3170 1098 3296 1168 ejus
3344 1099 3518 1168 repeti
3572 1098 3786 1154 debere

2087 1197 2307 1251 censeo,
2334 1185 2378 1239 si
2405 1198 2561 1254 spem
2591 1200 2707 1240 non
2740 1185 2838 1241 tibi
2883 1185 3201 1241 exhibuero
3238 1200 3339 1255 per
3367 1200 3508 1249 rem,
3539 1195 3594 1242 et
3621 1188 3784 1257 quod

2086 1286 2281 1343 speras
2308 1287 2425 1329 non
2455 1273 2553 1329 tibi
2587 1273 2880 1330 tradidero
2922 1274 3232 1330 fruendum
3278 1274 3419 1330 facie
3450 1275 3519 1330 ad
3552 1275 3779 1342 faciem,

2086 1360 2241 1417 omni
2296 1361 2640 1417 saeculorum
2696 1369 2949 1431 tempore
3014 1361 3170 1417 luam
3227 1363 3509 1433 supplicia
3564 1366 3781 1434 peccati

2087 1458 2281 1505 reatus
2327 1449 2384 1504 in
2435 1458 2507 1517 te,
2558 1450 2728 1520 cujus
2786 1451 3240 1519 promotionibus
3294 1452 3483 1507 destiti
3532 1452 3776 1508 inhiare.

2084 1539 2147 1594 Si
2188 1554 2293 1592 non
2350 1540 2734 1592 intercessisset
2781 1539 3120 1595 humanitus
3173 1548 3339 1596 motae
3391 1540 3783 1596 altercationis

2086 1627 2298 1693 dilatio,
2348 1627 2469 1697 jam
2495 1627 2675 1682 altera
2728 1626 2875 1682 facta
2926 1627 3124 1683 fuisset
3154 1642 3257 1697 pro
3305 1629 3408 1685 hoc
3453 1629 3573 1698 ipso
3620 1629 3780 1700 quod

283 1685 569 1774 fuderant,
603 1715 657 1762 et
707 1685 1091 1777 ignoraverat,
1133 1685 1481 1765 vetustatem?
1524 1685 1736 1768 scilicet
1766 1685 1975 1772 ac.de-
2017 1685 2058 1741 Β
2088 1685 2367 1784 patimur.
2388 1723 2616 1785 torpore
2662 1716 2971 1784 confessio;
3008 1685 3171 1786 quod
3213 1724 3317 1783 est,
3349 1717 3422 1772 ad
3465 1685 3779 1787 rEgyp-tum

282 1795 492 1851 fectum
522 1795 754 1866 stringit
795 1802 849 1851 et
889 1796 1145 1851 innovat.
1182 1797 1286 1852 Vir
1334 1798 1427 1853 ille
1467 1800 1569 1869 qui
1602 1808 1829 1857 terrena
1857 1817 1977 1857 cie-

284 1882 512 1938 lestium
570 1882 919 1939 incremento
990 1886 1275 1953 postponit
1333 1885 1573 1942 viriliter
1635 1887 1978 1946 effeminatis

282 1970 605 2037 denuntiat,
637 1978 692 2027 et
749 1972 858 2027 sub
885 1973 1278 2028 testificatione
1326 1973 1656 2044 Scripturte,
1707 1987 1763 2033 et
1794 1978 1975 2048 ipsius

281 2060 542 2132 veritatis
571 2067 878 2127 asseverat,
912 2060 1067 2129 quod
1098 2074 1265 2115 nemo
1294 2061 1345 2116 ei
1398 2062 1598 2118 intima
1631 2065 1980 2135 cogitatione

281 2145 651 2214 complaceat,
687 2145 796 2200 nisi
842 2159 1000 2215 spem
1052 2160 1183 2215 quze
1212 2160 1313 2215 pro
1343 2161 1463 2203 suae
1506 2149 1843 2207 subtilitatis
1874 2167 1978 2222 pe-

281 2247 383 2289 nes
436 2234 618 2289 Deum
674 2248 793 2289 sese
849 2234 1151 2289 vivacitate
1197 2234 1454 2301 collocat,
1518 2238 1733 2306 pariter
1782 2254 1977 2296 secum

280 2320 481 2387 ducat;
517 2337 649 2392 quas
696 2323 930 2392 quidem
963 2323 1123 2378 nulla
1174 2330 1278 2385 est,
1324 2332 1426 2379 aut
1457 2338 1693 2394 prorsus
1740 2328 1978 2397 puerilis

280 2417 335 2464 et
363 2409 583 2477 infima,
634 2411 745 2466 nisi
792 2410 1045 2477 fratrem,
1098 2411 1152 2466 id
1186 2420 1270 2468 est
1316 2412 1655 2469 meritorum
1686 2414 1839 2472 hanc
1881 2432 1978 2472 so-

280 2497 473 2565 cietas,
506 2498 720 2569 cingat.
754 2498 884 2553 Sine
917 2500 1022 2554 hac
1052 2513 1189 2569 ergo
1225 2500 1303 2555 ire
1333 2514 1447 2555 non
1480 2515 1800 2570 possumus,
1837 2505 1978 2573 quia

281 2584 508 2641 fatuum
538 2596 623 2641 est
648 2600 928 2655 qumrere,
958 2586 1005 2641 si
1038 2601 1155 2642 non
1185 2588 1429 2656 quaesita
1452 2602 1772 2657 speramus.
1800 2592 1979 2661 Spera

283 2687 536 2743 namque
571 2676 632 2727 in
683 2676 924 2737 Domino,
972 2679 1022 2728 et
1042 2677 1134 2740 fac
1167 2674 1457 2729 bonitatem
1500 2678 1669 2745 (Psal.
1717 2694 1846 2748 xxx,
1896 2681 1974 2750 3),

281 2760 448 2817 nobis
489 2761 706 2816 dictum
754 2760 1016 2831 legimus.
1066 2762 1259 2832 (Vens.
1313 2762 1392 2831 6.)
1423 2765 1490 2819 In
1534 2782 1728 2835 meam,
1764 2767 1973 2838 inquit,

282 2848 378 2902 hoc
419 2850 628 2915 fecistis
672 2851 964 2910 miseriam,
1006 2854 1069 2903 ut
1118 2850 1438 2904 indicari-etis
1471 2858 1522 2907 et
1572 2856 1743 2909 alium
1781 2855 1978 2910 habere

280 2951 373 2991 vos
403 2938 654 3000 fratrem.
702 2937 891 2992 Verba
944 2937 1284 2994 fastidientis
1335 2948 1490 3007 sunt,
1535 2941 1637 3011 qui
1678 2957 1781 2998 nec
1814 2943 1975 2999 initia

282 3024 416 3080 boni
446 3025 807 3094 proposuisse
854 3026 1139 3093 maluerit,
1175 3041 1307 3097 quae
1338 3027 1656 3099 incmpisse,
1688 3045 1847 3101 spem
1877 3046 1974 3087 sn-

283 3124 595 3181 pernorum
643 3112 919 3181 appetitui
976 3113 1255 3170 indicasse
1303 3115 1403 3183 sit,
1451 3124 1506 3172 et
1549 3117 1622 3173 ab
1666 3117 1756 3173 his
1801 3118 1977 3174 desci-

281 3200 429 3255 visse
456 3199 686 3255 miseria
715 3201 921 3256 iterum
951 3199 1041 3257 sit.

353 3287 520 3344 Vens.
569 3291 624 3342 7.
677 3319 743 3331 —
782 3289 1148 3356 Interrogavit
1192 3305 1289 3343 nos
1322 3290 1496 3352 homo,
1546 3291 1824 3362 inquiunt
1871 3310 1968 3348 no-

281 3380 452 3430 stram
474 3380 808 3444 progeniem,
841 3393 946 3446 per
972 3378 1235 3441 ordinem,
1268 3384 1318 3433 si
1341 3386 1508 3450 pater
1538 3386 1760 3444 viveret,
1792 3387 1842 3436 si
1877 3384 1975 3437 ha-

284 3465 525 3519 beremus
564 3467 832 3531 fratrem;
864 3471 915 3519 et
944 3482 1040 3520 nos
1078 3469 1457 3536 respondimus
1499 3474 1548 3523 ei
1589 3476 1976 3536 consequenter

272 3554 445 3621 jumta
492 3553 554 3608 id
581 3554 727 3619 quod
773 3555 958 3621 fuerat
986 3559 1314 3612 sciscitatus.
1350 3559 1617 3623 Nunquid
1657 3563 1794 3613 scire
1817 3564 1971 3629 pote-

280 3657 467 3697 ramus
500 3642 646 3708 quod
674 3643 921 3697 dictqu
964 3649 1100 3698 esset
1127 3660 1140 3698 :
1173 3644 1449 3699 Adducite
1475 3648 1706 3713 fratrem
1733 3652 1974 3701 vestrum

278 3731 601 3786 vobiscum?
645 3733 810 3786 Homo
857 3731 1184 3803 progeniem
1252 3741 1504 3790 nostram
1563 3748 1663 3804 per
1713 3735 1973 3791 ordinem

282 3819 614 3891 interrogat,
647 3833 780 3875 cum
808 3820 1020 3875 interni
1065 3820 1357 3877 studiosus
1386 3824 1679 3894 augmenti
1713 3823 1975 3878 rationa-

278 3906 348 3963 lis
377 3907 684 3977 appetitus,
731 3908 927 3963 modos
966 3909 1299 3979 gradusque
1342 3918 1549 3966 nostrae
1588 3912 1972 3968 conversatio-

282 3996 389 4062 nis,
438 4008 506 4050 ac
550 3994 942 4051 conversionis
981 3996 1296 4067 eventilat;
1346 3999 1518 4068 cujus
1563 3998 1704 4054 ordo
1753 4006 1840 4055 est
1879 4013 1892 4052 :
1925 4001 1977 4054 si

276 4088 437 4153 pater
464 4090 520 4138 et
566 4090 753 4139 rector
782 4083 1047 4140 mentalis
1094 4084 1323 4141 familiae
1374 4085 1697 4142 intellectus
1734 4086 1927 4157 vigeat
1959 4102 1971 4141 :

280 4170 327 4225 si
361 4170 656 4227 individuo
704 4171 987 4227 bonorum
1037 4171 1307 4240 filiorum,
1361 4173 1417 4228 id
1456 4180 1542 4228 est
1588 4187 1827 4243 operum
1859 4187 1978 4244 ger-

281 4271 511 4327 manus,
542 4259 662 4330 spei
702 4260 967 4317 videlicet
1018 4268 1226 4317 nostrae
1271 4276 1457 4331 usque
1504 4262 1563 4316 in
1607 4262 1805 4318 divina
1835 4276 1969 4319 con-

280 4347 479 4415 tuitus,
513 4347 677 4403 nobis
703 4348 1023 4416 adhaereat;
1049 4350 1120 4404 ad
1143 4364 1274 4419 quae
1304 4363 1532 4405 necesse
1563 4357 1666 4418 est,
1699 4357 1817 4406 tota
1843 4350 1967 4406 ani-

279 4434 359 4491 mi
404 4435 494 4491 vis
544 4449 611 4491 ac
648 4435 1023 4503 rationalitas,
1083 4451 1199 4492 non
1249 4437 1445 4505 verbo,
1493 4436 1590 4493 sed
1646 4438 1969 4495 studiorum

281 4522 489 4581 affectu
546 4537 605 4580 se
633 4523 724 4579 his
765 4537 880 4579 non
935 4537 1128 4580 carere
1182 4524 1540 4594 respondeat,
1587 4525 1710 4582 sine
1755 4527 1971 4597 quibus

282 4618 660 4683 augmentum
703 4610 1002 4681 spirituale
1044 4612 1199 4681 quod
1230 4612 1547 4682 quaerimus
1594 4613 1841 4669 obtineri
1863 4628 1971 4670 ne-

282 4707 475 4771 queat.
535 4700 834 4770 Nunquid,
890 4707 1202 4771 antequam
1281 4700 1527 4771 gratiam
1583 4702 1973 4758 conversionis

281 4796 622 4858 peteremus,
666 4790 810 4842 scire
851 4793 1182 4857 poteramus,
1216 4788 1359 4858 quid
1403 4802 1438 4844 a
1465 4789 1631 4846 nobis
1662 4788 1971 4859 professio-

280 4891 424 4934 num
454 4877 678 4934 devotio
705 4876 1000 4947 religionis
1029 4876 1328 4947 exigeret?
1850 4917 1854 4921 ς

352 4966 525 5023 Vens.
575 4968 627 5028 8,
672 4967 725 5028 9,
780 4966 864 5021 10.
897 4993 966 5006 -
1003 4966 1177 5027 Mitte,
1211 4964 1290 5021 ait
1334 4965 1531 5027 ludas,
1572 4982 1810 5035 puerum
1854 4982 1971 5021 me-

282 5069 422 5117 cum,
472 5059 536 5108 ut
555 5057 989 5125 proﬁciscamur,
1020 5058 1071 5108 et
1105 5056 1383 5124 possimus
1426 5059 1623 5117 vivere,
1675 5071 1741 5110 ne
1765 5059 1973 5109 moria-

280 5158 425 5203 mur,
456 5157 555 5197 nos
604 5147 655 5196 et
684 5143 911 5212 parvuli
954 5147 1147 5197 nostri.
1184 5144 1296 5211 Ego
1325 5148 1562 5213 suscipio
1603 5159 1878 5213 puerum;
1907 5143 1975 5197 de

280 5245 450 5284 manu
477 5245 598 5284 mea
641 5235 859 5297 require
884 5232 1060 5288 illum.
1094 5234 1215 5289 Nisi
1261 5231 1548 5293 reduxero,
1599 5235 1651 5285 et
1695 5231 1974 5285 tradidero

284 5334 406 5373 cum
458 5319 577 5379 tibi,
612 5334 699 5373 ero
721 5324 934 5388 peccati
962 5335 1086 5375 reus
1124 5325 1183 5374 in
1223 5324 1272 5375 te
1300 5324 1447 5375 omni
1492 5324 1746 5389 tempore.
1776 5319 1837 5375 Si
1866 5335 1974 5373 non

283 5412 671 5462 intercessisset
718 5408 932 5471 dilatio,
954 5410 1075 5477 jam
1107 5413 1219 5463 vice
1263 5410 1439 5471 altera
1488 5411 1836 5463 venissemus.
1880 5408 1977 5465 Ju-

284 5496 389 5552 das
416 5509 661 5567 puerum
705 5497 853 5553 mitti
884 5503 1049 5567 rogat
1081 5505 1146 5554 ut
1187 5496 1645 5567 proﬁciscantur,
1689 5511 1821 5554 cum
1853 5512 1980 5553 con-

2085 1816 2190 1872 pro
2220 1803 2307 1858 sui
2341 1803 2717 1873 vestigatione
2747 1803 3045 1875 ingressio,
3090 1812 3147 1860 et
3176 1819 3381 1861 rursus
3413 1805 3484 1861 ad
3514 1806 3784 1861 sanctita-

2086 1890 2156 1945 tis
2183 1905 2356 1961 opera
2378 1893 2749 1962 exsequenda
2781 1892 3049 1948 reversio.

2156 2023 2324 2079 VEns.
2376 2021 2472 2078 ‘ll.
2510 2052 2579 2061 —-
2631 2023 2812 2090 Igitur
2858 2023 3030 2076 Israel
3071 2028 3235 2092 pater
3280 2040 3463 2077 eorum
3506 2024 3649 2078 dicit
3704 2026 3783 2079 ad

2086 2128 2170 2167 eos
2202 2130 2219 2165 :
2254 2112 2313 2166 Si
2341 2115 2418 2164 sic
2463 2126 2673 2165 necesse
2702 2115 2799 2172 est,
2844 2113 3012 2178 facite
3055 2112 3202 2177 quod
3241 2113 3445 2175 vultis;
3488 2118 3683 2168 sumite
3714 2115 3783 2167 de

2085 2205 2304 2270 optimis
2338 2204 2492 2253 terra?
2516 2199 2790 2266 fructibus
2816 2204 2874 2253 in
2904 2204 3052 2254 vasis
3082 2204 3295 2263 vestris,
3329 2204 3381 2254 et
3408 2201 3615 2268 deferte
3659 2207 3779 2256 viro

2083 2305 2332 2349 munera,
2362 2289 2629 2341 modicum
2661 2292 2872 2350 resinae,
2909 2293 2960 2341 et
2988 2290 3180 2351 mellis,
3214 2293 3264 2343 et
3301 2294 3547 2351 storacis,
3582 2295 3632 2343 et
3660 2294 3775 2344 sta-

2084 2382 2211 2443 ctes,
2242 2382 2292 2430 et
2321 2376 2630 2430 therebintii
2662 2382 2714 2431 et
2743 2376 3187 2447 amygdalarum.
3218 2376 3334 2443 llle,
3380 2378 3479 2448 qui
3509 2379 3782 2448 superius

2083 2466 2256 2521 Jacob
2303 2465 2539 2520 forsitan
2576 2465 2649 2521 ob
2691 2466 2778 2522 sui
2830 2465 3009 2535 ipsius
3038 2466 3564 2537 supplantationem
3613 2483 3783 2524 voca-

2084 2553 2273 2621 batur,
2303 2554 2423 2625 jam
2456 2569 2615 2610 nunc
2645 2568 2781 2611 cum
2805 2555 2877 2611 ab
2911 2555 3167 2611 humana
3198 2556 3600 2627 suggillatione
3628 2572 3782 2612 com-

2085 2641 2352 2711 pescitur,
2403 2642 2601 2704 Israel,
2662 2642 2717 2696 id
2759 2650 2843 2697 est
2881 2643 3130 2698 directus
3171 2656 3303 2698 cum
3347 2642 3462 2697 Deo
3513 2652 3777 2711 vocatur,

2084 2730 2238 2785 unde
2284 2737 2338 2785 et
2382 2738 2540 2799 pater
2568 2744 2771 2785 eorum
2810 2746 2942 2801 qua:
2985 2732 3125 2788 bene
3163 2745 3329 2786 sensa
3358 2739 3496 2787 sunt
3540 2731 3778 2789 dicitur.

2083 2818 2145 2873 Si
2180 2820 2278 2883 sic,
2322 2816 2533 2887 inquit,
2567 2830 2723 2885 spem
2776 2816 2899 2873 sine
2933 2818 3217 2874 bonorum
3246 2832 3311 2873 ac
3345 2818 3782 2876 rationabilium

2085 2904 2406 2959 studiorum
2437 2916 2557 2958 esse
2605 2904 2878 2959 comitatu
2915 2904 2999 2960 fas
3023 2918 3137 2959 non
3186 2912 3290 2967 est,
3326 2912 3390 2960 ut
3433 2904 3782 2962 alterutrum

2012 2978 2052 3032 (ἶ
2083 2992 2204 3049 sine
2261 2991 2438 3047 altero
2491 2992 2706 3059 valeat,
2765 2992 2917 3063 agite
2964 2992 3117 3063 quod
3169 2995 3566 3062 proposuistis,
3616 3001 3670 3049 et
3719 2994 3777 3049 in

2082 3076 2509 3148 conceptabulis
2554 3077 2914 3133 conscientiae
2968 3078 3033 3132 de
3080 3080 3299 3147 optimis
3356 3083 3532 3146 terrae,
3592 3078 3643 3133 id
3692 3087 3780 3134 est

2080 3166 2288 3222 Christi
2318 3164 2593 3233 exemplis
2620 3178 2686 3219 ac
2718 3164 3050 3232 virtutibus,
3094 3165 3264 3235 cujus
3292 3165 3363 3221 ad
3396 3165 3629 3221 modum
3658 3174 3780 3222 ter—

2081 3269 2159 3310 ra:
2209 3254 2496 3309 feracitate
2553 3253 2866 3319 nutrimur,
2913 3256 3126 3318 sumite,
3170 3262 3226 3310 et
3272 3254 3412 3323 quia
3456 3253 3527 3308 ad
3582 3250 3777 3309 locum

2082 3343 2237 3398 unde
2307 3348 2521 3397 exeunt
2578 3340 2843 3405 flumina,
2911 3349 3286 3397 revertuntur
3345 3341 3542 3409 (Eccle.
3603 3355 3640 3407 ι,
3702 3343 3775 3408 7),

2081 3431 2187 3500 ipsi
2215 3444 2283 3486 ea
2332 3445 2462 3501 quze
2516 3430 2590 3485 ab
2630 3429 2753 3499 ipso
2802 3429 3127 3499 sumpsistis
3172 3428 3487 3494 attribuite,
3543 3428 3776 3497 Ioseph,

2081 3517 2363 3588 spirituali
2410 3517 2622 3573 scilicet
2661 3524 2851 3572 vestro
2902 3515 3199 3582 desiderio,
3252 3522 3315 3571 ut
3344 3528 3416 3570 ex
3468 3514 3781 3571 benefactis

2081 3605 2153 3661 ad
2185 3604 2420 3661 meliora
2448 3603 2685 3670 feratur,
2734 3605 3022 3675 apponite.
3056 3603 3161 3660 Per
3204 3604 3471 3670 resinam,
3505 3617 3636 3673 quae
3666 3603 3779 3659 ali-

2082 3692 2434 3763 quantulum
2483 3689 2717 3758 redolet,
2768 3690 2976 3746 bonam
3030 3694 3174 3744 166
3225 3689 3297 3745 ad
3342 3690 3632 3759 proximos
3687 3689 3780 3745 fa-

2084 3796 2257 3848 mam,
2309 3781 2364 3836 in
2405 3778 2568 3836 melle
2622 3792 2848 3834 morum
2900 3777 3310 3849 benignitatem
3358 3777 3628 3848 intellige,
3677 3792 3782 3848 per

2082 3876 2287 3925 czetera
2348 3867 2629 3923 virtutum
2688 3866 3106 3937 fragrantiam,
3165 3871 3220 3921 et
3279 3865 3528 3929 fructus,
3585 3864 3639 3920 id
3694 3874 3778 3922 est

2082 3955 2321 4011 actionis
2366 3953 2670 4009 utilitatem
2730 3953 2943 4022 accipe.
2997 3953 3129 4007 Hzrc
3180 3951 3422 4007 viriliter
3473 3953 3781 4008 terrenita-

2085 4051 2207 4101 tum
2241 4043 2404 4098 fluxa
2450 4042 2693 4113 regenti,
2728 4042 2953 4111 piorum
2985 4049 3364 4111 provectuum
3395 4040 3650 4096 studioso
3681 4056 3782 4096 no-

2082 4140 2199 4189 stro
2229 4129 2505 4201 appetitui
2531 4127 2725 4184 oﬂerri
2749 4137 2803 4183 et
2835 4127 3072 4199 suggeri
3098 4126 3274 4198 digna
3303 4126 3596 4183 videntur.

2011 4274 2055 4329 D
2154 4266 2323 4324 Vnus.
2376 4265 2463 4318 l2.
2511 4292 2582 4301 —
2633 4263 2925 4316 Pecuniam
2972 4260 3241 4330 duplicem
3286 4261 3427 4327 ferte
3474 4260 3774 4322 vobiscum,

2078 4363 2144 4414 ut
2172 4354 2254 4411 sic
2281 4352 2423 4409 alios
2453 4350 2769 4408 forinsecus
2792 4349 3040 4405 doceatis
3069 4360 3359 4419 quatenus
3387 4362 3489 4404 vos
3520 4348 3781 4419 primum

2079 4444 2319 4501 interius
2368 4454 2466 4511 per
2492 4439 2691 4496 eadem
2734 4438 3079 4494 documenta
3118 4435 3381 4506 pascatis.
3429 4437 3781 4494 Deriventur

2076 4533 2260 4590 fontes
2308 4530 2391 4586 tui
2434 4528 2605 4594 foras,
2646 4533 2701 4582 et
2747 4526 2903 4582 solus
2942 4533 3131 4581 tamen
3185 4538 3281 4580 eos
3329 4524 3547 4594 absque
3582 4534 3779 4583 extra.

2076 4620 2199 4676 neis
2250 4617 2433 4674 bibas.
2488 4618 2557 4670 Et
2601 4616 2755 4669 illam
2803 4629 2969 4684 quam
3022 4614 3309 4668 invenistis
3361 4619 3652 4682 reportate,
3711 4631 3779 4679 ne

2074 4710 2219 4776 forte
2269 4720 2449 4760 errore
2501 4706 2574 4758 sit
2623 4704 2852 4770 factum.
2911 4700 2969 4756 Si
3022 4701 3166 4771 quid
3220 4700 3576 4757 discretionis
3634 4716 3777 4773 erga

2077 4793 2411 4865 passionum
2445 4789 2806 4847 insolentiam
2844 4787 3188 4854 carnalium,
3223 4801 3477 4857 quarum
3505 4788 3777 4858 asperita-

2078 4891 2132 4940 te
2156 4881 2468 4953 cingimur,
2513 4893 2617 4935 vos
2655 4878 2867 4934 habere
2897 4876 3129 4947 putatis,
3164 4876 3237 4932 ad
3284 4876 3580 4946 sapientia:
3613 4878 3778 4934 caele-

2079 4968 2178 5025 stis
2222 4980 2467 5025 examen
2515 4965 2738 5031 referte,
2784 4977 2857 5019 ne
2904 4976 3024 5034 qua
3053 4977 3156 5019 vos
3201 4963 3353 5033 ipsos
3380 4963 3640 5019 humana
3686 4978 3779 5020 ra-

2080 5058 2233 5114 tione
2263 5054 2491 5112 fallatis.
2518 5055 2710 5124 Ipsum
2753 5052 2907 5108 enim
2935 5050 3166 5120 Ioseph,
3208 5064 3381 5120 quem
3428 5057 3779 5118 augmentum

2080 5146 2344 5212 dicimus,
2388 5143 2461 5199 ad
2492 5140 2928 5213 intelligentiam
2956 5153 3362 5210 supernorum,
3397 5140 3613 5211 quibus
3642 5142 3779 5199 solis

2082 5236 2280 5308 augeri
2320 5235 2538 5291 bonum
2563 5239 2666 5299 est,
2701 5230 3020 5287 referimus.
3053 5230 3317 5286 Terrenis
3345 5244 3549 5300 nempe
3573 5233 3775 5302 augeri

2080 5323 2369 5379 neminem
2412 5319 2595 5377 facilis
2636 5317 2897 5389 probatio
2934 5325 3037 5374 est.
3084 5317 3279 5388 (Vens.
3335 5320 3448 5387 t3.)
3480 5318 3568 5373 Ad
3617 5317 3778 5375 hunc

2082 5410 2294 5475 virum,
2326 5423 2460 5465 cum
2491 5407 2747 5474 fratrem,
2793 5406 2867 5462 ab
2901 5400 3400 5462 eadem'videlicet
3443 5405 3671 5461 caelitus
3714 5406 3778 5463 il-

2080 5496 2324 5552 lustrata
2364 5494 2586 5551 ratione
2616 5492 2872 5564 genitam
2913 5504 3073 5562 Spem
3116 5490 3188 5547 ad
3222 5490 3420 5548 intima
3459 5492 3776 5561 cupiditate
