3904 6066
107 246 212 300 293

1293 243 1650 302 MORALIUM
1691 246 1757 302 IN
1793 245 2098 304 GENESIN
2130 248 2259 303 LIB.
2300 248 2372 305 X.

3510 256 3615 309 294-

108 378 437 445 tulerimus,
486 376 777 434 continuis
819 376 1170 447 profectibus
1216 378 1386 446 imus,
1432 379 1572 435 dum
1626 380 1812 451 magis
1847 384 1893 436 A
1924 381 1998 437 ad
2044 381 2497 452 dispensatorem
2542 383 2887 453 accedimus,
2922 400 3053 442 cum
3102 394 3259 444 metu
3299 388 3493 446 divino
3526 406 3617 447 re-

107 480 173 522 ae
203 468 395 537 magis
425 467 539 521 Deo
563 473 616 521 et
648 466 820 521 saluti
850 466 1133 522 viciniora
1162 467 1458 523 sentimus.

179 554 358 612 Vens.
412 556 496 609 14.
542 585 612 595 -
660 558 799 610 Deus
849 561 1029 609 autem
1077 571 1224 610 meus
1272 557 1448 621 faciat
1494 572 1617 610 eum
1663 557 1812 610 vobis

101 644 475 712 placabilem;
537 648 587 696 et
636 645 881 697 remittat
944 644 1219 697 vobiscum
1273 645 1507 709 fratrem
1576 650 1813 698 vestrum

105 748 267 801 quem
332 736 491 799 tenet,
541 736 592 786 et
648 734 788 786 hunc
846 732 1152 800 Benjamin.
1221 732 1308 787 Fit
1374 732 1540 787 nobis
1603 733 1812 803 Joseph

104 820 431 890 placabilis,
463 834 619 886 cum,
657 819 972 875 mundanis
1002 819 1201 889 s0pitis
1234 819 1599 889 impulsibus,
1633 821 1809 889 spiri-

103 910 283 966 tualis
323 909 662 964 incrementi
712 908 983 978 majestas
1029 923 1145 964 non
1194 917 1278 965 est
1328 910 1492 965 nobis
1542 910 1809 966 difficilis.

104 998 311 1053 Frater
354 1012 527 1067 quem
569 1003 737 1063 tenet,
788 996 1120 1062 remittitur,
1173 1011 1305 1052 cum
1355 997 1614 1064 affectus,
1668 997 1813 1053 veli-

104 1101 239 1143 mus
271 1087 545 1152 nolimus,
577 1100 851 1156 evagaus,
889 1094 945 1142 et
988 1095 1177 1143 tamen
1211 1088 1480 1157 praedicta
1519 1089 1814 1158 majestate

105 1174 277 1245 quasi
311 1175 522 1231 mentis
553 1174 673 1245 lege
705 1174 1006 1242 coercitus,
1039 1173 1302 1230 interiori
1345 1174 1662 1245 aliquando
1711 1175 1814 1231 ho-

105 1263 273 1329 mini,
305 1265 433 1318 sine
464 1263 581 1318 ulla
619 1262 741 1332 jam
770 1264 827 1316 vi
873 1262 1190 1319 obediendo
1222 1262 1477 1330 laxatur,
1516 1263 1813 1333 Benjamiu

106 1350 444 1417 remittitur,
493 1364 628 1406 cum
676 1350 899 1405 fructus
954 1350 1073 1419 spei
1122 1359 1332 1406 nostrae
1393 1351 1463 1406 ad
1516 1351 1814 1406 dexteram

107 1439 276 1493 nobis
324 1438 652 1494 constitutis
700 1439 756 1492 in
808 1452 991 1508 regno
1035 1446 1411 1494 monstratur.
1464 1440 1589 1507 Ego
1636 1445 1815 1493 autem

106 1528 330 1581 orbatus
369 1527 572 1596 absque
599 1527 781 1580 liberis
813 1541 919 1580 ero.
956 1525 1128 1592 Quasi
1167 1526 1435 1582 orbatum
1481 1528 1707 1583 interitu
1755 1542 1814 1583 se

109 1622 294 1684 putat,
324 1615 465 1669 dum
500 1617 559 1669 in
607 1614 879 1669 conflictu
937 1616 1168 1670 animus
1200 1615 1418 1684 positus
1452 1616 1532 1672 nil
1573 1632 1633 1672 se
1670 1630 1811 1684 esse,

1919 471 2101 526 stricti
2184 471 2421 528 liberius
2472 473 2593 543 jam
2669 473 3022 530 ordinarium
3105 476 3260 532 illam
3336 480 3615 535 rationem

1919 559 2313 630 aggredimur.
2361 564 2483 615 .lam
2534 566 2679 627 ante,
2712 562 3006 632 inquiunt,
3058 578 3159 633 per
3202 566 3614 623 confessionem

1918 647 2102 717 culpae
2134 662 2238 703 nos
2282 650 2738 717 humiliavimus,
2780 660 2845 705 ut
2876 651 3088 706 divinis
3118 653 3305 722 epulis
3339 655 3614 711 allevare-

1919 750 2071 791 mur.
2135 737 2335 807 (Vsus.
2385 738 2496 808 21.)
2554 738 2775 805 Quibus
2816 739 3107 804 obtentis,
3162 756 3294 796 cum
3354 744 3426 797 ad
3481 758 3616 798 con-

1918 824 2170 880 scientize
2244 826 2604 882 diversorum
2682 828 2939 883 sacculos
3018 830 3617 899 mncupiscentiarum

1919 912 2337 966 examinandos
2376 914 2869 982 expandissemus,
2910 914 3091 970 divini
3139 916 3352 986 eloquii
3383 925 3618 974 senten-

1920 998 2029 1055 tias
2079 1014 2180 1056 nos
2256 1001 2393 1070 ipsis
2464 1015 2773 1070 pravorum
2832 1011 3093 1059 motuum
3153 1007 3619 1075 suggestionibus

1919 1088 2210 1157 objecisse,
2273 1089 2464 1145 animo
2515 1098 2670 1157 teste,
2727 1092 3130 1161 meminimus;
3187 1107 3365 1163 quam
3412 1095 3618 1164 mysti-

1921 1191 2045 1232 cam
2088 1177 2389 1246 pecuniam
2440 1179 2635 1233 eodem
2685 1193 2954 1249 superum
3000 1179 3324 1238 dilectionis
3370 1184 3621 1252 pondere

1920 1264 2222 1335 gravidam
2258 1266 2330 1321 ad
2383 1266 2460 1320 tui
2486 1266 2775 1336 judicium
2821 1278 3204 1337 reportamus,
3254 1276 3317 1325 ut
3345 1278 3397 1325 te
3424 1270 3618 1340 judice

1921 1359 2129 1421 pateat.
2180 1352 2226 1407 si
2274 1352 2416 1421 quid
2456 1352 2692 1423 indigne
2737 1356 2989 1423 egimus;
3026 1354 3219 1421 (Vens.
3268 1357 3359 1423 22)
3410 1356 3502 1410 sed
3563 1365 3618 1413 et

1919 1440 2079 1495 aliud
2135 1447 2439 1509 argentum
2505 1441 2728 1510 copiose
2776 1441 3026 1495 scientia;
3094 1454 3281 1510 usque
3329 1441 3399 1496 ad
3454 1442 3617 1498 bonas

1919 1528 2161 1583 actionis
2207 1528 2471 1584 effectum
2531 1529 2853 1595 attulimus,
2905 1536 2970 1584 ut
3025 1529 3229 1594 Deum,
3284 1530 3383 1599 qui
3444 1545 3619 1600 super

1920 1617 2114 1673 omnia
2167 1618 2331 1672 nobis
2376 1625 2459 1673 est
2511 1620 2885 1683 necessarius,
2934 1618 3106 1673 totius
3161 1633 3347 1688 operte
3402 1619 3616 1688 impeu-
3650 1662 3665 1665 -

107 1704 186 1758 nil
212 1703 446 1758 efficere
475 1704 640 1773 quasi
676 1703 733 1757 in
766 1703 1018 1772 quadam
1049 1703 1294 1772 caligine
1325 1707 1671 1760 constitutus
1718 1719 1813 1760 re-
1850 1682 1895 1738 Β
1922 1705 2032 1761 diis
2086 1720 2368 1761 emamus.
2423 1706 2549 1762 Non
2599 1714 2683 1761 est
2738 1707 2795 1760 in
2851 1715 3046 1761 nostra
3101 1707 3447 1763 conscientia
3488 1708 3620 1778 quis

108 1799 298 1861 putat.

178 1880 357 1935 Vnus.
410 1881 495 1932 15.
532 1908 601 1917 —
640 1879 1041 1934 Descenderunt
1102 1894 1227 1945 ergo
1290 1883 1349 1933 in
1395 1880 1709 1949 Egyptum
1763 1887 1814 1935 et

106 1973 374 2023 steterunt
420 1982 603 2021 coram
650 1969 864 2035 Joseph.
915 1967 1312 2023 Humiliantur
1359 1969 1431 2024 ad
1481 1968 1812 2025 considera-

106 2057 321 2112 tionem
376 2055 766 2111 tribulationis
812 2056 1092 2126 Egyptize,
1127 2064 1182 2110 et
1226 2070 1342 2125 quo
1386 2057 1570 2127 magis
1613 2056 1671 2112 iu
1706 2070 1815 2113 sua

108 2144 593 2213 contemplatione
624 2142 953 2211 ﬂectuntur,
985 2151 1140 2199 tanto
1173 2144 1422 2200 alacrius
1441 2146 1511 2200 ad
1537 2146 1815 2215 sapienda

109 2232 368 2289 caelestia
398 2245 594 2287 coram
628 2231 854 2300 Joseph,
908 2231 964 2285 id
1014 2231 1185 2287 estin
1241 2233 1619 2302 provectionis
1659 2233 1814 2290 desi-

108 2320 269 2376 derio
317 2319 653 2391 eriguntur.
700 2320 895 2389 (Vnus.
932 2319 1042 2389 l6.)
1096 2320 1235 2385 Quos
1264 2336 1383 2375 cum
1424 2322 1516 2375 ille
1560 2322 1812 2391 vidisset,

109 2416 159 2463 et
190 2408 489 2478 Benjamin
527 2409 712 2473 simul,
746 2411 1001 2477 praecepit
1040 2409 1410 2478 dispensatori
1441 2409 1631 2464 domus
1661 2426 1809 2465 suae:

110 2496 370 2551 Introduc
438 2500 580 2550 viros
641 2499 699 2549 in
743 2496 980 2561 domum,
1024 2501 1075 2550 et
1122 2499 1330 2551 instrue
1390 2501 1716 2566 convivium,
1764 2505 1815 2553 et

109 2583 291 2639 occide
339 2584 618 2648 victimas,
652 2587 908 2652 quoniam
948 2600 1151 2639 mecum
1195 2592 1323 2640 sunt
1367 2589 1657 2641 comessuri
1698 2602 1814 2640 me-

108 2673 270 2726 ridie.
301 2672 514 2741 Ioseph
536 2686 633 2727 eos
655 2686 785 2727 cum
829 2673 1126 2743 Beujamin
1158 2674 1329 2741 videt,
1380 2688 1511 2729 cum
1553 2676 1675 2745 jam
1706 2675 1814 2731 sibi

113 2761 215 2830 ipsi
263 2760 591 2816 intellectus
619 2767 674 2816 et
708 2760 945 2816 rationis
975 2762 1242 2828 motibus,
1294 2770 1349 2818 et
1386 2762 1505 2832 spei
1552 2763 1814 2833 profecti-

112 2848 218 2904 bus
264 2848 339 2903 ad
374 2847 763 2918 aggredienda
811 2849 1123 2904 ctelestium
1158 2850 1509 2906 incrementa
1557 2865 1672 2906 non
1726 2852 1812 2907 in-

1921 1808 2048 1850 eam
2078 1795 2329 1863 posuerit
2366 1795 2421 1849 in
2460 1795 2769 1865 marsupiis
2809 1795 3037 1861 nostris,
3083 1795 3136 1849 id
3176 1804 3257 1850 est
3309 1811 3421 1851 non
3454 1797 3620 1852 nobis

1922 1896 2284 1953 arrogamus,
2340 1897 2445 1938 nec
2500 1883 2774 1953 cuiquam
2811 1923 2826 1948 ,
2888 1883 3185 1938 hominum
3248 1884 3620 1939 attribuimus

1922 1971 2072 2027 hanc
2106 1971 2202 2026 Dei
2242 1970 2528 2039 notitiam,
2563 1984 2739 2041 quam
2787 1970 3076 2026 memoriae
3115 1971 3315 2026 loculis
3346 1973 3613 2027 insertam

1921 2066 2203 2127 tenemus,
2237 2058 2338 2114 soli
2375 2058 2452 2114 illi
2486 2059 2868 2127 gratulamur.

1992 2147 2165 2203 Vens.
2212 2149 2301 2200 23.
2351 2177 2420 2186 -
2461 2148 2601 2213 Pam,
2658 2147 2867 2216 inquit,
2929 2147 3220 2202 vobiscum.
3283 2149 3352 2203 Et
3400 2148 3445 2203 si
3499 2160 3613 2218 pax

1924 2235 2402 2291 reconciliationis
2458 2248 2525 2290 ac
2566 2235 2887 2291 concordize
2941 2236 3135 2303 adest,
3193 2236 3351 2291 locus
3399 2237 3617 2292 timoris

1924 2338 2040 2379 non
2069 2330 2172 2379 est.
2210 2324 2354 2377 Deus
2391 2327 2583 2392 vester,
2634 2328 2683 2377 et
2726 2324 2870 2377 Deus
2909 2326 3088 2393 patris
3138 2327 3334 2391 vestri;
3367 2324 3467 2394 qui
3501 2325 3609 2380 sci-

1923 2413 2052 2468 licet
2081 2426 2213 2467 cum
2247 2411 2507 2481 patribus
2540 2412 2687 2467 mira
2718 2413 2855 2481 egit,
2894 2421 2949 2468 et
2978 2414 3181 2468 vestris
3212 2413 3617 2482 magnilicatur

1925 2500 2299 2569 temporibus,
2334 2501 2452 2569 ipse
2470 2500 2621 2555 dedit
2636 2501 2937 2570 pecuniam
2964 2502 3020 2555 in
3035 2501 3306 2571 sacculis;
3322 2501 3615 2557 scientiam

1926 2588 2171 2658 profecto
2214 2588 2574 2643 discretivam
2629 2594 2765 2642 I57
2810 2603 2877 2645 ac
2905 2590 2950 2644 si
2983 2598 3270 2644 monetam
3302 2588 3615 2659 legitimam

1923 2677 2128 2731 vestris
2183 2675 2595 2732 tentationibus
2645 2676 3055 2732 discernendis.
3122 2676 3282 2731 Unde
3329 2681 3385 2731 et
3430 2676 3617 2745 sequi-

1926 2772 2021 2819 tur
2062 2779 2075 2817 :
2123 2766 2262 2820 Nam
2288 2768 2577 2833 pecuniam
2627 2780 2789 2833 quam
2815 2764 3066 2830 dedistis,
3100 2764 3155 2818 id
3184 2772 3267 2819 est
3296 2764 3614 2833 prudentiae

1922 2852 2062 2918 vim,
2096 2865 2271 2921 quam
2317 2866 2441 2907 meo
2470 2853 2676 2923 exagio
2719 2852 3006 2919 attulistis,
3038 2867 3143 2921 ego
3190 2852 3481 2922 probatam
3515 2865 3615 2907 ra-

113 2936 288 2991 videt.
343 2934 713 3003 Dispensator
753 2935 958 2991 domus
984 2936 1220 3006 spiritus
1252 2944 1446 2993 noster
1473 2945 1575 3006 est,
1607 2939 1700 2994 cui
1741 2940 1813 2996 ab
1853 2960 1893 3015 ο
1925 2940 2277 2996 tiouabiliter
2323 2940 2559 3010 accipio.
2598 2942 2870 3008 Duxitquc
2912 2941 2987 2994 ad
3010 2956 3094 2995 eos
3124 2942 3355 2996 Simeon.
3388 2940 3614 2996 Simeon

114 3037 309 3079 amore
341 3036 596 3092 superno
628 3021 922 3090 indicitur,
960 3030 1023 3078 ut
1057 3022 1113 3077 hi
1144 3022 1339 3079 viriles
1367 3032 1551 3081 status
1585 3026 1642 3080 in
1673 3041 1815 3082 con-

114 3113 418 3168 scientiam
468 3109 859 3178 inducantur;
910 3109 1156 3167 victimte
1223 3112 1436 3181 peccati
1503 3114 1815 3184 carnisque

111 3199 436 3265 caedantur,
479 3207 544 3254 ut
572 3211 704 3253 cum
746 3198 858 3253 Deo
906 3197 1268 3267 postmodum
1326 3198 1568 3254 interius
1612 3200 1815 3255 convi-

112 3287 277 3342 vium
321 3286 672 3352 instruatur,
727 3293 792 3340 ut
838 3287 897 3339 in
938 3285 1168 3340 meridie
1222 3285 1539 3342 dilectionis
1582 3287 1816 3343 fervidae

114 3383 318 3442 coenet,
337 3376 513 3445 juxta
541 3372 958 3443 Apocalypsim,
993 3373 1292 3429 uobiscum
1320 3374 1438 3443 ipse
1466 3382 1520 3431 et
1551 3389 1653 3430 uos
1682 3390 1811 3431 cum

114 3463 232 3533 ipso
262 3463 599 3518 reficiamur
627 3464 822 3533 (Apoc.
860 3477 939 3530 Ill,
972 3461 1083 3533 20).

183 3550 363 3607 Vens.
418 3554 502 3616 l7,
556 3551 640 3604 18.
695 3579 762 3589 -
810 3551 953 3605 Fecit
1002 3551 1091 3604 ille
1136 3554 1196 3604 ut
1240 3551 1428 3617 fuerat
1471 3552 1813 3619 imperatum,

114 3639 255 3710 quia
291 3645 480 3695 tactus
509 3652 543 3693 a
573 3638 687 3694 Deo
725 3638 963 3708 spiritus
1010 3638 1286 3694 mandata
1316 3638 1388 3693 ad
1419 3637 1658 3694 celerem
1706 3639 1815 3695 du-

113 3731 188 3784 cit
233 3726 526 3784 el'fectum.
570 3728 764 3796 Ibique
801 3729 1054 3782 exterriti
1094 3727 1358 3782 dixerunt
1400 3732 1622 3782 mutuo:
1677 3730 1816 3783 Pro-

111 3823 237 3886 pter
260 3819 577 3886 pecuniam,
625 3831 790 3885 quam
818 3817 1101 3871 retulimus
1127 3819 1286 3886 prius
1317 3818 1376 3870 in
1413 3820 1584 3871 saccis
1615 3819 1816 3871 nostris

112 3905 422 3960 introducti
464 3919 670 3972 sumus,
726 3909 787 3958 ut
827 3905 1075 3959 devolvat
1121 3907 1181 3959 in
1227 3919 1323 3960 nos
1366 3905 1715 3972 calumniam,
1766 3909 1817 3959 et

111 3994 381 4062 subjiciat
422 4007 515 4047 nos
567 3996 839 4060 servituti,
890 3999 942 4047 et
993 3996 1175 4047 asinos
1221 3998 1453 4048 nostros.
1500 3994 1814 4050 lutroducti

109 4089 505 4146 exterrentur,
534 4081 675 4151 quia
703 4094 832 4137 cum
865 4080 1245 4150 spiritualiter
1284 4082 1611 4137 examinari
1656 4096 1817 4138 mens

110 4170 374 4240 coeperit,
441 4168 730 4239 quidquid
800 4169 1082 4225 virtutum
1150 4170 1334 4237 nobis,
1406 4168 1556 4225 illico
1616 4169 1817 4226 timore

1921 3028 1995 3084 ad
2047 3042 2144 3084 eos
2185 3029 2480 3096 educitur,
2531 3043 2664 3084 cum
2724 3027 2962 3084 affectus
3031 3028 3246 3098 pridem
3308 3029 3616 3085 carnaliter

1921 3116 2209 3187 obligatus
2241 3117 2310 3172 ad
2343 3130 2685 3172 consensum
2728 3116 2966 3172 rationis
2996 3125 3256 3173 motuum
3288 3118 3611 3187 expeditur.

1924 3205 2118 3275 (Vens.
2152 3206 2269 3277 24.)
2308 3209 2376 3261 Et
2420 3206 2743 3261 introductis
2782 3206 3019 3273 domum,
3070 3207 3258 3259 attulit
3295 3222 3517 3275 aquam,
3566 3212 3617 3262 et

1923 3293 2171 3348 laverunt
2214 3294 2395 3363 pedes,
2439 3299 2488 3349 et
2518 3294 2669 3348 dedit
2712 3294 2917 3363 pabula
2958 3294 3130 3346 asinis
3161 3307 3359 3345 eorum.
3389 3291 3616 3360 Integre

1922 3382 1995 3437 ad
2021 3382 2207 3437 cordis
2235 3383 2471 3438 domum
2513 3382 2758 3437 reversis
2794 3382 3009 3438 undam
3036 3377 3495 3449 compunctionis
3523 3378 3617 3431 in-

1923 3476 2122 3526 ternus
2149 3471 2509 3541 dispensator
2530 3469 2807 3539 suggerit,
2840 3483 2961 3538 qua
2990 3468 3351 3523 mandantur
3378 3466 3619 3536 vestigia

1923 3557 2256 3626 ati'ectionis,
2300 3559 2454 3615 unde
2495 3558 2616 3628 jam
2646 3557 2962 3613 succedunt
3001 3556 3237 3611 consilia
3281 3568 3444 3623 sana,
3479 3554 3617 3625 qui-

1924 3645 2054 3709 bus,
2085 3658 2153 3700 ac
2188 3645 2233 3699 si
2268 3644 2502 3714 pabulo,
2549 3652 2894 3701 occurratur
2922 3644 3320 3713 corporalibus
3347 3643 3612 3698 lasciviis.

1994 3732 2168 3788 Vens.
2200 3735 2287 3787 25.
2328 3762 2398 3771 —
2425 3733 2518 3788 Illi
2558 3733 2836 3802 parabant
2879 3747 3124 3797 munera,
3159 3732 3321 3785 donec
3363 3731 3614 3799 ingrede-

1921 3826 2076 3877 retur
2114 3822 2308 3891 Joseph
2351 3821 2604 3887 meridie;
2639 3821 2933 3875 audierant
2961 3823 3104 3874 enim
3146 3820 3290 3888 quod
3331 3820 3412 3873 ibi
3453 3835 3617 3873 come-

1923 3913 2068 3965 sturi
2120 3915 2310 3965 essent.
2368 3911 2603 3966 Munera
2657 3924 2788 3980 quae
2848 3916 3147 3978 parantur,
3206 3908 3300 3978 pia
3348 3907 3617 3977 quaelibet

1924 3998 2379 4069 compunctionis
2427 3998 2715 4055 incentiva
2751 4005 2907 4063 sunt,
2942 3998 3159 4067 quibus
3187 3997 3379 4052 acrius
3408 4009 3615 4052 accen-

1924 4088 2118 4152 datur,
2156 4095 2211 4142 et
2241 4086 2456 4157 quibus
2503 4086 2709 4157 Joseph
2739 4094 2931 4142 uoster
2962 4086 3018 4141 in
3050 4093 3193 4142 aestu
3226 4087 3372 4141 sacri
3403 4085 3616 4141 deside-

1925 4177 1992 4232 rii
2025 4176 2398 4246 provehatur.
2449 4176 2642 4247 (Vnus.
2704 4177 2819 4244 26.)
2859 4177 3033 4243 Igitur
3088 4176 3360 4243 ingressus
3391 4180 3470 4229 est
3518 4176 3615 4229 Jo-

114 4258 516 4329 perturbatur.
567 4258 873 4327 Trepidant
921 4272 1023 4327 pro
1084 4258 1331 4328 pecunia
1378 4272 1557 4329 quam
1603 4258 1813 4315 retule-
1853 4257 1897 4311 D
1923 4266 2052 4334 sep).
2085 4264 2300 4318 domum
2334 4279 2510 4329 suam,
2559 4264 2974 4332 obtuleruntque
3002 4264 3051 4317 ei
3094 4278 3333 4324 munera,
3385 4268 3616 4317 tenentes

116 4348 254 4412 rint,
287 4346 430 4418 quia
469 4355 744 4404 verentur
782 4362 854 4403 ne
893 4348 1087 4403 minus
1117 4347 1322 4403 idonea
1364 4362 1543 4418 quam
1586 4362 1815 4417 compe-

113 4437 203 4504 tit,
260 4435 444 4491 saccis
500 4436 910 4493 carnalitatum
962 4436 1213 4492 scientiae
1267 4444 1478 4492 sanctae
1541 4437 1812 4507 praedica-

114 4533 314 4582 menta
345 4525 698 4581 iuduxeriut.
733 4525 958 4581 Timent
1001 4524 1227 4582 devolvi
1262 4524 1318 4581 in
1350 4539 1409 4581 se
1438 4525 1813 4594 calumniam,

113 4623 173 4672 et
197 4615 465 4671 servituti
496 4614 703 4686 subjici
729 4622 785 4671 et
822 4628 882 4670 se
912 4621 966 4670 et
1004 4613 1214 4680 asinos,
1252 4614 1390 4670 dum
1436 4614 1617 4671 divini
1654 4616 1813 4686 judi-

115 4704 187 4759 cti
239 4702 695 4775 indignationem
742 4702 850 4759 snbi
885 4702 1236 4769 incumbere,
1280 4709 1336 4758 et
1377 4703 1580 4759 merito
1618 4704 1709 4760 sui
1740 4704 1813 4759 ad

114 4792 260 4848 vitia
295 4792 507 4862 teporis
534 4806 739 4848 eorum
778 4788 1031 4848 dominia
1060 4790 1280 4858 subire,
1324 4798 1380 4848 et
1409 4791 1589 4847 animi
1637 4791 1809 4861 vires,

114 4890 170 4938 et
197 4882 395 4938 carnis
427 4888 617 4936 motus
644 4884 908 4937 metuunt
935 4880 1311 4935 succumbere
1343 4880 1596 4935 stolidos.

183 4970 357 5027 Vsus.
402 4972 485 5034 l9,
519 4970 609 5022 20.
652 4997 724 5010 -
755 4969 1111 5034 Quamobrem
1142 4971 1199 5021 in
1237 4970 1374 5038 ipsis
1410 4968 1623 5035 foribus
1664 4984 1811 5024 acce-

112 5060 300 5115 dentes
346 5058 423 5114 ad
452 5060 881 5128 dispensatorem
929 5059 1093 5112 locuti
1138 5062 1302 5112 sunt:
1345 5056 1595 5122 Oramus,
1631 5057 1812 5112 domi-

113 5163 198 5212 ne,
246 5152 309 5201 ut
362 5146 562 5200 audias
600 5161 716 5201 nos.
764 5145 891 5200 Jam
928 5150 1053 5199 ante
1102 5146 1473 5200 descendimus
1513 5151 1574 5200 ut
1610 5162 1812 5200 emere-

113 5250 231 5290 mus
286 5249 457 5300 escas,
516 5242 623 5290 etc.
685 5235 877 5299 Fores,
939 5233 1173 5289 habitus
1232 5242 1369 5297 sunt
1422 5234 1658 5302 timoris,
1711 5248 1813 5304 per

115 5339 261 5395 quos
302 5332 442 5380 sunt
499 5323 573 5378 ad
627 5322 940 5392 penetralia
996 5322 1295 5378 cbaritatis
1349 5322 1515 5393 quasi
1572 5321 1811 5394 quidam

115 5413 342 5484 aditus;
370 5426 524 5484 quas
560 5419 754 5482 portas
784 5411 1084 5468 Psalmista
1116 5425 1218 5467 nos
1263 5410 1531 5467 admouet
1576 5412 1812 5468 introire

119 5504 175 5557 in
221 5500 686 5559 confessionibus
733 5501 908 5571 (Psal.
945 5514 1097 5570 xcux,
1144 5500 1219 5570 4).
1268 5501 1332 5556 In
1383 5498 1472 5555 bis
1514 5500 1809 5557 constituti

1925 4357 1984 4407 in
2020 4352 2303 4419 manibus;
2345 4357 2396 4406 et
2437 4351 2803 4407 adoraverunt
2843 4353 3010 4421 proni
3043 4354 3104 4405 in
3148 4356 3368 4405 terram.
3417 4351 3616 4421 Ioseph

1924 4439 2140 4494 domum
2164 4454 2317 4493 suam
2357 4438 2703 4509 ingreditur,
2736 4453 2865 4494 cum
2901 4438 3142 4495 ctelestis
3173 4452 3314 4494 cura
3342 4440 3615 4496 crementi

1926 4526 2243 4597 penetralia
2293 4527 2820 4583 mentis'adoritur.
2866 4528 3094 4582 Munera
3141 4540 3273 4597 quae
3325 4525 3611 4595 offerunt,

1923 4624 2118 4672 tenent
2155 4618 2213 4669 in
2243 4616 2512 4682 manibus,
2557 4629 2689 4671 cum
2738 4628 2870 4685 quae
2911 4614 3148 4669 interius
3190 4620 3389 4669 sancta
3416 4626 3616 4682 propo-

1923 4711 2071 4760 nunt
2119 4711 2386 4760 exercent
2431 4704 2719 4773 operibus.
2774 4705 2938 4757 Prom‘
2986 4705 3046 4756 in
3094 4707 3296 4756 terram
3350 4702 3611 4767 adorant,

1923 4807 2056 4849 cum
2085 4806 2204 4848 suae
2249 4791 2637 4848 infirmitatem
2675 4791 3031 4847 carnalitatis
3072 4788 3219 4845 inter
3246 4790 3359 4845 Deo
3388 4789 3615 4859 suppli-

1921 4882 2172 4937 candum
2217 4880 2604 4937 considerant.
2666 4880 2859 4951 (Vens.
2908 4882 3016 4946 27.)
3054 4878 3130 4932 At
3173 4879 3286 4946 ille,
3335 4879 3615 4933 clementer

1921 4971 2237 5025 resalutatis
2268 4972 2365 5038 eis,
2398 4972 2760 5036 interrogavit
2789 4985 2802 5023 :
2833 4968 3029 5024 Salvus
3057 4982 3123 5021 ne
3150 4972 3228 5021 est
3254 4971 3415 5035 pater
3442 4972 3617 5022 vester

1920 5073 2101 5125 senex,
2132 5058 2197 5112 de
2232 5071 2335 5126 quo
2365 5057 2637 5111 dixeratis
2684 5057 2862 5111 mihi?
2908 5055 3103 5110 Adhuc
3131 5056 3315 5109 vivit?
3350 5054 3615 5110 Clemen-

1922 5153 2007 5202 ter
2035 5146 2330 5213 resalutat,
2363 5159 2497 5201 cum
2535 5144 2769 5201 effectus
2797 5142 3114 5200 devotionis
3143 5142 3216 5198 ab
3261 5141 3470 5198 affectu
3500 5157 3616 5199 non

1920 5234 2223 5305 discrepat.
2255 5234 2335 5289 De
2368 5242 2527 5305 patre
2566 5248 2698 5290 sene
2746 5248 2820 5289 an
2846 5232 3043 5289 salvus
3080 5232 3171 5301 sit,
3205 5239 3404 5288 utrum
3435 5232 3612 5300 vivat,

1920 5322 2256 5393 interrogat,
2308 5322 2449 5379 dum
2488 5323 2545 5377 in
2592 5328 2869 5391 provectu
2908 5321 3131 5391 positus
3174 5321 3243 5376 de
3271 5327 3422 5375 statu
3456 5320 3617 5377 defe—

1919 5411 2119 5478 ctibili,
2154 5410 2213 5465 in
2252 5424 2425 5481 quem
2461 5424 2602 5479 pene
2634 5410 2854 5480 pridem
2889 5409 3086 5479 lapsus
3117 5408 3324 5475 fuerat,
3360 5422 3433 5464 an
3463 5410 3615 5465 revi-

1874 5524 1885 5533 τ
1917 5500 2138 5556 viscere
2168 5498 2343 5569 possit
2372 5513 2503 5555 cum
2546 5498 2767 5556 ratione
2792 5497 3026 5568 propria
3056 5503 3279 5555 tractat.
3311 5495 3417 5553 Cui
3442 5494 3619 5564 juxta
