3904 6066
90 313 191 365 297

1313 312 1680 370 MOBALIUM
1721 314 1790 369 IN
1829 312 2127 370 GENESIN
2168 314 2301 370 LIB.
2343 315 2406 370 X.

3479 322 3586 376 298

91 441 261 496 tionis
293 440 578 511 principio
608 448 663 497 et
706 441 849 511 ipsa,
883 456 1060 512 quam
1096 441 1225 498 fecit
1267 442 1471 499 mundi
1502 443 1790 499 abrenun-
1826 446 1871 498 Α
1969 443 2149 499 Vens.
2210 443 2263 497 9.
2312 474 2380 482 -—
2439 443 2612 512 Apud
2665 460 3053 512 quemcumque
3094 450 3374 503 inventum
3414 450 3587 517 fuerit

94 528 269 591 tiatio,
291 528 446 597 juste
467 528 756 598 objicitur.

157 615 334 670 Vens.
365 618 417 680 3,
450 616 503 669 4.
539 624 607 655 —'-
633 617 966 687 Factumque
1000 621 1080 671 est
1106 618 1206 671 ita.
1248 620 1318 672 Et
1349 621 1464 671 orto
1500 632 1657 671 mane
1698 616 1785 670 di-

88 705 247 756 missi
276 709 407 757 sunt
445 719 565 756 cum
598 707 770 758 asinis
797 710 927 759 suis.
970 708 1196 775 Jamque
1223 706 1407 759 urbem
1440 708 1707 769 exierant,
1738 708 1788 757 et

88 797 466 860 processerant
494 794 800 861 paululum.
848 793 1046 848 Oritur
1074 809 1248 860 mane,
1282 807 1413 849 cum
1462 792 1566 848 lux
1595 791 1787 846 animo

92 880 411 934 innovatur
443 886 644 935 contra
671 879 829 947 vitia,
864 881 1251 949 inspirationis
1290 880 1520 943 divinae,
1558 879 1637 934 illi
1669 895 1789 933 cum

91 968 268 1020 asinis
316 967 707 1033 dimittuntur,
745 968 881 1037 quia
926 976 1115 1024 motus
1154 967 1362 1022 interni
1402 967 1521 1037 jam
1567 967 1790 1022 caelitus

91 1055 276 1120 docti,
328 1055 647 1111 secundum
708 1056 1021 1111 libertatem
1073 1054 1297 1111 arbitrii
1355 1055 1539 1110 acturi
1591 1064 1791 1111 contra

90 1142 451 1197 carnalitatis
482 1143 722 1211 ineptias
765 1143 1200 1213 relinquuntur,
1235 1158 1305 1198 ne
1336 1144 1404 1199 de
1448 1143 1631 1213 gloria
1666 1144 1790 1199 diu-

92 1239 282 1285 turnae
316 1230 471 1301 pacis
498 1230 790 1286 inflentur.
815 1235 940 1286 Jam
964 1232 1147 1285 urbem
1169 1236 1435 1300 exierant,
1461 1234 1563 1303 qui
1586 1234 1788 1289 mundi

93 1318 274 1388 hujus
305 1334 427 1374 sese
475 1320 697 1376 ambitu
726 1329 1029 1376 exuerant.
1082 1324 1369 1377 Paululum
1394 1330 1785 1391 processerant,

93 1408 190 1476 qui
223 1421 282 1462 se
308 1407 429 1477 jam
460 1407 784 1463 cmiestihus
813 1409 1130 1478 cogitandis
1162 1418 1215 1465 et
1245 1409 1572 1479 quaerendis
1601 1410 1791 1465 admo-

92 1503 315 1551 verant.
356 1498 500 1551 Tunc
528 1498 723 1565 Ioseph
752 1500 1011 1550 accersito
1038 1497 1428 1565 dispensatore,
1455 1498 1535 1552 ait
1559 1513 1571 1550 :
1596 1497 1785 1563 Surge,

91 1590 140 1636 et
164 1599 487 1652 persequere
530 1587 696 1649 viros,
733 1590 783 1637 et
811 1586 1163 1653 apprehensis
1203 1586 1370 1638 dicito
1404 1601 1416 1637 :
1455 1586 1630 1649 Quare
1657 1586 1789 1638 red-

90 1671 317 1724 didistis
366 1672 567 1725 malum
596 1688 697 1741 pro
728 1672 909 1726 bono?
958 1672 1149 1742 (Vens.
1195 1676 1270 1739 5.)
1312 1674 1577 1741 Scyphus,
1635 1689 1790 1741 quem

85 1761 271 1825 furati
310 1758 460 1825 estis,
496 1763 609 1829 ipse
637 1765 715 1814 est
742 1763 803 1813 in
835 1760 940 1829 quo
992 1761 1127 1814 bibit
1171 1761 1421 1815 dominus
1451 1776 1618 1825 meus,
1650 1769 1699 1815 et
1729 1764 1791 1815 in

89 1863 191 1915 quo
237 1851 512 1913 augurari
543 1849 694 1902 solet.
730 1848 814 1903 Ab
863 1847 1152 1903 intellectu
1187 1848 1391 1903 rationi
1434 1848 1787 1918 praecipitur,

89 1942 151 1988 ut
188 1941 423 2003 surgat,
459 1934 513 1989 id
559 1941 641 1989 est
670 1935 742 1989 ad
792 1935 1033 1990 tumoris
1064 1933 1269 1989 interni
1312 1934 1788 2003 compressionem

90 2036 144 2076 se
193 2022 421 2091 erigat;
471 2024 616 2076 viros
664 2030 1062 2091 persequatur,
1113 2022 1401 2091 quidquid
1443 2022 1656 2077 scilicet
1705 2035 1792 2077 ro-

91 2108 246 2163 busti
302 2116 494 2163 status
541 2108 777 2176 obtinet,
828 2107 1160 2163 indivisibili
1206 2121 1433 2177 semper
1489 2108 1792 2177 investiga-

92 2197 241 2251 tione
297 2197 565 2254 rimetur.
619 2199 991 2266 Apprehensis
1047 2196 1197 2251 dicat
1252 2211 1433 2267 quare
1494 2210 1598 2266 pro
1640 2196 1790 2251 bono

93 2285 310 2338 malum
367 2284 738 2350 reddiderint,
796 2283 1070 2339 restrictis
1110 2283 1277 2352 plane
1309 2291 1484 2352 atque
1529 2282 1791 2337 cohibitis

92 2371 446 2441 arrogantiae
496 2370 753 2425 ﬂuxibus
799 2378 1031 2439 arguat,
1064 2377 1126 2424 ut
1175 2369 1315 2439 quid
1364 2383 1560 2425 eorum
1596 2384 1727 2439 qua;
1756 2383 1791 2423 a

91 2457 201 2513 Deo
231 2458 372 2512 data
416 2457 523 2512 sibi
555 2466 690 2513 sunt
725 2458 1023 2527 quidpiam
1070 2457 1174 2513 sibi
1206 2457 1593 2512 attribuerint.
1640 2457 1789 2523 Quid

89 2545 241 2599 enim
275 2543 515 2610 habent,
566 2543 720 2612 quod
760 2556 874 2597 non
921 2543 1297 2613 acceperint?
1346 2546 1403 2613 (ι
1433 2546 1551 2601 Cor.
1602 2559 1679 2611 ιν,
1715 2545 1787 2612 7.)

88 2631 223 2695 Cur,
280 2631 490 2703 inquit,
526 2630 1034 2686 intellectualitatis
1080 2632 1374 2687 scientiam
1420 2632 1583 2687 vobis
1624 2632 1791 2687 ascri-

90 2716 267 2773 bitis?
304 2717 568 2786 Scyphus
608 2725 798 2772 autem
842 2727 1170 2788 argenteus,
1212 2718 1526 2788 perspicuae
1573 2718 1790 2789 capaci-

88 2804 220 2863 tatis
251 2811 342 2858 est
373 2805 555 2858 sinus.
592 2804 654 2857 In
706 2805 811 2859 isto
842 2805 978 2858 bibit
1014 2806 1263 2859 dominus
1312 2822 1476 2873 meus,
1535 2808 1673 2876 quia
1716 2822 1789 2863 ex

90 2892 192 2946 hoc
225 2890 430 2945 haurit
459 2891 613 2945 unde
643 2904 839 2946 omnes
865 2892 1071 2947 mentis
1090 2901 1264 2962 queat
1291 2895 1479 2969 rigare
1509 2908 1784 2961 recessus,

1898 546 2175 585 servorum
2206 534 2442 593 tuorum,
2486 535 2774 595 moriatur,
2818 538 2869 588 et
2917 549 3015 588 nos
3060 540 3203 589 serui
3247 540 3447 592 erimus
3489 536 3587 591 do-

1895 622 2033 671 mini
2078 624 2270 673 nostri.
2326 619 2379 673 Si
2437 620 2493 673 in
2545 619 2798 688 quolibet
2850 619 3295 691 interioritatum
3350 631 3587 680 tuarum

1897 721 2028 775 quas
2058 707 2159 762 tibi
2190 709 2586 777 obtemperant
2617 715 2774 763 motu
2800 710 3146 778 arrogantize
3176 717 3348 780 typus
3380 719 3588 781 patue-

1898 794 1990 861 rit,
2041 794 2471 865 exstinguatur,
2518 802 2572 850 et
2616 802 2902 864 perpetuae
2950 796 3218 866 deinceps
3268 798 3340 853 ad
3392 799 3590 855 divina

1898 883 2315 949 penetrandum
2360 881 2702 937 humilitatis
2747 883 3094 952 professione
3135 884 3449 942 ﬂectemur.
3478 888 3589 943 Ab-

1897 969 2259 1025 sconduntur
2310 984 2510 1038 nempe
2558 970 2939 1039 prudentibus
2980 978 3036 1026 et
3082 972 3412 1030 revelantur
3451 988 3590 1045 par-

1904 1056 2056 1112 vulis
2099 1058 2318 1127 (Matth.
2367 1073 2425 1123 n,
2469 1058 2568 1126 25;
2611 1059 2740 1112 Luc.
2775 1073 2834 1125 x,
2880 1058 2992 1129 2i).
3040 1059 3232 1128 (Vnus.
3289 1064 3397 1132 lo.)
3442 1065 3585 1125 Fiat,

1898 1145 2109 1214 inquit,
2151 1146 2322 1213 juxta
2368 1151 2604 1200 vestram
2654 1151 2978 1200 sententiam
3019 1149 3171 1216 apud
3219 1165 3375 1215 quem
3418 1152 3617 1217 fuerit

1897 1236 2196 1299 inuentum,
2225 1238 2340 1302 ipse
2367 1237 2440 1287 sit
2458 1249 2644 1287 servus
2666 1249 2835 1301 meus,
2860 1250 2953 1288 vos
2971 1241 3152 1289 autem
3174 1242 3326 1291 eritis
3354 1240 3586 1293 innoxii.

1896 1320 1962 1375 In
1990 1336 2358 1390 quocunque,
2398 1321 2606 1392 inquit,
2652 1322 2850 1377 habitu
2883 1324 3063 1378 animi
3092 1326 3454 1381 cervicositas
3486 1328 3590 1382 ista

1898 1408 2176 1479 sacrilega
2205 1410 2557 1478 apparuerit,
2604 1410 2842 1465 rationis
2869 1411 3102 1467 servitio
3145 1412 3463 1475 addicatur.
3497 1414 3591 1469 in-

1899 1494 2087 1550 noxiae
2120 1503 2305 1564 partes
2333 1496 2571 1565 reliquae
2600 1495 2955 1565 judicentur.
3002 1498 3204 1567 (Vens.
3252 1500 3357 1567 H.)
3401 1501 3593 1565 Itaque

1902 1582 2227 1650 dqionentes
2288 1587 2345 1636 in
2410 1589 2609 1637 terram
2687 1587 2948 1650 festinato
3015 1601 3195 1639 saccos
3259 1591 3594 1655 aperuerunt

1828 1712 1868 1765 Β
1901 1671 2124 1736 singuli.
2161 1672 2223 1724 In
2258 1676 2457 1725 terram
2496 1687 2675 1725 saccos
2723 1675 2983 1738 festinato
3024 1674 3327 1743 deponere,
3357 1683 3440 1730 est
3466 1689 3597 1731 0m-

1900 1771 2001 1811 nes
2039 1759 2441 1826 tentationum,
2472 1773 2619 1829 quas
2663 1761 2937 1828 patimur,
2983 1762 3230 1817 vilitates
3269 1762 3475 1818 humili
3505 1778 3595 1819 se-

1899 1844 2140 1900 dulitate
2170 1846 2336 1901 nobis
2362 1846 2499 1915 ipsis
2544 1847 2735 1902 adhuc
2777 1856 2986 1903 terram
3031 1849 3385 1918 sapientibus
3420 1853 3595 1907 ascri-

1900 1932 2051 1988 bere.
2117 1933 2400 2003 Aperiunt
2450 1936 2676 2002 singuli,
2726 1949 2858 1991 cum
2912 1937 3132 2007 quique
3175 1953 3234 1993 se
3279 1938 3598 1995 discutiunt

1900 2028 2090 2075 motus
2116 2020 2314 2075 animi.

1971 2107 2152 2163 Vens.
2186 2110 2267 2161 i2.
2295 2138 2362 2146 —
2382 2106 2523 2172 Quos
2540 2111 2838 2171 scrutatus,
2866 2112 3130 2178 incipiens
3150 2128 3185 2164 α
3200 2113 3406 2181 majore
3425 2129 3596 2179 usque

1899 2195 1974 2249 ad
2011 2199 2299 2248 minimum
2348 2199 2556 2248 invenit
2600 2196 2861 2264 scyphum
2903 2198 2961 2249 in
3012 2212 3164 2251 sacco
3209 2201 3515 2268 Benjamin.
3547 2201 3597 2254 A

1898 2283 2117 2353 majore
2150 2297 2336 2352 usque
2367 2284 2440 2337 ad
2471 2283 2776 2339 minimum
2808 2292 3122 2350 scrutatur,
3152 2300 3283 2341 cum
3315 2301 3349 2341 a
3387 2288 3594 2343 visibi-

1898 2370 2071 2436 libus,
2118 2385 2249 2440 quze
2293 2371 2458 2441 quasi
2508 2371 2895 2441 grossitudine
2945 2380 3239 2441 praestant,
3289 2388 3474 2444 usque
3517 2375 3592 2430 ad

1901 2458 2214 2514 invisibilia
2239 2466 2295 2515 et
2326 2458 2672 2528 spiritualia,
2708 2474 2838 2529 quae
2867 2460 3139 2516 subtilius
3166 2470 3418 2529 exstant,
3448 2463 3596 2519 ratio

1902 2546 2074 2602 totius
2102 2547 2194 2602 sui
2232 2549 2419 2616 operis
2457 2547 2785 2602 machinam
2835 2547 3101 2603 rimatur.
3149 2550 3215 2603 In
3258 2564 3409 2604 sacco
3455 2552 3595 2605 Ben-

1889 2631 2072 2703 jamin
2100 2635 2352 2703 scyphus
2381 2634 2696 2701 invenitur,
2734 2649 2866 2689 cum
2897 2636 2954 2689 in
2992 2636 3117 2705 ipsa
3148 2637 3415 2704 dexterze,
3440 2638 3596 2707 quod

1897 2729 1982 2777 est
2028 2722 2320 2777 electionis
2370 2729 2424 2777 et
2479 2722 2674 2791 gloriae
2725 2720 2954 2787 fiducia,
3014 2723 3192 2779 nimia
3244 2724 3495 2780 scientias
3542 2732 3597 2780 et

1897 2810 2113 2879 eloquii
2139 2810 2277 2865 solet
2306 2823 2598 2879 emergere
2631 2811 2981 2880 arrogantia.
3028 2810 3220 2867 Solent
3259 2813 3415 2868 enim
3457 2812 3597 2869 tales

1900 2899 2065 2969 quasi
2100 2913 2202 2967 pro
2229 2898 2535 2953 securitate
2569 2898 2688 2967 jam
2733 2899 3102 2954 auctoritates
3153 2900 3259 2955 sibi
3308 2914 3595 2971 usurpare

89 2978 176 3033 ille
207 2977 309 3033 cui
343 2977 627 3032 dominari
672 2978 939 3033 convenit
972 2978 1309 3047 intellectus,
1353 2981 1576 3036 cunctis
1616 2982 1788 3037 etiam
1829 3003 1869 3058 ρ
1897 2993 1952 3041 et
2009 2987 2357 3056 magisteria.
2398 2985 2476 3040 At
2540 2987 2645 3047 illi,
2706 2990 2888 3041 scissis
2938 2987 3198 3049 vestibus,
3253 2994 3599 3057 oneratisque

86 3067 387 3121 rationum
438 3079 699 3120 mearum
750 3066 993 3122 viribus.
1042 3066 1122 3122 Ibi
1154 3069 1285 3122 solet
1327 3071 1616 3137 augurari,
1651 3071 1789 3125 dum

84 3166 361 3223 superna:
396 3152 645 3207 innitens
693 3152 1011 3221 prudentim
1052 3154 1121 3208 de
1162 3162 1387 3211 aeternae
1420 3156 1793 3211 beatitudinis

87 3242 309 3298 futuris
339 3241 582 3297 statibus
602 3240 751 3297 valet
776 3243 1113 3294 commutari.

154 3346 342 3403 Vens.
374 3348 428 3411 6,
459 3350 513 3412 7,
547 3347 598 3399 8.
646 3376 715 3384 —
745 3347 1035 3399 Pessimum
1065 3361 1177 3399 rem
1219 3347 1464 3413 fecistis;
1500 3348 1599 3417 qui
1635 3348 1791 3418 quod

86 3436 189 3491 Dei
221 3442 309 3490 est
336 3434 502 3489 vobis
528 3433 860 3503 arrogastis.
896 3433 1047 3486 Fecit
1075 3434 1167 3487 ille
1194 3438 1255 3487 ut
1275 3434 1542 3501 jusserat.
1576 3436 1655 3489 Et
1684 3451 1792 3504 ap-

82 3523 375 3593 prehensis
405 3537 505 3590 per
546 3520 790 3574 ordinem
839 3522 1044 3575 locutus
1074 3525 1200 3575 est?
1246 3524 1445 3590 Quare,
1492 3522 1789 3593 inquiunt,

85 3615 165 3665 sic
198 3612 451 3679 loquitur
492 3608 741 3663 dominus
782 3613 982 3674 noster,
1016 3613 1077 3661 ut
1122 3611 1265 3661 servi
1303 3612 1385 3663 tui
1431 3614 1643 3664 tantum
1683 3613 1792 3678 ﬂa-

84 3701 220 3766 gitii
269 3700 655 3752 commiserint.
704 3697 1012 3762 Pecuniam,
1046 3710 1218 3764 quam
1265 3699 1323 3750 in
1379 3712 1469 3751 ore
1517 3713 1791 3753 saccorum

86 3789 422 3847 invenimus,
472 3786 871 3853 reportavimus
921 3783 996 3837 ad
1041 3788 1090 3837 te
1131 3784 1197 3836 de
1236 3789 1382 3838 terra
1415 3786 1697 3854 Chanaan,
1742 3789 1792 3842 et

84 3873 360 3943 quomodo
400 3886 723 3939 consequens
761 3876 837 3925 est
885 3876 946 3924 ut
983 3873 1165 3937 furati
1193 3873 1363 3925 simus
1395 3872 1460 3925 de
1488 3873 1642 3928 domo
1688 3874 1791 3929 do-

86 3966 230 4019 mini
259 3965 347 4017 tui
372 3977 570 4014 aurum
614 3961 698 4013 vel
749 3960 1072 4027 argentum?
1116 3959 1628 4017 Intellectualitatis
1679 3964 1792 4032 spi-

88 4053 238 4107 ritus
272 4048 466 4105 obedit
496 4047 735 4117 imperio
756 4087 773 4107 ,
805 4045 945 4115 quia
972 4045 1261 4117 quidquid
1299 4047 1471 4116 justze
1511 4045 1682 4103 habet
1712 4048 1792 4103 di-

88 4135 395 4193 scretionis
444 4133 517 4189 ab
544 4147 613 4188 ea
642 4133 867 4203 accipit,
913 4145 980 4188 ac
1021 4134 1065 4188 si
1099 4146 1134 4187 a
1184 4132 1334 4188 fonte
1364 4147 1633 4203 superno.
1687 4135 1793 4205 Αρ-

88 4223 397 4295 prehensio
440 4235 599 4290 ergo,
650 4220 703 4275 id
736 4228 819 4275 est
847 4219 1094 4275 collectis
1137 4221 1550 4290 cogitationum
1593 4237 1794 4279 excur-

87 4293 284 4379 sibus,
342 4322 442 4378 per
500 4306 647 4375 ipsos
697 4302 1083 4361 intentionum
1141 4306 1506 4376 singularum
1563 4310 1792 4365 ordines
1828 4293 1872 4345 Ῑ)

90 4399 252 4469 ponit
282 4395 491 4451 edicta.
533 4392 638 4448 Sed
686 4392 881 4447 minus
919 4391 1272 4461 perspicaces
1302 4393 1479 4448 animi
1506 4394 1562 4449 in
1590 4409 1648 4450 se
1678 4410 1792 4452 non

89 4480 557 4555 deprehendunt,
612 4478 769 4549 quod
820 4492 1048 4533 summa
1100 4478 1490 4551 intelligentiae
1524 4483 1795 4538 acumina

88 4572 393 4642 colligunt.
443 4567 574 4632 Nos,
630 4566 814 4633 aiunt,
870 4565 972 4636 qui
1017 4566 1388 4623 rationalitati
1431 4567 1670 4623 fideliter
1699 4568 1796 4647 Iin-

86 4662 406 4723 seruimus,
457 4664 511 4711 et
541 4663 727 4711 tecum
773 4654 1095 4711 intellectus
1138 4657 1284 4712 sacri
1328 4657 1579 4712 dominio
1616 4658 1795 4727 subji-

85 4751 302 4805 cimur.
344 4747 423 4799 De
462 4749 609 4797 terra
640 4745 921 4809 Chanaan,
953 4743 1007 4797 id
1034 4751 1120 4799 est
1159 4743 1227 4798 de
1259 4751 1483 4799 terreno
1510 4743 1608 4799 ubi
1641 4742 1794 4798 vitiis

86 4834 553 4894 bumiliabamur
573 4830 799 4896 affectu,
826 4831 1005 4887 divini
1028 4832 1240 4901 eloquii
1260 4832 1586 4901 pecuniam,
1614 4845 1789 4901 quam

86 4926 155 4980 ad
203 4922 427 4995 peccati
464 4919 761 4976 introitum
796 4922 1173 4991 cognovimus
1219 4935 1322 4990 pro
1353 4920 1674 4976 munimine
1704 4935 1795 4990 op-

90 5012 443 5082 ponendam,
504 5008 575 5062 ad
631 5014 797 5062 tuum
851 5021 1094 5063 examen
1145 5014 1434 5077 reportare
1492 5020 1788 5068 curamus,

91 5099 382 5171 quomodo
411 5096 788 5164 consequitur
817 5102 879 5149 ut
913 5095 1066 5164 quod
1102 5093 1174 5149 ad
1206 5098 1260 5148 te
1299 5098 1439 5147 I59
1469 5092 1788 5159 referimus,

93 5188 156 5243 ad
195 5201 304 5243 nos
354 5184 570 5239 referre
603 5180 884 5237 velimus?
931 5182 1157 5236 Certum
1207 5187 1291 5235 est
1321 5194 1592 5249 namque,
1654 5179 1793 5249 quia

94 5274 243 5346 quod
271 5272 375 5329 tibi
396 5272 626 5336 damus,
654 5268 818 5323 nobis
837 5267 1263 5331 subtrahimus;
1289 5267 1441 5323 unde
1465 5280 1792 5322 necaurum

95 5360 427 5432 sapientiae,
488 5371 595 5412 nec
625 5355 874 5411 scientiae
921 5363 1224 5426 argentum
1262 5355 1391 5419 Deo,
1442 5354 1545 5424 qui
1590 5354 1795 5408 domus

96 5449 276 5505 omnis
318 5448 430 5518 piae
485 5442 997 5500 intellectualitatis
1038 5450 1093 5498 et
1140 5442 1415 5499 habitatio
1462 5448 1566 5506 est,
1619 5441 1791 5496 furati

96 5551 314 5593 sumus.

450 5634 733 5697 Parnm"
788 5629 989 5695 CLVI.

1897 3089 2118 3128 rursum
2153 3078 2343 3135 asinis,
2390 3078 2592 3128 reversi
2635 3080 2765 3127 sunt
2806 3076 2865 3128 in
2909 3076 3192 3143 oppidum.
3236 3076 3412 3147 (Vens
3486 3080 3596 3149 13.)

1897 3162 2040 3217 Cum
2067 3176 2102 3217 a
2134 3163 2249 3217 Deo
2291 3162 2577 3218 subtiliter
2607 3176 2642 3217 a
2683 3163 2891 3232 spiritu
2935 3164 3263 3220 animorum
3306 3165 3448 3221 vitia
3492 3167 3597 3222 de-

1898 3250 2356 3319 prehenduntur,
2390 3251 2557 3319 quasi
2590 3251 2868 3320 quiddam
2913 3251 3315 3308 inextricabile
3361 3254 3596 3310 virtutis

1897 3337 2154 3393 studium
2198 3345 2525 3405 accusatur,
2574 3346 2749 3408 atque
2790 3339 3001 3408 saepius
3048 3340 3349 3397 deseritur.
3400 3342 3600 3399 Vestes

1896 3439 2032 3495 ergo
2094 3426 2465 3488 scinduntur,
2526 3441 2657 3482 cum
2711 3440 2881 3496 opera
2932 3427 3160 3483 fastidio
3216 3429 3594 3486 dirimuntur.

1897 3513 2060 3568 Asini
2093 3527 2328 3569 rursum
2360 3523 2703 3582 onerantur,
2746 3529 2877 3570 cum
2932 3516 3122 3571 stolidi
3170 3518 3362 3572 carnis
3408 3526 3598 3574 motus

1898 3602 2095 3670 pravis
2123 3609 2187 3657 ut
2224 3601 2538 3671 aliquando
2582 3601 3065 3658 sollicitudinibus
3106 3604 3347 3673 opprimi
3396 3613 3595 3675 gratu-

1897 3687 2117 3742 lantur.
2173 3689 2235 3742 In
2292 3687 2567 3757 oppidum
2649 3696 3039 3756 revertuntur,
3107 3704 3239 3744 cum
3294 3692 3594 3759 saeculum,

1898 3776 2055 3845 quod
2114 3775 2340 3830 diabolo
2390 3775 2729 3844 opitulatur,
2791 3784 3043 3845 repetere
3088 3777 3465 3834 delectantur.
3519 3781 3597 3836 De

1898 3878 2017 3934 quo
2070 3864 2299 3918 duobus
2350 3863 2702 3932 quibusdam
2754 3864 2966 3919 dicitur
3019 3879 3032 3918 :
3083 3866 3163 3919 Ite
3203 3871 3263 3920 in
3315 3870 3595 3924 castellum

1898 3952 2046 4018 quod
2069 3956 2257 4005 contra
2282 3967 2374 4005 vos
2405 3956 2482 4005 est
2508 3953 2727 4022 (Matth.
2756 3969 2869 4014 xxx,
2898 3956 2966 4015 2,-
2998 3955 3166 4008 Marc.
3195 3971 3271 4017 χι,
3301 3957 3375 4018 2).

1970 4038 2148 4096 Vens.
2202 4040 2285 4094 14.
2322 4070 2388 4079 --
2421 4042 2637 4094 Primus
2678 4040 2850 4094 Judas
2902 4056 3023 4094 cum
3069 4043 3343 4108 fratribus
3382 4048 3593 4111 ingres-

1898 4144 1991 4183 sus
2055 4133 2133 4183 est
2200 4128 2275 4181 ad
2333 4128 2531 4197 Joseph
2584 4127 2831 4196 (necdum
2884 4133 3025 4183 enim
3078 4130 3145 4184 de
3193 4132 3302 4185 loco
3363 4131 3595 4204 abierat)

1898 4232 2184 4281 omnesque
2221 4220 2280 4269 in
2320 4221 2523 4270 ter-ram
2552 4221 2679 4270 ante
2722 4232 2842 4270 eum
2884 4223 3226 4272 corruerunt.
3277 4218 3421 4275 Cum
3452 4235 3597 4290 pene

1900 4312 2208 4360 moventur
2250 4304 2439 4373 pedes,
2474 4319 2616 4373 pene
2656 4304 3018 4359 turbatorum
3062 4304 3375 4362 aﬂectunm
3407 4307 3595 4365 effun-

1901 4391 2125 4447 duntur
2168 4405 2418 4461 gressus,
2448 4392 2625 4447 Judas
2666 4398 2877 4459 tamen,
2928 4393 2984 4448 id
3026 4401 3113 4449 est
3160 4393 3457 4463 confessio,
3505 4410 3595 4451 re-

1902 4479 2114 4535 strictis
2166 4479 2238 4533 ad
2298 4493 2357 4534 se
2412 4479 2578 4535 sociis
2623 4480 2805 4534 animi
2862 4480 3133 4549 motibus,
3193 4482 3377 4551 prima
3430 4483 3596 4539 intel-

1901 4567 2132 4635 lectum,
2161 4568 2260 4637 qui
2301 4566 2548 4623 necdum
2576 4580 2609 4621 a
2638 4566 2737 4622 Dei
2769 4567 3099 4635 intentione,
3134 4570 3234 4639 qui
3268 4570 3426 4626 locus
3452 4586 3598 4626 suus

1899 4663 2003 4721 est,
2036 4662 2257 4710 motum
2301 4653 2529 4720 fecerat,
2566 4654 2924 4725 aggreditur,
2975 4655 3116 4725 quia
3160 4669 3334 4724 penes
3361 4670 3497 4711 cum
3527 4656 3598 4712 de

1899 4756 2007 4798 sua
2033 4742 2348 4797 mutatione
2385 4744 2781 4812 conqueritur.
2835 4743 3025 4797 Omnes
3071 4750 3263 4798 autem
3298 4748 3425 4797 ante
3476 4759 3597 4798 eum

1892 4833 2110 4899 pariter
2154 4838 2453 4896 corruunt,
2507 4845 2639 4886 cum
2694 4830 2931 4899 indigne
2969 4844 3029 4885 se
3072 4830 3256 4900 egisse
3304 4830 3598 4887 humiliter

1900 4918 2172 4984 fatentur,
2201 4917 2273 4972 ad
2305 4916 2434 4986 ejus
2466 4917 2848 4972 intellectuale
2886 4916 3196 4987 judicium.
3243 4918 3430 4985 (Vens.
3487 4919 3594 4990 t5.)

1902 5006 2028 5067 Cur,
2085 5005 2294 5074 inquit,
2326 5007 2402 5058 sic
2453 5021 2611 5073 agere
2655 5007 2952 5060 voluistis?
2996 5007 3091 5059 An
3139 5008 3405 5073 ignoratis
3449 5008 3599 5072 quod

1900 5108 2009 5146 non
2057 5096 2128 5145 sit
2174 5093 2368 5146 similis
2410 5097 2514 5146 mei
2560 5098 2617 5147 in
2666 5092 2985 5159 augurandi
3023 5095 3296 5147 scicntia?
3331 5093 3448 5149 Cur
3494 5096 3595 5151 ad-

1902 5180 2077 5234 missa
2103 5179 2207 5234 etsi
2240 5180 2458 5235 occulte
2486 5180 2807 5244 defenditis,
2842 5194 2973 5235 cum
3008 5195 3096 5237 me
3125 5180 3384 5251 singulos
3414 5196 3597 5251 quos-

1902 5280 2016 5335 que
2054 5265 2337 5322 subtiliter
2384 5266 2665 5336 aucupari
2713 5265 2920 5322 mentis
2962 5274 3165 5335 status,
3198 5275 3253 5323 et
3287 5268 3356 5324 de
3387 5269 3598 5326 abditis

1903 5353 2287 5410 intentionum
2346 5356 2666 5411 recessibus
2730 5353 3050 5426 specialiter
3111 5356 3372 5426 judicare
3428 5371 3599 5413 nove-

1902 5441 2028 5497 ritis
2047 5440 2076 5497 ?

1974 5530 2138 5586 Vens.
2206 5533 2290 5585 16.
2352 5561 2417 5570 -
2472 5532 2567 5587 Cui
2626 5534 2801 5587 Judas
2858 5547 2871 5583 :
2922 5530 3068 5594 Quid
3131 5532 3593 5603 respondebimus,
