3904 6066
297 253 401 307 299

1189 251 1248 305 V.
1290 247 1620 305 GUIBERTI
1660 247 1955 304 ABBATIS
1991 247 2049 304 S.
2089 247 2331 304 MARLE
2370 248 2459 303 DE
2499 246 2895 303 NOVIGENTO

3685 250 3789 302 300

296 390 497 454 inquit,
539 385 754 441 domino
796 389 979 440 nostro
1002 386 1031 439 φ
1070 384 1156 438 vel
1201 383 1339 450 quid
1376 383 1522 453 justi
1550 387 1853 453 poterimus
1894 382 1983 436 ob-
2022 384 2067 440 Α
2094 382 2479 439 cinationibus
2507 396 2634 438 eam
2674 383 2893 453 genuit,
2928 380 3046 452 spei
3091 380 3266 438 solius
3295 381 3504 439 divinas
3549 390 3791 453 praesto-

299 475 562 531 tendere?
599 476 744 529 Deus
781 476 992 527 invenit
1036 475 1385 538 iniquitatem
1430 487 1706 527 servorum
1740 476 1984 537 tuorum;

298 578 366 618 en
392 577 571 617 omnes
616 565 758 616 servi
798 564 882 614 tui
927 575 1116 614 sumus
1163 564 1215 614 et
1260 574 1377 622 nos,
1423 563 1474 614 et
1515 560 1668 629 apud
1710 574 1866 625 quem
1898 561 1988 611 in—

297 655 489 706 ventus
540 653 619 703 est
671 648 926 717 scyphus.
979 651 1059 703 Ac
1108 647 1153 703 si
1196 647 1392 703 dicat:
1427 647 1569 703 Cum
1625 648 1747 702 vita
1794 654 1989 702 nostra

296 738 495 807 lapsus
530 744 584 792 et
633 737 868 791 tentatio
919 735 991 790 sit
1033 749 1209 804 super
1260 742 1492 800 terram,
1544 748 1720 805 quam
1767 735 1882 789 Deo
1921 734 1989 788 de

297 826 463 881 nobis
522 824 836 893 poterimus
920 823 1126 878 inferre
1187 824 1519 878 excusando
1584 824 1924 877 sententiam
1961 820 1990 874 ?

297 913 448 967 Deus
507 925 638 966 cum
713 910 1014 980 praesentia
1066 910 1381 965 universali
1438 917 1620 965 totum
1677 908 1986 978 pervideat,

296 1000 468 1056 etiam
498 1012 599 1067 per
627 998 1009 1054 illuminatam
1041 998 1112 1052 ad
1141 1012 1200 1053 se
1230 998 1507 1053 rationem
1541 1011 1805 1067 quasque
1835 1012 1992 1053 men-

298 1087 370 1143 tis
425 1086 718 1156 nequitias
767 1089 1068 1155 perspicue
1119 1086 1445 1155 investigat.
1496 1088 1621 1140 iam
1670 1094 1723 1141 et
1763 1100 1885 1153 nos,
1936 1095 1991 1143 et

296 1173 640 1245 arrogantiae
669 1186 832 1229 reum
862 1160 1133 1228 servituti
1148 1173 1369 1228 timoris
1401 1172 1555 1242 apud
1587 1173 1989 1229 intellectuali-

296 1269 470 1318 tatem
535 1269 696 1317 tuam
762 1260 1029 1327 addicito,
1105 1274 1177 1316 ne
1249 1268 1431 1315 status
1503 1259 1680 1314 animi
1752 1274 1990 1329 prorsus

297 1348 519 1405 decidat
562 1347 814 1404 facinore
851 1349 1105 1417 repetito.
1162 1348 1336 1418 (Vers,
1396 1345 1504 1418 l7.)
1550 1348 1848 1417 Respondit
1890 1351 1990 1403 Jo-

295 1437 470 1507 seph:
504 1436 709 1491 absita
750 1451 835 1490 me
880 1440 943 1490 ut
983 1440 1060 1489 sic
1104 1437 1305 1503 agam!
1347 1433 1451 1500 Qui
1490 1436 1715 1502 furatus
1754 1440 1832 1490 est
1874 1452 1991 1505 scy-

288 1525 485 1594 phum,
523 1528 640 1593 ipse
688 1526 760 1578 sit
802 1538 989 1578 servus
1028 1538 1219 1586 meus;
1260 1538 1352 1577 vos
1400 1527 1599 1584 autem,
1651 1524 1796 1577 abite
1835 1524 1991 1577 liberi

297 1611 372 1666 ad
391 1615 609 1681 patrem
648 1616 886 1665 vestrum
930 1611 1076 1678 Non,
1126 1611 1335 1680 inquit,
1376 1610 1601 1681 justum
1643 1617 1748 1676 est,
1799 1617 1863 1666 ut
1902 1612 1987 1666 in-

296 1712 510 1755 nocens
566 1698 815 1769 quisque
861 1698 1037 1753 animi
1087 1698 1141 1752 in
1189 1697 1446 1767 qualibet
1495 1698 1710 1753 virtute
1755 1696 1992 1754 affectus

294 1787 596 1856 puniatur,
627 1787 723 1842 sed
752 1786 843 1842 ille
883 1786 975 1842 cui
1021 1786 1305 1856 superbiae
1349 1785 1572 1841 foeditas
1621 1784 1868 1854 inhaesit,
1903 1788 1994 1842 de-

296 1873 429 1930 bitae
458 1872 802 1929 humilitatis
825 1873 969 1944 jugo
1002 1873 1311 1950 plectatur;
1346 1888 1446 1927 vos
1480 1874 1674 1941 itaque
1706 1873 1991 1930 immunes

296 1975 331 2017 a
358 1962 550 2031 culpa,
580 1961 994 2032 prosequimini
1042 1967 1236 2029 coeptae
1288 1960 1693 2016 rationalitatis
1720 1976 1852 2031 quae
1882 1977 1989 2018 vo-

295 2049 384 2105 bis
412 2050 807 2119 patrocinatur
836 2047 1100 2119 vestigia.

369 2180 535 2237 Vnus.
575 2179 660 2233 18.
697 2208 760 2219 -
791 2178 1068 2233 Accedens
1092 2183 1276 2233 autem
1309 2182 1544 2247 propius
1582 2180 1775 2241 Judas,
1820 2184 1992 2249 conﬁ-

296 2268 485 2323 denter
502 2272 585 2322 ait
614 2283 629 2322 :
664 2268 786 2328 Oro,
812 2266 1025 2321 domine
1054 2270 1147 2329 mi,
1193 2268 1453 2333 loquatur
1479 2283 1667 2322 servus
1706 2273 1834 2322 tuus
1867 2285 1989 2322 ver-

297 2356 423 2410 bum
476 2360 536 2410 in
590 2355 820 2410 auribus
873 2359 1004 2420 tuis,
1054 2358 1105 2409 et
1159 2372 1225 2409 ne
1276 2360 1534 2409 irascaris
1602 2357 1810 2422 famulo
1877 2361 1990 2411 tuo.

293 2444 471 2499 Judas
518 2442 759 2513 propius
803 2443 1039 2505 accedit,
1096 2456 1229 2498 cum
1273 2443 1347 2497 ad
1399 2444 1550 2513 ipsas
1592 2456 1893 2513 compages
1939 2451 1995 2499 et

296 2531 579 2587 medullas
617 2530 1031 2600 cogitationum
1078 2538 1132 2585 et
1178 2530 1583 2597 iutentionum,
1637 2545 1737 2599 per
1780 2530 1995 2586 confes-

295 2618 513 2675 sionem
575 2617 931 2687 retegendas,
998 2617 1206 2673 mentis
1255 2617 1443 2673 virtus
1482 2618 1697 2674 intrare
1752 2620 1989 2690 satagit;

295 2704 454 2762 unde
483 2712 539 2760 et
565 2718 639 2760 ex
671 2703 792 2773 ipsa
823 2703 1071 2773 puritate
1110 2702 1380 2760 fidentius
1424 2718 1620 2776 agens,
1670 2706 1853 2775 ipsam
1898 2708 1985 2762 in—

299 2791 743 2849 tellectualitatis
792 2804 1103 2856 summam,
1172 2792 1261 2847 his
1332 2806 1449 2848 non
1510 2800 1629 2847 tam
1700 2792 1989 2862 affatibus,

296 2895 475 2952 quam
505 2878 801 2936 effectibus
826 2881 1112 2935 convenit.
1157 2879 1324 2948 Quia,
1374 2880 1585 2950 inquit,
1630 2883 1859 2951 speciali
1906 2898 1994 2939 ca-

296 2968 538 3039 pacitate
577 2967 892 3024 caelestium
940 2966 1162 3022 cunctis
1210 2966 1408 3024 merito
1455 2968 1695 3025 internis
1739 2970 1990 3026 motibus

296 3056 633 3123 dominaris,
682 3055 909 3125 pietatis
954 3054 1213 3123 affectus,
1265 3056 1367 3126 qui
1413 3056 1529 3112 tuis
1578 3057 1826 3113 deservit
1869 3059 1989 3114 ofﬁ-

295 3144 419 3211 ciis,
454 3143 594 3199 illud
645 3143 905 3211 verbum,
952 3158 1067 3199 non
1110 3143 1462 3212 elementale,
1506 3158 1622 3200 non
1668 3146 1984 3216 spirituale,

296 3233 394 3288 sed
426 3231 828 3298 intellectuale,
871 3246 988 3301 quo
1018 3230 1234 3286 falsitas
1283 3232 1467 3287 locum
1521 3247 1636 3288 non
1679 3234 1870 3302 habet,
1918 3235 1989 3291 lo-

296 3327 514 3390 quatur
546 3319 604 3373 in
636 3318 1028 3389 intelligentiae
1054 3326 1168 3374 tuae
1196 3320 1613 3391 penetralibus;
1666 3330 1729 3378 ut
1775 3322 1988 3378 scilicet

232 3402 241 3407 ’
294 3409 421 3478 ejus
449 3407 774 3462 verificetur
804 3406 1168 3468 desiderium,
1204 3415 1266 3463 ut
1294 3407 1375 3464 sic
1405 3416 1455 3464 te
1486 3409 1695 3479 illapsu
1740 3410 1986 3467 assidua;

295 3494 614 3552 dulcedinis
670 3494 1060 3564 praesentiscat
1104 3496 1208 3551 sibi
1260 3496 1625 3564 benevolum,
1685 3506 1748 3555 ut
1791 3499 1839 3554 si
1883 3499 1986 3556 tibi

296 3584 416 3639 fieri
448 3582 775 3654 gratuletur
799 3582 1102 3638 famulum.
1151 3582 1337 3653 (Vens.
1394 3587 1504 3653 l9.)
1560 3588 1640 3639 Tu
1678 3590 1819 3641 enim
1856 3593 1986 3657 post

291 3670 628 3726 Pharaonem
685 3672 949 3724 Dominus
1004 3685 1173 3726 meus.
1232 3671 1540 3742 Postquam
1594 3687 1733 3729 sane
1795 3674 1988 3731 diabo-

292 3757 435 3826 lum,
468 3765 569 3814 aut
607 3756 1006 3826 dissipatorem
1048 3756 1184 3813 boni
1225 3759 1542 3829 appetitum
1588 3760 1835 3829 deserui,
1884 3770 1984 3820 tuo

294 3853 384 3895 me
414 3839 666 3896 dominio
691 3841 1035 3897 contradidi.

365 3971 527 4028 Vnus.
561 3972 649 4025 2ο.
677 4001 747 4010 -
769 3972 1128 4040 Interrogasti
1147 3977 1312 4043 prius
1357 3989 1539 4031 servos
1586 3979 1725 4039 tuos,
1773 3976 1985 4032 habetis

285 4058 503 4125 patrem
532 4057 631 4108 aut
675 4056 953 4120 fratrem?
992 4060 1044 4109 et
1085 4070 1181 4110 nos
1223 4059 1601 4127 respondimus
1649 4060 1747 4113 tibi
1789 4060 1983 4115 domno

291 4146 513 4196 nostro:
546 4143 646 4195 Est
687 4142 840 4196 nobis
876 4148 1037 4211 pater
1080 4159 1262 4212 senex,
1300 4150 1352 4200 et
1390 4161 1536 4214 puer
1573 4148 1848 4216 parvulus
1889 4154 1984 4214 qui

290 4231 351 4283 in
378 4232 648 4319 senectute
678 4230 829 4283 illius
860 4235 1024 4285 natus
1054 4236 1151 4286 est.
1186 4232 1337 4287 Bene
1384 4247 1589 4303 nempe
1636 4248 1806 4305 agere
1862 4250 1985 4306 pro-
2022 4265 2066 4319 Β

292 4313 655 4381 ponentibus,
718 4330 890 4385 quem
949 4320 1291 4387 paternitate
1355 4326 1498 4375 I60
1548 4322 1800 4379 interiori
1860 4339 1987 4380 cen-

291 4413 544 4456 seremus
575 4409 769 4458 nostra
797 4403 1000 4460 donari
1043 4413 1107 4461 tu
1153 4407 1374 4463 ratione
1418 4410 1727 4479 interprete
1756 4426 1791 4467 a
1819 4414 1985 4471 nobis

291 4488 569 4557 quaesisti,
625 4493 678 4544 et
729 4505 828 4544 nos
885 4492 1284 4561 respondimus,
1346 4496 1645 4563 rationem,
1714 4502 1984 4568 quamvis

289 4584 501 4638 senem,
530 4578 585 4627 et
620 4571 863 4628 defectui
892 4576 1167 4631 acclinem
1200 4576 1343 4632 velle
1384 4580 1692 4649 suscipere,
1743 4590 1798 4637 et
1843 4586 1983 4654 quia

289 4658 649 4729 antiquatur,
698 4668 754 4716 et
795 4661 1053 4719 interitui
1099 4663 1210 4718 nisi
1265 4679 1366 4734 per
1412 4674 1463 4721 te
1514 4668 1818 4726 reviviscat
1859 4687 1983 4742 pro-

286 4746 572 4816 pinquare
603 4748 853 4816 videtur,
883 4762 1042 4819 spem
1070 4751 1261 4807 adhuc
1285 4760 1537 4810 teneram
1560 4764 1614 4812 et
1638 4758 1980 4817 imbecillam

289 4847 393 4902 pro
415 4836 503 4890 sui
537 4835 738 4891 merito
772 4835 983 4892 habere
1022 4839 1262 4907 cogitur.
1304 4841 1473 4909 Cujus
1515 4849 1764 4900 uterinus
1803 4848 1983 4913 frater

288 4927 368 4976 est
394 4927 661 4985 mortuus,
691 4928 743 4977 et
768 4927 945 4993 ipsum
968 4927 1142 4980 solum
1172 4928 1333 4982 habet
1356 4936 1531 4985 mater
1556 4948 1677 4987 sua.
1725 4936 1980 4992 Uterinus

287 5011 466 5076 frater
522 5013 785 5078 moritur,
839 5027 969 5067 cum
1020 5014 1077 5068 in
1130 5024 1337 5083 mente,
1397 5033 1529 5088 quae
1572 5022 1689 5090 spei
1739 5024 1980 5092 geminae

287 5103 472 5151 mater
498 5105 601 5165 est,
643 5099 761 5167 spei
813 5100 1046 5155 omnino
1096 5104 1406 5160 mundanae
1456 5105 1697 5163 interius
1742 5108 1981 5167 affectus

286 5183 700 5254 exstinguitur.
736 5187 905 5243 Illum
936 5188 1100 5244 habet
1133 5192 1308 5246 solum
1334 5199 1512 5247 mater
1538 5210 1659 5257 sua,
1700 5210 1833 5252 cum
1860 5200 1979 5268 spei

286 5283 553 5341 supernae
582 5274 805 5331 cultum
838 5276 1007 5333 unice
1040 5278 1189 5335 fovet
1214 5294 1395 5348 mens,
1429 5281 1519 5337 vel
1552 5284 1741 5351 potius
1772 5285 1980 5341 volun-

287 5364 376 5414 tas
401 5361 607 5416 mentis
631 5362 800 5418 bona.
850 5365 1015 5419 Pater
1052 5381 1177 5420 vero
1224 5370 1380 5421 unice
1420 5368 1603 5436 diligit
1648 5386 1787 5435 eum,
1837 5376 1977 5444 quia

283 5445 523 5515 spiritus
552 5456 760 5515 noster,
797 5451 898 5519 qui
930 5453 1095 5521 quasi
1129 5453 1366 5523 quidam
1408 5456 1534 5525 ejus
1562 5466 1764 5515 auctor
1810 5462 1976 5517 ratio-

2097 471 2271 539 latur,
2304 480 2358 527 et
2395 471 2635 526 intendit
2667 470 2939 527 fructum.

2168 559 2341 614 Vsus.
2374 562 2463 612 2t.
2495 587 2564 599 —-
2601 560 2814 611 Dixisti
2857 560 3026 612 servis
3073 560 3216 611 tuis:
3249 556 3524 612 Adducite
3557 574 3675 612 eum
3716 557 3792 611 ad

2097 661 2193 708 me,
2224 651 2275 700 et
2299 661 2498 716 ponam
2527 648 2702 700 oculos
2741 661 2881 700 meos
2927 661 3090 715 super
3122 661 3260 698 eum.
3315 645 3459 699 Βιοίῐ
3508 653 3570 701 ut
3600 646 3792 701 addu—

2098 741 2265 788 catur
2293 732 2364 787 ad
2394 746 2470 799 se,
2512 746 2646 787 cum
2704 732 3021 787 intellectus
3061 746 3218 801 spem
3268 733 3504 801 provehi
3556 733 3793 788 mandat

2098 832 2201 888 per
2249 818 2657 889 cogitationum
2707 834 3001 888 processus
3042 820 3113 874 ad
3153 834 3386 874 sensum
3434 821 3794 890 contempla-

2099 905 2268 961 tionis
2302 921 2561 961 summae-
2611 907 2774 961 Ponit
2817 907 3012 962 oculos
3061 920 3231 975 super
3262 922 3415 973 cum,
3457 922 3590 963 cum
3623 907 3791 963 intel-

2098 993 2441 1049 lectualibus
2486 995 2901 1050 intentionibus
2952 994 3130 1063 ipsius
3176 995 3295 1063 spei
3340 995 3588 1065 protegit
3633 996 3793 1051 desi-

2098 1081 2322 1136 derium
2352 1082 2543 1151 (Vens.
2591 1083 2706 1149 22.)
2758 1084 3141 1149 Suggessimus
3196 1082 3410 1136 domino
3462 1098 3619 1136 meo:
3672 1085 3795 1137 Non

2093 1174 2269 1239 potest
2295 1186 2433 1239 puer
2454 1172 2757 1240 relinquere
2785 1178 2996 1239 patrem
3028 1185 3185 1224 suum
3211 1187 3224 1236 ;
3258 1173 3307 1224 si
3344 1173 3485 1223 enim
3518 1172 3669 1224 illum
3698 1171 3790 1225 di-

2097 1259 2325 1324 miserit,
2352 1260 2630 1313 morietur.
2664 1258 3085 1313 Teneritudinis
3109 1257 3347 1312 internae
3372 1265 3561 1313 motus
3582 1258 3792 1313 animae

2097 1345 2310 1401 conscii
2338 1346 2636 1413 rationem,
2672 1360 2803 1416 quae
2832 1346 3023 1400 adhuc
3044 1345 3190 1400 inter
3215 1344 3471 1401 humana
3502 1354 3789 1413 versatur,

2098 1446 2255 1502 spem
2300 1447 2414 1487 non
2467 1447 2624 1502 posse
2670 1434 2995 1502 relinquere
3031 1433 3348 1502 perhibent,
3396 1446 3527 1501 quae
3574 1432 3646 1487 ob
3698 1433 3791 1487 sui

2098 1519 2403 1587 pueritiam
2435 1520 2631 1575 utendi
2674 1520 2855 1575 solido
2906 1520 3361 1589 speculationum
3396 1520 3522 1575 cibo
3567 1519 3792 1574 viribus

2098 1615 2273 1662 caret.
2335 1607 2390 1662 Si
2449 1609 2600 1663 enim
2655 1609 2962 1663 mediocria
3012 1608 3310 1674 dimiserit,
3363 1614 3418 1663 et
3472 1622 3529 1663 se
3581 1621 3793 1677 super—

2097 1696 2436 1762 extendcrit,
2469 1695 2635 1765 quasi
2693 1703 2921 1750 mortua
2975 1708 3042 1750 ac
3095 1704 3304 1750 neutra
3354 1696 3473 1766 jam
3514 1696 3788 1765 assurgit.

2099 1782 2291 1852 (VERS.
2323 1782 2435 1853 23.)
2466 1783 2550 1850 Si,
2587 1782 2793 1853 inquit,
2857 1799 2960 1837 non
2982 1786 3185 1837 venerit
3229 1786 3408 1849 frater
3434 1789 3606 1837 vester
3635 1786 3794 1837 mini-

2096 1886 2236 1936 mus,
2281 1872 2574 1937 vobiscum,
2615 1886 2722 1924 non
2764 1871 3016 1924 videbitis
3066 1872 3302 1939 amplius
3356 1874 3553 1937 faciem
3600 1888 3791 1937 meam,

2099 1957 2154 2012 id
2188 1965 2271 2013 est
2302 1958 2408 2013 nisi
2441 1972 2618 2028 spem,
2653 1973 2786 2028 quae
2815 1959 2980 2014 vobis
3028 1959 3100 2014 ad
3131 1960 3312 2015 Deum
3363 1973 3461 2028 pes
3506 1959 3793 2015 subtiliter

2098 2045 2400 2115 gradiendi
2448 2060 2569 2102 esse
2606 2046 2792 2109 debet,
2842 2048 3102 2101 comitem
3148 2046 3582 2115 contemplanda
3630 2047 3793 2102 vobis

2098 2133 2436 2201 asciveritis,
2485 2133 2747 2189 notitiam
2795 2134 2925 2202 mei,
2968 2150 3099 2204 quae
3148 2134 3288 2189 facie
3336 2134 3695 2205 designatur,
3732 2135 3790 2190 id

2097 2228 2181 2276 est
2208 2222 2621 2290 experientiam
2650 2222 2867 2276 decoris
2898 2222 3101 2289 intimi,
3131 2236 3435 2291 nunquam
3467 2223 3786 2278 secundum

2099 2309 2431 2378 ampliorem
2468 2309 2886 2379 proficientium
2921 2317 3132 2365 statum
3164 2310 3475 2380 attingetis.

2169 2396 2347 2452 Vnus.
2386 2396 2455 2449 24
2485 2426 2551 2437 -
2600 2398 2728 2453 Cum
2761 2412 2883 2464 ergo
2932 2398 3353 2451 ascendissemus
3396 2397 3471 2451 ad
3514 2398 3789 2463 famulum

2100 2489 2250 2538 tuum
2290 2490 2505 2553 patrem
2550 2490 2816 2554 nostrum,
2855 2490 3202 2540 narravimus
3250 2488 3300 2539 ei
3338 2489 3517 2539 omnia
3561 2487 3789 2555 quarto-

2098 2578 2251 2627 cutus
2279 2577 2357 2627 est
2395 2573 2645 2627 dominus
2694 2588 2858 2627 meus.
2892 2574 3223 2628 Ascendunt
3269 2574 3339 2628 ad
3380 2582 3619 2642 patrem,
3654 2588 3788 2628 cum

2099 2661 2470 2731 cogitationes
2499 2661 2568 2715 de
2608 2661 2852 2731 singulis
2881 2674 3006 2716 eam
3054 2661 3424 2727 consulturae,
3456 2674 3626 2716 suum
3659 2674 3794 2729 pro-

2097 2746 2241 2803 fecto
2289 2748 2573 2817 superius,
2621 2755 2901 2818 expetunt
2944 2748 3238 2804 rationem.
3272 2748 3478 2803 Omnia
3522 2762 3653 2817 quae
3682 2749 3793 2803 do-

2099 2835 2293 2892 minus
2326 2835 2416 2891 ille
2444 2834 2704 2906 loquitur
2735 2836 2840 2891 sibi
2882 2844 3143 2903 narrant,
3177 2849 3309 2891 cum
3336 2850 3402 2890 ea
3429 2850 3559 2905 qua:
3594 2837 3663 2891 de
3694 2837 3792 2890 in-

2032 2930 2074 2987 c
2101 2922 2526 2979 tellectualitate
2572 2923 2809 2993 capiunt
2848 2923 3257 2979 mediocritatis
3306 2924 3548 2993 propriae
3592 2938 3793 2993 respe-

2099 3018 2216 3075 ctu,
2265 3026 2396 3067 cum
2439 3011 2557 3081 ipsa
2600 3011 2823 3067 ratione
2869 3025 2943 3066 an
3003 3012 3117 3066 sint
3155 3012 3545 3082 aggredienda
3592 3012 3791 3067 discu-

2099 3099 2272 3154 tiunt.
2322 3099 2649 3155 Intellectus
2697 3108 2888 3155 autem
2956 3100 3223 3155 dominus
3280 3108 3363 3155 est
3417 3102 3675 3166 rationis,
3731 3102 3791 3155 in

2100 3193 2391 3257 quantum
2423 3187 2515 3243 ille
2545 3187 2614 3241 de
2657 3187 3001 3251 caelestibus,
3040 3189 3143 3243 ista
3174 3187 3429 3257 disputat
3477 3188 3543 3242 de
3575 3189 3793 3244 huma-

2098 3274 2207 3329 nis.
2254 3275 2449 3343 (VEns.
2512 3274 2622 3344 25.)
2678 3278 2822 3329 Dicit
2863 3281 3023 3345 pater
3079 3282 3301 3329 noster:
3352 3278 3710 3330 Revertimini
3739 3281 3791 3329 et

2097 3365 2253 3415 emite
2282 3363 2436 3416 nobis
2460 3378 2661 3431 parum
2689 3365 2875 3417 tritici.
2911 3363 3138 3418 Reverti
3172 3370 3331 3432 pater
3373 3371 3434 3418 ut
3464 3371 3657 3420 emant
3687 3363 3788 3418 tri-

2096 3449 2273 3505 ticum
2317 3449 2577 3519 imperat,
2629 3449 2770 3506 dum
2816 3451 2888 3506 ab
2937 3450 3142 3506 altiora
3199 3450 3569 3521 aggrediendi
3597 3450 3790 3506 studio

2096 3544 2445 3592 revocantur
2473 3538 2643 3593 nimis
2702 3538 2959 3594 humana
3001 3538 3338 3593 discretione
3368 3538 3531 3607 quasi
3562 3538 3630 3591 ad
3668 3552 3790 3593 mo-

2096 3622 2255 3691 dum,
2288 3631 2352 3679 ut
2397 3623 2608 3679 divinze
2646 3625 3009 3694 aspirationis
3050 3625 3177 3679 ﬁdei
3224 3625 3423 3679 saltem
3458 3624 3634 3694 pretio
3664 3626 3788 3680 exi-

2097 3718 2235 3781 gant
2269 3710 2571 3780 pabulum,
2603 3719 2657 3769 et
2682 3712 2789 3767 hoc
2816 3726 3023 3782 parum
3073 3720 3136 3769 ut
3166 3712 3377 3767 scilicet
3417 3712 3577 3767 illum
3625 3726 3790 3767 asse—

2097 3806 2377 3868 quantur,
2464 3814 2635 3871 quem
2730 3800 3043 3870 praeferunt
3118 3800 3317 3869 tepidae
3396 3802 3787 3870 temperantiae

2098 3886 2367 3956 gradum.

2167 3973 2339 4029 Vnus.
2372 3976 2439 4028 26
2468 4003 2536 4015 -
2586 3978 2689 4032 Cui
2730 3977 3007 4031 diximus:
3041 3978 3125 4031 Ire
3172 3991 3280 4030 non
3315 3989 3622 4045 possumus,
3675 3979 3792 4029 nisi

2093 4061 2274 4127 frater
2318 4067 2499 4117 noster
2556 4064 2843 4118 descendat
2892 4065 3203 4119 nobiscum:
3248 4067 3653 4134 proficiscemur
3702 4065 3789 4117 si-

2096 4151 2208 4203 mul
2231 4165 2244 4215 ;
2269 4151 2514 4219 alioquin
2541 4153 2633 4205 illo
2662 4152 2896 4220 absente,
2927 4168 3035 4206 non
3063 4152 3323 4207 audemus
3357 4152 3541 4206 cidere
3586 4154 3788 4219 faciem

2094 4238 2219 4292 viri.
2254 4238 2336 4293 Ita
2366 4252 2424 4294 se
2455 4254 2569 4295 non
2607 4254 2768 4309 posse
2818 4240 3181 4311 respondent,
3236 4241 3347 4295 nisi
3392 4240 3567 4295 frater
3608 4240 3787 4294 mini-

2095 4339 2226 4381 mus
2257 4326 2578 4393 descendat,
2618 4329 2759 4399 quia
2788 4336 2975 4383 motus
3006 4327 3213 4384 interni
3242 4343 3314 4384 ex
3337 4329 3533 4384 eadem
3564 4327 3787 4383 ratione

2093 4413 2410 4485 colligendo
2436 4415 2712 4484 referunt,
2748 4429 2805 4472 se
2845 4417 3089 4473 interius
3128 4431 3239 4472 non
3273 4430 3436 4486 posse
3484 4416 3649 4486 plene
3679 4416 3787 4471 de-

2092 4501 2333 4557 siderari
2375 4503 2530 4558 refici
2595 4504 2901 4574 (proﬁcisci
2948 4506 3103 4560 enim
3160 4502 3424 4560 affectare
3471 4503 3778 4574 significat)

2092 4587 2197 4644 nisi
2230 4589 2343 4658 spei
2377 4589 2587 4646 divina:
2618 4592 2857 4647 adnisus
2885 4607 2956 4649 ex
2993 4593 3102 4647 hoc
3152 4591 3226 4647 ad
3275 4606 3485 4660 supera
3516 4592 3787 4647 alacriter

2091 4676 2401 4746 erigendus
2464 4678 2537 4733 ab
2597 4679 2751 4734 omni
2820 4680 3131 4735 ambitione
3184 4686 3410 4735 terrena
3453 4679 3782 4734 descendat.

2092 4764 2227 4819 Inde
2252 4764 2422 4820 simul
2472 4765 2933 4835 proficiscuntur,
2967 4782 3100 4824 cum
3142 4774 3196 4823 et
3241 4767 3598 4823 rationaliter
3626 4767 3787 4821 vivi-

2091 4858 2206 4917 tur,
2238 4859 2294 4907 et
2322 4867 2437 4907 non
2465 4854 2574 4908 nisi
2607 4856 2761 4924 quod
2792 4856 3059 4927 congruit
3110 4857 3286 4911 beatae
3317 4856 3619 4911 aeternitati
3650 4869 3787 4924 spe-

2090 4945 2272 4993 ratur.
2307 4939 2408 4994 Illo
2457 4941 2691 4997 absente
2731 4943 2932 4998 faciem
2975 4944 3083 4999 viri
3132 4944 3327 4999 videre
3378 4957 3494 4999 non
3543 4943 3786 5013 audent,

2090 5026 2231 5097 quia
2273 5027 2490 5097 quibus
2543 5028 2754 5085 fiducia
2814 5032 3110 5101 sperandae
3176 5031 3547 5087 beatitudinis
3606 5030 3782 5098 deest,

2091 5114 2343 5183 aspirare
2394 5116 2466 5171 ad
2522 5117 2783 5173 notitiam
2854 5119 3350 5190 contemplationis
3411 5119 3785 5175 temerarium

2088 5202 2263 5257 nimis
2286 5211 2388 5259 est.

2160 5290 2331 5348 Vsus.
2364 5291 2454 5359 27,
2485 5295 2576 5361 28,
2607 5295 2691 5348 29.
2725 5323 2792 5333 -
2824 5294 2919 5347 Ad
2948 5309 3068 5362 qua
3108 5295 3424 5363 respondit:
3482 5296 3585 5349 Vos
3630 5296 3786 5351 scitis

2088 5380 2234 5446 quod
2265 5379 2399 5434 duos
2424 5384 2665 5449 genuerit
2694 5383 2831 5435 mihi
2856 5398 2997 5436 uror
3028 5397 3167 5437 mea.
3202 5385 3467 5450 Egressus
3497 5388 3574 5436 est
3603 5396 3746 5437 unus
3765 5423 3781 5449 ,

2087 5469 2137 5517 et
2168 5465 2429 5521 dixistis:
2480 5469 2659 5523 Bestia
2693 5470 2972 5523 deroravit
3002 5485 3150 5535 cum;
3204 5477 3255 5524 et
3304 5471 3405 5524 huc
3449 5486 3624 5540 usque
3677 5486 3785 5524 non
