3904 6066
13 202 123 254 301

1329 210 1695 269 MORALIUM
1731 210 1801 266 IN
1841 209 2146 268 GENESIN
2185 210 2317 266 LIB.
2357 212 2419 267 X.

3434 220 3538 275 302

19 339 337 401 comparet.
381 310 457 389 ‘Si
495 334 731 389 tuleritis
764 339 816 388 et
867 336 1057 404 istum,
1104 340 1154 391 et
1190 338 1410 407 aliquid
1448 342 1499 394 ei
1542 344 1601 395 in
1637 344 1732 396 via
1768 344 1813 397 A
1844 341 2216 411 compendio;
2263 341 2362 398 ubi
2407 341 2750 399 calamitatis
2797 348 3048 413 paternae
3091 344 3246 401 testis
3298 347 3533 413 assistit,

20 421 325 487 acciderit,
385 422 657 476 deducetis
701 438 861 477 canos
923 439 1065 479 meos
1105 440 1226 480 eum
1270 443 1490 482 mazrore
1537 430 1610 483 ad
1654 432 1734 483 in-

13 509 199 573 feros.
263 509 476 578 Nolite,
523 509 733 579 inquit,
782 510 1004 580 majora
1050 512 1214 569 vobis
1264 516 1521 585 aggredi,
1582 520 1733 571 scitis

11 596 187 651 enim
222 597 486 667 geminos
514 598 797 666 appetitus
829 599 929 665 illi,
963 611 1093 669 quae
1118 602 1257 656 mihi
1290 604 1496 659 rationi
1529 607 1733 661 uxorio

6 683 157 752 jure
208 685 526 754 subjuncta
567 694 669 751 est,
724 685 906 741 inesse
950 688 1256 744 voluntati.
1301 692 1450 745 Umor
1498 693 1728 761 dicitur,

13 772 171 841 quia
224 774 277 829 ei
329 773 561 828 subdita
613 773 851 842 spiritus
898 775 1113 831 semine
1164 777 1525 835 fecundatur.
1584 782 1731 836 Unus

10 861 356 930 egreditur,
404 861 542 916 dum
581 861 872 917 saecularis
910 866 1197 933 appetitus
1233 867 1553 924 secundum
1589 869 1731 925 cha-

9 948 265 1003 ritatem
296 949 591 1005 dualitatis
621 949 926 1019 impatiens
964 952 1036 1006 ad
1066 953 1389 1009 extrinseca
1419 956 1539 1010 sola
1565 971 1731 1027 quae-

5 1037 215 1091 renda
267 1035 524 1092 effertur.
577 1038 627 1093 Α
671 1037 851 1093 bestia
909 1039 1248 1096 devoratum
1301 1042 1544 1111 dixistis,
1597 1060 1731 1100 cum

9 1124 188 1193 quod
232 1123 496 1179 humana
542 1124 614 1179 ad
659 1126 897 1192 malum,
949 1134 1013 1183 ut
1056 1127 1137 1183 sic
1191 1128 1400 1193 dicam,
1450 1133 1732 1200 pronitate

12 1213 250 1281 egistis,
326 1214 431 1268 hoc
487 1212 784 1269 diabolicae
843 1215 914 1269 ad
987 1223 1235 1271 vestram
1297 1219 1729 1275 excusationem

13 1302 323 1357 atrocitati
363 1301 704 1371 imputastis.
738 1301 980 1358 Nomine
1012 1316 1266 1374 namque
1306 1305 1497 1362 bestiae
1526 1307 1732 1363 diabo-

15 1388 146 1443 lum
184 1389 249 1443 in
282 1388 595 1459 Scripturis
625 1387 935 1460 signiﬁcari
968 1390 1239 1460 liquctob
1269 1394 1567 1449 saevitiam.
1599 1396 1731 1450 Huc

16 1492 199 1538 usque
255 1486 452 1533 autem
503 1493 610 1531 non
667 1485 952 1547 comparet,
1019 1481 1155 1549 quia
1215 1482 1453 1537 terrenis
1516 1483 1731 1553 quibus

12 1564 422 1635 immergitur,
451 1579 565 1621 non
596 1569 1006 1635 supereminet.
1048 1567 1103 1622 Si
1132 1582 1267 1637 ergo
1297 1570 1403 1626 hoc
1442 1572 1728 1627 tantillum

12 1654 141 1720 spei
176 1653 342 1722 quod
374 1653 462 1709 vel
492 1655 551 1708 in
579 1656 934 1725 resurgendo
956 1656 1028 1710 ab
1070 1656 1177 1720 his,
1208 1657 1290 1712 vel
1321 1673 1395 1713 ex
1433 1659 1729 1729 aliquibus
1766 1680 1809 1735 Β

10 1738 348 1794 benefactis
377 1740 622 1804 obtinui,
656 1740 727 1794 ad
764 1740 1142 1809 importabilia
1186 1743 1538 1800 sustollendo
1576 1746 1729 1801 tule-

10 1827 169 1894 ritis,
236 1843 401 1882 canos
443 1828 876 1891 immutationis,
927 1829 1388 1897 defectibilitatis,
1436 1847 1501 1889 ac
1546 1837 1730 1890 ruinae

16 1916 492 1985 propinquitatis
556 1931 716 1982 meae,
782 1916 1007 1973 dolente
1071 1919 1127 1972 in
1187 1928 1472 1989 quantum
1540 1922 1732 1978 adhuc

21 2004 313 2058 scintillat
365 2004 769 2069 rationalitate,
824 2004 921 2060 sed
976 2005 1155 2061 obniti
1203 2022 1318 2063 non
1365 2010 1607 2075 valente,
1658 2010 1733 2064 ad

20 2093 242 2158 inferos
285 2092 702 2161 desperationis
733 2092 1027 2147 deducetis.
1067 2093 1196 2149 Haec
1226 2094 1400 2150 verba
1447 2103 1583 2151 sunt
1610 2096 1733 2165 spi-

22 2180 204 2244 ritus,
239 2184 434 2248 tepere
473 2178 812 2234 humanitus
850 2193 1025 2248 quam
1057 2179 1336 2237 divinitus
1372 2182 1572 2238 ardere
1608 2196 1730 2238 ma-

26 2264 224 2321 lentis.

102 2381 284 2435 Vens.
334 2378 421 2447 30,
472 2382 561 2435 3t.
607 2409 674 2420 —
722 2381 907 2447 Igitur
958 2383 1008 2434 si
1057 2383 1337 2436 intravero
1392 2382 1467 2435 ad
1514 2398 1731 2440 servum

29 2472 212 2529 tuum,
265 2473 319 2521 et
358 2484 498 2537 puer
549 2468 786 2534 defuerit
835 2468 979 2535 (cum
1027 2472 1213 2523 anima
1260 2471 1410 2525 illius
1452 2487 1519 2525 ea:
1571 2472 1734 2540 hujus

26 2560 228 2611 anima
270 2556 528 2625 pendeat)
585 2555 890 2626 videritque
938 2573 1054 2611 eum
1116 2573 1223 2611 non
1269 2573 1381 2612 esse
1435 2560 1732 2626 nobiscum,

24 2647 326 2698 morietur.
371 2643 455 2698 Ad
524 2651 743 2713 patrem
803 2645 930 2715 ejus
976 2645 1157 2701 Iudas
1208 2645 1417 2713 intrat,
1476 2661 1609 2702 cum
1662 2648 1734 2703 ad

25 2732 365 2803 penetralia
410 2733 665 2801 spiritus,
716 2732 818 2802 qui
863 2732 1149 2788 deservire
1196 2733 1582 2804 intelligentiae
1630 2750 1735 2791 su-

28 2834 238 2889 pernae
294 2819 459 2875 debet
512 2820 827 2889 obsequiis,
877 2822 1065 2876 virtus
1112 2835 1170 2877 se
1223 2830 1475 2891 reportat
1524 2823 1736 2893 saepius

29 2907 396 2976 pmnitentize
442 2920 508 2961 ac
536 2908 919 2964 confessionis.
961 2909 1034 2975 Si,
1078 2909 1286 2979 inquit,
1324 2911 1733 2967 confessionem

34 3008 103 3049 ac
138 2993 561 3063 paenitudinem
604 3009 780 3064 super
808 2996 953 3052 male
997 2997 1259 3068 cogitatis
1302 2999 1534 3064 rationi,
1567 2999 1737 3070 cujus

32 3090 260 3149 motus,
312 3094 379 3136 ac
410 3082 454 3137 si
506 3081 657 3138 filius
701 3097 852 3148 sum,
895 3084 1160 3152 intulero,
1206 3092 1261 3140 et
1314 3092 1445 3140 IBI
1505 3086 1735 3143 nullum

34 3184 145 3240 pro
198 3176 362 3226 tanto
405 3169 598 3226 labore
653 3171 773 3241 spei
828 3171 1079 3227 fructum
1140 3173 1357 3242 pariter
1404 3174 1735 3244 obtendero,

31 3272 178 3314 cum
216 3272 291 3313 ex
322 3257 505 3314 vivaci
541 3273 640 3328 spe
688 3259 925 3315 rationis
967 3259 1090 3316 vita
1120 3260 1451 3329 dependeat,
1503 3270 1558 3318 et
1590 3262 1738 3319 inter

34 3360 147 3401 nos
178 3346 337 3415 ipsos
366 3347 467 3416 qui
498 3346 741 3403 elfectivi
771 3347 1028 3417 ejusdem
1068 3362 1251 3403 mores
1298 3363 1519 3416 sumus,
1551 3349 1736 3406 inani-

37 3441 223 3489 tatem
275 3433 686 3502 desperationis
742 3435 1069 3500 attenderit,
1127 3442 1181 3491 et
1234 3435 1356 3505 ipsa
1410 3437 1741 3494 exanimata

38 3522 239 3578 vitalis
270 3522 483 3576 amoris
510 3522 695 3577 calore
717 3522 1061 3591 privabitur.

113 3635 293 3690 Vsus.
326 3637 415 3698 32,
450 3636 535 3690 33.
577 3664 647 3677 —
677 3636 800 3703 Ego
841 3637 1068 3706 proprie
1098 3652 1281 3693 servus
1325 3643 1450 3693 tuus
1478 3641 1603 3705 sim,
1645 3640 1744 3707 qui

42 3725 101 3776 in
143 3738 326 3776 meam
366 3723 505 3777 hunc
530 3726 707 3792 recepi
743 3723 928 3794 ﬁdem,
961 3730 1010 3779 et
1052 3727 1321 3795 spopondi
1367 3726 1586 3782 dicens:
1620 3729 1744 3783 Nisi

38 3810 320 3864 reduxere
355 3825 496 3879 eum,
526 3814 733 3879 peccati
771 3827 894 3867 reus
931 3829 1019 3867 ero
1047 3816 1105 3867 in
1152 3820 1363 3883 patrem
1390 3830 1566 3869 meum
1597 3818 1745 3870 omni

38 3904 307 3967 tempore.
361 3899 583 3953 Manebo
633 3901 819 3967 itaque
864 3915 1050 3955 servus
1099 3906 1242 3969 tuus,
1281 3904 1340 3955 in
1379 3905 1744 3957 ministerium

40 3987 264 4040 domini
306 3987 431 4050 mei,
465 3991 519 4042 et
566 4002 705 4055 puer
766 3988 1024 4041 ascendat
1087 4005 1207 4043 cum
1270 3991 1542 4056 fratribus
1606 3993 1740 4046 suis.

40 4075 200 4143 Ego,
234 4073 448 4143 inquit,
490 4073 744 4144 perpetui
793 4075 1011 4131 timoris
1059 4076 1158 4132 tibi
1203 4078 1436 4133 servitio
1487 4078 1744 4148 speciali-

38 4165 137 4217 ter
178 4173 299 4228 prae
343 4159 562 4215 caeteris
604 4161 781 4217 animi
828 4162 1080 4218 motibus
1129 4164 1449 4220 confitendo
1490 4179 1744 4222 errorem

1843 432 2076 501 quando
2118 440 2173 487 et
2214 431 2615 488 miserabiliter
2661 431 2948 501 spirituali
2973 431 3243 503 languori
3300 434 3535 492 subesse

1842 532 1901 574 se
1932 519 2105 589 videt,
2139 536 2243 579 nec
2274 520 2500 578 resistit.

2471 633 2704 691 CAPUT
2742 632 2913 691 XLV.

1912 750 2085 809 VERS.
2125 755 2174 806 l.
2207 780 2278 792 —
2310 753 2431 808 Non
2470 764 2526 805 se
2557 752 2770 818 poterat
2806 750 2955 803 ultra
2998 752 3266 805 continere
3306 754 3532 823 Joseph,

1837 839 2024 893 multis
2076 855 2257 894 coram
2310 837 2639 894 astantibus.
2690 835 2840 891 Unde
2886 840 3148 906 praecepit
3196 842 3256 892 ut
3312 839 3531 907 egrede-

1836 930 2029 979 rentur
2069 929 2248 980 euncti
2294 927 2467 991 foras,
2512 929 2564 977 et
2589 924 2771 977 nullas
2806 926 3085 977 interesset
3130 926 3341 981 alienus
3371 930 3530 995 agni-

1839 1014 1975 1064 tioni
1999 1018 2216 1067 mutuae.
2260 1012 2449 1069 Verba
2485 1010 2754 1080 superius
2774 1026 2808 1065 a
2839 1011 2868 1066 J
2876 1010 2988 1066 uda
3017 1012 3089 1067 ad
3130 1018 3347 1081 patrem
3378 1012 3532 1067 dicta

1839 1099 1921 1154 sic
1957 1112 1993 1154 a
2020 1099 2185 1155 nobis
2229 1113 2397 1154 sensa
2427 1105 2722 1167 putentur,
2774 1112 2889 1153 non
2922 1099 3076 1169 quod
3117 1098 3304 1156 virtus
3334 1100 3535 1170 aliqua

1839 1186 2207 1243 confessionis
2256 1186 2383 1242 sine
2447 1186 2665 1241 ratione
2730 1194 2982 1255 parente,
3043 1186 3143 1242 sed
3209 1187 3365 1257 quod
3414 1187 3533 1259 ipse

1839 1273 2093 1343 spiritus,
2136 1276 2235 1345 qui
2266 1282 2322 1331 et
2368 1274 2537 1340 ratio,
2585 1272 2832 1329 dicitur:
2872 1282 2927 1329 et
2956 1274 3015 1329 in
3063 1275 3245 1344 seipso
3281 1277 3529 1345 seipsum

1839 1361 1897 1416 in
1928 1361 2169 1417 diversis
2209 1362 2473 1428 statibus,
2510 1368 2611 1417 aut
2637 1360 2915 1417 divinitus
2945 1362 3155 1418 excitet
3183 1377 3285 1432 per
3312 1363 3533 1433 impul-

1839 1462 1967 1505 sum
2015 1450 2214 1517 animi,
2266 1459 2366 1505 aut
2419 1450 2758 1506 humanitus
2800 1449 3010 1505 obruat
3048 1463 3149 1519 per
3177 1450 3527 1506 lenocinium

1838 1537 2049 1592 carnis.
2104 1540 2223 1594 Non
2272 1554 2327 1592 se
2368 1544 2585 1607 poterat
2634 1540 2904 1591 continere
2962 1539 3160 1606 Joseph
3214 1539 3399 1591 multis
3446 1554 3529 1591 co-

1838 1640 1958 1678 ram
1983 1620 2310 1692 astantibus,
2346 1625 2485 1694 quia
2510 1624 2696 1680 virtus
2724 1624 3139 1690 intellectualis,
3166 1625 3258 1694 pia
3284 1625 3534 1694 quadam

1841 1712 2200 1768 vehementia
2274 1712 2485 1767 divinae
2549 1712 2934 1780 aspirationis,
3007 1720 3207 1767 contra
3284 1719 3534 1781 teporem

1840 1800 2139 1868 proprium
2167 1798 2460 1867 efferatur,
2490 1799 2687 1854 multis
2717 1798 2999 1857 virtutum
3033 1799 3208 1869 copiis
3241 1800 3297 1854 in
3338 1813 3536 1870 prom-

1840 1895 1944 1956 ptu
1968 1886 2427 1943 occursantibus.
2476 1890 2642 1941 Foras
2688 1887 2882 1957 egredi
2913 1896 3151 1942 cunctos
3175 1887 3359 1957 jubet,
3394 1888 3535 1943 dum

1839 1988 2005 2030 omne
2037 1976 2192 2044 quod
2222 1974 2398 2030 ofﬁcit
2430 1988 2464 2029 a
2489 1974 2658 2031 corde
2685 1974 2982 2030 eliminare
3009 1975 3219 2030 studet.
3252 1975 3522 2046 Alioquin

1841 2062 2117 2117 interesset
2157 2064 2367 2116 alienus
2415 2065 2685 2128 agnitioni
2726 2067 2945 2127 mutua,
2978 2062 3023 2117 si
3069 2064 3419 2131 permitteret
3471 2065 3527 2119 in

1839 2150 2185 2205 conscientia
2239 2150 2311 2205 ad
2371 2149 2817 2219 recognitionem
2879 2150 3137 2205 veritatis
3185 2159 3529 2221 properante

1840 2237 2064 2308 aliquid
2093 2238 2271 2309 partis
2300 2239 2601 2294 contrariae
2630 2238 2894 2294 residere.

1914 2325 2084 2382 Vsus.
2116 2328 2172 2393 2,
2204 2328 2256 2387 3,
2289 2355 2357 2364 —
2386 2326 2741 2392 Eievavitque
2779 2340 2957 2379 vocem
2994 2340 3113 2379 cum
3160 2329 3306 2394 ﬂetu.
3363 2329 3534 2396 Quam

1842 2413 2134 2468 audierunt
2174 2414 2453 2482 Egyptii,
2504 2416 2782 2483 omnisque
2828 2400 3043 2468 domus.
3075 2414 3393 2468 Pharaonis.
3455 2416 3536 2468 Et

1842 2501 1986 2556 dixit
2032 2503 2305 2567 fratribus
2352 2503 2505 2556 suis:
2553 2504 2665 2569 Ego
2703 2516 2823 2555 sum
2864 2501 3097 2570 Joseph;
3154 2501 3332 2556 adhuc
3374 2507 3536 2571 pater

1840 2593 2021 2643 noster
2047 2591 2234 2643 vivit?
2271 2590 2375 2644 Nec
2416 2592 2671 2658 poterant
2718 2588 3042 2657 respondere
3091 2591 3316 2655 fratres.
3363 2591 3535 2643 nimio

1842 2681 2045 2731 terrore
2086 2678 2353 2731 coneussi.
2414 2678 2604 2731 Vocem
2652 2692 2773 2730 cum
2824 2679 2951 2745 ﬂetu
2998 2676 3204 2740 elevat,
3259 2692 3394 2733 cum
3438 2677 3537 2731 in-

1840 2764 1989 2820 terni
2049 2763 2313 2819 desiderii
2372 2763 2681 2819 clamorem
2741 2764 2861 2833 (qui
2919 2763 3075 2819 solus
3119 2779 3194 2819 ex
3249 2764 3537 2820 anxietate

1846 2851 2120 2920 pauperis
2144 2851 2197 2905 in
2227 2851 2470 2906 auribus
2498 2851 2618 2915 Dei,
2649 2850 2822 2921 juxta
2855 2850 3055 2920 psalmi
3087 2851 3322 2907 titulum
3363 2850 3531 2919 (Psat.

1775 2966 1816 3022 ο
1842 2951 1916 2993 cr.
1970 2938 2039 3006 l),
2080 2937 2328 3006 insonat)
2378 2951 2478 3007 per
2513 2937 2816 2993 exterioris
2860 2936 3243 2993 beneﬁcentiae
3292 2937 3537 3007 gratiam

1846 3025 2225 3081 commendat.
2275 3025 2468 3081 Fletus
2495 3026 2646 3080 enim
2677 3039 2711 3078 a
2740 3025 2925 3094 capite
2968 3025 3040 3079 ad
3073 3024 3272 3080 faciem
3315 3024 3537 3080 delabi-

1847 3120 1963 3178 tur,
1987 3119 2042 3168 et
2073 3127 2207 3168 cum
2238 3127 2336 3167 cor
2356 3112 2604 3168 hominis
2634 3112 2860 3178 vinum,
2895 3112 3050 3182 quod
3078 3112 3329 3167 laetiﬁcat
3358 3114 3534 3167 Deum

1846 3208 1901 3257 et
1948 3200 2206 3256 homines
2256 3200 2407 3269 (1υά.
2455 3214 2531 3258 1x.
2570 3200 2677 3269 t3),
2721 3198 3142 3266 clarificaverit,
3194 3199 3265 3254 ad
3308 3199 3538 3255 exhila-

1848 3289 2092 3344 randam
2145 3289 2319 3344 etiam
2372 3287 2673 3344 exterioris
2730 3286 2980 3343 hominis
3026 3286 3228 3342 faciem
3287 3301 3386 3356 per
3432 3287 3539 3344 olei

1849 3376 2016 3447 (Psal.
2078 3391 2195 3439 cur,
2238 3375 2345 3445 15),
2398 3375 2451 3430 id
2507 3382 2592 3431 cst
2645 3375 2845 3446 gratiae
2895 3374 3135 3430 interna
3192 3375 3539 3432 suavitatem

1848 3463 2120 3520 decurrit.
2168 3464 2360 3520 Solent
2387 3463 2539 3519 enim
2583 3464 2692 3533 pia;
2738 3463 3019 3519 mentium
3062 3462 3370 3532 qualitates
3401 3477 3541 3535 gra-

1854 3553 2063 3610 tissime
2100 3553 2160 3608 in
2210 3551 2471 3608 vultibus
2514 3552 2747 3608 enitere.
2802 3554 2991 3611 Vocem
3023 3566 3157 3607 vero
3201 3552 3406 3619 elevat,
3439 3552 3539 3623 qui

1851 3641 1924 3697 ab
1949 3641 2076 3697 imis
2123 3639 2469 3696 desiderium
2498 3638 2736 3694 exaltat.
2768 3638 3026 3695 Audiunt
3070 3639 3221 3694 hanc
3256 3639 3538 3708 Egyptii,

1850 3730 2128 3797 omnisque
2187 3726 2375 3781 domus
2428 3727 2752 3789 Pharaonis,
2821 3739 2954 3781 cum
3006 3724 3215 3781 caelesti
3266 3725 3326 3780 in
3379 3725 3544 3781 nobis

1852 3815 2127 3886 appetitui
2185 3815 2479 3881 suscitato,
2547 3814 2847 3883 patienter,
2911 3813 3090 3868 velint
3150 3813 3352 3881 nolint,
3403 3813 3544 3869 obe-

1853 3904 2039 3969 diunt,
2071 3910 2127 3958 et
2155 3902 2455 3958 saecularia
2479 3902 2761 3957 desideria
2789 3915 2920 3957 cum
2964 3901 3185 3957 caeteris
3228 3900 3545 3957 mundiali-

1855 3991 1966 4047 bus
2001 3990 2175 4046 vitiis.
2230 3989 2480 4044 Mundus
2534 4002 2789 4059 namque
2831 3987 3035 4042 domus
3079 3994 3163 4043 est
3208 3987 3541 4044 Pharaonis.

1855 4077 2068 4133 Deinde
2089 4091 2148 4132 se
2175 4090 2299 4132 esse
2321 4075 2527 4145 Joseph
2556 4082 2817 4140 testatur,
2854 4074 2994 4144 quia
3016 4074 3138 4144 jam
3183 4082 3319 4131 tunc
3349 4075 3548 4145 sopitis

1856 4164 2210 4234 strepitibus,
2244 4171 2299 4220 et
2333 4163 2818 4219 intellectualitate
2861 4162 3233 4218 ralionalitati
3262 4162 3545 4232 apposita,

42 4261 281 4317 semper
326 4247 577 4312 addicar.
612 4249 714 4319 qui
749 4249 821 4305 ob
860 4264 1018 4320 spem
1049 4251 1232 4307 venite
1258 4258 1313 4308 et
1344 4254 1546 4323 gratia:
1589 4268 1748 4310 eme-
1788 4242 1832 4295 Ῑ)
1863 4252 2159 4324 augmenti
2217 4250 2451 4321 superni
2500 4249 2794 4320 plenitudo
2857 4256 3233 4306 monstratur.
3292 4250 3546 4319 Videtur,

48 4336 253 4393 renda:
287 4334 456 4391 [idem
497 4336 866 4393 confessionis
895 4338 1114 4408 excepi,
1158 4346 1214 4395 et
1254 4341 1535 4410 spopondi
1570 4342 1747 4412 quod,

50 4423 169 4480 nisi
235 4424 416 4492 ipsam
470 4437 628 4495 spem
683 4439 870 4495 usque
926 4427 994 4481 ad
1052 4426 1221 4483 realis
1277 4428 1535 4486 veritatis
1581 4429 1751 4485 exhi-

54 4513 336 4568 bitionem
388 4522 820 4581 perseveranter
867 4520 1137 4581 tenerem,
1188 4517 1401 4584 peccati
1450 4525 1505 4573 et
1554 4517 1750 4573 inobe-

51 4598 292 4655 dientiae
322 4612 456 4654 reus
493 4599 734 4656 haberer
771 4614 943 4671 penes
980 4615 1108 4656 eam
1148 4616 1279 4672 quae
1310 4604 1461 4660 bona
1489 4606 1580 4676 agi
1614 4606 1751 4661 sub-

50 4694 256 4741 monet
304 4685 604 4742 rationem.
651 4688 874 4742 Manebo
910 4691 1095 4757 itaque
1144 4689 1247 4745 tibi
1295 4691 1756 4759 pmnitentialiter

50 4773 406 4835 inserviens,
438 4780 503 4829 ut
547 4789 679 4843 puer
707 4775 799 4831 ille
829 4777 1102 4845 mysticus
1130 4776 1203 4833 ab
1226 4777 1427 4833 intima
1463 4793 1570 4835 sua
1600 4788 1755 4836 tene-

53 4857 323 4915 ritudine
353 4859 615 4913 ascendat
646 4860 862 4916 intimae
895 4862 1129 4918 virtutis
1154 4872 1376 4932 evectu,
1416 4878 1545 4921 cum
1584 4874 1752 4923 caete-

56 4945 141 5001 ris
174 4946 466 5001 interioris
509 4947 756 5003 hominis
785 4948 1007 5004 viribus
1032 4950 1103 5005 ad
1136 4965 1423 5007 summam
1455 4953 1758 5021 gustandze

64 5042 182 5088 tuze
231 5033 755 5090 intellectualitatis.
800 5036 992 5106 (Vens.
1040 5038 1152 5107 34.)
1199 5040 1316 5093 Νοη
1360 5042 1502 5093 enim
1538 5055 1759 5109 possum

67 5120 248 5173 redire
275 5121 351 5174 ad
374 5125 586 5189 patrem
615 5137 809 5189 meum,
841 5124 1061 5178 absente
1097 5139 1263 5193 puero
1288 5141 1301 5178 :
1333 5140 1399 5178 ne
1426 5127 1760 5181 calamitatis

72 5221 191 5274 quae
245 5221 580 5277 oppressura
633 5213 712 5263 est
760 5214 978 5279 patrem
1027 5226 1221 5279 meum,
1280 5214 1428 5266 testis
1483 5215 1758 5267 assistam.

74 5293 312 5350 Reditus
340 5295 418 5349 ad
440 5300 656 5365 patrem
688 5297 903 5351 absente
932 5312 1125 5366 puero,
1166 5296 1420 5352 collectio
1461 5298 1760 5368 cogitatio-

76 5395 215 5438 num
244 5391 331 5440 est
376 5383 436 5440 in
474 5383 732 5454 spiritus,
765 5384 868 5455 qui
913 5384 1250 5440 interiorum
1295 5392 1455 5453 pater
1482 5392 1586 5453 est,
1618 5399 1759 5441 exa-

76 5483 248 5541 mine,
281 5472 430 5528 inter
470 5472 700 5528 inﬁrma
739 5485 912 5542 opera
958 5472 1177 5542 absque
1215 5470 1393 5528 ullius
1436 5472 1598 5529 bona;
1643 5472 1763 5542 spei

1856 4340 2067 4409 inquit,
2127 4338 2289 4394 vobis
2355 4345 2514 4407 pater
2588 4335 2984 4393 interioritatis
3048 4344 3249 4393 vestra:
3311 4338 3552 4407 spiritus

1856 4431 2161 4495 postquam
2191 4424 2347 4489 hinc,
2393 4424 2452 4478 id
2486 4430 2569 4478 est
2620 4422 3125 4479 intellectualitatis
3170 4424 3290 4479 vim
3339 4424 3550 4495 attigit,

1858 4511 2138 4568 veraciter
2179 4510 2414 4567 vivere?
2464 4513 2687 4566 Fratres
2735 4511 3021 4581 perterriti
3068 4511 3391 4580 respondere
3435 4525 3550 4568 non

1858 4606 2116 4671 possunt,
2146 4599 2286 4669 quia
2317 4599 2526 4655 interni
2557 4606 2747 4654 motus
2782 4599 2851 4655 de
2880 4606 2997 4655 tam
3033 4599 3333 4669 repentina
3362 4606 3550 4656 muta-

1858 4688 2011 4743 tione
2068 4686 2299 4755 stupidi,
2360 4686 2429 4741 de
2486 4686 2703 4756 proprii
2762 4687 2930 4742 modo
2986 4693 3171 4742 status
3227 4687 3553 4759 quidquam

1859 4775 2001 4832 certi
2042 4773 2245 4830 timent
2274 4772 2484 4829 referre
2527 4773 2752 4844 judicii,
2810 4780 3009 4844 utpote
3044 4773 3379 4830 futurorum
3428 4790 3556 4845 pro-

1864 4869 2144 4919 ventuum
2169 4858 2366 4915 nescii.

1932 4950 2104 5007 Vens.
2145 4948 2199 5002 4.
2232 4976 2304 4989 -
2335 4946 2426 5001 Ad
2469 4962 2600 5015 quos
2647 4948 2738 5002 ille
2783 4949 3095 5003 clementer:
3143 4948 3424 5015 Accedite,
3464 4950 3560 5003 in-

1863 5040 2003 5108 quit,
2055 5036 2129 5091 ad
2193 5051 2298 5103 me,
2340 5041 2390 5090 et
2435 5050 2554 5088 cum
2596 5038 2942 5091 accessissent
2985 5053 3189 5107 prope:
3246 5041 3361 5104 Ego
3415 5052 3556 5104 sum,

1864 5128 1966 5189 ait,
1999 5124 2194 5193 Ioseph
2228 5125 2409 5188 frater
2439 5127 2629 5188 vester,
2663 5138 2818 5191 quem
2850 5123 3172 5180 cendiotistis
3196 5128 3258 5179 in
3287 5125 3559 5196 Egypto.

1867 5212 2274 5276 Diftidentiam,
2299 5210 2399 5274 ait,
2429 5208 2612 5265 futuri
2644 5217 2829 5266 status
2858 5211 3114 5277 recutite,
3150 5220 3207 5268 et
3236 5212 3307 5268 ad
3334 5213 3562 5282 sapien-

1868 5299 1958 5355 tiae
2036 5299 2398 5356 clementiam
2464 5297 2703 5353 cmlestis
2766 5297 3034 5353 accedite.
3088 5299 3352 5369 Cumque
3409 5301 3568 5356 hunc

1869 5387 2124 5442 adieritis
2163 5400 2398 5444 accessu
2427 5385 2749 5442 devotionis
2777 5386 3033 5452 internae,
3068 5392 3208 5441 tunc
3237 5385 3569 5457 intelligetis

1869 5487 1985 5529 non
2014 5474 2269 5530 alienum
2305 5487 2416 5542 me,
2448 5486 2584 5529 cum
2614 5472 2780 5529 vobis
2812 5470 3111 5542 proprium
3150 5473 3242 5539 sit,
3274 5480 3327 5527 et
3361 5472 3568 5529 huma-
