3904 6066
337 215 439 267 303

1188 213 1249 266 V.
1299 212 1629 267 GUIBERTI
1690 213 1984 268 ABBATIS
2046 214 2104 268 S.
2172 212 2419 267 MARUE
2478 213 2567 268 DE
2617 212 3009 267 NOVIGENTO

3740 212 3859 265 304

338 361 426 402 nae
451 359 790 418 germanum
817 353 1059 411 natura),
1089 344 1337 400 cmlestia
1386 360 1572 415 nosse,
1597 353 1651 402 et
1701 347 1791 401 his
1833 347 2022 402 adau-
2060 350 2105 400 A
2134 347 2323 400 habita
2362 350 2421 400 in
2469 354 2615 400 terra
2665 347 2892 411 Gessen;
2946 350 3156 415 erisque
3180 347 3351 414 juxta
3381 362 3480 409 me,
3515 351 3593 413 tu,
3645 352 3695 401 et
3734 350 3856 416 ﬁlii

337 436 459 505 geri
503 435 666 501 velle,
725 449 855 504 qua:
903 434 1195 502 quondam
1252 448 1368 488 non
1418 430 1626 503 puduit
1679 435 2032 491 szieculariter

336 523 609 578 oblivioni
654 537 720 577 ac
766 522 1125 591 negligentiae
1172 522 1415 576 tradere.
1475 523 1663 589 (Vens.
1718 524 1789 589 5.)
1852 525 2026 578 Nolite

334 627 551 680 pavere,
575 626 667 662 nec
695 610 891 663 durum
914 610 1060 662 vobis
1080 610 1334 662 videatur
1350 610 1494 678 quod
1516 611 1841 664 vendidistis
1867 627 1950 664 me
1970 614 2030 663 in

339 700 421 751 his
447 697 756 762 regionibus
783 713 796 763 ;
826 712 927 765 pro
957 697 1130 750 salute
1161 701 1301 750 enim
1337 705 1517 751 vestra
1549 700 1701 751 misit
1730 715 1811 751 me
1842 699 2030 752 Domi-

335 801 437 838 nus
455 790 580 838 ante
608 800 697 838 vos
724 784 781 837 in
810 785 1140 853 Egi/ptum.
1184 785 1308 840 Non
1356 786 1428 840 ad
1459 785 1868 854 desperationis
1910 800 2034 840 ma-

335 871 456 926 lum
516 872 679 927 vobis
728 874 980 935 accedat,
1044 873 1199 942 quod
1240 888 1341 941 pro
1402 874 1659 942 appetitu
1706 874 2031 928 extrinseeo

338 959 566 1014 interna
622 960 758 1014 olim
811 959 1104 1014 destitistis
1154 969 1438 1029 appetere,
1492 975 1593 1030 pro
1646 962 1829 1016 salute
1879 961 2032 1016 enim

334 1056 526 1102 vestra
574 1054 767 1103 actum
820 1054 905 1103 est
954 1055 1017 1103 ut
1064 1048 1474 1116 experientiam
1525 1050 1703 1117 primo
1749 1049 2034 1104 haberetis

336 1135 727 1201 tenebrarum,
780 1142 835 1190 et
877 1134 1265 1190 tribulationis
1318 1137 1622 1206 Egyptim,
1672 1138 1757 1192 uti
1799 1138 2031 1193 demum

337 1224 653 1280 ferventius
676 1222 895 1279 sciretis
940 1222 1095 1278 viam
1124 1237 1275 1279 vera:
1301 1224 1598 1291 libertatis,
1647 1240 1715 1280 ac
1754 1225 1901 1281 lucis
1930 1240 2027 1282 ex-

338 1311 593 1382 quirere.

404 1400 576 1457 VEns.
612 1402 669 1465 6,
719 1405 772 1453 7.
805 1431 873 1440 —
908 1403 1190 1455 Biennium
1226 1405 1303 1454 est
1333 1401 1477 1469 quod
1519 1403 1680 1471 erepit
1717 1417 1828 1457 esse
1855 1403 2033 1468 fames

334 1488 395 1539 in
430 1491 613 1549 terra;
647 1490 699 1539 et
748 1486 926 1540 adhuc
957 1489 1196 1556 quinque
1235 1491 1377 1543 anni
1414 1494 1640 1553 restant,
1690 1484 1885 1558 quibus
1940 1505 2034 1542 nec

336 1576 494 1626 arari
533 1577 739 1642 poterit
775 1590 869 1627 nec
908 1576 1055 1628 meti.
1096 1577 1470 1643 Przmisitque
1506 1593 1587 1630 me
1637 1578 1922 1643 Dominus,
1972 1582 2032 1630 ut

2142 438 2242 502 tui,
2275 441 2325 488 et
2362 435 2490 505 ﬁlii,
2519 436 2767 503 ﬁliorum
2802 442 3033 497 tuorum,
3066 450 3185 487 oves
3224 440 3328 488 tua:
3356 440 3405 488 et
3436 441 3683 489 armenta
3719 440 3848 500 tua,

2140 530 2190 577 et
2233 527 2488 577 universa
2519 539 2637 591 qum
2680 524 2945 592 possides.
2996 524 3183 591 Ibique
3223 530 3271 576 te
3299 539 3538 591 pascam.
3575 524 3626 579 Si
3660 526 3854 579 attin-

2142 627 2274 681 gere
2323 613 2392 667 ad
2441 613 2550 666 mei
2584 613 2841 667 notitiam
2887 612 3070 681 eupis,
3122 613 3450 680 humiliare,
3488 629 3588 669 nec
3628 614 3686 669 iu
3717 615 3852 668 dies

2141 701 2478 755 descensum
2512 701 2650 755 velis
2679 688 2905 754 dillerre
2934 701 3099 754 Nam.

2322 790 2429 852 Qui
2455 804 2561 842 non
2582 795 2659 841 est
2689 789 2865 851 hodie,
2901 804 3021 841 cras
3050 790 3231 841 minus
3261 793 3424 857 aptus
3446 793 3568 843 erit.

3026 875 3129 930 Ov.
3162 878 3225 931 Β.
3259 892 3366 929 am.
3402 880 3490 930 9i.

2213 964 2441 1031 Gessen,
2509 967 2961 1034 appropinquans
3034 966 3348 1033 palpationi
3405 979 3586 1017 eorum
3660 961 3854 1017 inter-

2143 1060 2416 1120 pretatur.
2485 1054 2549 1107 In
2600 1062 2749 1107 terra
2803 1068 2939 1122 ergo
2998 1052 3209 1107 Gessen
3264 1053 3502 1118 habitat,
3573 1051 3858 1121 quisquis

2143 1155 2352 1208 corpus
2393 1155 2586 1207 suum,
2633 1155 2700 1195 ac
2731 1140 2776 1194 si
2809 1149 3021 1195 terram
3072 1154 3260 1207 suam,
3291 1146 3372 1195 sic
3420 1142 3565 1210 regit
3609 1147 3663 1193 et
3694 1138 3862 1193 ordi-

2145 1235 2263 1293 nat,
2299 1234 2362 1284 ut
2392 1229 2725 1298 palpationi,
2763 1229 2817 1283 id
2857 1237 2940 1283 est
2971 1228 3291 1292 tentatioui,
3330 1229 3599 1284 [luxuum
3629 1241 3855 1282 carna-

2147 1315 2285 1370 lium
2361 1316 2834 1385 appropinquare
2905 1316 3285 1371 discernendo
3350 1317 3596 1372 studeat.
3665 1317 3860 1371 Juxta

2147 1418 2318 1459 usum
2353 1404 2562 1460 divina
2593 1405 2816 1475 paginae
2850 1403 3114 1471 verbum,
3149 1405 3304 1475 quod
3337 1413 3422 1460 est
3453 1406 3683 1471 habitat,
3707 1405 3859 1472 poni

2146 1492 2288 1547 solet
2321 1507 2420 1562 pro
2467 1507 2533 1547 eo
2576 1493 2731 1562 quod
2779 1502 2861 1547 est
2912 1494 3243 1558 dominatur,
3304 1501 3365 1549 ut
3396 1502 3526 1548 est:
3587 1492 3862 1545 Inhabita

2148 1587 2372 1645 terram,
2413 1592 2463 1634 et
2503 1584 2743 1649 pasceris
2793 1585 2850 1634 in
2899 1582 3113 1635 divitiis
3148 1581 3264 1651 ejus
3314 1583 3482 1649 (Psal.
3536 1595 3733 1645 xxxvi,
3772 1583 3855 1641 3).

335 1675 502 1729 super
539 1666 742 1714 terram
788 1664 1090 1727 servemini,
1125 1668 1176 1716 et
1222 1678 1369 1717 escas
1412 1664 1486 1716 ad
1512 1665 1802 1717 vivendum
1842 1665 2035 1718 habere
2074 1641 2114 1694 Β
2154 1671 2248 1735 Tu,
2309 1670 2504 1739 itaque
2557 1670 2700 1723 ratio
2753 1684 2886 1723 cum
2946 1641 3201 1737 subjecto
3254 1669 3354 1723 tibi
3407 1668 3860 1738 cogitationum,

333 1751 580 1817 possitis.
633 1749 855 1805 Biennii
898 1749 1077 1805 fames
1101 1757 1205 1815 est,
1238 1765 1369 1806 cum
1416 1751 1606 1820 inopia
1655 1752 1863 1806 terreni
1914 1766 2037 1807 cor-

336 1837 423 1891 dis
456 1836 714 1892 absumit
748 1837 1035 1906 quidquid
1066 1838 1123 1891 iu
1159 1844 1303 1891 18⁸8
1352 1839 1663 1893 intentione
1696 1848 1749 1894 et
1784 1840 2038 1909 cogitatu

342 1924 576 1978 luminis
602 1931 656 1979 et
700 1924 1048 1994 integritatis
1078 1932 1177 1987 est.
1209 1925 1418 1980 Adhuc
1465 1925 1726 1994 quinque
1777 1926 1914 1980 anni
1946 1940 2031 1981 re-

337 2017 509 2075 stant,
531 2010 746 2079 quibus
763 2026 865 2065 nec
878 2019 1099 2076 aratur,
1116 2025 1220 2066 nec
1240 2012 1496 2079 metitur,
1514 2026 1644 2067 cum
1668 2026 1735 2066 ea
1756 2027 1889 2082 qua;
1913 2026 2039 2081 pro—

337 2097 556 2167 pinque
613 2098 872 2153 exterius
929 2113 1131 2153 sensus
1187 2099 1674 2154 administrantur
1731 2114 1904 2169 opera
1956 2102 2033 2155 ita

337 2184 603 2240 deﬂuunt
656 2172 854 2241 ut‘iiec
906 2186 1125 2242 bonum
1177 2196 1537 2253 exerceatur,
1572 2196 1626 2243 et
1678 2188 1747 2243 de
1801 2196 2031 2243 internae

336 2285 709 2342 nequaquam
770 2275 1167 2329 retributionis
1233 2276 1513 2330 messione
1577 2284 1832 2331 curetur.
1893 2278 2035 2330 Prae-

336 2362 487 2413 misit
521 2376 602 2414 me
643 2364 904 2415 Dominus
943 2367 1004 2416 ut
1049 2378 1212 2431 super
1258 2368 1459 2416 terram
1507 2363 1838 2428 servemini,
1901 2370 2035 2418 ante

338 2447 524 2501 cordis
561 2448 774 2503 scilicet
812 2463 902 2503 me
943 2448 1350 2518 pr'a-stituendo
1396 2450 1571 2504 vestri
1618 2450 1933 2513 contuitus,
1968 2457 2033 2505 ut

336 2548 511 2602 super
554 2542 767 2589 terram
800 2536 1057 2604 corporis
1103 2536 1471 2602 dominando,
1526 2545 1728 2592 contra
1761 2537 2033 2606 quaelibet

336 2628 677 2677 testamenta
727 2623 943 2676 servari
989 2623 1233 2691 possitis,
1267 2630 1322 2678 et
1362 2638 1492 2678 esca
1521 2624 1734 2679 divinae
1771 2625 2031 2680 consola-

337 2709 509 2764 tionis
540 2709 789 2764 vitaliter
815 2709 1105 2765 sublevari
1136 2710 1379 2779 queatis.

410 2798 579 2853 Vens.
628 2801 680 2853 8.
712 2828 783 2839 —
811 2801 930 2855 Non
975 2805 1151 2853 vestro
1203 2800 1445 2864 consilio,
1486 2799 1582 2853 sed
1631 2802 1723 2853 Dei
1751 2801 2031 2854 voluntate

336 2888 536 2940 missus
573 2902 730 2952 sum;
764 2889 861 2955 qui
887 2889 1019 2953 fecit
1055 2903 1138 2940 me
1167 2889 1330 2955 quasi
1378 2891 1590 2955 patrem
1622 2889 1949 2955 Pharaonis,
1980 2893 2031 2942 et

338 2975 613 3028 dominum
645 2978 907 3029 universa
949 2976 1137 3028 domus
1182 2975 1317 3043 ejus,
1360 2991 1421 3028 ac
1449 2979 1753 3044 principem
1800 2979 1858 3029 in
1887 2979 2033 3030 omni

341 3068 488 3116 terra
517 3063 776 3129 Egypti.
811 3062 933 3117 Non
966 3077 1048 3117 suc
1078 3072 1270 3118 vestra
1309 3063 1670 3131 providentia
1701 3072 1894 3119 actum
1924 3072 2029 3129 est,

339 3150 435 3205 sed
470 3151 891 3218 dispensatione
922 3151 1038 3218 Dei,
1091 3158 1155 3206 ut
1187 3152 1340 3219 quod
1370 3151 1615 3221 ngypto
1665 3151 1858 3206 illatus
1901 3167 2031 3207 sum

338 3238 409 3293 ad
443 3238 686 3293 salutem
731 3238 910 3303 fieret,
955 3246 1009 3292 et
1038 3252 1206 3292 casus
1253 3238 1474 3292 occasio
1517 3239 1820 3293 erectionis
1863 3248 2028 3307 esset,

341 3326 444 3394 qui
499 3333 737 3393 patrem,
788 3339 904 3379 non
963 3323 1188 3393 elTectu,
1248 3326 1344 3380 sed
1380 3327 1739 3392 auctoritate,
1787 3335 1842 3381 et
1889 3341 2033 3396 prae-

337 3412 548 3466 stantia
608 3425 697 3466 me
745 3411 1101 3480 dissipatoris
1157 3413 1465 3481 appetitus,
1528 3414 1617 3468 vel
1672 3414 1907 3482 diaboli,
1967 3422 2033 3470 ut

340 3499 481 3554 mihi
521 3499 781 3554 subesset
811 3500 1078 3560 instituit,
1133 3508 1187 3555 et
1216 3501 1531 3569 principem
1582 3514 1671 3555 me
1721 3509 1942 3556 terreno
1975 3501 2032 3555 in

338 3601 454 3657 quo
513 3594 898 3656 angustamur
948 3588 1194 3656 corpori,
1249 3595 1304 3641 et
1360 3588 1658 3641 dominum
1720 3587 2035 3656 praeficiens

336 3676 625 3730 universae
662 3674 863 3729 mundi
891 3674 1070 3744 hujus
1099 3674 1416 3744 cupiditati.
1453 3675 1678 3729 Patrem
1704 3682 1898 3729 autem
1931 3689 2033 3744 pro

337 3771 570 3817 auctore
613 3769 667 3817 et
719 3762 995 3832 magistro
1035 3763 1167 3831 poni
1228 3762 1369 3818 liber
1424 3776 1675 3831 praesens
1725 3764 1877 3817 testis
1925 3771 2028 3831 est,

336 3850 457 3915 ubi,
494 3850 553 3904 in
598 3849 780 3916 initio,
813 3850 984 3905 Jubal
1015 3858 1176 3918 pater
1211 3850 1544 3905 canentium
1576 3849 1717 3906 tibia
1740 3858 1795 3905 et
1813 3865 2031 3921 organo

337 3938 550 3992 dicitur
580 3937 739 4006 (Gen.
778 3952 853 4004 1v,
886 3937 1001 4005 21).

407 4041 579 4096 Vens.
601 4070 675 4082 —
703 4043 760 4097 9.
802 4043 1097 4107 Festinate,
1120 4048 1171 4096 et
1199 4042 1470 4096 ascendite
1502 4043 1577 4095 ad
1593 4048 1807 4111 patrem
1834 4059 2029 4111 meum,

337 4135 387 4183 et
426 4129 591 4183 dicite
637 4131 721 4182 ei:
780 4129 917 4183 Haec
962 4131 1193 4184 mandat
1239 4132 1388 4199 ﬁlius
1438 4136 1562 4184 tuus
1608 4133 1843 4199 Ioseph:
1897 4136 2032 4186 Deus

336 4233 419 4271 me
485 4218 617 4282 fecit
667 4217 944 4271 dominum
1002 4221 1266 4272 universae
1330 4224 1485 4272 terra?
1543 4219 1799 4286 Egypti.
1867 4220 2032 4275 Pater

337 4305 842 4361 intellectualitatis
878 4305 1043 4372 ratio,
1082 4306 1171 4360 vel
1217 4306 1455 4375 spiritus
1495 4314 1688 4361 noster
1737 4314 1841 4372 est,
1890 4308 2032 4377 quia

338 4381 654 4448 intellectus
680 4406 753 4447 ex
777 4392 997 4448 ratione
1036 4392 1340 4461 procedere
1367 4393 1745 4463 dignoscitur,
1789 4394 1918 4450 licet
1952 4397 2035 4452 in-

337 4479 781 4534 tellectualitatis
829 4478 1149 4549 specialiter
1192 4480 1319 4534 luce
1349 4480 1644 4548 lustretur,
1696 4484 1843 4538 sicut
1886 4484 2032 4539 ratio

338 4568 463 4637 ipsa
490 4581 563 4622 ex
594 4567 812 4632 anima,
834 4568 1105 4636 quamvis
1132 4568 1327 4621 anima
1357 4568 1592 4623 rationis
1644 4570 1764 4624 solo
1802 4571 2032 4639 penitus

337 4655 552 4711 honore
597 4656 667 4711 sit
715 4655 890 4710 clara.
943 4656 1027 4710 Ad
1066 4655 1225 4710 hunc
1292 4655 1632 4712 festinanter
1686 4658 2026 4725 ascendunt,

332 4758 466 4798 cum
511 4743 756 4811 singulis
789 4742 1005 4797 intima;
1045 4743 1419 4811 promotionis
1460 4745 1738 4813 gradibus
1768 4746 1840 4799 ab
1871 4747 2028 4800 omni

335 4845 394 4885 se
443 4830 874 4886 irrationalitate
903 4831 1155 4899 erigunt.
1196 4830 1478 4886 Nuntiant
1523 4846 1596 4886 ex
1639 4833 1910 4887 mandato
1945 4834 2032 4888 Jo-

334 4920 473 4988 seph
507 4919 791 4987 imperare
829 4932 961 4972 eum
1005 4919 1287 4972 universae
1316 4919 1582 4989 Egypto,
1616 4919 1755 4975 dum
1790 4921 2029 4976 interio-

331 5019 462 5061 rum
503 5019 781 5061 sensuum
811 5012 1001 5059 motus
1048 5004 1491 5074 intelligibiliter
1530 5007 1786 5075 aspirati,
1820 5015 2029 5076 gratu-

335 5091 535 5146 latorie
611 5105 744 5147 cum
825 5091 1059 5160 propria
1122 5100 1176 5147 et
1239 5093 1347 5148 sibi
1431 5092 1734 5161 praeposita
1808 5094 2029 5146 ratione

335 5179 591 5235 conferre
635 5188 961 5247 mouentur,
1010 5180 1261 5248 qualiter
1308 5181 1595 5248 insperato
1641 5179 1735 5233 Dei
1787 5192 2029 5234 munere

335 5281 512 5336 super
550 5267 865 5337 IEgyptum
910 5282 1161 5334 omnem,
1206 5267 1574 5323 tenebrarum
1614 5265 1826 5321 scilicet
1854 5279 2028 5335 opera

335 5353 692 5423 diriguntur.

410 5441 581 5498 Vnus.
632 5444 719 5510 l0,
772 5446 851 5496 ll.
897 5473 965 5482 —
1000 5442 1272 5496 Descende
1317 5442 1392 5496 ad
1426 5457 1528 5505 me,
1571 5456 1637 5494 ne
1685 5444 1927 5508 moreris,
1977 5446 2029 5494 et

2145 1764 2199 1812 et
2280 1757 2686 1823 intentionum,
2772 1765 3231 1826 czeterorumque
3313 1772 3380 1811 ac
3462 1759 3505 1811 si
3593 1756 3861 1810 filiorum

2148 1847 2353 1899 mentis
2433 1844 2740 1899 habituum
2815 1844 3103 1909 examine,
3172 1853 3227 1899 et
3295 1846 3428 1914 ipsa:
3503 1858 3629 1912 spes
3700 1858 3859 1899 mer-

2145 1933 2297 1987 cedis
2377 1947 2639 2002 operum,
2724 1947 2855 2001 quae
2932 1942 3066 1989 sunt
3151 1933 3253 1988 lilii
3333 1934 3633 2001 filiorum;
3722 1946 3856 1984 oves

2145 2028 2267 2083 tuae,
2298 2020 2530 2075 inﬁrma
2566 2020 2799 2087 scilicet,
2832 2026 2882 2073 et
2931 2027 3174 2074 armenta
3206 2026 3318 2085 tua,
3370 2020 3537 2075 fortia
3584 2018 3850 2088 profecto

2140 2111 2424 2164 virtutum
2459 2123 2651 2177 opera,
2694 2117 2749 2164 et
2796 2124 3163 2178 quzecunque
3212 2110 3387 2179 digna
3432 2109 3670 2163 rationis
3701 2121 3841 2176 pos—

2141 2196 2389 2250 sessione
2432 2204 2590 2261 sunt,
2643 2195 2753 2250 mei
2797 2195 3171 2265 contiguitate
3218 2194 3569 2260 fovebimini,
3616 2202 3670 2249 et
3704 2193 3846 2247 illa-

2138 2298 2245 2351 psu
2281 2284 2535 2339 alemini.
2570 2272 2784 2345 (Adhuc
2827 2286 2969 2336 enim
3013 2287 3252 2351 quinque
3297 2286 3431 2337 anni
3460 2283 3668 2337 residui
3708 2288 3849 2335 sunt

2137 2372 2332 2439 famis)
2382 2388 2447 2424 ne
2505 2377 2553 2424 et
2598 2378 2655 2423 tu
2710 2386 2919 2439 pereas.
2971 2371 3172 2425 Adhuc
3227 2371 3427 2426 inedia:
3482 2355 3733 2439 languor
3782 2370 3849 2424 iu

2139 2458 2485 2528 cogitatione
2514 2466 2805 2513 versatur-
2838 2458 3095 2513 Periculo
3135 2473 3271 2528 ergo
3315 2466 3412 2513 tuo
3462 2457 3717 2528 provide,
3766 2473 3848 2512 ne

2139 2560 2324 2615 usque
2381 2547 2451 2601 ad
2498 2546 2802 2601 exterioris
2850 2546 3097 2601 hominis
3144 2555 3355 2615 portas,
3420 2547 3592 2601 totius
3642 2546 3849 2600 conti-

2139 2633 2346 2689 nentiae
2371 2642 2426 2689 et
2462 2634 2636 2688 studii
2668 2635 2802 2689 boni
2836 2634 3152 2705 integritas,
3208 2634 3331 2703 pari
3376 2635 3599 2689 defectu
3645 2633 3849 2703 palam

2138 2722 2448 2777 occidenda
2505 2723 2774 2778 ducatur.
2837 2721 2926 2776 Sic
2980 2723 3135 2777 enim
3209 2724 3566 2778 conscientiae
3627 2722 3852 2777 domus

2136 2810 2550 2880 exstinguitur,
2579 2819 2633 2865 et
2657 2818 2897 2879 pereunt
2925 2825 3055 2880 qua;
3079 2811 3229 2865 intra
3250 2811 3338 2866 vel
3356 2819 3520 2865 extra
3551 2810 3847 2864 virtutum

2070 2931 2110 2985 Ο
2145 2897 2306 2952 lucra
2334 2899 2714 2968 possidentur.

2213 2986 2385 3042 Vnus.
2431 2990 2515 3040 1'2.
2548 3016 2621 3028 —
2650 2988 2742 3040 En
2790 2988 2932 3040 oculi
2975 2990 3162 3053 vestri,
3216 2992 3266 3042 et
3304 2988 3446 3040 oculi
3481 2987 3682 3051 fratris
3732 2989 3850 3038 mei

2140 3074 2447 3143 Benjamin,
2486 3076 2669 3128 vident
2716 3075 2860 3143 quod
2907 3090 2963 3128 os
3009 3092 3182 3128 meum
3238 3076 3480 3142 loquitur
3538 3074 3846 3128 vobiscum.

2141 3163 2266 3216 Jam
2300 3163 2515 3217 directa
2546 3162 2858 3217 intentione
2900 3161 3268 3217 rational‘ium
3301 3175 3578 3216 sensuum
3610 3168 3851 3215 vestro—

2141 3263 2293 3314 rum,
2345 3257 2399 3304 et
2446 3250 2924 3318 contemplatione
2994 3250 3089 3305 lilii
3148 3250 3392 3305 dexterae
3448 3247 3642 3304 fratris
3705 3249 3850 3314 mei,

2142 3336 2198 3390 id
2245 3343 2329 3391 est
2376 3337 2584 3391 futurae
2634 3336 3023 3404 beatitudinis,
3061 3336 3151 3392 cui
3208 3337 3409 3391 intima
3456 3343 3511 3390 et
3558 3348 3854 3405 germana

2141 3430 2221 3479 est
2254 3423 2441 3478 virtus
2472 3423 2967 3493 intelligibilitatis,
3000 3424 3220 3490 videtis,
3268 3423 3419 3492 quod
3463 3430 3545 3479 est
3584 3423 3848 3489 creditis,

2142 3523 2239 3564 ore
2296 3510 2467 3565 totius
2540 3510 2943 3565 rationalitatis
3009 3525 3097 3565 me
3154 3511 3260 3564 ista
3310 3510 3575 3579 proloqui
3642 3511 3834 3565 vobis.

2144 3597 2339 3663 (Vnus.
2402 3602 2509 3664 13.)
2566 3600 2829 3653 Nuntiate
2876 3601 3031 3667 patri
3080 3614 3193 3651 meo
3240 3601 3550 3651 universam
3597 3599 3845 3665 gloriam

2141 3701 2332 3749 meam,
2378 3692 2429 3738 et
2472 3692 2663 3739 cuncta
2709 3702 2828 3753 qua?
2867 3686 3086 3739 vidistis
3132 3689 3189 3738 in
3238 3686 3507 3753 Egi/pio,
3552 3687 3845 3749 festinate,

2140 3779 2192 3827 et
2210 3774 2466 3827 adducite
2495 3790 2614 3827 eum
2647 3774 2722 3827 ad
2763 3790 2859 3828 me.
2890 3774 3021 3839 Vos,
3076 3774 3173 3838 ait,
3210 3773 3448 3828 internae
3479 3772 3665 3828 cordis
3701 3788 3843 3841 pro-

2142 3862 2400 3932 pagines,
2446 3861 2701 3917 intimate
2744 3860 2969 3930 spiritui
3010 3859 3515 3916 intellectualitatis
3564 3860 3843 3929 gloriam,

2143 3958 2323 4019 utque
2361 3963 2486 4004 eam
2543 3949 2764 4019 gratius
2817 3949 3082 4018 excipiat,
3122 3948 3354 4019 JEgypti
3393 3948 3496 4003 sibi
3531 3949 3847 4017 proponite

2142 4038 2455 4102 miseriam,
2512 4045 2567 4093 et
2619 4038 2691 4092 ad
2744 4037 2866 4092 haec
2925 4037 3125 4093 crebro
3185 4036 3549 4107 suggerenda
3619 4036 3845 4092 evitate

2142 4126 2443 4181 desidiam.

2072 4225 2114 4278 Ι)
2213 4214 2383 4270 Vens.
2448 4214 2653 4280 14,13.
2683 4244 2753 4253 ——
2800 4214 3038 4282 Cumque
3089 4213 3437 4281 amplexatus
3491 4212 3720 4266 redisset
3776 4217 3847 4268 in

2141 4303 2332 4356 collum
2374 4303 2661 4371 Benjamin
2691 4304 2891 4368 fratris
2933 4304 3038 4368 sui,
3070 4304 3247 4369 ﬂevit;
3279 4300 3377 4354 illo
3418 4316 3627 4369 quoque
3670 4303 3846 4368 ﬂente

2138 4392 2391 4444 similiter
2445 4405 2607 4457 super
2652 4389 2843 4443 collum
2885 4388 3021 4457 ejus.
3073 4389 3462 4455 Osculatusque
3512 4393 3590 4441 est
3626 4391 3839 4457 Joseph

2138 4494 2321 4532 omnes
2347 4480 2551 4543 fratres
2589 4493 2735 4544 suos,
2766 4482 2816 4530 et
2842 4478 3083 4545 ploravit
3126 4493 3225 4545 per
3261 4478 3521 4544 singulos.
3556 4478 3681 4530 Post
3712 4494 3847 4545 quae

2138 4568 2262 4619 ausi
2290 4570 2418 4618 sunt
2446 4567 2597 4633 loqui
2623 4566 2697 4618 ad
2721 4581 2858 4618 eum.
2909 4564 3288 4632 Amplexetur
3337 4563 3660 4632 Benjamin,
3695 4580 3843 4622 cum

2136 4642 2457 4707 intellectus
2500 4653 2691 4708 fervor
2721 4652 2919 4707 dilatat
2954 4652 3239 4706 hominem
3278 4666 3462 4720 usque
3506 4652 3577 4706 ad
3626 4666 3842 4720 opera-

2136 4742 2307 4797 tionis
2344 4742 2481 4795 vim.
2535 4742 2900 4809 Amplexatio
2943 4748 3136 4795 autem
3169 4740 3308 4809 quia
3357 4739 3607 4794 brachiis
3655 4739 3737 4805 fit,
3779 4752 3843 4798 et

2137 4838 2399 4884 amanter
2438 4829 2722 4899 astringit,
2771 4842 2905 4882 cum
2948 4842 3120 4896 opere
3168 4828 3316 4881 bono
3365 4827 3700 4882 charitatem
3751 4829 3844 4884 in-

2138 4916 2504 4985 telligendam
2548 4916 2758 4971 innuit.
2796 4916 2857 4968 In
2909 4915 3050 4969 collo
3082 4929 3218 4969 vero
3252 4914 3656 4983 longanimitas
3706 4930 3844 4971 cou-

2135 5003 2242 5059 silii
2275 5004 2577 5073 signatur;
2606 5004 2751 5059 collo
2779 5004 2932 5058 enim
2963 5012 3018 5057 et
3042 5003 3207 5057 cibus
3235 5002 3583 5069 admittitur,
3628 5010 3684 5057 et
3714 5017 3841 5059 vox

2136 5091 2440 5155 emittitur,
2488 5091 2630 5146 illud
2681 5105 2914 5160 quoque
2956 5097 3011 5145 et
3040 5090 3167 5144 aliis
3216 5090 3525 5158 praebetur,
3585 5098 3639 5145 et
3696 5105 3844 5159 pra}-

2139 5180 2296 5236 benti
2322 5193 2356 5233 a
2381 5181 2564 5249 seipso
2595 5180 2947 5249 suggeritur.
2995 5179 3061 5233 In
3101 5176 3313 5233 collum
3356 5192 3493 5247 ergo
3526 5177 3839 5247 Benjamin

2136 5267 2300 5331 redit,
2330 5280 2463 5321 cum
2495 5266 2567 5321 ad
2614 5266 2918 5321 consilium
2948 5279 3215 5334 supernae
3255 5265 3370 5334 spei
3418 5279 3644 5334 semper
3674 5266 3843 5322 intel-

2135 5354 2383 5423 ligentiac
2412 5367 2576 5409 amor
2604 5353 2935 5409 inﬂectitur.
2991 5353 3107 5407 Flet
3152 5353 3385 5418 ibidem,
3434 5352 3528 5408 illo
3565 5352 3843 5411 similiter

2137 5456 2310 5510 super
2352 5442 2559 5496 collum
2605 5442 2730 5511 ejus
2789 5440 2976 5503 llente,
3027 5441 3165 5495 dum
3222 5441 3546 5496 intellectus
3587 5454 3663 5495 ex
3712 5444 3838 5511 spei
