3904 6066
0 234 5 280 ί
61 250 166 299 305

1263 249 1624 306 MOBALIUM
1665 252 1730 305 IN
1769 250 2074 306 GENESIN
2116 253 2245 305 LIB.
2286 253 2349 307 Χ.

3465 252 3566 303 306

0 372 1 375 “
60 375 484 443 exspectatione
531 375 808 443 afficitur,
858 383 913 430 et
972 391 1098 445 spes
1147 391 1215 432 ex
1274 378 1757 449 intelligihilitatis
1792 380 1840 433 Α
1868 387 1923 436 et
1955 387 2069 434 tota
2097 379 2435 449 supellectili
2468 379 2549 434 ire
2592 379 2869 449 praecipit,
2899 379 3039 434 dum
3076 378 3305 434 nullum
3336 379 3570 434 virtutis

60 463 483 519 consultatione
546 464 977 534 compungitur.
1041 465 1351 520 Osculatur
1407 468 1652 532 fratres,
1707 474 1762 523 et

58 551 249 619 plorat
288 565 386 619 per
428 551 705 621 singulos,
742 552 881 606 dum
934 552 1142 620 spiritu
1174 553 1464 621 sapientiae
1511 555 1763 609 internus

0 668 1 673 η
58 639 240 693 animi
274 638 383 694 sibi
417 647 602 694 motus
634 639 895 704 associat,
928 649 981 694 et
1012 640 1426 709 agglutinando
1457 642 1527 696 ad
1560 643 1762 712 cujus-

57 739 176 793 que
248 725 566 793 profectum
623 724 833 780 affectu
910 724 1136 794 pietatis
1189 734 1485 781 exaestuat.
1544 728 1759 783 Eorum

57 824 317 881 namque
348 825 493 880 quos
520 812 875 875 osculamur,
908 818 962 866 et
1002 811 1206 880 spiritu
1240 828 1386 881 saepe
1422 814 1758 882 imbuimur,

55 908 111 954 et
165 899 366 953 salivis
420 898 763 967 tinguimur.
823 899 933 967 Ipsi
989 899 1142 953 enim
1201 900 1339 953 dum
1390 897 1803 967 spiritualiter‘

0 1011 2 1018 ·
53 987 317 1055 sapiunt,
352 987 549 1041 salivis
590 987 884 1056 sapientiae
930 987 1114 1055 ipsum
1165 987 1578 1056 intelligibilem
1626 991 1762 1039 I63

0 1086 3 1109 ί
54 1076 415 1131 intellectum
450 1075 686 1130 faciunt.

128 1164 310 1218 Vnus.
368 1166 447 1217 l6.
502 1192 571 1202 —
617 1163 987 1231 Auditumque
1029 1168 1126 1229 est,
1177 1169 1226 1216 et
1276 1165 1468 1217 celebri
1525 1180 1765 1218 sermone

55 1254 349 1319 uulgatum
378 1255 437 1303 in
475 1252 605 1305 aula
650 1255 796 1317 regis
849 1266 860 1304 :
910 1254 1177 1306 Venerunt
1216 1256 1418 1318 fratres
1459 1254 1681 1321 Joseph;
1715 1258 1763 1305 et

0 1380 1 1385 η
56 1340 289 1404 gavisus
319 1343 397 1391 est
426 1338 659 1400 Pharao,
701 1343 863 1403 atque
895 1340 1065 1391 omnis
1096 1341 1317 1403 familia
1365 1340 1501 1407 ejus.
1531 1340 1594 1393 In
1628 1339 1764 1394 aula

57 1426 215 1495 regis
273 1425 530 1491 auditur,
591 1439 724 1480 cum
769 1426 824 1479 in
873 1424 1081 1481 affectu
1126 1426 1341 1481 carnali
1394 1426 1599 1481 mentis
1656 1426 1763 1481 ista

56 1514 310 1569 mutatio
332 1513 586 1583 graviter
616 1521 978 1582 personatur,
1008 1523 1062 1568 et
1090 1514 1254 1584 quasi
1287 1528 1421 1568 mox
1456 1514 1763 1569 evertenda

58 1602 318 1657 irrisorie
365 1602 705 1657 celebratur.
742 1602 887 1656 Aula
918 1608 1110 1656 autem
1148 1609 1250 1667 est,
1280 1602 1419 1671 quia
1451 1602 1530 1656 ibi
1557 1602 1763 1657 diabo-

56 1691 151 1745 lus
186 1689 481 1759 pratcipue
528 1689 876 1754 diversatur,
918 1697 972 1743 et
1015 1690 1094 1744 uti
1132 1703 1227 1743 rex
1272 1689 1572 1758 spatiatur.
1608 1690 1759 1745 Gau-

54 1778 223 1834 dium
255 1777 386 1847 ejus
425 1784 479 1832 et
525 1777 825 1840 vitiorum,
859 1791 989 1844 quae
1018 1776 1127 1831 sibi
1173 1776 1573 1831 asseculantur
1621 1779 1755 1845 (l5),

52 1880 129 1921 ex
181 1880 249 1921 eo
304 1878 655 1933 consurgere
706 1864 955 1928 videtur,
1014 1865 1155 1933 quia
1211 1872 1430 1934 quanto
1487 1864 1761 1920 fervidior

56 1953 240 2008 animi
297 1960 479 2007 status
522 1952 867 2021 plerumque
927 1952 1237 2019 praecedit,
1296 1959 1457 2006 tanto
1510 1952 1762 2007 rabidior

57 2042 371 2110 appetitus,
403 2048 457 2095 et
496 2041 894 2108 opportunitas
926 2039 1282 2107 postmodum
1317 2040 1584 2108 peccandi
1615 2040 1759 2096 sub—

57 2129 348 2197 sequitur.

129 2217 309 2272 Vsns.
348 2220 431 2280 l7,
484 2218 564 2269 l8.
599 2245 666 2253 --
707 2216 962 2281 Dixitque
1005 2214 1078 2267 ad
1117 2216 1314 2282 Ioseph
1358 2219 1418 2268 ut
1467 2217 1760 2284 imperaret

58 2306 338 2371 fratribus
391 2304 572 2357 dicens
628 2319 640 2356 :
693 2303 985 2358 (merantes
1022 2302 1274 2372 jumenta
1331 2306 1403 2356 ite
1443 2306 1503 2356 in
1562 2308 1762 2357 terram

60 2394 364 2457 Chanaan,
406 2397 456 2443 et
499 2391 667 2444 tollite
713 2390 840 2443 inde
877 2397 1088 2458 patrem
1124 2395 1361 2444 vestrum
1389 2395 1440 2443 et
1487 2394 1759 2456 cognatio-

54 2498 201 2545 nem,
254 2484 307 2533 et
336 2482 508 2533 venite
541 2478 616 2531 ad
653 2495 759 2543 me;
795 2483 845 2531 et
887 2494 981 2545 ego
1013 2479 1151 2532 dabo
1190 2479 1344 2533 nobis
1391 2483 1573 2532 omnia
1624 2480 1763 2532 bona

56 2570 329 2637 .Egypti,
384 2572 444 2619 ut
496 2566 787 2621 comedatis
840 2567 1132 2621 medullam
1183 2571 1356 2620 terrae.
1418 2566 1640 2621 Pharao
1690 2568 1761 2621 ad

50 2657 267 2726 Ioseph
301 2654 578 2724 loquitur,
620 2660 675 2709 et
724 2667 822 2722 per
849 2668 980 2709 eum
1029 2653 1306 2709 fratribus
1354 2654 1634 2722 imperare
1676 2655 1760 2709 ni-

54 2745 225 2808 titur,
279 2742 419 2798 dum
465 2740 843 2795 affectualitas
875 2739 1169 2795 lenociniis
1215 2740 1762 2797 intellectualitatem

53 2831 346 2898 dissipare
395 2828 750 2899 aggreditur,
796 2835 851 2882 et
898 2842 998 2896 per
1039 2842 1165 2883 eam
1216 2829 1509 2883 inferiores
1540 2832 1761 2899 cogita-

57 2918 288 2972 tionum
323 2924 506 2971 status
537 2916 855 2986 subjugare
900 2923 1161 2970 conatur.
1200 2915 1442 2971 Onerate
1473 2917 1757 2986 jumenta,

1873 466 2221 535 propositum
2271 468 2359 523 vel
2424 468 2677 524 studium
2736 482 2770 522 a
2817 467 3051 522 seducta
3105 467 3327 522 ratione
3383 467 3568 536 excipi

1871 553 2163 623 permittit,
2219 569 2317 624 per
2352 556 2508 624 quod
2541 555 2611 609 ab
2663 556 2907 624 [Egypto
2956 554 3158 609 redimi
3203 554 3395 623 possit.
3458 554 3567 622 Sic,

1873 640 2079 711 inquit,
2108 651 2412 710 suppetent
2450 643 2615 698 vobis
2645 643 2966 708 saecularia,
3004 651 3066 698 ut
3097 656 3212 697 non
3255 642 3442 698 doleat
3471 658 3572 698 vos

1872 730 2128 784 amisisse
2158 730 2498 799 spiritualia.

1944 817 2114 872 Vsus.
2156 820 2243 882 21,
2296 821 2383 871 22.
2434 848 2503 856 —
2548 820 2802 871 Fecerunt
2822 818 2939 885 filii
2980 818 3150 870 Israel
3194 821 3255 869 ut
3302 820 3377 870 eis
3406 832 3567 871 man-

1872 906 2059 957 datum
2090 908 2293 971 fuerat.
2331 906 2535 975 Quibus
2566 906 2717 959 dedit
2761 907 2958 973 Joseph
2996 906 3251 973 plaustra
3277 905 3567 959 secundum

1872 994 2173 1046 Pharaonis
2206 996 2511 1061 imperium,
2557 998 2606 1045 et
2633 994 2843 1047 cibaria
2889 996 2948 1045 in
2974 995 3183 1045 itinere.
3222 993 3569 1061 Singulisque

1867 1082 2108 1149 proferri
2132 1083 2304 1147 jussit
2335 1081 2490 1135 binas
2536 1082 2702 1134 stolas
2747 1097 2759 1133 :
2810 1080 3094 1147 ijamin
3120 1095 3242 1132 vero
3274 1080 3425 1132 dedit
3455 1088 3568 1132 tre-

1872 1174 2048 1221 centos
2092 1174 2369 1235 argenteos
2423 1184 2541 1221 cum
2592 1171 2828 1236 quinque
2881 1170 3030 1222 stolis
3081 1170 3321 1235 optimis.
3382 1168 3568 1222 Motus

1873 1256 2199 1323 rationales,
2236 1257 2336 1325 qui
2385 1270 2515 1311 cum
2562 1256 2675 1310 Deo
2728 1256 2923 1310 directi
2975 1255 3195 1324 pridem
3253 1263 3390 1311 sunt
3436 1255 3569 1324 (hoc

1871 1344 2023 1398 enim
2058 1344 2230 1398 Israel
2285 1344 2716 1413 interpretatur)
2753 1345 3007 1412 corrupti
3041 1342 3363 1397 intellectus
3402 1356 3570 1397 man-

1873 1432 2002 1486 dato
2046 1432 2337 1485 obediunt.
2389 1433 2643 1485 Plaustra
2685 1432 2801 1497 (lat,
2854 1446 2987 1486 cum
3038 1430 3450 1485 circumitionis
3492 1428 3570 1484 fo-

1872 1519 2108 1573 rinsecae
2139 1519 2408 1572 materias
2445 1519 2827 1584 administrat,
2874 1525 3042 1587 prout
3074 1518 3160 1572 vel
3190 1516 3447 1585 affectus,
3484 1518 3570 1572 vel

1873 1606 2135 1661 diabolus
2184 1606 2442 1676 imperat.
2496 1608 2720 1663 Cibaria
2770 1611 2826 1659 in
2876 1609 3071 1659 itinere
3122 1613 3372 1675 praestat,
3435 1620 3567 1660 cum

1803 1716 1842 1767 Β
1872 1694 2291 1748 suborientium
2324 1694 2525 1749 solatia
2559 1695 2923 1749 fortunarum
2961 1693 3150 1759 infert,
3198 1701 3260 1748 ut
3289 1692 3473 1761 magis
3500 1691 3570 1746 ad

1866 1796 2175 1836 excursum
2227 1782 2555 1850 cupiditatis
2607 1782 2838 1836 alliciat.
2873 1782 3119 1847 Singulis
3167 1780 3380 1850 profert
3413 1781 3571 1833 binas

1866 1871 2053 1935 stolas,
2081 1884 2215 1923 cum
2248 1869 2580 1938 quibusque
2610 1869 2854 1925 statibus
2889 1869 3186 1937 pollicetur
3218 1869 3365 1923 inter
3387 1882 3569 1939 agen-

1871 1958 1942 2011 da
1988 1956 2288 2011 saecularia
2340 1971 2533 2011 sacras
2580 1964 2635 2011 et
2691 1957 3052 2027 cogitationis
3098 1964 3151 2011 et
3184 1955 3376 2026 operis
3427 1970 3570 2011 con-

1870 2044 2159 2099 tinentias.
2226 2045 2513 2112 Benjamin
2568 2049 2824 2098 trecentos
2892 2049 3169 2110 argenteos
3223 2044 3367 2109 dat,
3427 2044 3567 2099 dum

1870 2131 2188 2201 ingenium,
2230 2131 2559 2186 memoriam
2596 2139 2649 2186 et
2684 2146 2874 2195 usum,
2909 2132 3030 2186 sine
3062 2131 3279 2200 quibus
3310 2130 3568 2186 numeris

1871 2228 2176 2289 argentum
2223 2218 2433 2273 divina).
2481 2218 2729 2273 scientiae
2778 2218 3027 2287 profecto
3074 2233 3188 2273 non
3235 2219 3459 2286 emicat,
3510 2233 3569 2274 se

1871 2307 1943 2362 ad
1976 2308 2375 2362 fulcimentum
2413 2307 2528 2376 spei
2562 2307 2648 2361 vel
2692 2305 2983 2360 electionis
3018 2304 3289 2359 daturum
3317 2304 3563 2373 jactitat.

1872 2397 1975 2448 Dat
2017 2401 2071 2448 et
2105 2394 2366 2462 quinque
2404 2393 2576 2449 stolas
2606 2393 2866 2462 optimas,
2915 2392 3053 2446 dum
3089 2390 3226 2445 falso
3257 2391 3429 2445 etiam
3458 2390 3568 2445 sibi

1870 2481 2110 2549 spondet
2158 2480 2513 2535 exteriorum
2561 2494 2833 2535 sensuum
2883 2476 3363 2546 impassibilitales
3392 2483 3568 2545 atque

1871 2567 2205 2622 munditias.

1944 2655 2113 2710 VEns.
2159 2656 2246 2708 23.
2287 2685 2355 2694 —
2400 2654 2751 2708 Tantumdem
2796 2655 3036 2722 pecuniae
3084 2657 3136 2705 et
3171 2653 3400 2705 vestium
3436 2654 3565 2705 mit-

1872 2748 1985 2797 tens
2012 2746 2164 2812 patri
2208 2758 2322 2809 suo,
2373 2743 2580 2795 addens
2619 2746 2668 2795 ei
2698 2744 2879 2795 asinos
2922 2741 3119 2808 decem,
3166 2742 3264 2809 qui
3309 2739 3565 2793 subvehe-

1869 2836 1989 2884 rent
2034 2848 2101 2884 θα)
2146 2832 2391 2884 omnibus
2443 2831 2656 2884 divitiis
2688 2829 2958 2897 Egypti,
3002 2834 3052 2882 et
3080 2828 3301 2881 totidem
3351 2829 3564 2894 asinas,

1872 2921 2113 2972 triticum
2141 2921 2199 2972 in
2240 2920 2432 2971 itinere
2469 2934 2741 2987 partesque
2782 2922 3080 2985 portantes.
3115 2916 3265 2971 Patri
3306 2923 3565 2971 tantum-

55 3012 343 3073 occupate
391 3004 545 3059 curis
604 3012 658 3059 et
711 3003 1195 3059 sollicitudinibus
1241 3004 1435 3059 szeculi
1496 3019 1754 3073 corpora.
1798 2988 1837 3042 (ἶ
1866 3005 1994 3060 dem
2029 3005 2218 3072 mittit,
2252 3005 2391 3074 quia
2420 3006 2645 3073 spiritui
2679 3005 2732 3058 in
2765 3004 3201 3073 przesentiarum
3234 3017 3351 3058 non
3375 3003 3567 3058 minus

49 3095 334 3149 Iumenta
383 3105 483 3160 pro
531 3091 870 3160 corporibus
914 3092 1050 3159 poni
1099 3091 1257 3146 testis
1307 3099 1393 3147 est
1432 3092 1692 3147 Psalmus
1743 3109 1755 3147 :

52 3185 181 3237 Non
223 3181 489 3249 pepercit,
535 3178 635 3243 ait,
685 3196 720 3231 a
768 3184 941 3232 morte
979 3182 1264 3234 animabus
1316 3196 1525 3246 eorum,
1583 3186 1633 3235 et
1670 3182 1761 3250 ju-

53 3274 241 3323 menta
298 3270 355 3319 in
395 3273 562 3321 morte
596 3268 855 3321 conclusit
901 3269 1066 3333 (Psal.
1112 3283 1323 3332 Lxxvu,
1365 3271 1473 3334 50).
1526 3271 1597 3321 In
1646 3273 1761 3323 ter-

54 3374 178 3410 ram
207 3356 484 3408 Chanaan
522 3358 614 3420 ite,
669 3355 811 3411 lucri
846 3355 1006 3410 vobis
1037 3355 1331 3426 profuturi
1364 3357 1591 3426 negotia
1627 3371 1760 3425 pro-

54 3444 280 3512 videte;
315 3443 591 3497 Chanaan
612 3443 765 3498 enim
789 3446 1091 3509 negotiator
1118 3443 1347 3497 dicitur.
1382 3443 1520 3498 Inde
1547 3449 1760 3512 patrem

54 3538 301 3585 vestrum
346 3530 534 3596 tollite,
566 3528 683 3584 solo
714 3529 925 3585 scilicet
954 3542 1188 3597 corpore
1218 3528 1514 3583 mundana
1542 3543 1760 3584 curan—

58 3628 161 3685 tes,
197 3626 253 3673 et
286 3617 566 3672 rationem
602 3617 714 3672 Deo
748 3617 985 3672 liberam
1026 3630 1233 3671 vacare
1265 3615 1536 3672 sinentes.
1575 3619 1762 3671 Tollite

55 3714 106 3760 et
147 3707 549 3772 coynationem,
603 3708 653 3757 et
697 3707 873 3757 venite
918 3703 993 3756 ad
1040 3719 1144 3765 me,
1194 3711 1518 3759 vestrarum
1575 3703 1757 3758 incre-

55 3803 256 3849 menta
290 3792 573 3847 virtutum
604 3806 637 3845 a
658 3791 868 3847 saeculo
897 3790 1170 3858 extollite,
1191 3799 1245 3847 et
1268 3791 1349 3847 sic
1366 3792 1485 3861 jam
1518 3791 1761 3858 pristina

48 3882 121 3937 de
155 3868 597 3936 conversatione
628 3878 834 3945 securi,
871 3877 943 3933 ad
973 3878 1173 3947 aliqua
1208 3878 1530 3934 secundum
1561 3892 1667 3945 me,
1703 3878 1759 3933 id

46 3977 137 4023 est
172 3966 533 4021 mundialem
564 3964 831 4021 affectum
864 3965 1134 4036 gerenda,
1166 3964 1405 4020 fidenter
1433 3965 1606 4020 corda
1632 3979 1761 4020 con—

47 4054 301 4119 vertite;
331 4062 388 4108 et
424 4067 558 4109 cum
602 4054 680 4109 ita
723 4061 1107 4124 temperanter
1138 4052 1352 4109 mundo
1396 4052 1480 4107 usi
1516 4052 1756 4120 fueritis,

45 4141 523 4199 exuberantibus
570 4141 852 4196 bonorum
908 4155 1278 4210 quorumque
1333 4141 1527 4210 copiis,
1591 4144 1761 4197 totius

48 4240 306 4286 terrena:
356 4229 618 4284 utilitatis
657 4228 990 4293 medullam,
1024 4228 1179 4298 quod
1208 4236 1290 4283 est
1336 4229 1618 4298 voluptas,
1653 4243 1761 4298 pa-

53 4320 172 4373 lato
205 4317 411 4372 intimo
441 4316 671 4384 sapietis
701 4316 841 4386 quid
874 4317 1024 4371 intro
1055 4323 1215 4385 gerat
1245 4316 1584 4372 dulcedinis.

129 4406 319 4460 Vnus.
368 4407 450 4461 l9.
482 4404 570 4457 20.
615 4434 683 4442 —
714 4404 963 4471 Praecipe
993 4407 1158 4456 etiam
1199 4408 1259 4456 ut
1287 4404 1478 4457 tollant
1506 4406 1754 4472 plaustra

53 4494 123 4547 de
169 4499 324 4546 terra
370 4493 639 4560 Egypti,
679 4492 757 4546 ad
796 4492 1186 4545 subvectionem
1230 4492 1584 4559 parvulorum
1631 4508 1756 4547 suo-

52 4598 209 4649 rum,
240 4584 295 4634 et
333 4581 644 4648 conjugum,
673 4584 723 4633 et
769 4579 931 4632 dicito
966 4595 979 4633 :
1028 4578 1221 4633 Tollite
1249 4583 1459 4647 patrem
1502 4584 1756 4648 vestrum,

48 4677 103 4725 et
130 4673 431 4739 properate
462 4670 780 4736 quantocius
808 4670 1095 4722 venientes.
1130 4669 1235 4723 Nec
1261 4667 1556 4722 dimittatis
1591 4669 1758 4737 quid-

48 4774 229 4829 quam
261 4756 331 4810 de
375 4757 696 4826 supellectili
730 4761 932 4825 vestra,
964 4759 1097 4825 quia
1124 4771 1301 4811 omnes
1330 4771 1452 4825 opes
1495 4756 1758 4826 Egypti,

47 4852 256 4902 vestrae
314 4851 490 4900 erunt.
542 4846 808 4901 Plaustra
865 4845 935 4901 de
990 4844 1586 4915 Egypto,tolluntur,
1628 4857 1762 4899 cum

52 4933 464 4990 volubilitates
506 4933 706 4987 mundi
754 4933 1164 4989 circumituum
1215 4934 1580 4999 adamantur,
1632 4946 1764 5002 quae

56 5022 225 5077 molae
278 5020 549 5076 asinariae
604 5020 663 5074 in
713 5020 1019 5090 Evangelio
1071 5028 1482 5090 comparantur
1539 5019 1760 5087 (Matth.

56 5125 214 5170 xvm,
272 5110 380 5179 16).
431 5108 495 5163 In
531 5106 619 5163 his
647 5106 921 5178 conjuges
964 5121 1031 5162 ac
1059 5108 1287 5177 parvuli
1335 5108 1763 5174 subvehuntur,

57 5198 199 5264 quia
256 5197 495 5266 fragiles
526 5211 661 5252 cum
706 5196 952 5250 infirmis
997 5196 1265 5264 operibus
1296 5196 1636 5263 voluntates,
1668 5209 1768 5264 per

60 5286 178 5339 haec
215 5284 295 5339 ad
322 5282 641 5354 Egyptum
684 5284 980 5353 mysticam
1011 5283 1396 5339 deducuntur.
1431 5284 1575 5339 Cum
1608 5292 1769 5353 patre

1866 3092 2270 3147 discretionum
2305 3102 2359 3147 et
2386 3092 2778 3157 scientiarum,
2811 3106 2913 3146 nec
2943 3106 3057 3146 non
3090 3099 3143 3145 et
3170 3090 3563 3145 sanctimoniae

1868 3180 2146 3248 promittit
2187 3194 2364 3249 quam
2407 3179 2525 3247 spei
2552 3178 2669 3248 jam
2713 3187 2767 3234 et
2808 3179 3016 3237 futurae
3047 3176 3421 3233 beatitudinis
3451 3178 3564 3232 mi-

1867 3280 2005 3322 sera:
2035 3266 2361 3321 certitudini
2410 3266 2581 3321 dedit.
2637 3268 2829 3320 Decem
2860 3268 2910 3319 ei
2961 3268 3143 3319 asinos
3193 3264 3370 3330 addit,
3429 3278 3561 3319 cum

1866 3368 2074 3423 corpus
2131 3361 2383 3423 quatuor
2439 3354 2733 3409 elementis
2793 3361 3103 3422 constans;
3158 3360 3212 3407 et
3270 3351 3562 3419 animam,

1867 3452 2015 3512 quae
2048 3442 2250 3508 tribus,
2287 3442 2577 3497 intellectu
2630 3441 2913 3506 videlicet,
2950 3441 3244 3496 voluntate
3271 3447 3325 3495 et
3355 3437 3564 3495 affectu

1865 3538 1948 3586 est
1989 3537 2290 3599 praestans,
2339 3530 2448 3584 sub
2485 3529 2624 3584 falso
2667 3528 2964 3583 Trinitatis
3002 3542 3195 3582 amore
3223 3526 3408 3582 eidem
3439 3527 3563 3596 spi-

1868 3618 2023 3684 ritui,
2083 3625 2145 3672 ut
2192 3617 2460 3684 deinceps
2515 3617 2745 3670 asinum
2796 3616 2986 3686 juvat,
3049 3629 3165 3669 non
3215 3622 3331 3669 tam
3391 3613 3564 3669 tradit

1867 3718 2043 3775 quam
2100 3703 2447 3759 mendaciter
2519 3703 2695 3757 addit.
2760 3703 2827 3757 Hi
2882 3716 2996 3756 non
3050 3701 3361 3756 Jerusalem
3393 3741 3410 3767 ,
3464 3701 3563 3756 sed

1865 3791 2119 3862 Egypti,
2153 3791 2384 3846 divitias
2411 3791 2762 3858 subvehunt,
2794 3790 2933 3859 quia
2958 3802 3326 3859 quaecunque
3356 3801 3560 3857 propo-

1865 3888 2093 3936 nuntur
2139 3880 2308 3947 bona,
2344 3879 2717 3934 tenebrarum
2760 3878 3179 3933 contractiones
3215 3884 3366 3932 sunt.
3404 3876 3564 3931 Toti-

1866 3969 1994 4024 dem
2025 3968 2217 4035 asinae,
2255 3970 2495 4021 triticum
2530 3969 2587 4020 in
2624 3970 2831 4032 itinere,
2867 3974 2919 4020 et
2945 3980 3112 4034 panes
3145 3971 3395 4034 portant,
3429 3978 3561 4019 cum

1864 4056 2094 4111 lasciva
2148 4056 2402 4124 corporis
2452 4062 2506 4110 et
2564 4055 2771 4109 animae
2827 4053 2934 4108 sub
2974 4052 3244 4108 simulato
3290 4052 3409 4119 Dei,
3460 4051 3563 4121 qui

1866 4145 2116 4200 Trinitas
2161 4152 2265 4211 est,
2312 4157 2504 4199 amore
2548 4142 2849 4208 motiones,
2902 4141 3285 4210 perfunctorie
3329 4140 3561 4209 quidem

1866 4240 1921 4287 et
1950 4233 2118 4302 quasi
2150 4232 2206 4287 in
2242 4230 2445 4286 itinere
2492 4231 2736 4286 verbum
2784 4229 2903 4295 Dei,
2937 4242 3052 4297 quo
3101 4227 3241 4283 alios
3287 4227 3476 4294 alunt,
3508 4232 3563 4280 et

1867 4322 2000 4390 ipsae
2029 4320 2244 4391 jejunae
2273 4326 2590 4384 remanent,
2628 4325 2887 4387 portant;
2922 4325 2977 4371 et
3011 4330 3184 4385 panes
3213 4314 3558 4385 gratiarum,

1865 4416 1919 4464 et
1948 4422 2258 4464 munerum
2287 4407 2617 4461 divinorum
2661 4420 2776 4460 non
2811 4404 2937 4471 sibi,
2968 4404 3064 4458 sed
3110 4402 3235 4458 aliis
3264 4401 3432 4458 utiles
3463 4415 3564 4472 per

1867 4494 2211 4565 hypocrisim
2241 4500 2549 4548 ostentant.

1939 4583 2110 4639 Vnus.
2143 4585 2229 4636 24.
2267 4612 2332 4620 —-
2358 4583 2572 4635 Dimisit
2593 4595 2716 4648 ergo
2735 4580 2939 4642 fratres
2966 4593 3110 4643 suos,
3145 4581 3195 4630 et
3220 4579 3560 4645 proﬁciscen-

1869 4671 2013 4725 tibus
2043 4673 2129 4725 ait
2162 4685 2173 4723 :
2198 4668 2276 4725 Ne
2304 4671 2625 4723 irascamini
2652 4671 2711 4721 in
2737 4669 2847 4721 via.
2875 4667 3101 4723 Fratres
3130 4664 3381 4730 dimittit,
3405 4677 3559 4730 cum,

1868 4759 1989 4813 sine
2026 4758 2140 4813 ullo
2172 4757 2410 4811 rationis
2429 4756 2518 4812 vel
2543 4754 3045 4811 intellectualitatis
3064 4752 3310 4823 objectu,
3337 4750 3565 4806 interio-

1870 4861 1959 4901 res
1988 4853 2168 4901 cmtus
2197 4844 2435 4899 arbitrio
2463 4858 2567 4898 suo
2598 4844 2825 4899 deserit.
2852 4841 3274 4898 Proficiscentes
3291 4853 3362 4893 ne
3386 4842 3443 4891 in
3471 4840 3563 4892 via

1871 4934 2196 4989 irascantur
2229 4932 2513 5002 prohibet,
2559 4931 2699 5001 quia
2741 4931 2813 4985 ab
2847 4930 3155 4985 intentione
3183 4933 3336 4982 recta
3365 4940 3562 4995 egres-

1870 5036 1981 5089 sos,
2013 5036 2084 5077 ne
2131 5023 2187 5076 in
2236 5020 2495 5075 avaritiae
2544 5018 2733 5075 studio
2781 5017 2854 5073 ab
2900 5016 3158 5085 appetitu
3192 5012 3561 5085 przesentium

1873 5109 2217 5179 gaudiorum
2260 5108 2508 5178 alicujus
2561 5106 2917 5176 oppositione
2954 5104 3198 5161 tristitiae
3248 5101 3515 5157 deficiant
3544 5142 3560 5168 ,

1875 5205 2203 5265 praemonet.
2257 5196 2450 5267 (Vnus.
2500 5194 2613 5264 25.)
2666 5196 2774 5260 Qui
2813 5192 3154 5247 ascendentes
3198 5207 3266 5244 ea:
3311 5190 3565 5259 Egypto

1872 5290 2132 5338 venerunt
2178 5287 2238 5338 in
2291 5290 2493 5338 terram
2531 5283 2793 5339 Chanaan
2838 5279 2911 5333 ad
2962 5283 3177 5348 patrem
3228 5292 3385 5332 suum
3422 5280 3565 5330 [64

126 5469 250 5540 (l5)
297 5466 608 5523 Derivatur
637 5468 707 5522 ab
738 5468 964 5535 assecla,
992 5466 1147 5537 quod
1178 5466 1465 5522 interdum
1498 5474 1552 5522 et
1578 5467 1821 5521 assecula
1848 5465 2141 5523 scribitur.
