3904 6066
363 243 464 298 307

1259 245 1319 297 V.
1360 242 1690 300 GUIBERTI
1726 242 2025 300 ABBATIS
2061 243 2117 298 S.
2160 243 2399 297 ΜΑΗῙᾸΞ
2439 242 2529 297 DE
2566 241 2954 298 NOVIGENTO

3759 248 3876 300 308

360 373 557 428 Jacob.
607 375 681 429 Et
708 374 1096 427 nuntiaverunt
1133 374 1184 426 ei
1224 371 1458 427 dicentes
1499 389 1512 426 :
1560 373 1768 440 Joseph
1799 373 1969 438 vivit;
1999 376 2050 424 et
2086 376 2134 429 Α
2162 370 2445 437 levimus,
2498 369 2707 427 deinde
2764 370 2836 426 ad
2896 371 3202 426 mortiferas
3257 371 3580 427 securitatis
3609 411 3626 439 ,
3678 386 3872 442 quam

362 462 481 530 ipse
526 460 840 515 dominatur
885 462 945 512 in
985 462 1133 513 omni
1174 465 1321 513 terra
1363 461 1624 532 Egypti.
1682 463 1763 515 Ea:
1801 461 2053 528 Egypto

363 548 698 614 ascendunt,
731 561 864 602 cum
903 547 976 602 ab
1009 548 1247 603 internae
1285 551 1570 619 angustiae
1602 549 1691 605 vel
1724 547 2054 604 tribulatio-

360 638 453 692 nis
505 635 791 703 contuitu,
851 635 912 691 in
958 643 1217 692 terrenas
1274 637 1686 707 negotiationes
1741 637 2049 692 excedunt.

361 723 464 779 Vel
494 724 573 778 ita
603 723 793 791 potius
834 738 847 776 :
903 723 1149 779 Consilio
1180 738 1372 793 pravae
1421 724 1771 780 remissionis
1799 730 2049 794 accepto,

358 824 432 865 ex
477 810 749 881 IEgyptia
778 811 1120 881 cogitatione
1151 812 1219 867 ad
1268 813 1545 867 rationem
1590 816 1648 866 in
1678 818 1879 866 terram
1906 814 2055 866 Cha-

358 913 527 963 naan,
577 898 677 954 ubi
721 899 844 969 jam
884 900 1094 955 smeulo
1142 900 1344 965 inhiat,
1402 900 1749 967 ascenditur,
1803 914 1932 956 cum
1979 899 2052 955 ad

359 986 785 1041 discutiendum
831 994 1046 1043 statum
1091 987 1269 1042 animi
1313 988 1434 1058 jam
1473 988 1719 1043 labantis
1754 995 1870 1043 tota
1904 987 2053 1041 inte-

359 1072 477 1127 rior
520 1073 846 1143 frequentia
890 1074 1141 1130 ducitur.
1193 1075 1422 1143 Joscph,
1470 1074 1766 1144 inquiunt,
1817 1088 1916 1144 per
1956 1074 2052 1129 in-

359 1159 733 1231 telligentiam
764 1169 987 1228 auctus,
1035 1169 1089 1217 et
1120 1162 1176 1216 in
1215 1177 1273 1217 se
1302 1162 1552 1218 vitaliter
1588 1163 1866 1227 subsistit,
1899 1162 2052 1217 unde

359 1261 588 1302 necesse
630 1255 714 1303 est
745 1255 809 1303 ut
839 1249 891 1304 ei
933 1249 1216 1319 ngyptize
1264 1249 1534 1305 caecitatis
1579 1250 1878 1304 terrenitas
1920 1249 2054 1305 sub-

359 1336 449 1390 sit.
483 1340 559 1390 Ac
587 1334 630 1391 si
662 1335 877 1392 addant
923 1350 936 1391 :
966 1339 1085 1393 Cur
1120 1351 1255 1407 ergo
1286 1337 1611 1405 involveris,
1646 1337 1800 1393 unde
1830 1338 2053 1394 dudum

359 1422 734 1493 processeris?

429 1511 601 1567 Vnus.
648 1512 738 1563 27.
793 1541 862 1549 —
910 1512 1023 1577 Quo
1077 1510 1268 1564 audito
1312 1512 1504 1579 Jacob,
1570 1514 1731 1580 quasi
1781 1512 1847 1566 de
1893 1513 2055 1579 gravi

358 1613 539 1653 somno
585 1600 876 1667 euigilans,
928 1604 1106 1652 tamen
1134 1612 1242 1651 non
1273 1599 1521 1652 credebat
1566 1602 1663 1653 eis.
1715 1600 1807 1654 Illi
1834 1604 2049 1653 econtra

357 1685 663 1752 referebant
710 1701 916 1740 omnem
971 1686 1215 1742 ordinem
1264 1688 1363 1740 rei.
1415 1687 1593 1742 Audit
1642 1687 1781 1741 dum
1815 1687 2047 1742 ratioci-

358 1780 561 1828 nantes
602 1773 973 1844 cogitationes
1020 1772 1304 1845 intelligit.
1351 1777 1424 1828 De
1466 1777 1628 1842 gravi
1654 1790 1835 1829 somno
1865 1774 2053 1845 evigi—

360 1859 459 1926 lat,
489 1875 621 1916 cum
653 1861 721 1916 de
750 1861 871 1932 jam
911 1861 1166 1931 concepti
1196 1862 1441 1931 torporis
1471 1862 1761 1917 nimietate
1786 1876 1845 1917 se
1873 1861 2053 1917 susci-

360 1956 460 2004 tat.
511 1949 723 2003 Tamen
757 1949 838 2003 eis
878 1961 995 2003 non
1041 1948 1240 2016 credit,
1293 1948 1434 2018 quia
1466 1956 1590 2018 post
1634 1949 1737 2004 has
1782 1949 2055 2004 volunta-

359 2045 483 2092 tum
530 2035 976 2106 proﬂigationes,
1020 2036 1255 2105 spiritus
1299 2043 1492 2091 noster
1534 2037 1602 2092 de
1652 2036 2055 2092 intellectuali-

362 2124 492 2180 tatis
537 2124 656 2178 vita
689 2123 907 2178 diffidit.
964 2123 1063 2177 Illi
1106 2129 1323 2177 econtra
1360 2125 1603 2177 ordinem
1646 2127 1729 2178 rei
1774 2124 2051 2185 referunt,

359 2209 499 2265 dum
548 2209 754 2266 mentis
818 2209 966 2264 inter
1024 2211 1365 2265 tentationes
1408 2210 1669 2265 habitum
1731 2210 2054 2266 accusando

360 2296 511 2362 hinc,
543 2296 875 2352 excusando
920 2295 1054 2352 inde
1088 2298 1474 2367 praetendunt.
1510 2298 1712 2362 (Vnus.
1750 2298 1861 2369 28.)
1896 2300 2051 2354 Cum-

360 2399 462 2452 que
506 2385 736 2438 vidisset
775 2386 1062 2453 plaustra,
1114 2389 1164 2438 et
1206 2387 1462 2439 universa
1511 2401 1630 2454 quae
1674 2387 1917 2451 miserat,
1975 2398 2056 2437 re-

358 2474 504 2526 vixit
531 2474 762 2540 spiritus
792 2475 929 2542 ejus,
959 2477 1011 2527 et
1039 2474 1122 2527 ait
1153 2488 1166 2526 :
1208 2473 1427 2540 Sufﬁcit
1459 2475 1597 2526 mihi
1617 2475 1667 2527 si
1701 2474 1879 2526 adhuc
1907 2473 2054 2540 ﬁlius

358 2573 505 2613 meus
550 2558 746 2627 Joseph
786 2561 951 2628 vivit;
990 2559 1211 2625 vadum,
1264 2565 1314 2613 et
1361 2559 1552 2614 videbo
1598 2576 1717 2614 eum
1765 2564 2055 2628 antequam

359 2646 583 2699 moriar.
636 2647 912 2711 Plaustra,
943 2652 999 2701 et
1043 2645 1157 2701 alia
1187 2660 1318 2715 quae
1353 2648 1681 2714 mittuntur,
1714 2648 1888 2715 videt,
1921 2662 2055 2703 cum

360 2732 749 2788 volubilitates
788 2731 1132 2802 gloriarum,
1162 2740 1217 2788 et
1244 2733 1626 2789 simulatrices
1655 2735 2052 2801 continentias,

362 2833 540 2890 quam
589 2819 866 2875 fallaciter
918 2819 1262 2885 inferantur,
1307 2821 1423 2876 alta
1476 2822 1663 2877 cordis
1712 2823 2056 2892 dispectione

361 2908 641 2962 recenset.
680 2907 922 2976 Spiritus
976 2921 1112 2979 ergo
1155 2907 1286 2963 inde
1334 2908 1644 2976 reviviscit,
1691 2911 1831 2979 quia
1872 2925 1945 2966 ex
1987 2925 2051 2967 eo
2089 2930 2131 2982 α

362 3008 515 3065 spem
564 2994 698 3050 vitae
743 2993 1031 3050 interioris
1079 2994 1312 3066 colligit,
1360 2996 1514 3065 quod
1570 2997 1859 3052 subtiliter
1908 2998 1967 3053 in
1997 3012 2057 3052 se

363 3081 633 3152 quzelibet
686 3082 1157 3151 reprehendenda
1213 3082 1507 3139 discernit.
1558 3085 1797 3152 Sufﬁcit,
1844 3085 2055 3155 inquit,

361 3169 501 3223 mihi
533 3170 605 3225 ad
637 3169 992 3225 incentivum
1022 3171 1382 3241 resurgendi,
1410 3172 1457 3226 si
1484 3172 1871 3243 intelligentiae
1902 3175 2056 3230 acri-

361 3256 558 3313 monia
585 3257 811 3328 vigeat;
841 3257 1043 3312 vadam
1088 3258 1283 3328 itaque
1321 3260 1393 3314 ab
1426 3260 1646 3315 inertiae
1681 3262 1966 3330 proposito
1998 3261 2055 3316 in

363 3343 849 3415 intelligibilitatis
886 3345 1081 3402 lumen
1113 3346 1340 3413 exacui,
1375 3354 1690 3417 antequam
1718 3349 2060 3420 exstinguar

366 3431 659 3488 mortifera
686 3433 1199 3503 procrastinatione
1225 3434 1505 3490 mutandi.

980 3573 1213 3632 CAPUT
1252 3575 1451 3633 XLVI.

437 3696 609 3754 Vnus.
644 3701 692 3765 1,
726 3699 777 3751 2.
824 3727 891 3737 —
935 3699 1318 3767 Profectusque
1363 3703 1442 3752 est
1469 3700 1637 3753 Israel
1665 3715 1785 3753 cum
1814 3700 2058 3756 omnibus

366 3800 487 3855 qua
516 3786 766 3853 habebat,
798 3788 850 3839 et
876 3788 1023 3839 venit
1051 3786 1125 3839 ad
1148 3788 1374 3841 Puteum
1399 3787 1738 3853 Juramenti,
1760 3792 1828 3855 et,
1852 3794 2059 3842 macta-

367 3874 439 3927 tis
486 3873 566 3926 ibi
608 3874 841 3926 victimis
872 3876 977 3927 Deo
1012 3876 1190 3942 patris
1227 3876 1317 3927 sui
1350 3875 1523 3935 Isaac,
1556 3875 1773 3929 audivit
1818 3890 1938 3929 eum
1965 3892 2062 3944 per

364 3963 625 4015 visionem
671 3964 821 4014 nocte
854 3965 1128 4015 vocantem
1155 3975 1228 4015 se.
1279 3962 1410 4017 Cum
1449 3962 1694 4016 omnibus
1740 3978 1860 4030 quae
1898 3964 2060 4018 habe-

369 4048 463 4103 bat
504 4047 678 4103 Israel
728 4047 1127 4117 proliciscitur,
1178 4062 1308 4104 cum
1363 4048 1435 4103 ad
1481 4049 1810 4117 proﬁciendi
1841 4051 2060 4121 appeti-

367 4143 493 4193 tum
525 4134 902 4206 spiritualitas
945 4135 1203 4202 tendens,
1236 4150 1370 4192 cum
1418 4137 1531 4192 Deo
1566 4136 1836 4209 dirigitur
1866 4139 2061 4209 (Israel

369 4237 625 4293 namque
655 4223 891 4278 directus
939 4225 1037 4277 Dei
1072 4223 1303 4294 dicitur)
1351 4239 1481 4280 cum
1531 4239 1650 4295 qua
1687 4233 1743 4282 et
1784 4227 2058 4283 universa

371 4309 596 4380 pietatis
623 4308 896 4365 exercitia
935 4309 1358 4380 exemplantur.
1394 4311 1485 4365 Ad
1512 4313 1733 4366 Puteum
1759 4314 2065 4368 Juramenti

367 4398 532 4463 venit,
565 4409 700 4452 cum
742 4395 1068 4452 studiorum
1104 4396 1388 4453 bonorum
1421 4398 1688 4453 examine
1718 4398 1917 4466 fretus,
1954 4400 2059 4457 ab-

370 4482 555 4539 ditum
595 4481 760 4538 illum
789 4483 1001 4540 divinae
1029 4484 1326 4554 sapientiae
1363 4485 1597 4551 fontem,
1639 4486 1743 4541 ubi
1774 4486 1948 4543 totius
1973 4502 2062 4544 re-

370 4570 600 4642 ligionis
623 4570 761 4642 jura
788 4570 1113 4639 ﬁrmantur,
1146 4572 1381 4641 spiritus
1406 4581 1598 4629 noster
1616 4573 1869 4645 attingit.
1903 4576 2061 4632 Unde

370 4661 420 4710 et
441 4659 621 4727 patris
667 4661 757 4713 sui
797 4660 954 4714 Isaac
981 4662 1084 4714 Deo
1112 4659 1377 4715 victimas
1408 4667 1639 4727 mactat,
1675 4664 1815 4732 quia
1845 4662 2061 4719 intimae

370 4745 711 4815 dulcedinis,
760 4747 873 4803 imo
916 4747 1071 4816 putei
1121 4747 1371 4804 viventis
1414 4761 1612 4817 sapore
1658 4756 1904 4820 gustato,
1948 4752 2063 4809 Deo

368 4846 546 4902 super
572 4834 888 4897 caelestium
919 4834 1157 4902 civium,
1194 4836 1294 4905 qui
1326 4836 1436 4892 sibi
1476 4837 1548 4892 ad
1576 4844 1805 4893 aeternae
1846 4837 2061 4908 jucun-

370 4921 565 4977 ditatis
612 4922 794 4978 risum
840 4930 1030 4993 patres
1057 4930 1112 4979 et
1152 4924 1350 4993 praevii
1380 4932 1537 4993 sunt,
1580 4924 1851 4980 vitiorum
1884 4926 2060 4982 victo-

371 5009 486 5066 rias
527 5009 806 5066 immolat.
854 5010 1018 5066 Tunc
1066 5025 1201 5067 eum
1241 5027 1339 5080 per
1384 5014 1646 5066 visionem
1687 5028 1743 5066 se
1787 5019 2063 5069 vocantem

370 5098 552 5167 audit,
577 5098 718 5155 dum
743 5098 1146 5155 collationibus
1166 5099 1488 5171 gratiarum
1516 5099 1847 5156 electionem
1873 5116 2059 5169 suam,

370 5197 490 5253 qua
530 5194 775 5242 vocatur
803 5187 876 5243 ad
906 5187 1169 5258 gloriam,
1207 5186 1492 5257 intelligit.
1534 5187 1690 5244 Visio
1716 5196 1911 5245 autem
1943 5190 2065 5260 ipsa

368 5278 452 5328 est
493 5273 749 5342 mystice,
799 5289 931 5345 quin
973 5281 1028 5331 et
1065 5275 1306 5331 auditio.
1356 5275 1581 5333 Vocans
1625 5276 1822 5347 itaque
1868 5277 2004 5334 dicit
2044 5293 2058 5333 ε

367 5361 549 5429 Iacob,
579 5363 760 5417 Iacob.
812 5363 1043 5420 Iteratio
1088 5363 1421 5427 vocationis,
1455 5378 1586 5434 quae
1632 5372 1688 5420 et
1715 5354 2095 5435 supplantaJ

371 5456 549 5506 torem
582 5458 763 5520 sonat,
810 5451 996 5523 primo
1041 5452 1116 5509 ad
1144 5451 1442 5518 vitiorum,
1471 5451 1690 5523 quibus
1715 5452 1852 5510 olim
1897 5453 2061 5511 obso-

2161 457 2329 525 quasi
2367 472 2439 514 ex
2482 459 2693 514 virtute
2738 460 3141 527 concepimus,
3190 459 3542 515 eversionem
3584 460 3870 528 spiritum

2162 552 2366 600 mutat.
2420 546 2521 600 Cui
2577 560 2805 601 necesse
2859 554 2963 612 est,
3019 548 3154 600 Ecce
3211 547 3443 615 adsum,
3502 555 3565 603 ut
3622 547 3876 602 indilate

2158 632 2604 719 obtemperando
2636 639 2996 703 respondeat.

2229 746 2403 803 Vnus.
2438 750 2490 810 3,
2524 749 2575 801 4.
2625 778 2694 787 -
2724 749 2823 802 Ait
2867 749 2954 801 illi
2982 750 3126 802 Deus
3170 763 3184 801 :
3220 749 3332 815 Ego
3380 748 3524 802 Deus
3570 763 3701 803 sum
3744 749 3873 813 for-

2160 835 2400 889 tissimus
2428 839 2609 904 patris
2635 839 2718 890 tui
2748 852 2760 889 :
2796 837 2909 890 noli
2936 837 3132 895 timere,
3156 835 3412 890 descende
3438 838 3496 889 in
3520 836 3868 906 Egi/ptum,

2160 926 2292 992 quia
2319 926 2378 976 in
2406 931 2612 991 gentem
2646 940 2901 992 magnam
2934 926 3141 991 faciam
3179 926 3229 978 te
3258 926 3355 978 ibi.
3390 927 3503 991 Ego
3533 925 3875 979 descendam

2160 1015 2332 1064 tecum
2373 1012 2523 1079 illuc,
2569 1017 2619 1066 et
2647 1028 2740 1080 ego
2778 1013 2905 1066 inde
2952 1012 3223 1066 adducam
3269 1017 3317 1066 te
3345 1018 3712 1067 revertentem.
3766 1015 3872 1067 Jo-

2158 1100 2290 1167 seph
2345 1114 2554 1168 quoque
2593 1104 2756 1168 ponet
2808 1115 3030 1154 manum
3083 1115 3250 1169 super
3306 1102 3481 1155 oculos
3539 1106 3676 1155 tuos.
3717 1102 3870 1165 Cur,

2160 1186 2377 1256 inquis,
2411 1188 2482 1242 ad
2530 1188 2868 1243 subruenda
2908 1187 3084 1243 noxia
3125 1203 3376 1258 quaeque
3409 1189 3634 1256 metuis,
3668 1191 3776 1258 qui
3816 1198 3871 1244 et

2163 1274 2341 1328 Deum
2391 1274 2611 1342 fortem,
2660 1282 2716 1330 et
2760 1275 2999 1330 rationis
3056 1283 3168 1330 tuae
3218 1275 3369 1330 vires
3418 1275 3727 1331 fortiﬁcare
3761 1290 3871 1345 po-

2161 1367 2368 1415 tentem
2400 1361 2529 1427 scis,
2561 1362 2710 1416 sicut
2742 1361 3043 1417 fortissime
3091 1361 3358 1432 adjutum
3406 1363 3708 1431 ccelestem,
3759 1364 3869 1433 qui

2156 1447 2274 1518 jam
2333 1448 2454 1504 haec
2509 1449 2936 1519 triumphavit,
3002 1450 3259 1518 priorum
3314 1457 3547 1523 patrum
3604 1465 3871 1506 cuneum

2160 1533 2361 1601 credis,
2408 1548 2578 1604 quem
2641 1535 2724 1590 uti
2764 1535 2988 1591 Patrem
3033 1536 3370 1591 aemularis?
3420 1536 3739 1592 Humiliare
3803 1538 3864 1593 in

2089 1644 2130 1699 Β
2161 1622 2408 1677 convalli
2461 1622 2740 1689 mceroris,
2801 1624 2954 1693 quod
3010 1630 3093 1679 est
3146 1624 3431 1693 .IEgyptus
3463 1665 3478 1692 ,
3539 1625 3678 1694 quia
3730 1627 3871 1681 talis

2159 1710 2450 1766 descensio
2501 1711 2718 1780 grande
2770 1712 2871 1767 tibi
2923 1711 3107 1780 pariet
3164 1711 3449 1766 virtutum
3482 1726 3685 1782 genus.
3736 1714 3871 1780 Ego

2160 1797 2478 1852 descendam
2510 1804 2700 1864 tecum,
2732 1811 2867 1853 nam
2897 1797 3215 1855 humilibus
3244 1799 3505 1855 conferor
3528 1815 3627 1870 per
3655 1806 3869 1872 gratiae

2161 1885 2398 1941 donum.
2447 1889 2519 1941 Et
2571 1887 2695 1939 inde
2737 1887 3009 1941 adducam
3051 1891 3101 1940 te
3145 1892 3514 1953 revertentem,
3560 1888 3629 1943 de
3675 1904 3867 1944 coan-

2162 1973 2552 2041 gustiantibus
2584 1981 2633 2029 te
2675 1974 3163 2041 tribulationibus,
3206 1975 3259 2029 id
3302 1984 3386 2030 est
3422 1976 3685 2046 (Egypto,
3720 1977 3862 2032 sub-

2162 2060 2363 2115 levabo
2408 2068 2459 2115 te
2504 2061 2575 2116 ad
2630 2061 3095 2130 impassibilitatis
3125 2063 3388 2132 gloriam.
3423 2064 3627 2133 Ioseph
3657 2065 3865 2132 (intel-

2160 2147 2527 2204 lectualitatis
2559 2149 2770 2205 scilicet
2816 2154 3177 2218 augmentum)
3223 2151 3449 2206 interim
3498 2152 3637 2207 dum
3674 2153 3865 2222 tEgy-

2162 2242 2327 2304 ptum
2371 2236 2591 2303 incolis,
2638 2238 3013 2305 auctoritatis,
3067 2239 3450 2309 potentiaeque
3508 2254 3628 2295 suae
3676 2253 3864 2295 manu

2161 2315 2357 2378 oculos
2416 2323 2798 2380 intentionum
2858 2332 3090 2381 tuarum
3152 2325 3343 2381 debita
3396 2327 3505 2382 sub
3563 2328 3865 2382 honestate

2163 2418 2418 2481 proteget
2439 2417 2613 2481 atque
2643 2412 2921 2468 tuebitur.

2233 2522 2403 2578 VERS.
2455 2526 2506 2590 5,
2556 2527 2626 2592 6,
2675 2525 2728 2579 '7.
2781 2555 2844 2565 —
2892 2526 3143 2581 Surrexit
3186 2527 3350 2581 Jacob
3397 2543 3433 2580 a
3480 2529 3644 2581 Puteo
3685 2531 3867 2583 Jura-

2164 2614 2359 2681 menti;
2404 2614 2747 2682 tuleruntque
2786 2629 2903 2667 enm
2934 2616 3041 2682 ﬁlii
3073 2630 3191 2668 cum
3221 2617 3468 2683 paruulis
3500 2622 3551 2670 et
3595 2617 3867 2671 umoribus

2160 2700 2220 2752 in
2264 2701 2530 2767 plaustris
2580 2716 2699 2768 qua
2736 2704 2958 2755 miserat
3008 2703 3222 2756 Pharao
3271 2704 3346 2756 ad
3392 2703 3728 2772 portandum
3776 2720 3866 2758 se-

2160 2802 2299 2853 nem,
2331 2791 2382 2840 et
2427 2790 2610 2841 omnia
2656 2804 2775 2857 qua
2799 2790 3117 2859 possederat
3160 2793 3219 2844 in
3252 2796 3400 2845 terra
3446 2793 3730 2859 Chanaan,
3764 2809 3863 2846 ve-

2162 2876 2350 2942 nitque
2392 2877 2454 2928 in
2495 2875 2807 2945 Egyptum
2846 2893 2966 2930 cum
3002 2880 3151 2931 omni
3192 2881 3391 2932 semine
3421 2894 3538 2943 suo,
3578 2881 3683 2947 ﬁlii
3722 2881 3857 2948 ejus,

2159 2965 2210 3014 et
2256 2966 2489 3030 nepotes,
2536 2965 2685 3032 ﬁliae,
2728 2968 2778 3019 et
2819 2969 3013 3019 cuncta
3061 2967 3225 3020 simul
3261 2968 3564 3035 progenies.
3620 2969 3660 3021 Α
3695 2969 3864 3023 Puteo

2159 3051 2467 3104 Juramenti
2499 3051 2704 3122 surgit,
2738 3066 2870 3107 cum
2910 3052 2982 3108 ab
3014 3052 3230 3109 intimis
3260 3053 3470 3109 divinae
3499 3055 3865 3125 cogitationis

2160 3136 2436 3203 fontibus,
2484 3152 2586 3207 per
2632 3154 2777 3209 quos
2805 3140 2953 3195 solos
3000 3141 3316 3196 sanctitatis
3358 3150 3646 3211 proposuta
3692 3144 3862 3199 robo-

2161 3232 2386 3291 rantur,
2438 3225 2677 3295 spiritus
2717 3235 2911 3282 noster
2938 3228 3235 3284 excrescit.
3273 3228 3379 3285 Sed
3420 3238 3754 3300 surgentem
3805 3235 3864 3285 in

2160 3313 2428 3383 plaustris
2458 3329 2578 3382 quae
2622 3316 2838 3369 Pharao
2876 3313 3099 3370 miserat
3133 3316 3245 3379 filii
3289 3332 3407 3371 cum
3454 3317 3683 3385 tollunt,
3721 3321 3864 3388 quia

2161 3399 2533 3471 cegitationes
2561 3410 2617 3458 et
2657 3416 2833 3472 opera
2870 3418 3002 3474 quas
3031 3418 3105 3459 ex
3155 3404 3321 3460 nobis
3368 3405 3651 3476 prodeunt
3698 3407 3863 3463 initio

2162 3489 2590 3556 conversionis,
2641 3504 2759 3545 non
2789 3497 2904 3545 tam
2958 3505 2992 3545 a
3022 3491 3187 3547 nobis
3228 3499 3515 3563 reguntur
3561 3507 3739 3563 quam
3788 3508 3865 3549 se-

2163 3577 2422 3633 cundum
2446 3576 2757 3633 volubilem
2790 3578 2921 3634 vitae
2941 3580 3149 3634 veteris
3170 3586 3411 3645 statum,
3439 3581 3539 3650 qui
3571 3594 3606 3635 a
3634 3580 3863 3638 diabolo

2163 3663 2438 3720 inductus
2461 3670 2565 3727 est,
2607 3677 2821 3731 senem,
2859 3665 3112 3731 labilem,
3143 3676 3198 3722 et
3230 3667 3537 3737 proclivem
3568 3669 3861 3738 spiritum.

2166 3751 2426 3818 innoxia,
2476 3759 2709 3821 propter
2754 3752 3002 3808 lasciviae
3044 3763 3099 3809 et
3128 3756 3460 3825 cupiditatis
3502 3769 3736 3822 uxores,
3773 3758 3865 3813 vel

2166 3838 2410 3894 infirmae
2458 3840 2842 3896 exsecutionis
2888 3842 3187 3910 parvulos,
3236 3850 3465 3913 regunt.
3513 3844 3707 3899 Omnia
3745 3861 3865 3914 qua

2162 3926 2475 3995 possederat
2510 3928 2568 3980 in
2596 3931 2743 3981 terra
2793 3929 3055 3985 Chanaan
3105 3931 3473 3995 comitantur,
3510 3931 3648 4000 quia
3695 3933 3865 4002 quid-

2168 4012 2310 4082 quid
2345 4012 2405 4067 in
2448 4013 2710 4070 saeculari
2755 4017 3188 4073 conversatione
3236 4018 3482 4074 levitatis
3524 4019 3860 4089 habuimus,

2169 4099 2504 4168 nobiscum,
2562 4107 2707 4157 165
2767 4104 3014 4160 velimus
3069 4105 3348 4173 nolimus,
3402 4106 3655 4163 ferimus.
3713 4108 3862 4166 Cum

2097 4189 2324 4274 Domni
2373 4190 2589 4246 semine
2646 4199 2840 4248 nostro
2896 4193 2954 4247 in
3010 4194 3324 4264 Egyptum
3379 4195 3679 4264 venimus,
3727 4213 3863 4254 cum

2167 4276 2363 4331 omnia
2408 4291 2539 4347 quae
2586 4292 2659 4334 ex
2712 4288 2907 4336 nostra
2962 4282 3301 4338 carnalitate
3358 4293 3728 4355 generantur,
3790 4288 3860 4343 ad

2166 4364 2482 4434 IEgyptum
2528 4366 2707 4422 nostri
2753 4367 3010 4437 ipsorum
3057 4371 3403 4440 cognitionis
3448 4371 3862 4429 confessionem

2168 4451 2571 4510 descendentes
2623 4454 2987 4524 proferimus.
3042 4456 3242 4513 Semen
3299 4459 3470 4514 etiam
3520 4467 3700 4529 potest
3742 4476 3863 4517 esse

2168 4540 2293 4610 ipsa
2320 4540 2603 4609 voluntas,
2638 4557 2814 4612 quam
2853 4558 3080 4599 omnem
3132 4545 3390 4613 fecimus,
3446 4562 3578 4603 cum
3610 4548 3680 4603 ad
3713 4548 3864 4605 bona

2169 4628 2437 4698 quaelibet
2501 4628 2885 4686 benivolentia
2938 4646 3049 4687 non
3121 4647 3403 4690 caremus.
3460 4637 3632 4703 Filii,
3689 4651 3863 4706 opera

2170 4723 2361 4771 nostra
2389 4724 2544 4784 sunt,
2572 4724 2807 4787 nepotes,
2842 4719 2941 4775 ﬁlii
2981 4720 3194 4776 scilicet
3236 4722 3502 4790 filiorum,
3540 4722 3763 4780 fructus
3810 4734 3862 4782 et

2169 4804 2423 4872 praemia,
2470 4804 2528 4860 in
2558 4819 2656 4873 spe
2700 4813 2890 4861 tamen
2939 4808 3150 4875 adhuc,
3203 4817 3339 4865 sunt
3383 4825 3646 4880 operum.
3684 4814 3858 4881 Filiae,

2169 4891 2438 4962 qualibet
2480 4891 2747 4949 muliebri
2792 4902 2919 4949 acta
2958 4896 3212 4963 mollitie,
3248 4911 3381 4952 cum
3438 4898 3594 4954 omni
3648 4902 3859 4969 promi-

2167 4993 2319 5036 scuae
2348 4980 2880 5048 administrationis,
2914 4981 3195 5039 bonorum
3245 4984 3505 5042 videlicet
3546 4988 3858 5044 malorum-

2170 5081 2284 5137 que
2315 5068 2604 5139 progenie.

2240 5191 2409 5248 Vans.
2456 5195 2544 5247 27.
2590 5225 2660 5234 —
2707 5192 2897 5249 Omnes
2943 5198 3142 5250 animae
3169 5195 3360 5251 domus
3406 5197 3569 5252 Jacob
3609 5213 3727 5267 quas
3771 5202 3858 5254 in-

2167 5294 2363 5347 gressa
2411 5286 2543 5335 sunt
2586 5284 2643 5336 in
2688 5286 2983 5351 Egyptum
3029 5285 3183 5348 fuere
3228 5286 3595 5353 septuaginta.
3650 5285 3859 5356 Septies

2153 5366 2344 5444 .denos
2373 5369 2737 5440 septuaginta
2765 5369 2970 5435 facere,
3017 5371 3162 5427 nulli
3211 5386 3322 5426 non
3355 5372 3725 5442 perspicuum
3750 5383 3853 5430 est.

2167 5455 2378 5512 Anima
2397 5464 2589 5513 autem
2610 5471 2725 5515 non
2750 5457 2911 5516 aliud
2940 5472 3119 5529 quam
3146 5460 3477 5516 animalitas
3497 5461 3854 5534 intelligitur,
