3924 6088
212 164 316 216 309

1417 167 1781 227 MORALIUM
1820 169 1892 223 IN
1931 169 2230 228 GENESIN
2271 172 2397 227 LIB.
2437 173 2499 227 X.

3608 183 3710 235 310

213 294 501 353 Denarius
529 299 602 354 ad
649 299 1015 370 Decalogum,
1064 301 1417 369 septenarius
1447 302 1648 359 attinet
1690 302 1762 357 ad
1792 316 1904 358 sa—
1940 307 1989 359 A
2016 302 2227 360 dicitur
2266 305 2594 361 erubescens.
2648 305 2715 362 In
2773 308 3035 371 terrenis,
3086 308 3189 378 ait,
3232 309 3406 379 pudet
3446 325 3544 368 eos
3578 318 3708 368 stu-

212 383 330 439 culi
363 387 660 454 prasentis
687 401 1023 443 excursum.
1058 387 1425 444 Animalitate
1456 403 1594 459 ergo
1633 390 1754 445 istis
1779 403 1911 459 qua

214 471 461 527 adversa
494 472 598 528 sibi
633 481 789 539 sunt,
817 473 943 542 lege
973 473 1069 528 Dei
1103 482 1156 528 et
1201 475 1429 540 saculo,
1485 476 1673 531 media
1713 476 1914 531 consti-

215 566 341 614 tuta
358 560 607 626 duobus,
623 575 756 623 cum
776 561 957 616 multa
971 561 1177 615 suimet
1194 560 1911 632 suﬁarcinationespiritus

213 646 551 716 Egyptum,
579 648 634 702 id
664 655 747 703 est
775 648 1036 703 obscura
1066 648 1256 702 adhuc
1285 649 1530 704 latebras
1558 651 1784 717 mentis,
1814 664 1911 721 ag-

214 734 516 804 greditur;
542 737 781 805 Spiritus
800 736 951 791 enim
969 736 1091 805 lege
1104 736 1462 792 consentiens
1486 745 1783 807 promptus
1804 746 1906 804 est,

212 834 348 876 caro
380 830 568 877 autem
592 823 821 879 inlirma
848 824 1117 879 renititur
1137 824 1353 893 (Matth.
1381 839 1540 891 xxvr,
1570 828 1679 895 14).
1709 827 1906 895 (Vens.

212 909 293 977 8.)
315 912 469 964 Misit
505 916 685 964 autem
719 912 880 965 Jacob
927 911 1126 965 Judam
1173 918 1299 965 ante
1352 927 1407 966 se
1444 913 1519 967 ad
1571 915 1799 984 Joseph,
1848 920 1910 970 ut

209 1000 495 1052 nuntiaret
522 1001 589 1065 ei,
618 1005 668 1053 et
697 1000 788 1053 ille
831 1000 1067 1053 occurrit
1094 1001 1145 1053 ei
1179 1002 1238 1053 in
1272 1000 1483 1055 Gessen.
1525 1000 1579 1057 Si
1623 1002 1776 1057 enim
1810 1016 1911 1072 per

207 1085 742 1154 supplantationem
794 1087 1005 1156 peccati
1057 1088 1128 1142 ad
1178 1087 1564 1158 intelligentia
1617 1104 1906 1145 summam

207 1173 497 1243 attingere
548 1174 819 1230 volumus
881 1189 981 1244 per
1059 1177 1463 1241 confessionem,
1543 1177 1697 1245 quod
1742 1178 1905 1233 Juda

204 1276 420 1316 nomen
460 1270 646 1328 sonat,
691 1261 948 1317 notitiam
984 1263 1111 1332 ejus
1162 1276 1561 1332 praoccupare
1608 1264 1901 1321 debemus.

202 1349 371 1404 Hanc
400 1349 580 1420 igitur
608 1358 963 1418 sequestram
997 1352 1129 1419 jure
1163 1351 1582 1419 praemittimus,
1614 1360 1668 1408 et
1710 1367 1841 1408 mox
1873 1368 1904 1408 e

204 1437 404 1493 vicino
429 1437 581 1492 illam
616 1437 810 1493 adesse
861 1436 1162 1499 sentimus,
1199 1444 1500 1506 postquam
1531 1441 1903 1497 conscientias

200 1524 530 1580 conﬁtendo
579 1525 1072 1581 mundaverimus.
1131 1523 1338 1580 Gessen
1384 1538 1636 1595 namque
1684 1528 1897 1585 dicitur

195 1615 478 1667 vicinitas.
532 1614 687 1669 Beati
730 1612 944 1682 quippe
981 1613 1183 1667 mundi
1231 1613 1418 1679 corde,
1469 1614 1745 1682 quoniam
1785 1616 1892 1687 ipsi

196 1701 387 1756 Deum
416 1700 695 1756 videbunt
723 1701 945 1769 (Matth.
975 1716 1025 1767 γ,
1061 1699 1134 1770 8).

277 1789 443 1845 Vens.
493 1791 581 1843 29.
646 1791 762 1854 Quo
812 1804 931 1842 cum
991 1788 1343 1856 pervenisset,
1403 1788 1621 1857 junctos
1697 1794 1894 1861 Ioseph

191 1893 365 1931 curru
391 1893 507 1941 suo,
538 1877 780 1931 ascendit
825 1877 1036 1930 obviam
1066 1878 1219 1943 patri
1262 1875 1337 1929 ad
1391 1877 1633 1932 eumdem
1688 1879 1883 1935 locum.

192 1965 467 2021 Diximus
513 1972 567 2020 et
599 1965 805 2021 Gessen
858 1963 1124 2033 superius
1177 1964 1541 2033 interpretari
1588 1972 1889 2037 appropin-

190 2068 372 2121 quans
405 2054 718 2123 palpationi
742 2068 944 2106 eorum.
979 2052 1048 2106 Et
1086 2050 1324 2121 spiritus
1370 2066 1487 2106 non
1529 2052 1648 2122 jam
1685 2054 1892 2112 imbel-

190 2140 287 2205 lis,
331 2150 633 2211 postquam
683 2154 783 2210 per
827 2139 1202 2194 subtilitatem
1236 2138 1598 2207 dispectionis
1631 2142 1890 2200 imminet

187 2228 661 2298 suggestionibus
700 2227 916 2298 quibus
963 2241 1066 2282 nos
1113 2226 1349 2295 palpant
1397 2227 1678 2284 lenocinia
1720 2231 1887 2288 vitio-

188 2329 328 2371 rum
348 2317 539 2383 juncto
576 2317 773 2385 Joseph
811 2331 976 2370 curru
1013 2314 1258 2368 ascendit
1294 2315 1507 2370 obviam
1543 2321 1715 2385 patri,
1750 2320 1888 2388 quia

188 2418 299 2472 per
346 2404 443 2459 Dei
498 2405 758 2459 timorem
805 2403 1128 2459 coadunato
1185 2400 1361 2457 totius
1415 2404 1710 2472 sapientia
1768 2422 1888 2462 sua

189 2491 657 2548 intellectualitas
698 2492 932 2561 impetu,
984 2491 1053 2545 ad
1102 2490 1411 2545 evertenda
1459 2491 1669 2548 diaboli
1708 2508 1887 2565 regna

186 2580 444 2648 spiritui,
489 2581 543 2635 id
572 2588 656 2636 est
695 2579 921 2646 rationi,
973 2580 1067 2634 cui
1100 2577 1286 2647 proles
1322 2578 1529 2634 nobilis
1573 2589 1676 2648 est,
1709 2582 1886 2637 auxi-

188 2666 337 2722 lium
381 2668 573 2723 latura
621 2669 937 2737 consurgit.
1003 2666 1309 2735 'v'idensque
1355 2682 1474 2721 eum
1510 2670 1677 2723 irruit
1722 2686 1884 2739 super

186 2759 388 2813 collum
443 2758 583 2824 ejus,
657 2762 707 2811 et
790 2759 933 2811 inter
980 2756 1262 2823 amplexus
1310 2756 1457 2820 flivit
1509 2756 1701 2826 (Vnus.
1772 2759 1880 2823 30.)

2018 391 2230 459 duisse,
2258 393 2356 448 ubi
2388 393 2642 449 fructum
2689 393 2887 450 vident
2924 394 3097 451 studii
3145 410 3205 451 se
3236 396 3570 454 nullatenus
3597 399 3708 455 ha-

2018 478 2231 545 buisse,
2276 479 2658 550 intelligenter
2698 482 2907 537 amodo
2957 482 3158 538 volunt
3201 483 3415 552 vivere,
3455 492 3509 541 et
3549 499 3705 553 oves,

2018 566 2397 635 simplicitatis
2439 566 2650 622 scilicet
2693 581 2882 636 opera,
2936 567 3179 624 viriliter
3224 571 3462 640 exsequi
3506 578 3561 627 et
3589 587 3706 629 nu-

2019 652 2174 717 trire,
2208 668 2312 708 nec
2340 653 2648 709 divisiones
2671 653 3002 723 cupiditatis
3039 663 3093 711 et
3126 656 3454 714 invidentia
3485 666 3705 714 sectan-

2017 746 2115 794 tur
2142 747 2197 795 et
2225 741 2510 809 superbia
2539 742 2830 809 scandala,
2863 743 2958 798 sed
2992 744 3275 799 virtutum
3306 759 3440 800 cum
3470 745 3705 801 humili-

2018 834 2130 883 tate
2156 829 2427 884 exercitia
2475 829 2757 900 gregatim
2811 844 2879 885 ac
2937 831 3167 900 paciﬁce
3229 832 3594 901 coharentia,
3652 841 3706 889 et

2015 915 2144 971 ideo
2175 914 2247 971 ali
2272 921 2327 972 et
2375 915 2569 972 curari
2610 915 2804 986 digna.
2849 916 2942 973 Nil
2982 917 3229 974 carnalis
3258 918 3366 974 sibi
3401 920 3703 988 patiuntur

2018 1004 2261 1059 residere
2293 1004 2569 1073 licentia;
2598 1020 2793 1074 pecora
2832 1010 2882 1058 et
2915 1012 3182 1074 armenta,
3217 1006 3446 1063 infirma
3486 1014 3543 1065 et
3584 1006 3704 1066 for-

2015 1092 2092 1147 tia
2125 1100 2252 1147 acta
2279 1108 2405 1157 sua,
2448 1093 2731 1163 quidquid
2781 1107 3020 1149 suorum
3068 1096 3137 1149 ad
3179 1096 3442 1166 regulam
3489 1098 3701 1168 corrigi

2012 1182 2217 1248 potuit,
2253 1181 2325 1235 ad
2356 1180 2472 1236 vim
2505 1181 2803 1237 duxerunt
2833 1181 3074 1237 ccclesiis
3099 1183 3367 1240 scientia.

2084 1268 2255 1323 Vens.
2292 1271 2378 1329 33,
2412 1271 2493 1322 34.
2533 1299 2601 1307 ——
2638 1269 2875 1337 Cumque
2916 1272 3187 1324 vocaverit
3227 1286 3318 1325 vos
3357 1278 3408 1327 et
3454 1273 3698 1328 dixerit:

2013 1356 2288 1421 Quodest
2332 1372 2464 1425 opus
2509 1359 2791 1434 vestrum?
2827 1358 3265 1425 Respondebitis:
3314 1362 3432 1415 Viri
3458 1366 3702 1429 pastores

2010 1458 2193 1498 sumus
2215 1446 2360 1498 servi
2389 1446 2490 1511 tui,
2531 1444 2598 1498 ab
2628 1446 2875 1510 infantia
2916 1450 3104 1499 nostra
3140 1460 3307 1514 usque
3347 1448 3404 1500 in
3440 1463 3698 1515 praesens,

2009 1537 2059 1586 et
2082 1547 2176 1586 nos
2197 1537 2244 1586 et
2273 1537 2459 1601 patres
2496 1535 2691 1587 nostri.
2724 1535 2847 1587 Hac
2892 1537 3072 1586 autem
3107 1533 3318 1598 dicetis,
3350 1538 3411 1588 ut
3454 1534 3704 1590 habitare

2003 1622 2225 1688 possitis
2283 1623 2341 1674 in
2396 1625 2542 1675 terra
2591 1621 2804 1687 Gessen,
2862 1622 2995 1688 quia
3050 1621 3388 1675 detestantur
3437 1622 3704 1692 Egyptii

2003 1721 2181 1760 omnes
2228 1711 2474 1775 pastores
2543 1708 2742 1760 ovium.
2812 1706 2985 1761 Vocat
3057 1720 3161 1762 nos
3218 1707 3463 1775 Pharao,
3522 1715 3577 1764 et
3633 1708 3701 1764 de

2002 1808 2171 1863 opere
2200 1794 2542 1859 sciscitatur,
2574 1808 2707 1849 cum
2741 1794 3150 1851 tentationibus
3200 1795 3415 1864 pulsat,
3461 1802 3515 1851 et
3560 1808 3696 1852 cau-

2001 1894 2093 1935 sas
2120 1896 2358 1951 operum
2384 1895 2675 1951 operaque
2715 1881 2832 1951 ipse
2875 1881 3139 1937 diabolus
3182 1883 3386 1939 callide
3428 1883 3695 1939 rimatur.

2000 1968 2106 2024 Sed
2163 1968 2398 2024 viriliter
2448 1968 2516 2023 de
2564 1976 2862 2038 pastoratu
2912 1969 3293 2040 simplicitatis
3347 1971 3695 2041 responden-

1999 2055 2137 2109 dum
2172 2064 2275 2122 est,
2322 2063 2376 2111 et
2418 2054 2545 2110 licet
2586 2070 2685 2124 per
2738 2055 3019 2111 infantilis
3062 2057 3241 2113 animi
3292 2058 3694 2115 hebetudinem

1998 2142 2323 2198 anhelando
2385 2143 2443 2198 in
2484 2143 2788 2212 prasentia
2833 2151 2888 2199 et
2946 2143 3145 2200 futura
3201 2146 3543 2217 negligendo
3586 2146 3693 2202 sibi

1997 2230 2384 2295 servierimus,
2453 2238 2643 2286 motus
2710 2231 2923 2287 scilicet
2993 2232 3341 2302 principales
3398 2234 3581 2290 nostri
3636 2241 3693 2289 et

1997 2323 2113 2372 tota
2142 2317 2378 2386 spiritus
2408 2317 2737 2386 paternitas,
2784 2324 2974 2374 tamen
3021 2320 3263 2375 summis
3308 2320 3533 2377 viribus
3560 2321 3690 2376 eni-

1996 2405 2254 2471 tendum,
2284 2412 2348 2459 ut
2392 2413 2541 2460 terra
2581 2405 2961 2461 cultibilitatis
3009 2406 3269 2475 interna,
3325 2421 3445 2477 qua
3493 2407 3686 2478 palpa-

1997 2492 2136 2547 tioni
2167 2492 2439 2547 vitiorum
2467 2492 2775 2559 assistitur,
2827 2494 2990 2549 nobis
3016 2495 3331 2551 habitanda
3356 2502 3411 2551 et
3436 2496 3689 2566 regenda

1994 2578 2169 2635 libere
2203 2586 2450 2645 maneat,
2492 2588 2546 2634 et
2588 2587 2743 2635 tanto
2786 2580 3066 2645 solertius,
3119 2589 3339 2651 quanto
3383 2582 3687 2638 saeculares

1993 2668 2213 2737 quique
2242 2666 2427 2737 magis
2455 2667 2768 2723 exhorreut
2801 2668 3139 2723 innocentia
3168 2682 3234 2723 ac
3262 2669 3530 2737 puritatis
3557 2676 3683 2725 stu-

1992 2755 2106 2810 dia.
2167 2756 2304 2821 Qua
2361 2762 2690 2824 sequuntur
2730 2755 2987 2825 exposita
3038 2764 3210 2826 sunt;
3272 2771 3387 2812 non
3429 2756 3685 2827 exposita

184 2847 357 2900 Diait
385 2850 542 2913 pater
596 2844 671 2898 ad
722 2846 948 2912 Joseph:
978 2845 1103 2897 .Iam
1142 2843 1293 2896 latus
1332 2846 1556 2911 moriar,
1605 2848 1737 2913 quia
1764 2846 1885 2899 vidi
1920 2858 1960 2913 ρ
1993 2856 2398 2914 proponamus.

179 2934 386 2999 faciem
419 2937 588 3000 tuam,
636 2936 687 2986 et
713 2934 1056 3001 superstitem
1102 2935 1151 2985 te
1199 2937 1465 2998 relinquo.
1516 2935 1655 2987 Eum
1701 2934 1882 2988 cernit

180 3033 321 3075 cum
395 3019 619 3075 sibimet
688 3018 1008 3075 intellectus
1062 3019 1183 3090 ipse
1224 3022 1529 3079 utilitatem
1591 3020 1881 3077 excellen-

182 3108 444 3176 tiamque
492 3108 791 3163 illustrata
854 3122 888 3162 a
932 3110 1043 3163 Deo
1107 3109 1346 3165 rationis
1394 3107 1655 3164 ostendit.
1708 3108 1882 3176 Super

178 3196 379 3249 collum
399 3197 587 3258 irruit,
610 3210 745 3251 cum
774 3195 1011 3251 consilio
1059 3196 1373 3265 spiritualis
1401 3196 1526 3266 ejus
1558 3196 1710 3250 vocis
1755 3209 1881 3266 gra-

178 3291 374 3339 tanter
418 3283 735 3353 applaudit.
789 3286 937 3338 Inter
983 3286 1271 3353 amplexus
1319 3284 1435 3349 ﬂet,
1485 3298 1619 3339 cum
1668 3282 1879 3338 interni

179 3371 273 3427 sui
335 3371 621 3437 desiderii,
682 3386 799 3442 quo
853 3373 967 3427 Deo
1037 3380 1091 3428 et
1166 3372 1455 3442 spirituali
1513 3371 1874 3442 astringitur,

180 3467 390 3515 astum
417 3459 706 3515 evidentia
753 3473 991 3529 operum
1040 3459 1265 3530 pietatis
1309 3459 1561 3516 exhibet.
1608 3459 1691 3514 Ex
1728 3459 1879 3514 inte-

182 3545 321 3602 riori
355 3560 607 3617 namque
638 3554 797 3603 motu
827 3547 899 3603 ad
949 3547 1148 3603 faciem
1202 3548 1371 3604 ﬂetus
1407 3547 1706 3604 emittitur.
1756 3550 1878 3602 Jam

181 3636 358 3702 latus,
393 3635 604 3706 inquit,
647 3638 871 3702 moriar,
922 3636 1063 3705 quia
1114 3649 1383 3706 persensa
1425 3634 1638 3691 calesti
1675 3634 1878 3690 dulce-

181 3722 340 3788 dine,
374 3723 610 3791 spiritus
653 3721 773 3792 jam
814 3723 1057 3779 libenter
1085 3731 1243 3793 optat
1273 3722 1567 3794 exstingui
1614 3722 1878 3778 saculari

182 3808 415 3878 penitus
471 3810 687 3879 gloria.
752 3813 968 3865 Faciem
1012 3811 1186 3878 enim,
1245 3810 1302 3866 id
1362 3816 1447 3865 est
1504 3809 1878 3864 clarissimam

181 3896 343 3951 illam
406 3898 659 3966 speciem
710 3897 1120 3969 intelligentia,
1184 3898 1422 3968 spiritus
1492 3897 1747 3968 attigisse
1819 3910 1879 3952 se

180 3985 413 4055 gaudet,
444 4000 549 4040 nec
579 3985 719 4055 quia
764 3986 982 4041 mundo
1013 3985 1285 4041 occubuit
1333 3984 1501 4051 dolet,
1552 3991 1748 4054 utpote
1774 3983 1876 4052 qui

178 4086 249 4126 ex
310 4084 378 4125 ea
442 4080 621 4127 morte
700 4071 1030 4128 interiorem
1099 4070 1386 4126 hominem
1452 4069 1878 4140 supereminere

179 4158 448 4213 vivacius
478 4159 653 4215 videt.

254 4246 429 4302 Vens.
471 4249 560 4313 3t,
604 4249 690 4301 32.
730 4275 800 4286 —
829 4248 900 4301 Et
954 4246 1047 4300 ille
1086 4246 1291 4300 locutus
1336 4250 1415 4299 est
1453 4245 1528 4299 ad
1568 4246 1772 4310 fratres
1826 4248 1878 4298 et

180 4334 259 4387 ad
285 4348 489 4387 omnem
511 4333 727 4387 domum
777 4335 961 4402 patris
1019 4334 1125 4387 sui.
1186 4332 1492 4387 Ascendam
1539 4338 1587 4385 et
1616 4332 1878 4386 nuntiabo

180 4422 483 4486 Pharaoni,
534 4421 816 4489 dicamque
846 4422 933 4474 ei:
984 4422 1202 4474 Fratres
1248 4422 1353 4474 mei
1389 4424 1439 4474 et
1468 4420 1655 4473 domus
1694 4417 1877 4487 patris

180 4511 310 4575 mei,
337 4511 436 4578 qui
459 4513 614 4563 erant
652 4511 712 4562 in
764 4514 910 4563 terra
957 4509 1238 4575 Chanaan,
1287 4512 1544 4562 venerunt
1586 4507 1660 4560 ad
1683 4522 1799 4573 me;
1829 4510 1879 4559 et

180 4602 313 4652 sunt
340 4599 453 4652 viri
479 4602 725 4665 pastores
756 4600 958 4661 ovium,
999 4611 1291 4665 curamque
1339 4595 1535 4651 habent
1564 4594 1880 4649 alendorum

182 4701 429 4754 gregum.
466 4688 665 4741 Pecora
695 4700 798 4739 sua
826 4690 877 4739 et
904 4690 1175 4752 armenta,
1225 4688 1277 4738 et
1325 4686 1508 4738 omnia
1538 4698 1657 4751 qua
1686 4683 1880 4737 habere

178 4780 495 4843 potuerunt,
532 4774 887 4829 adduxerunt
937 4788 1135 4827 secum.
1188 4772 1280 4826 Ad
1326 4774 1531 4839 fratres
1579 4775 1629 4824 et
1667 4771 1742 4825 ad
1776 4771 1880 4826 do-

180 4877 331 4915 mum
383 4864 566 4930 patris
645 4861 922 4931 loquitur,
984 4875 1118 4917 cum
1170 4861 1342 4916 fortes
1404 4859 1584 4915 animi
1648 4859 1881 4915 habitus

179 4960 397 5006 etcum
429 4948 553 5017 ipsa
609 4956 815 5014 mente,
860 4963 992 5019 qua
1049 4949 1254 5005 domus
1309 4947 1547 5017 spiritus
1573 4954 1677 5013 est,
1711 4946 1878 5003 intel-

180 5037 368 5092 lectus
394 5035 792 5091 ratiocinatur.
842 5036 1129 5103 Ascendit,
1163 5042 1217 5091 et
1263 5035 1577 5091 adventum
1618 5034 1797 5104 patris
1826 5040 1881 5089 et

181 5122 429 5179 fratrum
461 5123 746 5179 Pharaoni
791 5123 1040 5189 nuntiat,
1086 5138 1218 5178 cum
1252 5123 1375 5192 ipsa
1421 5122 1623 5177 intima
1663 5128 1877 5187 nostra,

184 5224 319 5280 qua
358 5211 636 5275 diximus,
683 5210 875 5265 omnia
923 5211 995 5266 ab
1041 5211 1170 5265 imis
1222 5210 1438 5265 faciens
1479 5208 1876 5276 conscendere,

186 5299 418 5369 magnis
455 5306 720 5355 votorum
794 5298 1269 5354 destinationibus
1333 5297 1539 5368 grandi
1602 5297 1876 5364 efﬁcacia,

186 5400 257 5441 ac
304 5386 352 5442 si
399 5388 652 5457 quodam
696 5386 927 5449 nuncin.
969 5385 1262 5442 diabolum
1313 5384 1553 5441 lacessit.
1605 5385 1879 5441 Chanaan

2506 2919 2536 2966 1
2549 2918 2649 2966 66
2686 2912 2918 2970 CAPUT
2956 2914 3180 2971 XLVII.

2064 3017 2233 3074 Vnus.
2266 3020 2318 3078 2.
2363 3019 2416 3074 3.
2470 3048 2538 3057 --
2583 3021 2863 3073 Ecetremos
2921 3034 3130 3089 quoque
3172 3021 3414 3086 fratrum
3461 3034 3681 3074 suorum

1989 3105 2230 3172 quinque
2252 3106 2399 3160 viros
2427 3108 2623 3160 statuit
2669 3122 2849 3160 coram
2890 3123 3032 3175 rege.
3070 3107 3209 3173 Quos
3241 3109 3333 3162 ille
3369 3110 3676 3173 interroga-

1986 3193 2280 3263 vit:()uid
2326 3194 2534 3248 habetis
2580 3196 2798 3263 operis?
2844 3195 2991 3250 Illud
3043 3202 3232 3250 tamen
3278 3195 3464 3251 notari
3513 3195 3679 3251 debet

1988 3281 2143 3350 quod
2192 3295 2309 3337 non
2357 3282 2452 3338 hic
2500 3282 2840 3348 ascendisse,
2889 3283 2986 3338 sed
3032 3285 3309 3350 ingressus
3356 3283 3553 3351 Joseph
3604 3282 3678 3335 ad

1986 3370 2322 3423 Pharaonem
2356 3370 2569 3425 dicitur
2612 3383 2753 3436 esse,
2810 3384 2949 3439 quia
2995 3385 3124 3425 cum
3177 3370 3246 3426 de
3294 3370 3414 3425 vitii
3462 3369 3679 3426 desidia

1988 3455 2060 3511 ad
2088 3455 2320 3512 virtutis
2360 3457 2605 3527 gradum
2655 3458 3174 3524 conscenderimus,
3233 3457 3401 3527 quasi
3430 3457 3504 3513 ad
3542 3457 3679 3512 Pha-

1986 3557 2218 3599 raonem
2250 3544 2626 3615 ingredimur,
2659 3544 2800 3600 dum
2832 3545 2904 3598 ad
2934 3558 3002 3600 ea
3032 3559 3163 3613 qua
3196 3546 3252 3600 in
3291 3545 3454 3600 nobis
3478 3544 3677 3600 crude-

1987 3630 2117 3687 liter
2149 3638 2204 3686 et
2236 3631 2533 3700 tyrannice
2574 3629 2887 3695 obtinebat,
2944 3631 3111 3686 nobis
3160 3629 3400 3686 fideliter
3443 3631 3570 3701 ejus
3596 3644 3679 3699 pe-

1987 3717 2230 3772 netralia
2279 3716 2667 3787 intelligentia
2724 3716 2949 3771 viribus
3000 3718 3380 3785 irrumpentes
3426 3730 3675 3786 usurpa-

1986 3818 2137 3861 mus.
2172 3792 2433 3861 Extremi
2481 3804 2726 3860 fratrum
2758 3804 3020 3874 quinque
3058 3804 3188 3872 viri,
3240 3812 3376 3860 sunt
3412 3803 3676 3875 quinque

1984 3892 2203 3960 linales,
2234 3899 2288 3948 et
2314 3906 2446 3962 qua
2472 3894 2590 3959 vix,
2627 3900 2691 3948 ut
2718 3894 2800 3948 sic
2827 3892 3033 3960 dicam,
3075 3893 3351 3948 extremis
3377 3891 3676 3948 laboribus

1984 3981 2391 4050 acquiruntur,
2427 3994 2652 4051 magna
2683 3980 2972 4035 virilitatis
3005 3980 3265 4043 virtutes.
3298 3996 3430 4051 qua
3461 3980 3677 4036 intelle-

1986 4069 2103 4125 ctui
2143 4082 2419 4139 germana
2450 4069 2702 4140 quadam
2735 4068 3110 4138 opitulatione
3156 4075 3532 4125 concurrunt.
3565 4069 3677 4125 Ex-

1917 4150 1960 4204 D
1991 4164 2182 4213 trema
2211 4163 2365 4222 sunt,
2403 4157 2499 4211 vix
2526 4157 2679 4212 enim
2711 4156 2785 4212 ad
2832 4157 2935 4212 bas
2975 4156 3157 4226 aliqui
3199 4165 3301 4213 aut
3333 4157 3532 4214 volunt
3572 4164 3676 4213 aut

1987 4246 2309 4317 pertingere
2339 4253 2596 4315 possunt.

2057 4333 2248 4389 Prima
2272 4341 2356 4389 est
2385 4334 2644 4389 lectionis
2677 4331 3003 4400 instantia;
3034 4330 3311 4399 secunda,
3350 4331 3546 4388 minus
3580 4330 3675 4387 iri-.-

1985 4418 2207 4477 tellecta
2253 4436 2385 4477 cum
2416 4420 2769 4477 doctioribus
2816 4418 3144 4475 conferendi
3187 4418 3523 4490 diligentia;
3556 4424 3675 4474 ter-

1988 4508 2085 4574 tia,
2140 4508 2387 4578 vigilans
2431 4508 2501 4562 ad
2550 4506 2925 4563 retentionem
2977 4505 3308 4561 auditorum
3359 4504 3672 4573 memoria;

1987 4602 2216 4665 quarta,
2271 4594 2505 4651 humilis
2545 4610 2719 4666 penes
2762 4607 3025 4664 quosque
3070 4593 3372 4665 magistros
3416 4605 3676 4648 reveren-

1989 4682 2099 4752 tia;
2130 4684 2352 4752 quinta,
2395 4698 2529 4739 cum
2560 4681 2872 4739 mundialis
2907 4681 2978 4736 ad
3021 4682 3311 4753 integrum
3366 4678 3676 4749 despicitur

1989 4769 2188 4840 gloria.
2232 4771 2345 4827 Hos
2373 4785 2510 4827 sane
2545 4772 2822 4828 veraciter
2861 4770 3017 4827 viros
3047 4784 3179 4825 cum
3208 4782 3401 4826 coram
3440 4768 3675 4837 dispen-

1987 4864 2175 4913 satore
2225 4858 2616 4921 statuerimus,
2669 4862 2847 4915 totam
2908 4856 3157 4928 profecto
3224 4856 3352 4927 ejus
3403 4854 3675 4911 astutiam

1987 4945 2197 5001 harum
2247 4946 2628 5003 unanimitate
2684 4946 3094 5003 obsidebimus.
3150 4945 3258 5000 Hos
3304 4952 3495 5000 tamen
3533 4942 3676 5014 quid

1987 5034 2173 5102 operis
2208 5033 2459 5088 habeant
2504 5034 2836 5105 interrogat,
2885 5045 3017 5088 cum
3071 5031 3377 5101 aliquoties
3418 5044 3452 5086 a
3497 5043 3676 5085 sacra

1988 5120 2296 5191 Scriptura
2326 5122 2515 5177 studio
2553 5122 2880 5187 dehortans,
2926 5120 3078 5190 ipsas
3108 5119 3227 5188 pias
3267 5119 3678 5175 sollicitudines

1988 5222 2094 5264 cur
2126 5215 2418 5279 tantopere
2443 5210 2694 5265 scientia
2726 5207 3125 5279 comparanda
3155 5207 3366 5263 instent
3407 5207 3679 5277 quodam-

1986 5297 2155 5352 modo
2202 5296 2606 5367 exprobrando
2686 5296 2961 5367 increpat.
3038 5297 3308 5362 Pastores,
3379 5293 3677 5365 inquiunt,

1986 5400 2173 5440 sumus
2201 5388 2404 5454 ovium,
2432 5390 2484 5441 et
2502 5401 2611 5441 non
2636 5390 2688 5440 et
2713 5390 2897 5455 patres
2926 5387 3117 5440 nostri.
3151 5382 3315 5451 Quod
3340 5391 3425 5440 est
3452 5384 3674 5441 dicere:
