  <div class='ocr_page' id='page_1' title='image "/cluster/home/n/w/nwhite01/storage/ocr_20150623/156/hvd.32044054760145/161.png"; bbox 0 0 3924 6088; ppageno 0'>
   <div class='ocr_carea' id='block_1_1' title="bbox 224 72 2920 167">
    <p class='ocr_par' dir='ltr' id='par_1_1' title="bbox 224 72 2920 167">
     <span class='ocr_line' id='line_1_1' title="bbox 224 72 2920 167; baseline -0.001 -1"><span class='ocrx_word' id='word_1_1' title='bbox 224 114 320 167; x_wconf 82' lang='grc'><strong>311</strong></span> <span class='ocrx_word' id='word_1_2' title='bbox 1122 112 1186 166; x_wconf 76' lang='grc' dir='ltr'><strong>ν.</strong></span> <span class='ocrx_word' id='word_1_3' title='bbox 1226 110 1561 167; x_wconf 85' lang='lat' dir='ltr'><strong>GUIBERTI</strong></span> <span class='ocrx_word' id='word_1_4' title='bbox 1600 109 1890 166; x_wconf 81' lang='lat' dir='ltr'><strong>ABBATIS</strong></span> <span class='ocrx_word' id='word_1_5' title='bbox 1926 110 1984 166; x_wconf 91' lang='lat' dir='ltr'><strong>S.</strong></span> <span class='ocrx_word' id='word_1_6' title='bbox 2026 107 2263 165; x_wconf 63' lang='lat' dir='ltr'><strong>MARIIE</strong></span> <span class='ocrx_word' id='word_1_7' title='bbox 2300 107 2391 164; x_wconf 87' lang='lat' dir='ltr'><strong>DE</strong></span> <span class='ocrx_word' id='word_1_8' title='bbox 2429 106 2820 166; x_wconf 84' lang='lat' dir='ltr'><strong>NOVIGENTO</strong></span> <span class='ocrx_word' id='word_1_9' title='bbox 2912 72 2920 85; x_wconf 27' lang='grc' dir='ltr'>ἱ</span> 
     </span>
    </p>
   </div>
   <div class='ocr_carea' id='block_1_2' title="bbox 3605 106 3715 160">
    <p class='ocr_par' dir='ltr' id='par_1_2' title="bbox 3605 106 3715 160">
     <span class='ocr_line' id='line_1_2' title="bbox 3605 106 3715 160; baseline -0.018 0"><span class='ocrx_word' id='word_1_10' title='bbox 3605 106 3715 160; x_wconf 78' lang='grc'><strong>312</strong></span> 
     </span>
    </p>
   </div>
   <div class='ocr_carea' id='block_1_3' title="bbox 223 234 3715 309">
    <p class='ocr_par' dir='ltr' id='par_1_3' title="bbox 223 234 3715 309">
     <span class='ocr_line' id='line_1_3' title="bbox 223 234 3715 309; baseline -0.002 -13"><span class='ocrx_word' id='word_1_11' title='bbox 223 239 338 296; x_wconf 84' lang='lat' dir='ltr'><strong>Nos</strong></span> <span class='ocrx_word' id='word_1_12' title='bbox 373 238 671 296; x_wconf 76' lang='lat' dir='ltr'><strong>fructuosa</strong></span> <span class='ocrx_word' id='word_1_13' title='bbox 717 246 893 309; x_wconf 88' lang='lat' dir='ltr'><strong>atque</strong></span> <span class='ocrx_word' id='word_1_14' title='bbox 939 238 1219 308; x_wconf 83' lang='lat' dir='ltr'><strong>simplicia</strong></span> <span class='ocrx_word' id='word_1_15' title='bbox 1268 238 1458 293; x_wconf 90' lang='lat' dir='ltr'><strong>studia</strong></span> <span class='ocrx_word' id='word_1_16' title='bbox 1507 238 1912 308; x_wconf 86' lang='lat' dir='ltr'><strong>proposuimus</strong></span> <span class='ocrx_word' id='word_1_17' title='bbox 1949 243 1992 295; x_wconf 79' lang='grc' dir='ltr'>Α</span> <span class='ocrx_word' id='word_1_18' title='bbox 2022 237 2309 293; x_wconf 91' lang='lat' dir='ltr'><strong>Benedicit</strong></span> <span class='ocrx_word' id='word_1_19' title='bbox 2353 238 2458 304; x_wconf 90' lang='lat' dir='ltr'><strong>illi,</strong></span> <span class='ocrx_word' id='word_1_20' title='bbox 2487 251 2620 292; x_wconf 93' lang='lat' dir='ltr'><strong>cum</strong></span> <span class='ocrx_word' id='word_1_21' title='bbox 2658 235 2979 292; x_wconf 90' lang='lat' dir='ltr'><strong>secundum</strong></span> <span class='ocrx_word' id='word_1_22' title='bbox 3017 236 3162 292; x_wconf 83' lang='lat' dir='ltr'><strong>sacri</strong></span> <span class='ocrx_word' id='word_1_23' title='bbox 3196 236 3457 292; x_wconf 90' lang='lat' dir='ltr'><strong>consulta</strong></span> <span class='ocrx_word' id='word_1_24' title='bbox 3493 234 3715 305; x_wconf 87' lang='lat' dir='ltr'><strong>eloquii</strong></span> 
     </span>
    </p>
   </div>
   <div class='ocr_carea' id='block_1_4' title="bbox 225 325 1915 396">
    <p class='ocr_par' dir='ltr' id='par_1_4' title="bbox 225 325 1915 396">
     <span class='ocr_line' id='line_1_4' title="bbox 225 325 1915 396; baseline 0 -15"><span class='ocrx_word' id='word_1_25' title='bbox 225 327 501 394; x_wconf 80' lang='lat' dir='ltr'><strong>enutrirc,</strong></span> <span class='ocrx_word' id='word_1_26' title='bbox 558 325 698 396; x_wconf 83' lang='lat' dir='ltr'><strong>quia</strong></span> <span class='ocrx_word' id='word_1_27' title='bbox 749 326 872 382; x_wconf 91' lang='lat' dir='ltr'><strong>hac</strong></span> <span class='ocrx_word' id='word_1_28' title='bbox 927 340 1033 380; x_wconf 92' lang='lat' dir='ltr'><strong>nos</strong></span> <span class='ocrx_word' id='word_1_29' title='bbox 1080 334 1136 381; x_wconf 85' lang='lat' dir='ltr'><strong>et</strong></span> <span class='ocrx_word' id='word_1_30' title='bbox 1191 325 1511 382; x_wconf 90' lang='lat' dir='ltr'><strong>intellectus</strong></span> <span class='ocrx_word' id='word_1_31' title='bbox 1556 334 1611 382; x_wconf 91' lang='lat' dir='ltr'><strong>et</strong></span> <span class='ocrx_word' id='word_1_32' title='bbox 1677 326 1915 396; x_wconf 80' lang='lat' dir='ltr'><strong>spiritus</strong></span> 
     </span>
    </p>
   </div>
   <div class='ocr_carea' id='block_1_5' title="bbox 226 412 1393 483">
    <p class='ocr_par' dir='ltr' id='par_1_5' title="bbox 226 412 1393 483">
     <span class='ocr_line' id='line_1_5' title="bbox 226 412 1393 483; baseline -0.003 -13"><span class='ocrx_word' id='word_1_33' title='bbox 226 421 419 483; x_wconf 88' lang='lat' dir='ltr'><strong>patres</strong></span> <span class='ocrx_word' id='word_1_34' title='bbox 444 422 500 470; x_wconf 89' lang='lat' dir='ltr'><strong>et</strong></span> <span class='ocrx_word' id='word_1_35' title='bbox 528 422 788 469; x_wconf 79' lang='lat' dir='ltr'><strong>auctores</strong></span> <span class='ocrx_word' id='word_1_36' title='bbox 818 412 1097 468; x_wconf 85' lang='lat' dir='ltr'><strong>verissimi</strong></span> <span class='ocrx_word' id='word_1_37' title='bbox 1130 412 1393 469; x_wconf 89' lang='lat' dir='ltr'><strong>docuere.</strong></span> 
     </span>
    </p>
   </div>
   <div class='ocr_carea' id='block_1_6' title="bbox 300 501 1920 570">
    <p class='ocr_par' dir='ltr' id='par_1_6' title="bbox 300 501 1920 570">
     <span class='ocr_line' id='line_1_6' title="bbox 300 501 1920 570; baseline -0.003 -11"><span class='ocrx_word' id='word_1_38' title='bbox 300 502 473 561; x_wconf 71' lang='lat' dir='ltr'><strong>Vnus.</strong></span> <span class='ocrx_word' id='word_1_39' title='bbox 502 504 557 556; x_wconf 76' lang='grc'><strong>4.</strong></span> <span class='ocrx_word' id='word_1_40' title='bbox 599 532 668 542; x_wconf 92' lang='lat'><strong><em>—</em></strong></span> <span class='ocrx_word' id='word_1_41' title='bbox 712 501 805 556; x_wconf 85' lang='lat' dir='ltr'><strong>Ad</strong></span> <span class='ocrx_word' id='word_1_42' title='bbox 848 501 1309 570; x_wconf 83' lang='lat' dir='ltr'><strong>peregrinandum</strong></span> <span class='ocrx_word' id='word_1_43' title='bbox 1354 503 1411 554; x_wconf 89' lang='lat' dir='ltr'><strong>in</strong></span> <span class='ocrx_word' id='word_1_44' title='bbox 1458 506 1607 555; x_wconf 86' lang='lat' dir='ltr'><strong>terra</strong></span> <span class='ocrx_word' id='word_1_45' title='bbox 1637 504 1732 554; x_wconf 90' lang='lat' dir='ltr'><strong>tua</strong></span> <span class='ocrx_word' id='word_1_46' title='bbox 1776 504 1920 555; x_wconf 83' lang='lat' dir='ltr'><strong>veni-</strong></span> 
     </span>
    </p>
   </div>
   <div class='ocr_carea' id='block_1_7' title="bbox 227 589 1917 659">
    <p class='ocr_par' dir='ltr' id='par_1_7' title="bbox 227 589 1917 659">
     <span class='ocr_line' id='line_1_7' title="bbox 227 589 1917 659; baseline -0.001 -14"><span class='ocrx_word' id='word_1_47' title='bbox 227 606 367 657; x_wconf 97' lang='lat' dir='ltr'><strong>mus,</strong></span> <span class='ocrx_word' id='word_1_48' title='bbox 412 593 670 659; x_wconf 87' lang='lat' dir='ltr'><strong>quoniam</strong></span> <span class='ocrx_word' id='word_1_49' title='bbox 713 604 820 643; x_wconf 91' lang='lat' dir='ltr'><strong>non</strong></span> <span class='ocrx_word' id='word_1_50' title='bbox 862 594 943 643; x_wconf 89' lang='lat' dir='ltr'><strong>est</strong></span> <span class='ocrx_word' id='word_1_51' title='bbox 988 589 1153 644; x_wconf 85' lang='lat' dir='ltr'><strong>herba</strong></span> <span class='ocrx_word' id='word_1_52' title='bbox 1195 589 1449 657; x_wconf 81' lang='lat' dir='ltr'><strong>gregibus</strong></span> <span class='ocrx_word' id='word_1_53' title='bbox 1489 604 1764 643; x_wconf 83' lang='lat' dir='ltr'><strong>servorum</strong></span> <span class='ocrx_word' id='word_1_54' title='bbox 1800 596 1917 644; x_wconf 89' lang='lat' dir='ltr'><strong>tuo-</strong></span> 
     </span>
    </p>
   </div>
   <div class='ocr_carea' id='block_1_8' title="bbox 226 678 1921 746">
    <p class='ocr_par' dir='ltr' id='par_1_8' title="bbox 226 678 1921 746">
     <span class='ocr_line' id='line_1_8' title="bbox 226 678 1921 746; baseline -0.001 -14"><span class='ocrx_word' id='word_1_55' title='bbox 226 694 368 746; x_wconf 89' lang='lat' dir='ltr'><strong>rum,</strong></span> <span class='ocrx_word' id='word_1_56' title='bbox 400 680 800 744; x_wconf 77' lang='lat' dir='ltr'><strong>ingravescente</strong></span> <span class='ocrx_word' id='word_1_57' title='bbox 834 678 982 743; x_wconf 84' lang='lat' dir='ltr'><strong>fame</strong></span> <span class='ocrx_word' id='word_1_58' title='bbox 1030 680 1089 731; x_wconf 91' lang='lat' dir='ltr'><strong>in</strong></span> <span class='ocrx_word' id='word_1_59' title='bbox 1137 682 1284 731; x_wconf 89' lang='lat' dir='ltr'><strong>terra</strong></span> <span class='ocrx_word' id='word_1_60' title='bbox 1333 679 1612 743; x_wconf 82' lang='lat' dir='ltr'><strong>Chanaan,</strong></span> <span class='ocrx_word' id='word_1_61' title='bbox 1656 679 1921 745; x_wconf 82' lang='lat' dir='ltr'><strong>petimus-</strong></span> 
     </span>
    </p>
   </div>
   <div class='ocr_carea' id='block_1_9' title="bbox 229 766 1920 834">
    <p class='ocr_par' dir='ltr' id='par_1_9' title="bbox 229 766 1920 834">
     <span class='ocr_line' id='line_1_9' title="bbox 229 766 1920 834; baseline 0 -15"><span class='ocrx_word' id='word_1_62' title='bbox 229 781 331 834; x_wconf 86' lang='lat' dir='ltr'><strong>que</strong></span> <span class='ocrx_word' id='word_1_63' title='bbox 379 772 441 820; x_wconf 86' lang='lat' dir='ltr'><strong>ut</strong></span> <span class='ocrx_word' id='word_1_64' title='bbox 491 780 603 820; x_wconf 90' lang='lat' dir='ltr'><strong>esse</strong></span> <span class='ocrx_word' id='word_1_65' title='bbox 625 766 820 834; x_wconf 87' lang='lat' dir='ltr'><strong>jubeas</strong></span> <span class='ocrx_word' id='word_1_66' title='bbox 848 780 941 819; x_wconf 89' lang='lat' dir='ltr'><strong>nos</strong></span> <span class='ocrx_word' id='word_1_67' title='bbox 971 780 1150 819; x_wconf 78' lang='lat' dir='ltr'><strong>servos</strong></span> <span class='ocrx_word' id='word_1_68' title='bbox 1181 773 1297 819; x_wconf 87' lang='lat' dir='ltr'><strong>tuos</strong></span> <span class='ocrx_word' id='word_1_69' title='bbox 1330 768 1390 818; x_wconf 84' lang='lat' dir='ltr'><strong>in</strong></span> <span class='ocrx_word' id='word_1_70' title='bbox 1419 769 1566 819; x_wconf 81' lang='lat' dir='ltr'><strong>terra</strong></span> <span class='ocrx_word' id='word_1_71' title='bbox 1595 766 1814 819; x_wconf 87' lang='lat' dir='ltr'><strong>Gessen.</strong></span> <span class='ocrx_word' id='word_1_72' title='bbox 1855 766 1920 819; x_wconf 91' lang='lat' dir='ltr'><strong>In</strong></span> 
     </span>
    </p>
   </div>
   <div class='ocr_carea' id='block_1_10' title="bbox 226 853 1923 924">
    <p class='ocr_par' dir='ltr' id='par_1_10' title="bbox 226 853 1923 924">
     <span class='ocr_line' id='line_1_10' title="bbox 226 853 1923 924; baseline 0 -15"><span class='ocrx_word' id='word_1_73' title='bbox 226 854 445 910; x_wconf 88' lang='lat' dir='ltr'><strong>mundo</strong></span> <span class='ocrx_word' id='word_1_74' title='bbox 498 854 594 910; x_wconf 91' lang='lat' dir='ltr'><strong>cui</strong></span> <span class='ocrx_word' id='word_1_75' title='bbox 643 863 707 910; x_wconf 94' lang='lat' dir='ltr'><strong>tu</strong></span> <span class='ocrx_word' id='word_1_76' title='bbox 752 853 1096 924; x_wconf 89' lang='lat' dir='ltr'><strong>principaris</strong></span> <span class='ocrx_word' id='word_1_77' title='bbox 1142 868 1257 908; x_wconf 90' lang='lat' dir='ltr'><strong>non</strong></span> <span class='ocrx_word' id='word_1_78' title='bbox 1310 853 1610 924; x_wconf 89' lang='lat' dir='ltr'><strong>inharere,</strong></span> <span class='ocrx_word' id='word_1_79' title='bbox 1650 854 1748 910; x_wconf 90' lang='lat' dir='ltr'><strong>sed</strong></span> <span class='ocrx_word' id='word_1_80' title='bbox 1777 866 1923 923; x_wconf 87' lang='lat' dir='ltr'><strong>pere-</strong></span> 
     </span>
    </p>
   </div>
   <div class='ocr_carea' id='block_1_11' title="bbox 229 941 1918 1013">
    <p class='ocr_par' dir='ltr' id='par_1_11' title="bbox 229 941 1918 1013">
     <span class='ocr_line' id='line_1_11' title="bbox 229 941 1918 1013; baseline 0.001 -17"><span class='ocrx_word' id='word_1_81' title='bbox 229 942 449 1013; x_wconf 88' lang='lat' dir='ltr'><strong>grinari</strong></span> <span class='ocrx_word' id='word_1_82' title='bbox 478 942 812 1013; x_wconf 83' lang='lat' dir='ltr'><strong>delegimus,</strong></span> <span class='ocrx_word' id='word_1_83' title='bbox 858 941 1134 1012; x_wconf 81' lang='lat' dir='ltr'><strong>quoniam</strong></span> <span class='ocrx_word' id='word_1_84' title='bbox 1170 941 1348 999; x_wconf 90' lang='lat' dir='ltr'><strong>herba</strong></span> <span class='ocrx_word' id='word_1_85' title='bbox 1376 944 1626 999; x_wconf 87' lang='lat' dir='ltr'><strong>carnalis</strong></span> <span class='ocrx_word' id='word_1_86' title='bbox 1652 943 1918 1009; x_wconf 88' lang='lat' dir='ltr'><strong>lascivia,</strong></span> 
     </span>
    </p>
   </div>
   <div class='ocr_carea' id='block_1_12' title="bbox 228 1030 1920 1105">
    <p class='ocr_par' dir='ltr' id='par_1_12' title="bbox 228 1030 1920 1105">
     <span class='ocr_line' id='line_1_12' title="bbox 228 1030 1920 1105; baseline -0.005 -14"><span class='ocrx_word' id='word_1_87' title='bbox 228 1049 409 1105; x_wconf 87' lang='lat' dir='ltr'><strong>quam</strong></span> <span class='ocrx_word' id='word_1_88' title='bbox 447 1040 687 1101; x_wconf 83' lang='lat' dir='ltr'><strong>montes,</strong></span> <span class='ocrx_word' id='word_1_89' title='bbox 727 1030 901 1103; x_wconf 88' lang='lat' dir='ltr'><strong>juxta</strong></span> <span class='ocrx_word' id='word_1_90' title='bbox 943 1031 1085 1086; x_wconf 92' lang='lat' dir='ltr'><strong>illud</strong></span> <span class='ocrx_word' id='word_1_91' title='bbox 1127 1031 1249 1095; x_wconf 84' lang='lat' dir='ltr'><strong>Job,</strong></span> <span class='ocrx_word' id='word_1_92' title='bbox 1297 1032 1607 1087; x_wconf 90' lang='lat' dir='ltr'><strong>Behemoth</strong></span> <span class='ocrx_word' id='word_1_93' title='bbox 1658 1032 1777 1099; x_wconf 83' lang='lat' dir='ltr'><strong>(Job</strong></span> <span class='ocrx_word' id='word_1_94' title='bbox 1825 1044 1920 1096; x_wconf 77' lang='lat' dir='ltr'><strong>XL,</strong></span> 
     </span>
    </p>
   </div>
   <div class='ocr_carea' id='block_1_13' title="bbox 234 1117 1922 1190">
    <p class='ocr_par' dir='ltr' id='par_1_13' title="bbox 234 1117 1922 1190">
     <span class='ocr_line' id='line_1_13' title="bbox 234 1117 1922 1190; baseline -0.004 -12"><span class='ocrx_word' id='word_1_95' title='bbox 234 1125 341 1190; x_wconf 89' lang='grc'><strong>10),</strong></span> <span class='ocrx_word' id='word_1_96' title='bbox 371 1122 472 1178; x_wconf 90' lang='lat' dir='ltr'><strong>tibi</strong></span> <span class='ocrx_word' id='word_1_97' title='bbox 502 1121 714 1176; x_wconf 86' lang='lat' dir='ltr'><strong>scilicet</strong></span> <span class='ocrx_word' id='word_1_98' title='bbox 739 1120 941 1186; x_wconf 80' lang='lat' dir='ltr'><strong>fertur,</strong></span> <span class='ocrx_word' id='word_1_99' title='bbox 972 1134 1085 1173; x_wconf 89' lang='lat' dir='ltr'><strong>non</strong></span> <span class='ocrx_word' id='word_1_100' title='bbox 1120 1118 1361 1188; x_wconf 89' lang='lat' dir='ltr'><strong>pertinet</strong></span> <span class='ocrx_word' id='word_1_101' title='bbox 1403 1121 1473 1173; x_wconf 92' lang='lat' dir='ltr'><strong>ad</strong></span> <span class='ocrx_word' id='word_1_102' title='bbox 1506 1135 1609 1174; x_wconf 88' lang='lat' dir='ltr'><strong>nos</strong></span> <span class='ocrx_word' id='word_1_103' title='bbox 1635 1119 1738 1188; x_wconf 87' lang='lat' dir='ltr'><strong>qui</strong></span> <span class='ocrx_word' id='word_1_104' title='bbox 1769 1117 1922 1172; x_wconf 86' lang='lat' dir='ltr'><strong>visco</strong></span> 
     </span>
    </p>
   </div>
   <div class='ocr_carea' id='block_1_14' title="bbox 230 1206 1925 1279">
    <p class='ocr_par' dir='ltr' id='par_1_14' title="bbox 230 1206 1925 1279">
     <span class='ocr_line' id='line_1_14' title="bbox 230 1206 1925 1279; baseline -0.004 -12"><span class='ocrx_word' id='word_1_105' title='bbox 230 1210 412 1267; x_wconf 91' lang='lat' dir='ltr'><strong>divini</strong></span> <span class='ocrx_word' id='word_1_106' title='bbox 434 1209 652 1265; x_wconf 86' lang='lat' dir='ltr'><strong>timoris</strong></span> <span class='ocrx_word' id='word_1_107' title='bbox 692 1207 949 1279; x_wconf 86' lang='lat' dir='ltr'><strong>gregales</strong></span> <span class='ocrx_word' id='word_1_108' title='bbox 972 1207 1276 1273; x_wconf 87' lang='lat' dir='ltr'><strong>efﬁcimur,</strong></span> <span class='ocrx_word' id='word_1_109' title='bbox 1307 1221 1421 1261; x_wconf 89' lang='lat' dir='ltr'><strong>non</strong></span> <span class='ocrx_word' id='word_1_110' title='bbox 1450 1208 1599 1262; x_wconf 90' lang='lat' dir='ltr'><strong>enim</strong></span> <span class='ocrx_word' id='word_1_111' title='bbox 1633 1220 1735 1276; x_wconf 90' lang='lat' dir='ltr'><strong>per</strong></span> <span class='ocrx_word' id='word_1_112' title='bbox 1765 1206 1925 1261; x_wconf 86' lang='lat' dir='ltr'><strong>ﬂuxa</strong></span> 
     </span>
    </p>
   </div>
   <div class='ocr_carea' id='block_1_15' title="bbox 232 1292 1928 1362">
    <p class='ocr_par' dir='ltr' id='par_1_15' title="bbox 232 1292 1928 1362">
     <span class='ocr_line' id='line_1_15' title="bbox 232 1292 1928 1362; baseline -0.004 -9"><span class='ocrx_word' id='word_1_113' title='bbox 232 1298 538 1353; x_wconf 88' lang='lat' dir='ltr'><strong>libidinum</strong></span> <span class='ocrx_word' id='word_1_114' title='bbox 569 1297 796 1350; x_wconf 83' lang='lat' dir='ltr'><strong>satietas</strong></span> <span class='ocrx_word' id='word_1_115' title='bbox 851 1294 1047 1359; x_wconf 90' lang='lat' dir='ltr'><strong>menti,</strong></span> <span class='ocrx_word' id='word_1_116' title='bbox 1106 1294 1204 1347; x_wconf 92' lang='lat' dir='ltr'><strong>sed</strong></span> <span class='ocrx_word' id='word_1_117' title='bbox 1259 1293 1435 1348; x_wconf 86' lang='lat' dir='ltr'><strong>fames</strong></span> <span class='ocrx_word' id='word_1_118' title='bbox 1477 1294 1603 1348; x_wconf 90' lang='lat' dir='ltr'><strong>dira</strong></span> <span class='ocrx_word' id='word_1_119' title='bbox 1648 1292 1928 1362; x_wconf 87' lang='lat' dir='ltr'><strong>congemi-</strong></span> 
     </span>
    </p>
   </div>
   <div class='ocr_carea' id='block_1_16' title="bbox 231 1380 1929 1451">
    <p class='ocr_par' dir='ltr' id='par_1_16' title="bbox 231 1380 1929 1451">
     <span class='ocr_line' id='line_1_16' title="bbox 231 1380 1929 1451; baseline -0.005 -10"><span class='ocrx_word' id='word_1_120' title='bbox 231 1393 444 1451; x_wconf 89' lang='lat' dir='ltr'><strong>natur;</strong></span> <span class='ocrx_word' id='word_1_121' title='bbox 484 1392 637 1440; x_wconf 86' lang='lat' dir='ltr'><strong>terra</strong></span> <span class='ocrx_word' id='word_1_122' title='bbox 681 1396 885 1451; x_wconf 90' lang='lat' dir='ltr'><strong>nempe</strong></span> <span class='ocrx_word' id='word_1_123' title='bbox 914 1382 1190 1436; x_wconf 87' lang='lat' dir='ltr'><strong>Chanaan</strong></span> <span class='ocrx_word' id='word_1_124' title='bbox 1224 1395 1337 1436; x_wconf 91' lang='lat' dir='ltr'><strong>non</strong></span> <span class='ocrx_word' id='word_1_125' title='bbox 1372 1381 1650 1447; x_wconf 88' lang='lat' dir='ltr'><strong>veritatis,</strong></span> <span class='ocrx_word' id='word_1_126' title='bbox 1703 1380 1800 1435; x_wconf 93' lang='lat' dir='ltr'><strong>sed</strong></span> <span class='ocrx_word' id='word_1_127' title='bbox 1834 1380 1929 1433; x_wconf 91' lang='lat' dir='ltr'><strong>in-</strong></span> 
     </span>
    </p>
   </div>
   <div class='ocr_carea' id='block_1_17' title="bbox 232 1467 1921 1539">
    <p class='ocr_par' dir='ltr' id='par_1_17' title="bbox 232 1467 1921 1539">
     <span class='ocr_line' id='line_1_17' title="bbox 232 1467 1921 1539; baseline -0.007 -9"><span class='ocrx_word' id='word_1_128' title='bbox 232 1472 556 1530; x_wconf 90' lang='lat' dir='ltr'><strong>stabilitatis</strong></span> <span class='ocrx_word' id='word_1_129' title='bbox 585 1479 640 1526; x_wconf 90' lang='lat' dir='ltr'><strong>et</strong></span> <span class='ocrx_word' id='word_1_130' title='bbox 670 1469 1033 1525; x_wconf 88' lang='lat' dir='ltr'><strong>verecundia</strong></span> <span class='ocrx_word' id='word_1_131' title='bbox 1063 1476 1165 1536; x_wconf 91' lang='lat' dir='ltr'><strong>est,</strong></span> <span class='ocrx_word' id='word_1_132' title='bbox 1195 1469 1365 1539; x_wconf 82' lang='lat' dir='ltr'><strong>juxta</strong></span> <span class='ocrx_word' id='word_1_133' title='bbox 1389 1482 1620 1523; x_wconf 90' lang='lat' dir='ltr'><strong>sensum</strong></span> <span class='ocrx_word' id='word_1_134' title='bbox 1654 1467 1921 1523; x_wconf 89' lang='lat' dir='ltr'><strong>nominis.</strong></span> 
     </span>
    </p>
   </div>
   <div class='ocr_carea' id='block_1_18' title="bbox 234 1534 2006 1630">
    <p class='ocr_par' dir='ltr' id='par_1_18' title="bbox 234 1534 2006 1630">
     <span class='ocr_line' id='line_1_18' title="bbox 234 1534 2006 1630; baseline -0.005 -13"><span class='ocrx_word' id='word_1_135' title='bbox 234 1563 303 1617; x_wconf 91' lang='lat' dir='ltr'><strong>de</strong></span> <span class='ocrx_word' id='word_1_136' title='bbox 340 1560 509 1630; x_wconf 89' lang='lat' dir='ltr'><strong>cujus</strong></span> <span class='ocrx_word' id='word_1_137' title='bbox 546 1559 648 1629; x_wconf 92' lang='lat' dir='ltr'><strong>qui</strong></span> <span class='ocrx_word' id='word_1_138' title='bbox 705 1558 909 1614; x_wconf 77' lang='lat' dir='ltr'><strong>biberit</strong></span> <span class='ocrx_word' id='word_1_139' title='bbox 961 1570 1117 1626; x_wconf 90' lang='lat' dir='ltr'><strong>aqua</strong></span> <span class='ocrx_word' id='word_1_140' title='bbox 1152 1534 1401 1624; x_wconf 76' lang='lat' dir='ltr'><strong>semper</strong></span> <span class='ocrx_word' id='word_1_141' title='bbox 1443 1556 1579 1611; x_wconf 90' lang='lat' dir='ltr'><strong>sitit.</strong></span> <span class='ocrx_word' id='word_1_142' title='bbox 1631 1555 1792 1612; x_wconf 89' lang='lat' dir='ltr'><strong>Servi</strong></span> <span class='ocrx_word' id='word_1_143' title='bbox 1840 1556 1924 1610; x_wconf 90' lang='lat' dir='ltr'><strong>tui</strong></span> <span class='ocrx_word' id='word_1_144' title='bbox 1967 1534 2006 1587; x_wconf 77' lang='grc' dir='ltr'>Β</span> 
     </span>
    </p>
   </div>
   <div class='ocr_carea' id='block_1_19' title="bbox 235 1642 1930 1719">
    <p class='ocr_par' dir='ltr' id='par_1_19' title="bbox 235 1642 1930 1719">
     <span class='ocr_line' id='line_1_19' title="bbox 235 1642 1930 1719; baseline -0.004 -16"><span class='ocrx_word' id='word_1_145' title='bbox 235 1648 469 1719; x_wconf 91' lang='lat' dir='ltr'><strong>quidem</strong></span> <span class='ocrx_word' id='word_1_146' title='bbox 510 1661 733 1713; x_wconf 91' lang='lat' dir='ltr'><strong>sumus,</strong></span> <span class='ocrx_word' id='word_1_147' title='bbox 777 1646 916 1715; x_wconf 89' lang='lat' dir='ltr'><strong>quia</strong></span> <span class='ocrx_word' id='word_1_148' title='bbox 949 1659 1053 1700; x_wconf 91' lang='lat' dir='ltr'><strong>nos</strong></span> <span class='ocrx_word' id='word_1_149' title='bbox 1083 1643 1182 1699; x_wconf 90' lang='lat' dir='ltr'><strong>tibi</strong></span> <span class='ocrx_word' id='word_1_150' title='bbox 1215 1644 1458 1699; x_wconf 88' lang='lat' dir='ltr'><strong>servisse</strong></span> <span class='ocrx_word' id='word_1_151' title='bbox 1484 1644 1748 1698; x_wconf 82' lang='lat' dir='ltr'><strong>fatemur.</strong></span> <span class='ocrx_word' id='word_1_152' title='bbox 1787 1642 1930 1698; x_wconf 88' lang='lat' dir='ltr'><strong>Gen-</strong></span> 
     </span>
    </p>
   </div>
   <div class='ocr_carea' id='block_1_20' title="bbox 235 1731 1927 1803">
    <p class='ocr_par' dir='ltr' id='par_1_20' title="bbox 235 1731 1927 1803">
     <span class='ocr_line' id='line_1_20' title="bbox 235 1731 1927 1803; baseline -0.004 -12"><span class='ocrx_word' id='word_1_153' title='bbox 235 1745 347 1791; x_wconf 89' lang='lat' dir='ltr'><strong>tem</strong></span> <span class='ocrx_word' id='word_1_154' title='bbox 380 1748 633 1803; x_wconf 87' lang='lat' dir='ltr'><strong>namque</strong></span> <span class='ocrx_word' id='word_1_155' title='bbox 652 1741 707 1789; x_wconf 89' lang='lat' dir='ltr'><strong>et</strong></span> <span class='ocrx_word' id='word_1_156' title='bbox 735 1746 982 1803; x_wconf 84' lang='lat' dir='ltr'><strong>regnum</strong></span> <span class='ocrx_word' id='word_1_157' title='bbox 1004 1732 1158 1802; x_wconf 91' lang='lat' dir='ltr'><strong>quod</strong></span> <span class='ocrx_word' id='word_1_158' title='bbox 1185 1746 1300 1786; x_wconf 91' lang='lat' dir='ltr'><strong>non</strong></span> <span class='ocrx_word' id='word_1_159' title='bbox 1334 1731 1594 1787; x_wconf 90' lang='lat' dir='ltr'><strong>servierit</strong></span> <span class='ocrx_word' id='word_1_160' title='bbox 1621 1731 1927 1787; x_wconf 91' lang='lat' dir='ltr'><strong>Nabucho-</strong></span> 
     </span>
    </p>
   </div>
   <div class='ocr_carea' id='block_1_21' title="bbox 236 1819 1929 1893">
    <p class='ocr_par' dir='ltr' id='par_1_21' title="bbox 236 1819 1929 1893">
     <span class='ocr_line' id='line_1_21' title="bbox 236 1819 1929 1893; baseline -0.004 -14"><span class='ocrx_word' id='word_1_161' title='bbox 236 1824 500 1887; x_wconf 89' lang='lat' dir='ltr'><strong>donosor,</strong></span> <span class='ocrx_word' id='word_1_162' title='bbox 528 1823 700 1893; x_wconf 85' lang='lat' dir='ltr'><strong>juxta</strong></span> <span class='ocrx_word' id='word_1_163' title='bbox 736 1820 1061 1884; x_wconf 85' lang='lat' dir='ltr'><strong>Jeremiam,</strong></span> <span class='ocrx_word' id='word_1_164' title='bbox 1098 1819 1372 1874; x_wconf 89' lang='lat' dir='ltr'><strong>Dominus</strong></span> <span class='ocrx_word' id='word_1_165' title='bbox 1403 1819 1461 1873; x_wconf 89' lang='lat' dir='ltr'><strong>in</strong></span> <span class='ocrx_word' id='word_1_166' title='bbox 1509 1819 1659 1874; x_wconf 89' lang='lat' dir='ltr'><strong>fame</strong></span> <span class='ocrx_word' id='word_1_167' title='bbox 1691 1826 1746 1875; x_wconf 93' lang='lat' dir='ltr'><strong>et</strong></span> <span class='ocrx_word' id='word_1_168' title='bbox 1777 1825 1929 1888; x_wconf 86' lang='lat' dir='ltr'><strong>peste</strong></span> 
     </span>
    </p>
   </div>
   <div class='ocr_carea' id='block_1_22' title="bbox 208 1910 884 1979">
    <p class='ocr_par' dir='ltr' id='par_1_22' title="bbox 208 1910 884 1979">
     <span class='ocr_line' id='line_1_22' title="bbox 208 1910 884 1979; baseline -0.007 -12"><span class='ocrx_word' id='word_1_169' title='bbox 208 1910 431 1967; x_wconf 85' lang='lat' dir='ltr'><strong>&#39;visitat</strong></span> <span class='ocrx_word' id='word_1_170' title='bbox 464 1911 594 1979; x_wconf 87' lang='lat' dir='ltr'><strong>(Jer.</strong></span> <span class='ocrx_word' id='word_1_171' title='bbox 635 1924 775 1976; x_wconf 83' lang='lat' dir='ltr'><strong>xvu,</strong></span> <span class='ocrx_word' id='word_1_172' title='bbox 807 1910 884 1978; x_wconf 91' lang='lat'><strong>8).</strong></span> 
     </span>
    </p>
   </div>
   <div class='ocr_carea' id='block_1_23' title="bbox 182 1994 1931 2069">
    <p class='ocr_par' dir='ltr' id='par_1_23' title="bbox 182 1994 1931 2069">
     <span class='ocr_line' id='line_1_23' title="bbox 182 1994 1931 2069; baseline -0.003 -14"><span class='ocrx_word' id='word_1_173' title='bbox 182 2011 189 2019; x_wconf 84' lang='lat'><strong>&#39;</strong></span> <span class='ocrx_word' id='word_1_174' title='bbox 309 1999 454 2055; x_wconf 88' lang='lat' dir='ltr'><strong>Jube</strong></span> <span class='ocrx_word' id='word_1_175' title='bbox 480 2012 619 2069; x_wconf 92' lang='lat' dir='ltr'><strong>ergo</strong></span> <span class='ocrx_word' id='word_1_176' title='bbox 649 2006 713 2052; x_wconf 89' lang='lat' dir='ltr'><strong>ut</strong></span> <span class='ocrx_word' id='word_1_177' title='bbox 745 2000 804 2051; x_wconf 92' lang='lat' dir='ltr'><strong>in</strong></span> <span class='ocrx_word' id='word_1_178' title='bbox 832 2004 986 2052; x_wconf 91' lang='lat' dir='ltr'><strong>terra</strong></span> <span class='ocrx_word' id='word_1_179' title='bbox 1011 1994 1219 2051; x_wconf 91' lang='lat' dir='ltr'><strong>Gessen</strong></span> <span class='ocrx_word' id='word_1_180' title='bbox 1241 1995 1440 2061; x_wconf 91' lang='lat' dir='ltr'><strong>simus,</strong></span> <span class='ocrx_word' id='word_1_181' title='bbox 1476 1994 1531 2049; x_wconf 90' lang='lat' dir='ltr'><strong>id</strong></span> <span class='ocrx_word' id='word_1_182' title='bbox 1576 2001 1658 2051; x_wconf 89' lang='lat' dir='ltr'><strong>est</strong></span> <span class='ocrx_word' id='word_1_183' title='bbox 1689 2008 1761 2050; x_wconf 91' lang='lat' dir='ltr'><strong>ne</strong></span> <span class='ocrx_word' id='word_1_184' title='bbox 1791 1994 1931 2049; x_wconf 93' lang='lat' dir='ltr'><strong>ulte-</strong></span> 
     </span>
    </p>
   </div>
   <div class='ocr_carea' id='block_1_24' title="bbox 237 2081 1929 2153">
    <p class='ocr_par' dir='ltr' id='par_1_24' title="bbox 237 2081 1929 2153">
     <span class='ocr_line' id='line_1_24' title="bbox 237 2081 1929 2153; baseline -0.004 -11"><span class='ocrx_word' id='word_1_185' title='bbox 237 2086 361 2142; x_wconf 90' lang='lat' dir='ltr'><strong>rius</strong></span> <span class='ocrx_word' id='word_1_186' title='bbox 398 2086 671 2141; x_wconf 87' lang='lat' dir='ltr'><strong>obsistere</strong></span> <span class='ocrx_word' id='word_1_187' title='bbox 704 2096 1042 2153; x_wconf 89' lang='lat' dir='ltr'><strong>prasumas,</strong></span> <span class='ocrx_word' id='word_1_188' title='bbox 1090 2082 1218 2138; x_wconf 90' lang='lat' dir='ltr'><strong>licet</strong></span> <span class='ocrx_word' id='word_1_189' title='bbox 1248 2096 1350 2137; x_wconf 90' lang='lat' dir='ltr'><strong>nos</strong></span> <span class='ocrx_word' id='word_1_190' title='bbox 1390 2081 1646 2151; x_wconf 88' lang='lat' dir='ltr'><strong>pristina</strong></span> <span class='ocrx_word' id='word_1_191' title='bbox 1677 2081 1929 2137; x_wconf 91' lang='lat' dir='ltr'><strong>servitu-</strong></span> 
     </span>
    </p>
   </div>
   <div class='ocr_carea' id='block_1_25' title="bbox 239 2169 1935 2243">
    <p class='ocr_par' dir='ltr' id='par_1_25' title="bbox 239 2169 1935 2243">
     <span class='ocr_line' id='line_1_25' title="bbox 239 2169 1935 2243; baseline -0.004 -13"><span class='ocrx_word' id='word_1_192' title='bbox 239 2175 330 2242; x_wconf 91' lang='lat' dir='ltr'><strong>tis,</strong></span> <span class='ocrx_word' id='word_1_193' title='bbox 355 2174 452 2228; x_wconf 93' lang='lat' dir='ltr'><strong>sed</strong></span> <span class='ocrx_word' id='word_1_194' title='bbox 478 2173 761 2243; x_wconf 89' lang='lat' dir='ltr'><strong>abjurata</strong></span> <span class='ocrx_word' id='word_1_195' title='bbox 800 2184 1104 2241; x_wconf 90' lang='lat' dir='ltr'><strong>coarguas,</strong></span> <span class='ocrx_word' id='word_1_196' title='bbox 1142 2169 1284 2239; x_wconf 91' lang='lat' dir='ltr'><strong>quin</strong></span> <span class='ocrx_word' id='word_1_197' title='bbox 1321 2170 1377 2224; x_wconf 91' lang='lat' dir='ltr'><strong>in</strong></span> <span class='ocrx_word' id='word_1_198' title='bbox 1428 2179 1733 2243; x_wconf 77' lang='lat' dir='ltr'><strong>terranon</strong></span> <span class='ocrx_word' id='word_1_199' title='bbox 1778 2169 1935 2224; x_wconf 84' lang='lat' dir='ltr'><strong>inﬁr-</strong></span> 
     </span>
    </p>
   </div>
   <div class='ocr_carea' id='block_1_26' title="bbox 242 2257 1922 2326">
    <p class='ocr_par' dir='ltr' id='par_1_26' title="bbox 242 2257 1922 2326">
     <span class='ocr_line' id='line_1_26' title="bbox 242 2257 1922 2326; baseline -0.002 -11"><span class='ocrx_word' id='word_1_200' title='bbox 242 2262 475 2326; x_wconf 89' lang='lat' dir='ltr'><strong>mitatis,</strong></span> <span class='ocrx_word' id='word_1_201' title='bbox 531 2260 627 2315; x_wconf 89' lang='lat' dir='ltr'><strong>sed</strong></span> <span class='ocrx_word' id='word_1_202' title='bbox 672 2258 971 2315; x_wconf 88' lang='lat' dir='ltr'><strong>soliditatis</strong></span> <span class='ocrx_word' id='word_1_203' title='bbox 1011 2271 1452 2324; x_wconf 92' lang='lat' dir='ltr'><strong>commoremur,</strong></span> <span class='ocrx_word' id='word_1_204' title='bbox 1496 2257 1597 2312; x_wconf 91' lang='lat' dir='ltr'><strong>ubi</strong></span> <span class='ocrx_word' id='word_1_205' title='bbox 1634 2257 1922 2326; x_wconf 89' lang='lat' dir='ltr'><strong>appropie-</strong></span> 
     </span>
    </p>
   </div>
   <div class='ocr_carea' id='block_1_27' title="bbox 197 2334 1933 2418">
    <p class='ocr_par' dir='ltr' id='par_1_27' title="bbox 197 2334 1933 2418">
     <span class='ocr_line' id='line_1_27' title="bbox 197 2334 1933 2418; baseline -0.002 -15"><span class='ocrx_word' id='word_1_206' title='bbox 197 2334 372 2405; x_wconf 35' lang='lat' dir='ltr'><strong>‘mus</strong></span> <span class='ocrx_word' id='word_1_207' title='bbox 429 2347 737 2418; x_wconf 88' lang='lat' dir='ltr'><strong>palpationi</strong></span> <span class='ocrx_word' id='word_1_208' title='bbox 818 2345 1074 2401; x_wconf 83' lang='lat' dir='ltr'><strong>subdola</strong></span> <span class='ocrx_word' id='word_1_209' title='bbox 1122 2344 1423 2411; x_wconf 89' lang='lat' dir='ltr'><strong>vitiorum,</strong></span> <span class='ocrx_word' id='word_1_210' title='bbox 1486 2345 1583 2399; x_wconf 92' lang='lat' dir='ltr'><strong>ubi</strong></span> <span class='ocrx_word' id='word_1_211' title='bbox 1642 2352 1727 2400; x_wconf 90' lang='lat' dir='ltr'><strong>est</strong></span> <span class='ocrx_word' id='word_1_212' title='bbox 1784 2358 1933 2400; x_wconf 89' lang='lat' dir='ltr'><strong>vera</strong></span> 
     </span>
    </p>
   </div>
   <div class='ocr_carea' id='block_1_28' title="bbox 242 2432 1935 2502">
    <p class='ocr_par' dir='ltr' id='par_1_28' title="bbox 242 2432 1935 2502">
     <span class='ocr_line' id='line_1_28' title="bbox 242 2432 1935 2502; baseline -0.002 -11"><span class='ocrx_word' id='word_1_213' title='bbox 242 2436 600 2492; x_wconf 88' lang='lat' dir='ltr'><strong>discretionis</strong></span> <span class='ocrx_word' id='word_1_214' title='bbox 658 2434 944 2490; x_wconf 88' lang='lat' dir='ltr'><strong>vicinitas.</strong></span> <span class='ocrx_word' id='word_1_215' title='bbox 995 2433 1142 2488; x_wconf 88' lang='lat' dir='ltr'><strong>Nota</strong></span> <span class='ocrx_word' id='word_1_216' title='bbox 1196 2441 1250 2487; x_wconf 89' lang='lat' dir='ltr'><strong>et</strong></span> <span class='ocrx_word' id='word_1_217' title='bbox 1315 2432 1493 2487; x_wconf 92' lang='lat' dir='ltr'><strong>recole</strong></span> <span class='ocrx_word' id='word_1_218' title='bbox 1566 2432 1706 2502; x_wconf 89' lang='lat' dir='ltr'><strong>quid</strong></span> <span class='ocrx_word' id='word_1_219' title='bbox 1759 2445 1935 2501; x_wconf 90' lang='lat' dir='ltr'><strong>super</strong></span> 
     </span>
    </p>
   </div>
   <div class='ocr_carea' id='block_1_29' title="bbox 242 2519 1930 2589">
    <p class='ocr_par' dir='ltr' id='par_1_29' title="bbox 242 2519 1930 2589">
     <span class='ocr_line' id='line_1_29' title="bbox 242 2519 1930 2589; baseline -0.004 -9"><span class='ocrx_word' id='word_1_220' title='bbox 242 2525 450 2580; x_wconf 90' lang='lat' dir='ltr'><strong>Gessen</strong></span> <span class='ocrx_word' id='word_1_221' title='bbox 477 2522 708 2579; x_wconf 90' lang='lat' dir='ltr'><strong>nomine</strong></span> <span class='ocrx_word' id='word_1_222' title='bbox 733 2521 1091 2589; x_wconf 85' lang='lat' dir='ltr'><strong>dixerimus;</strong></span> <span class='ocrx_word' id='word_1_223' title='bbox 1127 2520 1319 2589; x_wconf 89' lang='lat' dir='ltr'><strong>petitio</strong></span> <span class='ocrx_word' id='word_1_224' title='bbox 1366 2528 1558 2575; x_wconf 87' lang='lat' dir='ltr'><strong>autem</strong></span> <span class='ocrx_word' id='word_1_225' title='bbox 1604 2527 1668 2574; x_wconf 92' lang='lat' dir='ltr'><strong>ut</strong></span> <span class='ocrx_word' id='word_1_226' title='bbox 1709 2519 1930 2589; x_wconf 89' lang='lat' dir='ltr'><strong>jubeat,</strong></span> 
     </span>
    </p>
   </div>
   <div class='ocr_carea' id='block_1_30' title="bbox 245 2606 1934 2677">
    <p class='ocr_par' dir='ltr' id='par_1_30' title="bbox 245 2606 1934 2677">
     <span class='ocr_line' id='line_1_30' title="bbox 245 2606 1934 2677; baseline -0.004 -11"><span class='ocrx_word' id='word_1_227' title='bbox 245 2610 543 2666; x_wconf 87' lang='lat' dir='ltr'><strong>rationalis</strong></span> <span class='ocrx_word' id='word_1_228' title='bbox 591 2616 675 2664; x_wconf 89' lang='lat' dir='ltr'><strong>est</strong></span> <span class='ocrx_word' id='word_1_229' title='bbox 722 2616 923 2663; x_wconf 88' lang='lat' dir='ltr'><strong>contra</strong></span> <span class='ocrx_word' id='word_1_230' title='bbox 967 2606 1362 2677; x_wconf 83' lang='lat' dir='ltr'><strong>suggestiones</strong></span> <span class='ocrx_word' id='word_1_231' title='bbox 1409 2607 1702 2675; x_wconf 88' lang='lat' dir='ltr'><strong>responsio</strong></span> <span class='ocrx_word' id='word_1_232' title='bbox 1724 2612 1788 2661; x_wconf 92' lang='lat' dir='ltr'><strong>ut</strong></span> <span class='ocrx_word' id='word_1_233' title='bbox 1831 2606 1934 2661; x_wconf 91' lang='lat' dir='ltr'><strong>de-</strong></span> 
     </span>
    </p>
   </div>
   <div class='ocr_carea' id='block_1_31' title="bbox 244 2693 1935 2764">
    <p class='ocr_par' dir='ltr' id='par_1_31' title="bbox 244 2693 1935 2764">
     <span class='ocr_line' id='line_1_31' title="bbox 244 2693 1935 2764; baseline -0.004 -11"><span class='ocrx_word' id='word_1_234' title='bbox 244 2699 422 2753; x_wconf 87' lang='lat' dir='ltr'><strong>sistat.</strong></span> <span class='ocrx_word' id='word_1_235' title='bbox 458 2699 703 2752; x_wconf 89' lang='lat' dir='ltr'><strong>Possunt</strong></span> <span class='ocrx_word' id='word_1_236' title='bbox 733 2702 788 2750; x_wconf 91' lang='lat' dir='ltr'><strong>et</strong></span> <span class='ocrx_word' id='word_1_237' title='bbox 833 2694 1095 2764; x_wconf 90' lang='lat' dir='ltr'><strong>quinque</strong></span> <span class='ocrx_word' id='word_1_238' title='bbox 1125 2693 1237 2747; x_wconf 91' lang='lat' dir='ltr'><strong>viri</strong></span> <span class='ocrx_word' id='word_1_239' title='bbox 1285 2693 1373 2747; x_wconf 90' lang='lat' dir='ltr'><strong>isti</strong></span> <span class='ocrx_word' id='word_1_240' title='bbox 1425 2693 1685 2763; x_wconf 90' lang='lat' dir='ltr'><strong>quinque</strong></span> <span class='ocrx_word' id='word_1_241' title='bbox 1736 2707 1935 2749; x_wconf 87' lang='lat' dir='ltr'><strong>sensus</strong></span> 
     </span>
    </p>
   </div>
   <div class='ocr_carea' id='block_1_32' title="bbox 2024 324 3717 395">
    <p class='ocr_par' dir='ltr' id='par_1_32' title="bbox 2024 324 3717 395">
     <span class='ocr_line' id='line_1_32' title="bbox 2024 324 3717 395; baseline -0.002 -15"><span class='ocrx_word' id='word_1_242' title='bbox 2024 325 2150 395; x_wconf 91' lang='lat' dir='ltr'><strong>ejus</strong></span> <span class='ocrx_word' id='word_1_243' title='bbox 2209 326 2512 395; x_wconf 88' lang='lat' dir='ltr'><strong>respondet</strong></span> <span class='ocrx_word' id='word_1_244' title='bbox 2585 324 2844 381; x_wconf 88' lang='lat' dir='ltr'><strong>illationi.</strong></span> <span class='ocrx_word' id='word_1_245' title='bbox 2904 325 3041 390; x_wconf 83' lang='lat' dir='ltr'><strong>Quot</strong></span> <span class='ocrx_word' id='word_1_246' title='bbox 3094 330 3222 379; x_wconf 86' lang='lat' dir='ltr'><strong>sunt</strong></span> <span class='ocrx_word' id='word_1_247' title='bbox 3278 325 3393 379; x_wconf 82' lang='lat' dir='ltr'><strong>dies</strong></span> <span class='ocrx_word' id='word_1_248' title='bbox 3448 338 3717 377; x_wconf 86' lang='lat' dir='ltr'><strong>annorum</strong></span> 
     </span>
    </p>
   </div>
   <div class='ocr_carea' id='block_1_33' title="bbox 2023 409 3717 483">
    <p class='ocr_par' dir='ltr' id='par_1_33' title="bbox 2023 409 3717 483">
     <span class='ocr_line' id='line_1_33' title="bbox 2023 409 3717 483; baseline -0.001 -17"><span class='ocrx_word' id='word_1_249' title='bbox 2023 416 2149 467; x_wconf 80' lang='lat' dir='ltr'><strong>vita</strong></span> <span class='ocrx_word' id='word_1_250' title='bbox 2176 413 2511 483; x_wconf 86' lang='lat' dir='ltr'><strong>interrogat,</strong></span> <span class='ocrx_word' id='word_1_251' title='bbox 2565 427 2697 468; x_wconf 90' lang='lat' dir='ltr'><strong>cum</strong></span> <span class='ocrx_word' id='word_1_252' title='bbox 2735 413 2804 468; x_wconf 92' lang='lat' dir='ltr'><strong>de</strong></span> <span class='ocrx_word' id='word_1_253' title='bbox 2851 412 3155 478; x_wconf 89' lang='lat' dir='ltr'><strong>virtutum,</strong></span> <span class='ocrx_word' id='word_1_254' title='bbox 3200 411 3542 482; x_wconf 81' lang='lat' dir='ltr'><strong>perfectione</strong></span> <span class='ocrx_word' id='word_1_255' title='bbox 3584 409 3717 465; x_wconf 86' lang='lat' dir='ltr'><strong>ani-</strong></span> 
     </span>
    </p>
   </div>
   <div class='ocr_carea' id='block_1_34' title="bbox 2027 497 3717 569">
    <p class='ocr_par' dir='ltr' id='par_1_34' title="bbox 2027 497 3717 569">
     <span class='ocr_line' id='line_1_34' title="bbox 2027 497 3717 569; baseline -0.002 -13"><span class='ocrx_word' id='word_1_256' title='bbox 2027 515 2188 556; x_wconf 91' lang='lat' dir='ltr'><strong>mum</strong></span> <span class='ocrx_word' id='word_1_257' title='bbox 2248 500 2455 569; x_wconf 85' lang='lat' dir='ltr'><strong>pulsat.</strong></span> <span class='ocrx_word' id='word_1_258' title='bbox 2508 501 2637 555; x_wconf 73' lang='lat' dir='ltr'><strong>Dies</strong></span> <span class='ocrx_word' id='word_1_259' title='bbox 2703 501 2854 554; x_wconf 83' lang='lat' dir='ltr'><strong>enim</strong></span> <span class='ocrx_word' id='word_1_260' title='bbox 2904 514 3143 569; x_wconf 91' lang='lat' dir='ltr'><strong>operum</strong></span> <span class='ocrx_word' id='word_1_261' title='bbox 3190 500 3526 566; x_wconf 89' lang='lat' dir='ltr'><strong>claritatem,</strong></span> <span class='ocrx_word' id='word_1_262' title='bbox 3574 497 3717 553; x_wconf 89' lang='lat' dir='ltr'><strong>anni</strong></span> 
     </span>
    </p>
   </div>
   <div class='ocr_carea' id='block_1_35' title="bbox 2027 588 3720 659">
    <p class='ocr_par' dir='ltr' id='par_1_35' title="bbox 2027 588 3720 659">
     <span class='ocr_line' id='line_1_35' title="bbox 2027 588 3720 659; baseline -0.001 -16"><span class='ocrx_word' id='word_1_263' title='bbox 2027 602 2226 644; x_wconf 89' lang='lat' dir='ltr'><strong>eorum</strong></span> <span class='ocrx_word' id='word_1_264' title='bbox 2292 589 2620 659; x_wconf 87' lang='lat' dir='ltr'><strong>signiﬁcant</strong></span> <span class='ocrx_word' id='word_1_265' title='bbox 2702 589 3200 659; x_wconf 59' lang='lat' dir='ltr'><strong>inaltiplicitatem.</strong></span> <span class='ocrx_word' id='word_1_266' title='bbox 3275 589 3379 645; x_wconf 92' lang='lat' dir='ltr'><strong>Sed</strong></span> <span class='ocrx_word' id='word_1_267' title='bbox 3433 588 3720 657; x_wconf 88' lang='lat' dir='ltr'><strong>superbia</strong></span> 
     </span>
    </p>
   </div>
   <div class='ocr_carea' id='block_1_36' title="bbox 2028 675 3722 748">
    <p class='ocr_par' dir='ltr' id='par_1_36' title="bbox 2028 675 3722 748">
     <span class='ocr_line' id='line_1_36' title="bbox 2028 675 3722 748; baseline -0.001 -17"><span class='ocrx_word' id='word_1_268' title='bbox 2028 676 2395 746; x_wconf 89' lang='lat' dir='ltr'><strong>impulsibus,</strong></span> <span class='ocrx_word' id='word_1_269' title='bbox 2432 677 2521 732; x_wconf 93' lang='lat' dir='ltr'><strong>ille</strong></span> <span class='ocrx_word' id='word_1_270' title='bbox 2568 686 2797 733; x_wconf 89' lang='lat' dir='ltr'><strong>centum</strong></span> <span class='ocrx_word' id='word_1_271' title='bbox 2850 677 3085 748; x_wconf 89' lang='lat' dir='ltr'><strong>triginta</strong></span> <span class='ocrx_word' id='word_1_272' title='bbox 3121 691 3408 733; x_wconf 90' lang='lat' dir='ltr'><strong>annorum</strong></span> <span class='ocrx_word' id='word_1_273' title='bbox 3456 675 3722 747; x_wconf 86' lang='lat' dir='ltr'><strong>peregri—</strong></span> 
     </span>
    </p>
   </div>
   <div class='ocr_carea' id='block_1_37' title="bbox 2030 765 3722 837">
    <p class='ocr_par' dir='ltr' id='par_1_37' title="bbox 2030 765 3722 837">
     <span class='ocr_line' id='line_1_37' title="bbox 2030 765 3722 837; baseline -0.002 -17"><span class='ocrx_word' id='word_1_274' title='bbox 2030 766 2320 821; x_wconf 91' lang='lat' dir='ltr'><strong>nationem</strong></span> <span class='ocrx_word' id='word_1_275' title='bbox 2348 766 2563 837; x_wconf 89' lang='lat' dir='ltr'><strong>objicit,</strong></span> <span class='ocrx_word' id='word_1_276' title='bbox 2596 769 2736 837; x_wconf 91' lang='lat' dir='ltr'><strong>quia</strong></span> <span class='ocrx_word' id='word_1_277' title='bbox 2765 765 2869 821; x_wconf 90' lang='lat' dir='ltr'><strong>etsi</strong></span> <span class='ocrx_word' id='word_1_278' title='bbox 2908 766 3190 835; x_wconf 84' lang='lat' dir='ltr'><strong>perfectio,</strong></span> <span class='ocrx_word' id='word_1_279' title='bbox 3225 765 3380 836; x_wconf 89' lang='lat' dir='ltr'><strong>quod</strong></span> <span class='ocrx_word' id='word_1_280' title='bbox 3410 773 3494 820; x_wconf 92' lang='lat' dir='ltr'><strong>est</strong></span> <span class='ocrx_word' id='word_1_281' title='bbox 3521 771 3722 820; x_wconf 88' lang='lat' dir='ltr'><strong>cente-</strong></span> 
     </span>
    </p>
   </div>
   <div class='ocr_carea' id='block_1_38' title="bbox 2029 850 3719 924">
    <p class='ocr_par' dir='ltr' id='par_1_38' title="bbox 2029 850 3719 924">
     <span class='ocr_line' id='line_1_38' title="bbox 2029 850 3719 924; baseline -0.004 -15"><span class='ocrx_word' id='word_1_282' title='bbox 2029 853 2249 922; x_wconf 90' lang='lat' dir='ltr'><strong>narius,</strong></span> <span class='ocrx_word' id='word_1_283' title='bbox 2285 854 2343 909; x_wconf 92' lang='lat' dir='ltr'><strong>in</strong></span> <span class='ocrx_word' id='word_1_284' title='bbox 2366 854 2714 924; x_wconf 86' lang='lat' dir='ltr'><strong>quibusdam</strong></span> <span class='ocrx_word' id='word_1_285' title='bbox 2759 861 3042 923; x_wconf 87' lang='lat' dir='ltr'><strong>suppetat,</strong></span> <span class='ocrx_word' id='word_1_286' title='bbox 3080 854 3264 909; x_wconf 81' lang='lat' dir='ltr'><strong>sexies</strong></span> <span class='ocrx_word' id='word_1_287' title='bbox 3295 861 3484 908; x_wconf 89' lang='lat' dir='ltr'><strong>tamen</strong></span> <span class='ocrx_word' id='word_1_288' title='bbox 3528 850 3719 921; x_wconf 90' lang='lat' dir='ltr'><strong>quini,</strong></span> 
     </span>
    </p>
   </div>
   <div class='ocr_carea' id='block_1_39' title="bbox 2032 939 3727 1012">
    <p class='ocr_par' dir='ltr' id='par_1_39' title="bbox 2032 939 3727 1012">
     <span class='ocr_line' id='line_1_39' title="bbox 2032 939 3727 1012; baseline -0.004 -15"><span class='ocrx_word' id='word_1_289' title='bbox 2032 943 2383 1012; x_wconf 88' lang='lat' dir='ltr'><strong>trigenarius</strong></span> <span class='ocrx_word' id='word_1_290' title='bbox 2422 941 2653 1009; x_wconf 89' lang='lat' dir='ltr'><strong>scilicet,</strong></span> <span class='ocrx_word' id='word_1_291' title='bbox 2713 941 2869 1011; x_wconf 91' lang='lat' dir='ltr'><strong>quod</strong></span> <span class='ocrx_word' id='word_1_292' title='bbox 2897 948 2981 996; x_wconf 91' lang='lat' dir='ltr'><strong>est</strong></span> <span class='ocrx_word' id='word_1_293' title='bbox 3018 941 3090 996; x_wconf 89' lang='lat' dir='ltr'><strong>ab</strong></span> <span class='ocrx_word' id='word_1_294' title='bbox 3145 939 3429 996; x_wconf 89' lang='lat' dir='ltr'><strong>interioris</strong></span> <span class='ocrx_word' id='word_1_295' title='bbox 3474 939 3727 994; x_wconf 87' lang='lat' dir='ltr'><strong>hominis</strong></span> 
     </span>
    </p>
   </div>
   <div class='ocr_carea' id='block_1_40' title="bbox 2031 1027 3725 1097">
    <p class='ocr_par' dir='ltr' id='par_1_40' title="bbox 2031 1027 3725 1097">
     <span class='ocr_line' id='line_1_40' title="bbox 2031 1027 3725 1097; baseline -0.003 -12"><span class='ocrx_word' id='word_1_296' title='bbox 2031 1030 2310 1086; x_wconf 89' lang='lat' dir='ltr'><strong>soliditate</strong></span> <span class='ocrx_word' id='word_1_297' title='bbox 2364 1029 2436 1086; x_wconf 89' lang='lat' dir='ltr'><strong>ad</strong></span> <span class='ocrx_word' id='word_1_298' title='bbox 2483 1029 2875 1086; x_wconf 89' lang='lat' dir='ltr'><strong>sensualitatis</strong></span> <span class='ocrx_word' id='word_1_299' title='bbox 2927 1030 3243 1085; x_wconf 87' lang='lat' dir='ltr'><strong>vanitatem</strong></span> <span class='ocrx_word' id='word_1_300' title='bbox 3300 1027 3562 1097; x_wconf 87' lang='lat' dir='ltr'><strong>dilapsio,</strong></span> <span class='ocrx_word' id='word_1_301' title='bbox 3599 1040 3725 1081; x_wconf 91' lang='lat' dir='ltr'><strong>sese</strong></span> 
     </span>
    </p>
   </div>
   <div class='ocr_carea' id='block_1_41' title="bbox 2034 1117 3727 1189">
    <p class='ocr_par' dir='ltr' id='par_1_41' title="bbox 2034 1117 3727 1189">
     <span class='ocr_line' id='line_1_41' title="bbox 2034 1117 3727 1189; baseline -0.003 -16"><span class='ocrx_word' id='word_1_302' title='bbox 2034 1120 2171 1174; x_wconf 90' lang='lat' dir='ltr'><strong>dum</strong></span> <span class='ocrx_word' id='word_1_303' title='bbox 2204 1120 2432 1174; x_wconf 88' lang='lat' dir='ltr'><strong>animus</strong></span> <span class='ocrx_word' id='word_1_304' title='bbox 2482 1134 2516 1174; x_wconf 86' lang='lat' dir='ltr'><strong>a</strong></span> <span class='ocrx_word' id='word_1_305' title='bbox 2564 1134 2623 1174; x_wconf 90' lang='lat' dir='ltr'><strong>se</strong></span> <span class='ocrx_word' id='word_1_306' title='bbox 2676 1118 3100 1189; x_wconf 89' lang='lat' dir='ltr'><strong>peregrinatur,</strong></span> <span class='ocrx_word' id='word_1_307' title='bbox 3157 1117 3420 1188; x_wconf 90' lang='lat' dir='ltr'><strong>objectat.</strong></span> <span class='ocrx_word' id='word_1_308' title='bbox 3476 1118 3641 1171; x_wconf 84' lang='lat' dir='ltr'><strong>Parvi</strong></span> <span class='ocrx_word' id='word_1_309' title='bbox 3673 1119 3727 1168; x_wconf 87' lang='lat' dir='ltr'><strong>et</strong></span> 
     </span>
    </p>
   </div>
   <div class='ocr_carea' id='block_1_42' title="bbox 2033 1204 3729 1277">
    <p class='ocr_par' dir='ltr' id='par_1_42' title="bbox 2033 1204 3729 1277">
     <span class='ocr_line' id='line_1_42' title="bbox 2033 1204 3729 1277; baseline -0.003 -16"><span class='ocrx_word' id='word_1_310' title='bbox 2033 1208 2167 1261; x_wconf 90' lang='lat' dir='ltr'><strong>mali</strong></span> <span class='ocrx_word' id='word_1_311' title='bbox 2198 1208 2312 1261; x_wconf 85' lang='lat' dir='ltr'><strong>dies</strong></span> <span class='ocrx_word' id='word_1_312' title='bbox 2352 1214 2497 1273; x_wconf 88' lang='lat' dir='ltr'><strong>sunt,</strong></span> <span class='ocrx_word' id='word_1_313' title='bbox 2545 1208 2684 1277; x_wconf 89' lang='lat' dir='ltr'><strong>quia</strong></span> <span class='ocrx_word' id='word_1_314' title='bbox 2713 1215 2870 1261; x_wconf 88' lang='lat' dir='ltr'><strong>tanto</strong></span> <span class='ocrx_word' id='word_1_315' title='bbox 2917 1207 3103 1277; x_wconf 89' lang='lat' dir='ltr'><strong>magis</strong></span> <span class='ocrx_word' id='word_1_316' title='bbox 3142 1214 3225 1261; x_wconf 92' lang='lat' dir='ltr'><strong>est</strong></span> <span class='ocrx_word' id='word_1_317' title='bbox 3272 1206 3459 1261; x_wconf 90' lang='lat' dir='ltr'><strong>virtus</strong></span> <span class='ocrx_word' id='word_1_318' title='bbox 3487 1204 3729 1274; x_wconf 86' lang='lat' dir='ltr'><strong>exigua,</strong></span> 
     </span>
    </p>
   </div>
   <div class='ocr_carea' id='block_1_43' title="bbox 2036 1292 3731 1364">
    <p class='ocr_par' dir='ltr' id='par_1_43' title="bbox 2036 1292 3731 1364">
     <span class='ocr_line' id='line_1_43' title="bbox 2036 1292 3731 1364; baseline -0.003 -14"><span class='ocrx_word' id='word_1_319' title='bbox 2036 1303 2253 1364; x_wconf 89' lang='lat' dir='ltr'><strong>quanto</strong></span> <span class='ocrx_word' id='word_1_320' title='bbox 2288 1295 2570 1350; x_wconf 89' lang='lat' dir='ltr'><strong>malorum</strong></span> <span class='ocrx_word' id='word_1_321' title='bbox 2620 1295 2837 1350; x_wconf 91' lang='lat' dir='ltr'><strong>crebris</strong></span> <span class='ocrx_word' id='word_1_322' title='bbox 2882 1293 3304 1362; x_wconf 91' lang='lat' dir='ltr'><strong>irruptionibus</strong></span> <span class='ocrx_word' id='word_1_323' title='bbox 3348 1292 3533 1360; x_wconf 81' lang='lat' dir='ltr'><strong>fada;</strong></span> <span class='ocrx_word' id='word_1_324' title='bbox 3567 1298 3622 1346; x_wconf 88' lang='lat' dir='ltr'><strong>et</strong></span> <span class='ocrx_word' id='word_1_325' title='bbox 3652 1303 3731 1345; x_wconf 85' lang='lat' dir='ltr'><strong>ex</strong></span> 
     </span>
    </p>
   </div>
   <div class='ocr_carea' id='block_1_44' title="bbox 2036 1379 3729 1451">
    <p class='ocr_par' dir='ltr' id='par_1_44' title="bbox 2036 1379 3729 1451">
     <span class='ocr_line' id='line_1_44' title="bbox 2036 1379 3729 1451; baseline -0.002 -14"><span class='ocrx_word' id='word_1_326' title='bbox 2036 1383 2146 1439; x_wconf 90' lang='lat' dir='ltr'><strong>hoc</strong></span> <span class='ocrx_word' id='word_1_327' title='bbox 2183 1384 2417 1438; x_wconf 87' lang='lat' dir='ltr'><strong>Patrum</strong></span> <span class='ocrx_word' id='word_1_328' title='bbox 2448 1397 2564 1438; x_wconf 92' lang='lat' dir='ltr'><strong>non</strong></span> <span class='ocrx_word' id='word_1_329' title='bbox 2610 1388 2746 1437; x_wconf 65' lang='lat' dir='ltr'><strong>nos</strong></span> <span class='ocrx_word' id='word_1_330' title='bbox 2790 1389 2972 1451; x_wconf 90' lang='lat' dir='ltr'><strong>potest</strong></span> <span class='ocrx_word' id='word_1_331' title='bbox 3009 1381 3229 1451; x_wconf 90' lang='lat' dir='ltr'><strong>aquari</strong></span> <span class='ocrx_word' id='word_1_332' title='bbox 3261 1379 3729 1451; x_wconf 87' lang='lat' dir='ltr'><strong>magniﬁcentia,</strong></span> 
     </span>
    </p>
   </div>
   <div class='ocr_carea' id='block_1_45' title="bbox 2038 1466 3734 1540">
    <p class='ocr_par' dir='ltr' id='par_1_45' title="bbox 2038 1466 3734 1540">
     <span class='ocr_line' id='line_1_45' title="bbox 2038 1466 3734 1540; baseline -0.004 -14"><span class='ocrx_word' id='word_1_333' title='bbox 2038 1484 2288 1540; x_wconf 92' lang='lat' dir='ltr'><strong>quorum</strong></span> <span class='ocrx_word' id='word_1_334' title='bbox 2334 1470 2561 1526; x_wconf 82' lang='lat' dir='ltr'><strong>affectat</strong></span> <span class='ocrx_word' id='word_1_335' title='bbox 2622 1471 2905 1539; x_wconf 87' lang='lat' dir='ltr'><strong>exempla,</strong></span> <span class='ocrx_word' id='word_1_336' title='bbox 2962 1470 3178 1539; x_wconf 88' lang='lat' dir='ltr'><strong>quibus</strong></span> <span class='ocrx_word' id='word_1_337' title='bbox 3224 1468 3392 1539; x_wconf 90' lang='lat' dir='ltr'><strong>longe</strong></span> <span class='ocrx_word' id='word_1_338' title='bbox 3439 1466 3734 1522; x_wconf 85' lang='lat' dir='ltr'><strong>valentius</strong></span> 
     </span>
    </p>
   </div>
   <div class='ocr_carea' id='block_1_46' title="bbox 2039 1555 3546 1629">
    <p class='ocr_par' dir='ltr' id='par_1_46' title="bbox 2039 1555 3546 1629">
     <span class='ocr_line' id='line_1_46' title="bbox 2039 1555 3546 1629; baseline -0.004 -15"><span class='ocrx_word' id='word_1_339' title='bbox 2039 1573 2410 1629; x_wconf 88' lang='lat' dir='ltr'><strong>perseverans</strong></span> <span class='ocrx_word' id='word_1_340' title='bbox 2439 1558 2655 1615; x_wconf 85' lang='lat' dir='ltr'><strong>exstitit</strong></span> <span class='ocrx_word' id='word_1_341' title='bbox 2684 1558 2742 1613; x_wconf 89' lang='lat' dir='ltr'><strong>in</strong></span> <span class='ocrx_word' id='word_1_342' title='bbox 2775 1558 3028 1613; x_wconf 91' lang='lat' dir='ltr'><strong>incolatu</strong></span> <span class='ocrx_word' id='word_1_343' title='bbox 3060 1557 3179 1626; x_wconf 91' lang='lat' dir='ltr'><strong>ipso</strong></span> <span class='ocrx_word' id='word_1_344' title='bbox 3208 1555 3546 1612; x_wconf 89' lang='lat' dir='ltr'><strong>constantia.</strong></span> 
     </span>
    </p>
   </div>
   <div class='ocr_carea' id='block_1_47' title="bbox 2109 1644 3733 1714">
    <p class='ocr_par' dir='ltr' id='par_1_47' title="bbox 2109 1644 3733 1714">
     <span class='ocr_line' id='line_1_47' title="bbox 2109 1644 3733 1714; baseline -0.005 -12"><span class='ocrx_word' id='word_1_345' title='bbox 2109 1647 2279 1703; x_wconf 73' lang='lat' dir='ltr'><strong>Vnus.</strong></span> <span class='ocrx_word' id='word_1_346' title='bbox 2313 1649 2397 1701; x_wconf 88' lang='grc'><strong>10.</strong></span> <span class='ocrx_word' id='word_1_347' title='bbox 2453 1676 2523 1688; x_wconf 90' lang='lat'><strong>—-</strong></span> <span class='ocrx_word' id='word_1_348' title='bbox 2570 1650 2640 1702; x_wconf 89' lang='lat' dir='ltr'><strong>Et</strong></span> <span class='ocrx_word' id='word_1_349' title='bbox 2690 1648 2957 1701; x_wconf 89' lang='lat' dir='ltr'><strong>benedicta</strong></span> <span class='ocrx_word' id='word_1_350' title='bbox 3004 1662 3126 1714; x_wconf 87' lang='lat' dir='ltr'><strong>rege</strong></span> <span class='ocrx_word' id='word_1_351' title='bbox 3162 1659 3405 1712; x_wconf 89' lang='lat' dir='ltr'><strong>egressus</strong></span> <span class='ocrx_word' id='word_1_352' title='bbox 3449 1648 3526 1697; x_wconf 92' lang='lat' dir='ltr'><strong>est</strong></span> <span class='ocrx_word' id='word_1_353' title='bbox 3573 1644 3733 1709; x_wconf 82' lang='lat' dir='ltr'><strong>foras</strong></span> 
     </span>
    </p>
   </div>
   <div class='ocr_carea' id='block_1_48' title="bbox 2040 1730 3731 1803">
    <p class='ocr_par' dir='ltr' id='par_1_48' title="bbox 2040 1730 3731 1803">
     <span class='ocr_line' id='line_1_48' title="bbox 2040 1730 3731 1803; baseline -0.004 -13"><span class='ocrx_word' id='word_1_354' title='bbox 2040 1735 2396 1791; x_wconf 91' lang='lat' dir='ltr'><strong>Pharaonem</strong></span> <span class='ocrx_word' id='word_1_355' title='bbox 2454 1735 2865 1800; x_wconf 90' lang='lat' dir='ltr'><strong>benedicimus,</strong></span> <span class='ocrx_word' id='word_1_356' title='bbox 2903 1749 3035 1789; x_wconf 93' lang='lat' dir='ltr'><strong>cum</strong></span> <span class='ocrx_word' id='word_1_357' title='bbox 3084 1747 3153 1789; x_wconf 92' lang='lat' dir='ltr'><strong>ea</strong></span> <span class='ocrx_word' id='word_1_358' title='bbox 3200 1747 3330 1803; x_wconf 88' lang='lat' dir='ltr'><strong>qua</strong></span> <span class='ocrx_word' id='word_1_359' title='bbox 3370 1730 3731 1800; x_wconf 86' lang='lat' dir='ltr'><strong>dissipationi</strong></span> 
     </span>
    </p>
   </div>
   <div class='ocr_carea' id='block_1_49' title="bbox 2039 1818 3732 1893">
    <p class='ocr_par' dir='ltr' id='par_1_49' title="bbox 2039 1818 3732 1893">
     <span class='ocr_line' id='line_1_49' title="bbox 2039 1818 3732 1893; baseline -0.005 -13"><span class='ocrx_word' id='word_1_360' title='bbox 2039 1832 2248 1880; x_wconf 90' lang='lat' dir='ltr'><strong>nostra</strong></span> <span class='ocrx_word' id='word_1_361' title='bbox 2296 1831 2349 1879; x_wconf 90' lang='lat' dir='ltr'><strong>et</strong></span> <span class='ocrx_word' id='word_1_362' title='bbox 2395 1824 2604 1879; x_wconf 90' lang='lat' dir='ltr'><strong>damno</strong></span> <span class='ocrx_word' id='word_1_363' title='bbox 2651 1823 2906 1893; x_wconf 87' lang='lat' dir='ltr'><strong>ingessit,</strong></span> <span class='ocrx_word' id='word_1_364' title='bbox 2953 1823 3025 1877; x_wconf 88' lang='lat' dir='ltr'><strong>ad</strong></span> <span class='ocrx_word' id='word_1_365' title='bbox 3065 1822 3324 1891; x_wconf 89' lang='lat' dir='ltr'><strong>regulam</strong></span> <span class='ocrx_word' id='word_1_366' title='bbox 3376 1818 3599 1889; x_wconf 91' lang='lat' dir='ltr'><strong>pietatis</strong></span> <span class='ocrx_word' id='word_1_367' title='bbox 3641 1818 3732 1872; x_wconf 90' lang='lat' dir='ltr'><strong>in-</strong></span> 
     </span>
    </p>
   </div>
   <div class='ocr_carea' id='block_1_50' title="bbox 2041 1907 3729 1981">
    <p class='ocr_par' dir='ltr' id='par_1_50' title="bbox 2041 1907 3729 1981">
     <span class='ocr_line' id='line_1_50' title="bbox 2041 1907 3729 1981; baseline -0.004 -15"><span class='ocrx_word' id='word_1_368' title='bbox 2041 1919 2396 1981; x_wconf 88' lang='lat' dir='ltr'><strong>torquemus,</strong></span> <span class='ocrx_word' id='word_1_369' title='bbox 2429 1920 2485 1966; x_wconf 92' lang='lat' dir='ltr'><strong>et</strong></span> <span class='ocrx_word' id='word_1_370' title='bbox 2515 1909 2765 1965; x_wconf 88' lang='lat' dir='ltr'><strong>victoria</strong></span> <span class='ocrx_word' id='word_1_371' title='bbox 2809 1924 2875 1964; x_wconf 90' lang='lat' dir='ltr'><strong>ac</strong></span> <span class='ocrx_word' id='word_1_372' title='bbox 2906 1909 3135 1964; x_wconf 88' lang='lat' dir='ltr'><strong>utilitati</strong></span> <span class='ocrx_word' id='word_1_373' title='bbox 3168 1908 3412 1963; x_wconf 89' lang='lat' dir='ltr'><strong>militare</strong></span> <span class='ocrx_word' id='word_1_374' title='bbox 3446 1907 3729 1976; x_wconf 89' lang='lat' dir='ltr'><strong>cogimus.</strong></span> 
     </span>
    </p>
   </div>
   <div class='ocr_carea' id='block_1_51' title="bbox 2039 1996 3733 2068">
    <p class='ocr_par' dir='ltr' id='par_1_51' title="bbox 2039 1996 3733 2068">
     <span class='ocr_line' id='line_1_51' title="bbox 2039 1996 3733 2068; baseline -0.003 -16"><span class='ocrx_word' id='word_1_375' title='bbox 2039 1997 2317 2066; x_wconf 90' lang='lat' dir='ltr'><strong>Tuncque</strong></span> <span class='ocrx_word' id='word_1_376' title='bbox 2355 2000 2509 2064; x_wconf 82' lang='lat' dir='ltr'><strong>foras</strong></span> <span class='ocrx_word' id='word_1_377' title='bbox 2551 1998 2903 2068; x_wconf 88' lang='lat' dir='ltr'><strong>egredimur,</strong></span> <span class='ocrx_word' id='word_1_378' title='bbox 2946 2011 3077 2052; x_wconf 89' lang='lat' dir='ltr'><strong>cum</strong></span> <span class='ocrx_word' id='word_1_379' title='bbox 3127 1996 3196 2051; x_wconf 91' lang='lat' dir='ltr'><strong>ad</strong></span> <span class='ocrx_word' id='word_1_380' title='bbox 3230 1996 3467 2050; x_wconf 88' lang='lat' dir='ltr'><strong>rationis</strong></span> <span class='ocrx_word' id='word_1_381' title='bbox 3497 1996 3733 2050; x_wconf 83' lang='lat' dir='ltr'><strong>liberta-</strong></span> 
     </span>
    </p>
   </div>
   <div class='ocr_carea' id='block_1_52' title="bbox 2041 2082 3735 2155">
    <p class='ocr_par' dir='ltr' id='par_1_52' title="bbox 2041 2082 3735 2155">
     <span class='ocr_line' id='line_1_52' title="bbox 2041 2082 3735 2155; baseline -0.002 -16"><span class='ocrx_word' id='word_1_382' title='bbox 2041 2092 2174 2151; x_wconf 91' lang='lat' dir='ltr'><strong>tem,</strong></span> <span class='ocrx_word' id='word_1_383' title='bbox 2225 2085 2298 2140; x_wconf 91' lang='lat' dir='ltr'><strong>ab</strong></span> <span class='ocrx_word' id='word_1_384' title='bbox 2343 2086 2470 2155; x_wconf 91' lang='lat' dir='ltr'><strong>ejus</strong></span> <span class='ocrx_word' id='word_1_385' title='bbox 2517 2086 2770 2155; x_wconf 89' lang='lat' dir='ltr'><strong>captiosa</strong></span> <span class='ocrx_word' id='word_1_386' title='bbox 2812 2099 2989 2154; x_wconf 89' lang='lat' dir='ltr'><strong>quam</strong></span> <span class='ocrx_word' id='word_1_387' title='bbox 3024 2084 3281 2140; x_wconf 87' lang='lat' dir='ltr'><strong>obtendit</strong></span> <span class='ocrx_word' id='word_1_388' title='bbox 3327 2082 3735 2153; x_wconf 85' lang='lat' dir='ltr'><strong>illaqueatione</strong></span> 
     </span>
    </p>
   </div>
   <div class='ocr_carea' id='block_1_53' title="bbox 2041 2171 3735 2243">
    <p class='ocr_par' dir='ltr' id='par_1_53' title="bbox 2041 2171 3735 2243">
     <span class='ocr_line' id='line_1_53' title="bbox 2041 2171 3735 2243; baseline -0.004 -16"><span class='ocrx_word' id='word_1_389' title='bbox 2041 2171 2354 2241; x_wconf 88' lang='lat' dir='ltr'><strong>prodimus.</strong></span> <span class='ocrx_word' id='word_1_390' title='bbox 2387 2173 2585 2243; x_wconf 58' lang='grc' dir='ltr'><strong>(νεεδ.</strong></span> <span class='ocrx_word' id='word_1_391' title='bbox 2622 2177 2705 2240; x_wconf 90' lang='grc'><strong>11,</strong></span> <span class='ocrx_word' id='word_1_392' title='bbox 2747 2173 3074 2238; x_wconf 80' lang='lat' dir='ltr'><strong>l2.)Joseph</strong></span> <span class='ocrx_word' id='word_1_393' title='bbox 3098 2188 3221 2225; x_wconf 79' lang='lat' dir='ltr'><strong>vero</strong></span> <span class='ocrx_word' id='word_1_394' title='bbox 3245 2174 3397 2243; x_wconf 85' lang='lat' dir='ltr'><strong>patri</strong></span> <span class='ocrx_word' id='word_1_395' title='bbox 3438 2177 3487 2224; x_wconf 91' lang='lat' dir='ltr'><strong>et</strong></span> <span class='ocrx_word' id='word_1_396' title='bbox 3523 2172 3735 2237; x_wconf 82' lang='lat' dir='ltr'><strong>fratri-</strong></span> 
     </span>
    </p>
   </div>
   <div class='ocr_carea' id='block_1_54' title="bbox 2044 2259 3734 2329">
    <p class='ocr_par' dir='ltr' id='par_1_54' title="bbox 2044 2259 3734 2329">
     <span class='ocr_line' id='line_1_54' title="bbox 2044 2259 3734 2329; baseline -0.001 -17"><span class='ocrx_word' id='word_1_397' title='bbox 2044 2260 2139 2313; x_wconf 87' lang='lat' dir='ltr'><strong>bus</strong></span> <span class='ocrx_word' id='word_1_398' title='bbox 2186 2260 2338 2313; x_wconf 86' lang='lat' dir='ltr'><strong>dedit</strong></span> <span class='ocrx_word' id='word_1_399' title='bbox 2391 2264 2773 2328; x_wconf 79' lang='lat' dir='ltr'><strong>possessionem</strong></span> <span class='ocrx_word' id='word_1_400' title='bbox 2829 2264 2888 2314; x_wconf 89' lang='lat' dir='ltr'><strong>in</strong></span> <span class='ocrx_word' id='word_1_401' title='bbox 2943 2262 3195 2329; x_wconf 68' lang='lat' dir='ltr'><strong>ngypto</strong></span> <span class='ocrx_word' id='word_1_402' title='bbox 3246 2263 3304 2313; x_wconf 85' lang='lat' dir='ltr'><strong>in</strong></span> <span class='ocrx_word' id='word_1_403' title='bbox 3368 2262 3567 2328; x_wconf 80' lang='lat' dir='ltr'><strong>Optimo</strong></span> <span class='ocrx_word' id='word_1_404' title='bbox 3621 2259 3734 2312; x_wconf 91' lang='lat' dir='ltr'><strong>solo</strong></span> 
     </span>
    </p>
   </div>
   <div class='ocr_carea' id='block_1_55' title="bbox 2044 2346 3733 2418">
    <p class='ocr_par' dir='ltr' id='par_1_55' title="bbox 2044 2346 3733 2418">
     <span class='ocr_line' id='line_1_55' title="bbox 2044 2346 3733 2418; baseline 0 -19"><span class='ocrx_word' id='word_1_405' title='bbox 2044 2351 2217 2415; x_wconf 84' lang='lat' dir='ltr'><strong>terra,</strong></span> <span class='ocrx_word' id='word_1_406' title='bbox 2271 2349 2570 2414; x_wconf 83' lang='lat' dir='ltr'><strong>Ramesses,</strong></span> <span class='ocrx_word' id='word_1_407' title='bbox 2630 2353 2690 2402; x_wconf 90' lang='lat' dir='ltr'><strong>ut</strong></span> <span class='ocrx_word' id='word_1_408' title='bbox 2740 2355 3071 2418; x_wconf 80' lang='lat' dir='ltr'><strong>praceperat</strong></span> <span class='ocrx_word' id='word_1_409' title='bbox 3125 2349 3359 2401; x_wconf 85' lang='lat' dir='ltr'><strong>Pharao.</strong></span> <span class='ocrx_word' id='word_1_410' title='bbox 3422 2350 3488 2401; x_wconf 87' lang='lat' dir='ltr'><strong>Et</strong></span> <span class='ocrx_word' id='word_1_411' title='bbox 3550 2346 3733 2400; x_wconf 85' lang='lat' dir='ltr'><strong>alebat</strong></span> 
     </span>
    </p>
   </div>
   <div class='ocr_carea' id='block_1_56' title="bbox 2042 2436 3737 2506">
    <p class='ocr_par' dir='ltr' id='par_1_56' title="bbox 2042 2436 3737 2506">
     <span class='ocr_line' id='line_1_56' title="bbox 2042 2436 3737 2506; baseline -0.001 -19"><span class='ocrx_word' id='word_1_412' title='bbox 2042 2450 2146 2502; x_wconf 86' lang='lat' dir='ltr'><strong>eos,</strong></span> <span class='ocrx_word' id='word_1_413' title='bbox 2198 2451 2508 2506; x_wconf 88' lang='lat' dir='ltr'><strong>omnemque</strong></span> <span class='ocrx_word' id='word_1_414' title='bbox 2557 2436 2773 2491; x_wconf 85' lang='lat' dir='ltr'><strong>domum</strong></span> <span class='ocrx_word' id='word_1_415' title='bbox 2829 2440 3008 2506; x_wconf 85' lang='lat' dir='ltr'><strong>patris</strong></span> <span class='ocrx_word' id='word_1_416' title='bbox 3073 2439 3180 2499; x_wconf 88' lang='lat' dir='ltr'><strong>sui,</strong></span> <span class='ocrx_word' id='word_1_417' title='bbox 3226 2436 3469 2505; x_wconf 71' lang='lat' dir='ltr'><strong>praebens</strong></span> <span class='ocrx_word' id='word_1_418' title='bbox 3522 2436 3737 2489; x_wconf 84' lang='lat' dir='ltr'><strong>cibaria</strong></span> 
     </span>
    </p>
   </div>
   <div class='ocr_carea' id='block_1_57' title="bbox 2045 2522 3732 2592">
    <p class='ocr_par' dir='ltr' id='par_1_57' title="bbox 2045 2522 3732 2592">
     <span class='ocr_line' id='line_1_57' title="bbox 2045 2522 3732 2592; baseline -0.001 -16"><span class='ocrx_word' id='word_1_419' title='bbox 2045 2524 2297 2589; x_wconf 74' lang='lat' dir='ltr'><strong>singulis.</strong></span> <span class='ocrx_word' id='word_1_420' title='bbox 2334 2524 2630 2579; x_wconf 84' lang='lat' dir='ltr'><strong>Bamesses</strong></span> <span class='ocrx_word' id='word_1_421' title='bbox 2656 2524 2869 2579; x_wconf 90' lang='lat' dir='ltr'><strong>dicitur</strong></span> <span class='ocrx_word' id='word_1_422' title='bbox 2899 2523 3181 2592; x_wconf 85' lang='lat' dir='ltr'><strong>pabulum.</strong></span> <span class='ocrx_word' id='word_1_423' title='bbox 3218 2522 3370 2577; x_wconf 87' lang='lat' dir='ltr'><strong>Nihil</strong></span> <span class='ocrx_word' id='word_1_424' title='bbox 3400 2522 3515 2577; x_wconf 88' lang='lat' dir='ltr'><strong>solo</strong></span> <span class='ocrx_word' id='word_1_425' title='bbox 3546 2529 3732 2587; x_wconf 89' lang='lat' dir='ltr'><strong>terra,</strong></span> 
     </span>
    </p>
   </div>
   <div class='ocr_carea' id='block_1_58' title="bbox 2046 2608 3733 2675">
    <p class='ocr_par' dir='ltr' id='par_1_58' title="bbox 2046 2608 3733 2675">
     <span class='ocr_line' id='line_1_58' title="bbox 2046 2608 3733 2675; baseline 0 -11"><span class='ocrx_word' id='word_1_426' title='bbox 2046 2610 2100 2664; x_wconf 92' lang='lat' dir='ltr'><strong>id</strong></span> <span class='ocrx_word' id='word_1_427' title='bbox 2132 2618 2213 2665; x_wconf 90' lang='lat' dir='ltr'><strong>est</strong></span> <span class='ocrx_word' id='word_1_428' title='bbox 2248 2610 2455 2665; x_wconf 89' lang='lat' dir='ltr'><strong>mentis</strong></span> <span class='ocrx_word' id='word_1_429' title='bbox 2496 2610 2769 2665; x_wconf 90' lang='lat' dir='ltr'><strong>cultibilis</strong></span> <span class='ocrx_word' id='word_1_430' title='bbox 2809 2623 2874 2664; x_wconf 88' lang='lat' dir='ltr'><strong>ac</strong></span> <span class='ocrx_word' id='word_1_431' title='bbox 2927 2610 3150 2675; x_wconf 88' lang='lat' dir='ltr'><strong>feracis,</strong></span> <span class='ocrx_word' id='word_1_432' title='bbox 3199 2609 3481 2664; x_wconf 74' lang='lat' dir='ltr'><strong>soliditate</strong></span> <span class='ocrx_word' id='word_1_433' title='bbox 3510 2608 3733 2675; x_wconf 90' lang='lat' dir='ltr'><strong>melius,</strong></span> 
     </span>
    </p>
   </div>
   <div class='ocr_carea' id='block_1_59' title="bbox 2045 2698 3739 2768">
    <p class='ocr_par' dir='ltr' id='par_1_59' title="bbox 2045 2698 3739 2768">
     <span class='ocr_line' id='line_1_59' title="bbox 2045 2698 3739 2768; baseline -0.002 -14"><span class='ocrx_word' id='word_1_434' title='bbox 2045 2699 2185 2768; x_wconf 90' lang='lat' dir='ltr'><strong>quia</strong></span> <span class='ocrx_word' id='word_1_435' title='bbox 2212 2699 2287 2754; x_wconf 90' lang='lat' dir='ltr'><strong>ibi</strong></span> <span class='ocrx_word' id='word_1_436' title='bbox 2320 2699 2606 2768; x_wconf 88' lang='lat' dir='ltr'><strong>reperitur</strong></span> <span class='ocrx_word' id='word_1_437' title='bbox 2634 2698 2915 2768; x_wconf 89' lang='lat' dir='ltr'><strong>pabulum</strong></span> <span class='ocrx_word' id='word_1_438' title='bbox 2967 2698 3226 2753; x_wconf 89' lang='lat' dir='ltr'><strong>interius.</strong></span> <span class='ocrx_word' id='word_1_439' title='bbox 3274 2698 3357 2752; x_wconf 92' lang='lat' dir='ltr'><strong>Ibi</strong></span> <span class='ocrx_word' id='word_1_440' title='bbox 3406 2698 3503 2752; x_wconf 91' lang='lat' dir='ltr'><strong>dat</strong></span> <span class='ocrx_word' id='word_1_441' title='bbox 3528 2699 3739 2766; x_wconf 84' lang='lat' dir='ltr'><strong>Joseph</strong></span> 
     </span>
    </p>
   </div>
   <div class='ocr_carea' id='block_1_60' title="bbox 246 2780 3739 2859">
    <p class='ocr_par' dir='ltr' id='par_1_60' title="bbox 246 2780 3739 2859">
     <span class='ocr_line' id='line_1_60' title="bbox 246 2780 3739 2859; baseline -0 -18"><span class='ocrx_word' id='word_1_442' title='bbox 246 2785 507 2855; x_wconf 89' lang='lat' dir='ltr'><strong>intelligi,</strong></span> <span class='ocrx_word' id='word_1_443' title='bbox 532 2784 634 2854; x_wconf 91' lang='lat' dir='ltr'><strong>qui</strong></span> <span class='ocrx_word' id='word_1_444' title='bbox 661 2796 761 2853; x_wconf 90' lang='lat' dir='ltr'><strong>per</strong></span> <span class='ocrx_word' id='word_1_445' title='bbox 781 2782 1181 2837; x_wconf 89' lang='lat' dir='ltr'><strong>auctoritatem</strong></span> <span class='ocrx_word' id='word_1_446' title='bbox 1204 2780 1931 2850; x_wconf 88' lang='lat' dir='ltr'><strong>intellectusopponuntur,</strong></span> <span class='ocrx_word' id='word_1_447' title='bbox 1976 2804 2016 2859; x_wconf 72' lang='grc' dir='ltr'>ο</span> <span class='ocrx_word' id='word_1_448' title='bbox 2043 2788 2218 2855; x_wconf 87' lang='lat' dir='ltr'><strong>patri,</strong></span> <span class='ocrx_word' id='word_1_449' title='bbox 2269 2802 2330 2841; x_wconf 90' lang='lat' dir='ltr'><strong>ac</strong></span> <span class='ocrx_word' id='word_1_450' title='bbox 2377 2786 2649 2853; x_wconf 78' lang='lat' dir='ltr'><strong>fratribus</strong></span> <span class='ocrx_word' id='word_1_451' title='bbox 2717 2789 3104 2855; x_wconf 81' lang='lat' dir='ltr'><strong>possessionem</strong></span> <span class='ocrx_word' id='word_1_452' title='bbox 3162 2788 3421 2854; x_wconf 66' lang='lat' dir='ltr'><strong>Egypto,</strong></span> <span class='ocrx_word' id='word_1_453' title='bbox 3471 2786 3611 2855; x_wconf 88' lang='lat' dir='ltr'><strong>quia</strong></span> <span class='ocrx_word' id='word_1_454' title='bbox 3660 2800 3739 2840; x_wconf 83' lang='lat' dir='ltr'><strong>ex</strong></span> 
     </span>
    </p>
   </div>
   <div class='ocr_carea' id='block_1_61' title="bbox 246 2868 1374 2929">
    <p class='ocr_par' dir='ltr' id='par_1_61' title="bbox 246 2868 1374 2929">
     <span class='ocr_line' id='line_1_61' title="bbox 246 2868 1374 2929; baseline -0.007 0"><span class='ocrx_word' id='word_1_455' title='bbox 246 2874 387 2929; x_wconf 89' lang='lat' dir='ltr'><strong>dum</strong></span> <span class='ocrx_word' id='word_1_456' title='bbox 418 2872 659 2927; x_wconf 87' lang='lat' dir='ltr'><strong>viriliter</strong></span> <span class='ocrx_word' id='word_1_457' title='bbox 691 2885 750 2926; x_wconf 91' lang='lat' dir='ltr'><strong>se</strong></span> <span class='ocrx_word' id='word_1_458' title='bbox 775 2869 1043 2925; x_wconf 91' lang='lat' dir='ltr'><strong>cohibent</strong></span> <span class='ocrx_word' id='word_1_459' title='bbox 1072 2868 1374 2924; x_wconf 89' lang='lat' dir='ltr'><strong>Pharaoni.</strong></span> 
     </span>
    </p>
   </div>
   <div class='ocr_carea' id='block_1_62' title="bbox 318 2956 1940 3025">
    <p class='ocr_par' dir='ltr' id='par_1_62' title="bbox 318 2956 1940 3025">
     <span class='ocr_line' id='line_1_62' title="bbox 318 2956 1940 3025; baseline -0.004 -9"><span class='ocrx_word' id='word_1_460' title='bbox 318 2960 487 3016; x_wconf 82' lang='lat' dir='ltr'><strong>VERS.</strong></span> <span class='ocrx_word' id='word_1_461' title='bbox 513 2961 565 3021; x_wconf 84' lang='lat'><strong>5,</strong></span> <span class='ocrx_word' id='word_1_462' title='bbox 598 2959 650 3013; x_wconf 89' lang='grc'><strong>6.</strong></span> <span class='ocrx_word' id='word_1_463' title='bbox 704 2986 771 2997; x_wconf 91' lang='grc'><strong>-</strong></span> <span class='ocrx_word' id='word_1_464' title='bbox 820 2959 978 3011; x_wconf 66' lang='lat' dir='ltr'><strong>Dixit</strong></span> <span class='ocrx_word' id='word_1_465' title='bbox 1023 2960 1209 3025; x_wconf 82' lang='lat' dir='ltr'><strong>itaque</strong></span> <span class='ocrx_word' id='word_1_466' title='bbox 1252 2972 1350 3009; x_wconf 80' lang='lat' dir='ltr'><strong>rea.-</strong></span> <span class='ocrx_word' id='word_1_467' title='bbox 1397 2956 1472 3008; x_wconf 91' lang='lat' dir='ltr'><strong>ad</strong></span> <span class='ocrx_word' id='word_1_468' title='bbox 1511 2957 1706 3025; x_wconf 86' lang='lat' dir='ltr'><strong>Joseph</strong></span> <span class='ocrx_word' id='word_1_469' title='bbox 1735 2972 1747 3010; x_wconf 93' lang='lat'>:</span> <span class='ocrx_word' id='word_1_470' title='bbox 1780 2959 1940 3011; x_wconf 86' lang='lat' dir='ltr'><strong>Pater</strong></span> 
     </span>
    </p>
   </div>
   <div class='ocr_carea' id='block_1_63' title="bbox 249 3034 1940 3113">
    <p class='ocr_par' dir='ltr' id='par_1_63' title="bbox 249 3034 1940 3113">
     <span class='ocr_line' id='line_1_63' title="bbox 249 3034 1940 3113; baseline -0.003 -11"><span class='ocrx_word' id='word_1_471' title='bbox 249 3053 374 3103; x_wconf 86' lang='lat' dir='ltr'><strong>tuus</strong></span> <span class='ocrx_word' id='word_1_472' title='bbox 413 3055 463 3100; x_wconf 87' lang='lat' dir='ltr'><strong>et</strong></span> <span class='ocrx_word' id='word_1_473' title='bbox 504 3048 711 3112; x_wconf 81' lang='lat' dir='ltr'><strong>fratres</strong></span> <span class='ocrx_word' id='word_1_474' title='bbox 740 3046 823 3100; x_wconf 90' lang='lat' dir='ltr'><strong>tui</strong></span> <span class='ocrx_word' id='word_1_475' title='bbox 866 3034 1125 3098; x_wconf 84' lang='lat' dir='ltr'><strong>venerunt</strong></span> <span class='ocrx_word' id='word_1_476' title='bbox 1165 3044 1240 3098; x_wconf 80' lang='lat' dir='ltr'><strong>ad</strong></span> <span class='ocrx_word' id='word_1_477' title='bbox 1274 3052 1339 3098; x_wconf 91' lang='lat' dir='ltr'><strong>te.</strong></span> <span class='ocrx_word' id='word_1_478' title='bbox 1396 3046 1561 3097; x_wconf 80' lang='lat' dir='ltr'><strong>Terra</strong></span> <span class='ocrx_word' id='word_1_479' title='bbox 1595 3045 1836 3113; x_wconf 63' lang='lat' dir='ltr'><strong>Egypti</strong></span> <span class='ocrx_word' id='word_1_480' title='bbox 1882 3047 1940 3097; x_wconf 86' lang='lat' dir='ltr'><strong>in</strong></span> 
     </span>
    </p>
   </div>
   <div class='ocr_carea' id='block_1_64' title="bbox 252 3133 1941 3203">
    <p class='ocr_par' dir='ltr' id='par_1_64' title="bbox 252 3133 1941 3203">
     <span class='ocr_line' id='line_1_64' title="bbox 252 3133 1941 3203; baseline -0.002 -14"><span class='ocrx_word' id='word_1_481' title='bbox 252 3139 531 3203; x_wconf 79' lang='lat' dir='ltr'><strong>conspectu</strong></span> <span class='ocrx_word' id='word_1_482' title='bbox 575 3138 665 3188; x_wconf 87' lang='lat' dir='ltr'><strong>tuo</strong></span> <span class='ocrx_word' id='word_1_483' title='bbox 708 3138 823 3199; x_wconf 89' lang='lat' dir='ltr'><strong>est;</strong></span> <span class='ocrx_word' id='word_1_484' title='bbox 854 3135 912 3186; x_wconf 90' lang='lat' dir='ltr'><strong>in</strong></span> <span class='ocrx_word' id='word_1_485' title='bbox 959 3136 1161 3202; x_wconf 87' lang='lat' dir='ltr'><strong>optimo</strong></span> <span class='ocrx_word' id='word_1_486' title='bbox 1216 3134 1325 3186; x_wconf 91' lang='lat' dir='ltr'><strong>solo</strong></span> <span class='ocrx_word' id='word_1_487' title='bbox 1364 3138 1520 3186; x_wconf 84' lang='lat' dir='ltr'><strong>terra</strong></span> <span class='ocrx_word' id='word_1_488' title='bbox 1547 3135 1640 3197; x_wconf 82' lang='lat' dir='ltr'><strong>fac</strong></span> <span class='ocrx_word' id='word_1_489' title='bbox 1691 3133 1941 3186; x_wconf 83' lang='lat' dir='ltr'><strong>habitare</strong></span> 
     </span>
    </p>
   </div>
   <div class='ocr_carea' id='block_1_65' title="bbox 251 3219 1942 3288">
    <p class='ocr_par' dir='ltr' id='par_1_65' title="bbox 251 3219 1942 3288">
     <span class='ocr_line' id='line_1_65' title="bbox 251 3219 1942 3288; baseline -0.002 -11"><span class='ocrx_word' id='word_1_490' title='bbox 251 3237 355 3288; x_wconf 87' lang='lat' dir='ltr'><strong>eos,</strong></span> <span class='ocrx_word' id='word_1_491' title='bbox 400 3227 450 3275; x_wconf 88' lang='lat' dir='ltr'><strong>et</strong></span> <span class='ocrx_word' id='word_1_492' title='bbox 483 3221 639 3275; x_wconf 81' lang='lat' dir='ltr'><strong>trade</strong></span> <span class='ocrx_word' id='word_1_493' title='bbox 666 3223 742 3275; x_wconf 88' lang='lat' dir='ltr'><strong>eis</strong></span> <span class='ocrx_word' id='word_1_494' title='bbox 778 3226 977 3274; x_wconf 84' lang='lat' dir='ltr'><strong>terram</strong></span> <span class='ocrx_word' id='word_1_495' title='bbox 1028 3220 1238 3276; x_wconf 89' lang='lat' dir='ltr'><strong>Gessen.</strong></span> <span class='ocrx_word' id='word_1_496' title='bbox 1272 3219 1428 3284; x_wconf 88' lang='lat' dir='ltr'><strong>Quod</strong></span> <span class='ocrx_word' id='word_1_497' title='bbox 1471 3222 1523 3274; x_wconf 90' lang='lat' dir='ltr'><strong>si</strong></span> <span class='ocrx_word' id='word_1_498' title='bbox 1573 3222 1718 3274; x_wconf 83' lang='lat' dir='ltr'><strong>nosti</strong></span> <span class='ocrx_word' id='word_1_499' title='bbox 1743 3235 1855 3274; x_wconf 89' lang='lat' dir='ltr'><strong>esse</strong></span> <span class='ocrx_word' id='word_1_500' title='bbox 1882 3222 1942 3273; x_wconf 88' lang='lat' dir='ltr'><strong>in</strong></span> 
     </span>
    </p>
   </div>
   <div class='ocr_carea' id='block_1_66' title="bbox 251 3308 1942 3377">
    <p class='ocr_par' dir='ltr' id='par_1_66' title="bbox 251 3308 1942 3377">
     <span class='ocr_line' id='line_1_66' title="bbox 251 3308 1942 3377; baseline -0.001 -14"><span class='ocrx_word' id='word_1_501' title='bbox 251 3312 327 3363; x_wconf 89' lang='lat' dir='ltr'><strong>eis</strong></span> <span class='ocrx_word' id='word_1_502' title='bbox 356 3311 502 3364; x_wconf 79' lang='lat' dir='ltr'><strong>viros</strong></span> <span class='ocrx_word' id='word_1_503' title='bbox 539 3308 858 3372; x_wconf 81' lang='lat' dir='ltr'><strong>industrios,</strong></span> <span class='ocrx_word' id='word_1_504' title='bbox 913 3311 1174 3362; x_wconf 85' lang='lat' dir='ltr'><strong>constitue</strong></span> <span class='ocrx_word' id='word_1_505' title='bbox 1221 3310 1343 3362; x_wconf 90' lang='lat' dir='ltr'><strong>illos</strong></span> <span class='ocrx_word' id='word_1_506' title='bbox 1398 3313 1642 3377; x_wconf 81' lang='lat' dir='ltr'><strong>pastores</strong></span> <span class='ocrx_word' id='word_1_507' title='bbox 1693 3323 1942 3376; x_wconf 86' lang='lat' dir='ltr'><strong>pecorum</strong></span> 
     </span>
    </p>
   </div>
   <div class='ocr_carea' id='block_1_67' title="bbox 250 3395 1940 3466">
    <p class='ocr_par' dir='ltr' id='par_1_67' title="bbox 250 3395 1940 3466">
     <span class='ocr_line' id='line_1_67' title="bbox 250 3395 1940 3466; baseline -0.001 -14"><span class='ocrx_word' id='word_1_508' title='bbox 250 3413 506 3452; x_wconf 86' lang='lat' dir='ltr'><strong>meorum.</strong></span> <span class='ocrx_word' id='word_1_509' title='bbox 553 3395 956 3451; x_wconf 89' lang='lat' dir='ltr'><strong>Benevolentia</strong></span> <span class='ocrx_word' id='word_1_510' title='bbox 1004 3396 1155 3466; x_wconf 90' lang='lat' dir='ltr'><strong>regis</strong></span> <span class='ocrx_word' id='word_1_511' title='bbox 1197 3396 1267 3450; x_wconf 93' lang='lat' dir='ltr'><strong>ad</strong></span> <span class='ocrx_word' id='word_1_512' title='bbox 1310 3395 1514 3464; x_wconf 88' lang='lat' dir='ltr'><strong>Joseph</strong></span> <span class='ocrx_word' id='word_1_513' title='bbox 1554 3396 1635 3451; x_wconf 91' lang='lat' dir='ltr'><strong>nil</strong></span> <span class='ocrx_word' id='word_1_514' title='bbox 1664 3404 1747 3452; x_wconf 89' lang='lat' dir='ltr'><strong>est</strong></span> <span class='ocrx_word' id='word_1_515' title='bbox 1782 3396 1940 3452; x_wconf 90' lang='lat' dir='ltr'><strong>aliud</strong></span> 
     </span>
    </p>
   </div>
   <div class='ocr_carea' id='block_1_68' title="bbox 253 3482 1938 3555">
    <p class='ocr_par' dir='ltr' id='par_1_68' title="bbox 253 3482 1938 3555">
     <span class='ocr_line' id='line_1_68' title="bbox 253 3482 1938 3555; baseline -0.002 -14"><span class='ocrx_word' id='word_1_516' title='bbox 253 3498 431 3555; x_wconf 91' lang='lat' dir='ltr'><strong>quam</strong></span> <span class='ocrx_word' id='word_1_517' title='bbox 490 3482 846 3539; x_wconf 86' lang='lat' dir='ltr'><strong>imbecillitas</strong></span> <span class='ocrx_word' id='word_1_518' title='bbox 915 3496 982 3537; x_wconf 86' lang='lat' dir='ltr'><strong>ac</strong></span> <span class='ocrx_word' id='word_1_519' title='bbox 1050 3482 1477 3553; x_wconf 88' lang='lat' dir='ltr'><strong>impossibilitas</strong></span> <span class='ocrx_word' id='word_1_520' title='bbox 1541 3483 1938 3553; x_wconf 83' lang='lat' dir='ltr'><strong>impugnandi.</strong></span> 
     </span>
    </p>
   </div>
   <div class='ocr_carea' id='block_1_69' title="bbox 252 3571 1939 3641">
    <p class='ocr_par' dir='ltr' id='par_1_69' title="bbox 252 3571 1939 3641">
     <span class='ocr_line' id='line_1_69' title="bbox 252 3571 1939 3641; baseline -0.002 -11"><span class='ocrx_word' id='word_1_521' title='bbox 252 3572 597 3637; x_wconf 89' lang='lat' dir='ltr'><strong>Terrenitas,</strong></span> <span class='ocrx_word' id='word_1_522' title='bbox 658 3571 847 3641; x_wconf 91' lang='lat' dir='ltr'><strong>inquit</strong></span> <span class='ocrx_word' id='word_1_523' title='bbox 901 3571 1196 3627; x_wconf 89' lang='lat' dir='ltr'><strong>sacularis</strong></span> <span class='ocrx_word' id='word_1_524' title='bbox 1251 3574 1314 3625; x_wconf 90' lang='lat' dir='ltr'><strong>in</strong></span> <span class='ocrx_word' id='word_1_525' title='bbox 1377 3578 1660 3640; x_wconf 84' lang='lat' dir='ltr'><strong>conspectu</strong></span> <span class='ocrx_word' id='word_1_526' title='bbox 1705 3577 1793 3625; x_wconf 89' lang='lat' dir='ltr'><strong>tuo</strong></span> <span class='ocrx_word' id='word_1_527' title='bbox 1840 3577 1939 3639; x_wconf 84' lang='lat' dir='ltr'><strong>est,</strong></span> 
     </span>
    </p>
   </div>
   <div class='ocr_carea' id='block_1_70' title="bbox 255 3659 1940 3730">
    <p class='ocr_par' dir='ltr' id='par_1_70' title="bbox 255 3659 1940 3730">
     <span class='ocr_line' id='line_1_70' title="bbox 255 3659 1940 3730; baseline -0.002 -12"><span class='ocrx_word' id='word_1_528' title='bbox 255 3664 362 3718; x_wconf 90' lang='lat' dir='ltr'><strong>hoc</strong></span> <span class='ocrx_word' id='word_1_529' title='bbox 389 3668 474 3717; x_wconf 88' lang='lat' dir='ltr'><strong>est</strong></span> <span class='ocrx_word' id='word_1_530' title='bbox 498 3659 751 3715; x_wconf 79' lang='lat' dir='ltr'><strong>examini</strong></span> <span class='ocrx_word' id='word_1_531' title='bbox 783 3667 882 3715; x_wconf 87' lang='lat' dir='ltr'><strong>tuo</strong></span> <span class='ocrx_word' id='word_1_532' title='bbox 901 3659 1175 3730; x_wconf 86' lang='lat' dir='ltr'><strong>subjacet.</strong></span> <span class='ocrx_word' id='word_1_533' title='bbox 1200 3659 1360 3715; x_wconf 90' lang='lat' dir='ltr'><strong>Unde</strong></span> <span class='ocrx_word' id='word_1_534' title='bbox 1386 3660 1597 3714; x_wconf 85' lang='lat' dir='ltr'><strong>dicitur</strong></span> <span class='ocrx_word' id='word_1_535' title='bbox 1620 3660 1675 3714; x_wconf 90' lang='lat' dir='ltr'><strong>in</strong></span> <span class='ocrx_word' id='word_1_536' title='bbox 1697 3659 1940 3728; x_wconf 88' lang='lat' dir='ltr'><strong>psalmo:</strong></span> 
     </span>
    </p>
   </div>
   <div class='ocr_carea' id='block_1_71' title="bbox 254 3746 1941 3817">
    <p class='ocr_par' dir='ltr' id='par_1_71' title="bbox 254 3746 1941 3817">
     <span class='ocr_line' id='line_1_71' title="bbox 254 3746 1941 3817; baseline -0.003 -12"><span class='ocrx_word' id='word_1_537' title='bbox 254 3753 318 3805; x_wconf 85' lang='lat' dir='ltr'><strong>In</strong></span> <span class='ocrx_word' id='word_1_538' title='bbox 347 3753 628 3817; x_wconf 84' lang='lat' dir='ltr'><strong>conspectu</strong></span> <span class='ocrx_word' id='word_1_539' title='bbox 657 3752 746 3801; x_wconf 89' lang='lat' dir='ltr'><strong>tuo</strong></span> <span class='ocrx_word' id='word_1_540' title='bbox 791 3751 919 3802; x_wconf 89' lang='lat' dir='ltr'><strong>sunt</strong></span> <span class='ocrx_word' id='word_1_541' title='bbox 969 3762 1145 3801; x_wconf 88' lang='lat' dir='ltr'><strong>omnes</strong></span> <span class='ocrx_word' id='word_1_542' title='bbox 1188 3752 1283 3816; x_wconf 87' lang='lat' dir='ltr'><strong>qui</strong></span> <span class='ocrx_word' id='word_1_543' title='bbox 1337 3747 1602 3801; x_wconf 85' lang='lat' dir='ltr'><strong>tribulunt</strong></span> <span class='ocrx_word' id='word_1_544' title='bbox 1650 3762 1731 3800; x_wconf 89' lang='lat' dir='ltr'><strong>me</strong></span> <span class='ocrx_word' id='word_1_545' title='bbox 1771 3746 1941 3809; x_wconf 82' lang='lat' dir='ltr'><strong>(Psal.</strong></span> 
     </span>
    </p>
   </div>
   <div class='ocr_carea' id='block_1_72' title="bbox 254 3834 1945 3906">
    <p class='ocr_par' dir='ltr' id='par_1_72' title="bbox 254 3834 1945 3906">
     <span class='ocr_line' id='line_1_72' title="bbox 254 3834 1945 3906; baseline -0.003 -12"><span class='ocrx_word' id='word_1_546' title='bbox 254 3852 447 3905; x_wconf 84' lang='lat' dir='ltr'><strong>vaui,</strong></span> <span class='ocrx_word' id='word_1_547' title='bbox 478 3837 593 3906; x_wconf 81' lang='lat' dir='ltr'><strong>2i).</strong></span> <span class='ocrx_word' id='word_1_548' title='bbox 625 3835 858 3891; x_wconf 91' lang='lat' dir='ltr'><strong>Etcum</strong></span> <span class='ocrx_word' id='word_1_549' title='bbox 893 3835 1087 3890; x_wconf 89' lang='lat' dir='ltr'><strong>omnia</strong></span> <span class='ocrx_word' id='word_1_550' title='bbox 1135 3842 1234 3890; x_wconf 90' lang='lat' dir='ltr'><strong>tuo</strong></span> <span class='ocrx_word' id='word_1_551' title='bbox 1281 3834 1507 3890; x_wconf 90' lang='lat' dir='ltr'><strong>subsint</strong></span> <span class='ocrx_word' id='word_1_552' title='bbox 1534 3835 1818 3889; x_wconf 86' lang='lat' dir='ltr'><strong>exteriora</strong></span> <span class='ocrx_word' id='word_1_553' title='bbox 1854 3834 1945 3904; x_wconf 85' lang='lat' dir='ltr'><strong>ju-</strong></span> 
     </span>
    </p>
   </div>
   <div class='ocr_carea' id='block_1_73' title="bbox 256 3921 1946 3992">
    <p class='ocr_par' dir='ltr' id='par_1_73' title="bbox 256 3921 1946 3992">
     <span class='ocr_line' id='line_1_73' title="bbox 256 3921 1946 3992; baseline -0.003 -11"><span class='ocrx_word' id='word_1_554' title='bbox 256 3926 423 3991; x_wconf 90' lang='lat' dir='ltr'><strong>dicio,</strong></span> <span class='ocrx_word' id='word_1_555' title='bbox 460 3924 519 3979; x_wconf 92' lang='lat' dir='ltr'><strong>in</strong></span> <span class='ocrx_word' id='word_1_556' title='bbox 560 3924 770 3992; x_wconf 90' lang='lat' dir='ltr'><strong>optimo</strong></span> <span class='ocrx_word' id='word_1_557' title='bbox 816 3922 955 3990; x_wconf 93' lang='lat' dir='ltr'><strong>solo,</strong></span> <span class='ocrx_word' id='word_1_558' title='bbox 1010 3921 1299 3992; x_wconf 88' lang='lat' dir='ltr'><strong>pracipuo</strong></span> <span class='ocrx_word' id='word_1_559' title='bbox 1335 3921 1598 3977; x_wconf 86' lang='lat' dir='ltr'><strong>videlicet</strong></span> <span class='ocrx_word' id='word_1_560' title='bbox 1625 3922 1796 3977; x_wconf 89' lang='lat' dir='ltr'><strong>totius</strong></span> <span class='ocrx_word' id='word_1_561' title='bbox 1821 3922 1946 3977; x_wconf 92' lang='lat' dir='ltr'><strong>soli-</strong></span> 
     </span>
    </p>
   </div>
   <div class='ocr_carea' id='block_1_74' title="bbox 257 4007 1946 4077">
    <p class='ocr_par' dir='ltr' id='par_1_74' title="bbox 257 4007 1946 4077">
     <span class='ocr_line' id='line_1_74' title="bbox 257 4007 1946 4077; baseline -0.004 -9"><span class='ocrx_word' id='word_1_562' title='bbox 257 4012 451 4068; x_wconf 88' lang='lat' dir='ltr'><strong>ditatis</strong></span> <span class='ocrx_word' id='word_1_563' title='bbox 479 4017 651 4070; x_wconf 90' lang='lat' dir='ltr'><strong>statu.</strong></span> <span class='ocrx_word' id='word_1_564' title='bbox 704 4021 943 4063; x_wconf 88' lang='lat' dir='ltr'><strong>suarum</strong></span> <span class='ocrx_word' id='word_1_565' title='bbox 987 4009 1259 4077; x_wconf 87' lang='lat' dir='ltr'><strong>contigua</strong></span> <span class='ocrx_word' id='word_1_566' title='bbox 1302 4007 1641 4062; x_wconf 89' lang='lat' dir='ltr'><strong>discretione</strong></span> <span class='ocrx_word' id='word_1_567' title='bbox 1695 4007 1946 4063; x_wconf 80' lang='lat' dir='ltr'><strong>tentatio-</strong></span> 
     </span>
    </p>
   </div>
   <div class='ocr_carea' id='block_1_75' title="bbox 2049 2872 3737 2944">
    <p class='ocr_par' dir='ltr' id='par_1_75' title="bbox 2049 2872 3737 2944">
     <span class='ocr_line' id='line_1_75' title="bbox 2049 2872 3737 2944; baseline -0.001 -15"><span class='ocrx_word' id='word_1_568' title='bbox 2049 2873 2160 2929; x_wconf 88' lang='lat' dir='ltr'><strong>hac</strong></span> <span class='ocrx_word' id='word_1_569' title='bbox 2206 2888 2322 2929; x_wconf 92' lang='lat' dir='ltr'><strong>non</strong></span> <span class='ocrx_word' id='word_1_570' title='bbox 2373 2874 2776 2944; x_wconf 89' lang='lat' dir='ltr'><strong>perfunctoria,</strong></span> <span class='ocrx_word' id='word_1_571' title='bbox 2833 2874 2929 2929; x_wconf 90' lang='lat' dir='ltr'><strong>sed</strong></span> <span class='ocrx_word' id='word_1_572' title='bbox 2996 2873 3185 2929; x_wconf 90' lang='lat' dir='ltr'><strong>stabili</strong></span> <span class='ocrx_word' id='word_1_573' title='bbox 3250 2872 3553 2928; x_wconf 87' lang='lat' dir='ltr'><strong>refectione</strong></span> <span class='ocrx_word' id='word_1_574' title='bbox 3596 2886 3737 2927; x_wconf 90' lang='lat' dir='ltr'><strong>vera</strong></span> 
     </span>
    </p>
   </div>
   <div class='ocr_carea' id='block_1_76' title="bbox 2050 2961 3740 3032">
    <p class='ocr_par' dir='ltr' id='par_1_76' title="bbox 2050 2961 3740 3032">
     <span class='ocr_line' id='line_1_76' title="bbox 2050 2961 3740 3032; baseline -0.001 -15"><span class='ocrx_word' id='word_1_575' title='bbox 2050 2962 2556 3018; x_wconf 89' lang='lat' dir='ltr'><strong>intellectualitatis</strong></span> <span class='ocrx_word' id='word_1_576' title='bbox 2624 2961 3016 3032; x_wconf 87' lang='lat' dir='ltr'><strong>augmentatio</strong></span> <span class='ocrx_word' id='word_1_577' title='bbox 3084 2961 3334 3030; x_wconf 88' lang='lat' dir='ltr'><strong>spiritui,</strong></span> <span class='ocrx_word' id='word_1_578' title='bbox 3396 2961 3740 3030; x_wconf 90' lang='lat' dir='ltr'><strong>cunctisque</strong></span> 
     </span>
    </p>
   </div>
   <div class='ocr_carea' id='block_1_77' title="bbox 2050 3047 3740 3118">
    <p class='ocr_par' dir='ltr' id='par_1_77' title="bbox 2050 3047 3740 3118">
     <span class='ocr_line' id='line_1_77' title="bbox 2050 3047 3740 3118; baseline -0.002 -12"><span class='ocrx_word' id='word_1_579' title='bbox 2050 3051 2189 3117; x_wconf 89' lang='lat' dir='ltr'><strong>suis,</strong></span> <span class='ocrx_word' id='word_1_580' title='bbox 2222 3064 2289 3104; x_wconf 92' lang='lat' dir='ltr'><strong>ac</strong></span> <span class='ocrx_word' id='word_1_581' title='bbox 2317 3051 2363 3105; x_wconf 91' lang='lat' dir='ltr'><strong>si</strong></span> <span class='ocrx_word' id='word_1_582' title='bbox 2382 3050 2533 3117; x_wconf 91' lang='lat' dir='ltr'><strong>ﬁliis,</strong></span> <span class='ocrx_word' id='word_1_583' title='bbox 2559 3050 2812 3105; x_wconf 91' lang='lat' dir='ltr'><strong>motibus</strong></span> <span class='ocrx_word' id='word_1_584' title='bbox 2838 3050 2975 3115; x_wconf 90' lang='lat' dir='ltr'><strong>vim,</strong></span> <span class='ocrx_word' id='word_1_585' title='bbox 3000 3049 3153 3104; x_wconf 91' lang='lat' dir='ltr'><strong>unde</strong></span> <span class='ocrx_word' id='word_1_586' title='bbox 3174 3062 3384 3118; x_wconf 91' lang='lat' dir='ltr'><strong>corpus</strong></span> <span class='ocrx_word' id='word_1_587' title='bbox 3410 3055 3465 3103; x_wconf 90' lang='lat' dir='ltr'><strong>et</strong></span> <span class='ocrx_word' id='word_1_588' title='bbox 3485 3047 3740 3103; x_wconf 89' lang='lat' dir='ltr'><strong>animam</strong></span> 
     </span>
    </p>
   </div>
   <div class='ocr_carea' id='block_1_78' title="bbox 2050 3136 3741 3208">
    <p class='ocr_par' dir='ltr' id='par_1_78' title="bbox 2050 3136 3741 3208">
     <span class='ocr_line' id='line_1_78' title="bbox 2050 3136 3741 3208; baseline -0.001 -15"><span class='ocrx_word' id='word_1_589' title='bbox 2050 3138 2160 3208; x_wconf 86' lang='lat' dir='ltr'><strong>legi</strong></span> <span class='ocrx_word' id='word_1_590' title='bbox 2192 3138 2398 3194; x_wconf 90' lang='lat' dir='ltr'><strong>mentis</strong></span> <span class='ocrx_word' id='word_1_591' title='bbox 2427 3138 2823 3208; x_wconf 89' lang='lat' dir='ltr'><strong>possidendam</strong></span> <span class='ocrx_word' id='word_1_592' title='bbox 2854 3138 3183 3208; x_wconf 89' lang='lat' dir='ltr'><strong>subjunget,</strong></span> <span class='ocrx_word' id='word_1_593' title='bbox 3221 3144 3275 3192; x_wconf 92' lang='lat' dir='ltr'><strong>et</strong></span> <span class='ocrx_word' id='word_1_594' title='bbox 3303 3136 3476 3191; x_wconf 91' lang='lat' dir='ltr'><strong>etiam</strong></span> <span class='ocrx_word' id='word_1_595' title='bbox 3505 3136 3561 3190; x_wconf 91' lang='lat' dir='ltr'><strong>in</strong></span> <span class='ocrx_word' id='word_1_596' title='bbox 3588 3150 3741 3203; x_wconf 88' lang='lat' dir='ltr'><strong>pra-</strong></span> 
     </span>
    </p>
   </div>
   <div class='ocr_carea' id='block_1_79' title="bbox 2052 3224 3743 3295">
    <p class='ocr_par' dir='ltr' id='par_1_79' title="bbox 2052 3224 3743 3295">
     <span class='ocr_line' id='line_1_79' title="bbox 2052 3224 3743 3295; baseline -0.002 -15"><span class='ocrx_word' id='word_1_597' title='bbox 2052 3224 2197 3280; x_wconf 88' lang='lat' dir='ltr'><strong>senti</strong></span> <span class='ocrx_word' id='word_1_598' title='bbox 2236 3225 2481 3295; x_wconf 84' lang='lat' dir='ltr'><strong>largitur</strong></span> <span class='ocrx_word' id='word_1_599' title='bbox 2508 3225 2737 3280; x_wconf 83' lang='lat' dir='ltr'><strong>saculo.</strong></span> <span class='ocrx_word' id='word_1_600' title='bbox 2782 3228 3002 3278; x_wconf 89' lang='lat' dir='ltr'><strong>Domum</strong></span> <span class='ocrx_word' id='word_1_601' title='bbox 3046 3226 3222 3294; x_wconf 82' lang='lat' dir='ltr'><strong>patris</strong></span> <span class='ocrx_word' id='word_1_602' title='bbox 3262 3224 3505 3293; x_wconf 86' lang='lat' dir='ltr'><strong>prabens</strong></span> <span class='ocrx_word' id='word_1_603' title='bbox 3529 3224 3743 3278; x_wconf 87' lang='lat' dir='ltr'><strong>cibaria</strong></span> 
     </span>
    </p>
   </div>
   <div class='ocr_carea' id='block_1_80' title="bbox 2051 3311 3743 3381">
    <p class='ocr_par' dir='ltr' id='par_1_80' title="bbox 2051 3311 3743 3381">
     <span class='ocr_line' id='line_1_80' title="bbox 2051 3311 3743 3381; baseline 0 -15"><span class='ocrx_word' id='word_1_604' title='bbox 2051 3313 2281 3378; x_wconf 84' lang='lat' dir='ltr'><strong>singulis</strong></span> <span class='ocrx_word' id='word_1_605' title='bbox 2319 3312 2438 3379; x_wconf 91' lang='lat' dir='ltr'><strong>alit,</strong></span> <span class='ocrx_word' id='word_1_606' title='bbox 2480 3312 2618 3368; x_wconf 90' lang='lat' dir='ltr'><strong>dum</strong></span> <span class='ocrx_word' id='word_1_607' title='bbox 2650 3311 3076 3379; x_wconf 86' lang='lat' dir='ltr'><strong>conscientiam,</strong></span> <span class='ocrx_word' id='word_1_608' title='bbox 3111 3326 3242 3381; x_wconf 87' lang='lat' dir='ltr'><strong>qua</strong></span> <span class='ocrx_word' id='word_1_609' title='bbox 3272 3325 3306 3367; x_wconf 90' lang='lat' dir='ltr'><strong>a</strong></span> <span class='ocrx_word' id='word_1_610' title='bbox 3336 3311 3553 3367; x_wconf 90' lang='lat' dir='ltr'><strong>ratione</strong></span> <span class='ocrx_word' id='word_1_611' title='bbox 3579 3311 3743 3366; x_wconf 86' lang='lat' dir='ltr'><strong>inha-</strong></span> 
     </span>
    </p>
   </div>
   <div class='ocr_carea' id='block_1_81' title="bbox 2054 3399 3745 3470">
    <p class='ocr_par' dir='ltr' id='par_1_81' title="bbox 2054 3399 3745 3470">
     <span class='ocr_line' id='line_1_81' title="bbox 2054 3399 3745 3470; baseline -0.001 -14"><span class='ocrx_word' id='word_1_612' title='bbox 2054 3402 2232 3457; x_wconf 88' lang='lat' dir='ltr'><strong>bitata</strong></span> <span class='ocrx_word' id='word_1_613' title='bbox 2276 3401 2514 3470; x_wconf 88' lang='lat' dir='ltr'><strong>regitur,</strong></span> <span class='ocrx_word' id='word_1_614' title='bbox 2566 3400 2813 3467; x_wconf 88' lang='lat' dir='ltr'><strong>roborat,</strong></span> <span class='ocrx_word' id='word_1_615' title='bbox 2865 3407 2921 3455; x_wconf 90' lang='lat' dir='ltr'><strong>et</strong></span> <span class='ocrx_word' id='word_1_616' title='bbox 2965 3400 3295 3469; x_wconf 91' lang='lat' dir='ltr'><strong>quibusque</strong></span> <span class='ocrx_word' id='word_1_617' title='bbox 3334 3399 3460 3468; x_wconf 89' lang='lat' dir='ltr'><strong>ejus</strong></span> <span class='ocrx_word' id='word_1_618' title='bbox 3497 3399 3745 3455; x_wconf 90' lang='lat' dir='ltr'><strong>statibus</strong></span> 
     </span>
    </p>
   </div>
   <div class='ocr_carea' id='block_1_82' title="bbox 2051 3487 3745 3558">
    <p class='ocr_par' dir='ltr' id='par_1_82' title="bbox 2051 3487 3745 3558">
     <span class='ocr_line' id='line_1_82' title="bbox 2051 3487 3745 3558; baseline 0 -13"><span class='ocrx_word' id='word_1_619' title='bbox 2051 3488 2374 3555; x_wconf 89' lang='lat' dir='ltr'><strong>consilium,</strong></span> <span class='ocrx_word' id='word_1_620' title='bbox 2405 3502 2523 3558; x_wconf 95' lang='lat' dir='ltr'><strong>quo</strong></span> <span class='ocrx_word' id='word_1_621' title='bbox 2555 3487 2905 3555; x_wconf 89' lang='lat' dir='ltr'><strong>reﬁciantur,</strong></span> <span class='ocrx_word' id='word_1_622' title='bbox 2940 3488 3322 3544; x_wconf 89' lang='lat' dir='ltr'><strong>administrat.</strong></span> <span class='ocrx_word' id='word_1_623' title='bbox 3358 3489 3489 3544; x_wconf 85' lang='lat' dir='ltr'><strong>Hac</strong></span> <span class='ocrx_word' id='word_1_624' title='bbox 3520 3489 3745 3545; x_wconf 85' lang='lat' dir='ltr'><strong>Pharao</strong></span> 
     </span>
    </p>
   </div>
   <div class='ocr_carea' id='block_1_83' title="bbox 2054 3576 3745 3647">
    <p class='ocr_par' dir='ltr' id='par_1_83' title="bbox 2054 3576 3745 3647">
     <span class='ocr_line' id='line_1_83' title="bbox 2054 3576 3745 3647; baseline 0 -16"><span class='ocrx_word' id='word_1_625' title='bbox 2054 3577 2329 3647; x_wconf 84' lang='lat' dir='ltr'><strong>pracipit,</strong></span> <span class='ocrx_word' id='word_1_626' title='bbox 2386 3576 2526 3646; x_wconf 91' lang='lat' dir='ltr'><strong>quia</strong></span> <span class='ocrx_word' id='word_1_627' title='bbox 2584 3576 2849 3631; x_wconf 91' lang='lat' dir='ltr'><strong>diabolus</strong></span> <span class='ocrx_word' id='word_1_628' title='bbox 2908 3576 3015 3631; x_wconf 89' lang='lat' dir='ltr'><strong>ista</strong></span> <span class='ocrx_word' id='word_1_629' title='bbox 3079 3577 3256 3631; x_wconf 90' lang='lat' dir='ltr'><strong>nostri</strong></span> <span class='ocrx_word' id='word_1_630' title='bbox 3300 3577 3487 3631; x_wconf 92' lang='lat' dir='ltr'><strong>victus</strong></span> <span class='ocrx_word' id='word_1_631' title='bbox 3528 3577 3745 3632; x_wconf 91' lang='lat' dir='ltr'><strong>virtute</strong></span> 
     </span>
    </p>
   </div>
   <div class='ocr_carea' id='block_1_84' title="bbox 2054 3663 3744 3734">
    <p class='ocr_par' dir='ltr' id='par_1_84' title="bbox 2054 3663 3744 3734">
     <span class='ocr_line' id='line_1_84' title="bbox 2054 3663 3744 3734; baseline -0.001 -13"><span class='ocrx_word' id='word_1_632' title='bbox 2054 3664 2329 3734; x_wconf 91' lang='lat' dir='ltr'><strong>propositi</strong></span> <span class='ocrx_word' id='word_1_633' title='bbox 2372 3664 2685 3734; x_wconf 88' lang='lat' dir='ltr'><strong>prapedire</strong></span> <span class='ocrx_word' id='word_1_634' title='bbox 2733 3678 2847 3719; x_wconf 91' lang='lat' dir='ltr'><strong>non</strong></span> <span class='ocrx_word' id='word_1_635' title='bbox 2889 3663 3198 3730; x_wconf 88' lang='lat' dir='ltr'><strong>sufﬁciens,</strong></span> <span class='ocrx_word' id='word_1_636' title='bbox 3240 3663 3372 3719; x_wconf 88' lang='lat' dir='ltr'><strong>velit</strong></span> <span class='ocrx_word' id='word_1_637' title='bbox 3422 3663 3580 3730; x_wconf 90' lang='lat' dir='ltr'><strong>nolit,</strong></span> <span class='ocrx_word' id='word_1_638' title='bbox 3619 3664 3744 3719; x_wconf 85' lang='lat' dir='ltr'><strong>ﬁeri</strong></span> 
     </span>
    </p>
   </div>
   <div class='ocr_carea' id='block_1_85' title="bbox 2055 3752 2416 3808">
    <p class='ocr_par' dir='ltr' id='par_1_85' title="bbox 2055 3752 2416 3808">
     <span class='ocr_line' id='line_1_85' title="bbox 2055 3752 2416 3808; baseline -0.008 0"><span class='ocrx_word' id='word_1_639' title='bbox 2055 3752 2232 3808; x_wconf 90' lang='lat' dir='ltr'><strong>libere</strong></span> <span class='ocrx_word' id='word_1_640' title='bbox 2261 3752 2416 3807; x_wconf 89' lang='lat' dir='ltr'><strong>sinit.</strong></span> 
     </span>
    </p>
   </div>
   <div class='ocr_carea' id='block_1_86' title="bbox 2125 3838 3739 3907">
    <p class='ocr_par' dir='ltr' id='par_1_86' title="bbox 2125 3838 3739 3907">
     <span class='ocr_line' id='line_1_86' title="bbox 2125 3838 3739 3907; baseline -0.001 -13"><span class='ocrx_word' id='word_1_641' title='bbox 2125 3839 2298 3895; x_wconf 73' lang='lat' dir='ltr'><strong>Vnus.</strong></span> <span class='ocrx_word' id='word_1_642' title='bbox 2338 3841 2419 3906; x_wconf 88' lang='lat' dir='ltr'><strong>l3,</strong></span> <span class='ocrx_word' id='word_1_643' title='bbox 2469 3839 2553 3893; x_wconf 80' lang='grc'><strong>14.</strong></span> <span class='ocrx_word' id='word_1_644' title='bbox 2600 3868 2670 3879; x_wconf 86' lang='grc'><strong>-</strong></span> <span class='ocrx_word' id='word_1_645' title='bbox 2706 3839 2769 3893; x_wconf 85' lang='lat' dir='ltr'><strong>In</strong></span> <span class='ocrx_word' id='word_1_646' title='bbox 2807 3842 2914 3893; x_wconf 88' lang='lat' dir='ltr'><strong>toto</strong></span> <span class='ocrx_word' id='word_1_647' title='bbox 2961 3840 3101 3892; x_wconf 89' lang='lat' dir='ltr'><strong>enim</strong></span> <span class='ocrx_word' id='word_1_648' title='bbox 3145 3839 3269 3892; x_wconf 89' lang='lat' dir='ltr'><strong>orbe</strong></span> <span class='ocrx_word' id='word_1_649' title='bbox 3309 3840 3469 3907; x_wconf 84' lang='lat' dir='ltr'><strong>panis</strong></span> <span class='ocrx_word' id='word_1_650' title='bbox 3520 3838 3739 3906; x_wconf 83' lang='lat' dir='ltr'><strong>deerat,</strong></span> 
     </span>
    </p>
   </div>
   <div class='ocr_carea' id='block_1_87' title="bbox 2055 3926 3742 3997">
    <p class='ocr_par' dir='ltr' id='par_1_87' title="bbox 2055 3926 3742 3997">
     <span class='ocr_line' id='line_1_87' title="bbox 2055 3926 3742 3997; baseline -0.002 -15"><span class='ocrx_word' id='word_1_651' title='bbox 2055 3932 2104 3982; x_wconf 92' lang='lat' dir='ltr'><strong>et</strong></span> <span class='ocrx_word' id='word_1_652' title='bbox 2130 3932 2470 3997; x_wconf 85' lang='lat' dir='ltr'><strong>oppresserat</strong></span> <span class='ocrx_word' id='word_1_653' title='bbox 2504 3929 2678 3993; x_wconf 82' lang='lat' dir='ltr'><strong>fames</strong></span> <span class='ocrx_word' id='word_1_654' title='bbox 2719 3932 2939 3990; x_wconf 86' lang='lat' dir='ltr'><strong>terram,</strong></span> <span class='ocrx_word' id='word_1_655' title='bbox 2971 3930 3208 3980; x_wconf 63' lang='lat' dir='ltr'><strong>maxime</strong></span> <span class='ocrx_word' id='word_1_656' title='bbox 3235 3926 3487 3997; x_wconf 63' lang='lat' dir='ltr'><strong>JEgypti</strong></span> <span class='ocrx_word' id='word_1_657' title='bbox 3514 3930 3563 3979; x_wconf 88' lang='lat' dir='ltr'><strong>et</strong></span> <span class='ocrx_word' id='word_1_658' title='bbox 3594 3927 3742 3982; x_wconf 86' lang='lat' dir='ltr'><strong>Cha-</strong></span> 
     </span>
    </p>
   </div>
   <div class='ocr_carea' id='block_1_88' title="bbox 2053 4014 3745 4083">
    <p class='ocr_par' dir='ltr' id='par_1_88' title="bbox 2053 4014 3745 4083">
     <span class='ocr_line' id='line_1_88' title="bbox 2053 4014 3745 4083; baseline -0.001 -14"><span class='ocrx_word' id='word_1_659' title='bbox 2053 4031 2224 4069; x_wconf 89' lang='lat' dir='ltr'><strong>naan.</strong></span> <span class='ocrx_word' id='word_1_660' title='bbox 2257 4016 2314 4069; x_wconf 90' lang='lat' dir='ltr'><em>E</em></span> <span class='ocrx_word' id='word_1_661' title='bbox 2355 4014 2551 4082; x_wconf 86' lang='lat' dir='ltr'><strong>quibus</strong></span> <span class='ocrx_word' id='word_1_662' title='bbox 2574 4030 2775 4069; x_wconf 88' lang='lat' dir='ltr'><strong>omnem</strong></span> <span class='ocrx_word' id='word_1_663' title='bbox 2805 4017 3090 4083; x_wconf 80' lang='lat' dir='ltr'><strong>pecuniam</strong></span> <span class='ocrx_word' id='word_1_664' title='bbox 3122 4018 3467 4082; x_wconf 82' lang='lat' dir='ltr'><strong>congregavit</strong></span> <span class='ocrx_word' id='word_1_665' title='bbox 3493 4030 3592 4083; x_wconf 84' lang='lat' dir='ltr'><strong>pro</strong></span> <span class='ocrx_word' id='word_1_666' title='bbox 3620 4031 3745 4068; x_wconf 85' lang='lat' dir='ltr'><strong>ven-</strong></span> 
     </span>
    </p>
   </div>
   <div class='ocr_carea' id='block_1_89' title="bbox 258 4095 3745 4169">
    <p class='ocr_par' dir='ltr' id='par_1_89' title="bbox 258 4095 3745 4169">
     <span class='ocr_line' id='line_1_89' title="bbox 258 4095 3745 4169; baseline 0 -13"><span class='ocrx_word' id='word_1_667' title='bbox 258 4113 421 4167; x_wconf 90' lang='lat' dir='ltr'><strong>num,</strong></span> <span class='ocrx_word' id='word_1_668' title='bbox 448 4097 605 4168; x_wconf 90' lang='lat' dir='ltr'><strong>quod</strong></span> <span class='ocrx_word' id='word_1_669' title='bbox 632 4104 716 4152; x_wconf 72' lang='lat' dir='ltr'><strong>est</strong></span> <span class='ocrx_word' id='word_1_670' title='bbox 737 4096 964 4160; x_wconf 78' lang='lat' dir='ltr'><strong>Gessen,</strong></span> <span class='ocrx_word' id='word_1_671' title='bbox 1001 4104 1187 4150; x_wconf 70' lang='lat' dir='ltr'><strong>motus</strong></span> <span class='ocrx_word' id='word_1_672' title='bbox 1236 4096 1490 4151; x_wconf 74' lang='lat' dir='ltr'><strong>internOS</strong></span> <span class='ocrx_word' id='word_1_673' title='bbox 1518 4095 1730 4150; x_wconf 69' lang='lat'><strong>0011003</strong></span> <span class='ocrx_word' id='word_1_674' title='bbox 1757 4111 1772 4165; x_wconf 86' lang='lat'><strong>;</strong></span> <span class='ocrx_word' id='word_1_675' title='bbox 1815 4103 1868 4151; x_wconf 70' lang='lat' dir='ltr'><strong>Gl</strong></span> <span class='ocrx_word' id='word_1_676' title='bbox 1897 4095 1945 4151; x_wconf 83' lang='lat' dir='ltr'><strong>Si</strong></span> <span class='ocrx_word' id='word_1_677' title='bbox 1982 4097 2027 4151; x_wconf 83' lang='grc' dir='ltr'><strong>Ι)</strong></span> <span class='ocrx_word' id='word_1_678' title='bbox 2053 4103 2256 4158; x_wconf 85' lang='lat' dir='ltr'><strong>ditione</strong></span> <span class='ocrx_word' id='word_1_679' title='bbox 2281 4104 2565 4168; x_wconf 79' lang='lat' dir='ltr'><strong>frumenti,</strong></span> <span class='ocrx_word' id='word_1_680' title='bbox 2600 4107 2651 4156; x_wconf 88' lang='lat' dir='ltr'><strong>et</strong></span> <span class='ocrx_word' id='word_1_681' title='bbox 2699 4105 2890 4156; x_wconf 88' lang='lat' dir='ltr'><strong>intulit</strong></span> <span class='ocrx_word' id='word_1_682' title='bbox 2935 4118 3052 4156; x_wconf 90' lang='lat' dir='ltr'><strong>eam</strong></span> <span class='ocrx_word' id='word_1_683' title='bbox 3093 4105 3153 4155; x_wconf 90' lang='lat' dir='ltr'><strong>in</strong></span> <span class='ocrx_word' id='word_1_684' title='bbox 3181 4106 3438 4156; x_wconf 68' lang='lat' dir='ltr'><strong>arat-ium</strong></span> <span class='ocrx_word' id='word_1_685' title='bbox 3467 4104 3630 4169; x_wconf 84' lang='lat' dir='ltr'><strong>regis.</strong></span> <span class='ocrx_word' id='word_1_686' title='bbox 3672 4103 3745 4156; x_wconf 90' lang='lat' dir='ltr'><strong>In</strong></span> 
     </span>
    </p>
   </div>
   <div class='ocr_carea' id='block_1_90' title="bbox 258 4182 1947 4254">
    <p class='ocr_par' dir='ltr' id='par_1_90' title="bbox 258 4182 1947 4254">
     <span class='ocr_line' id='line_1_90' title="bbox 258 4182 1947 4254; baseline -0.004 -11"><span class='ocrx_word' id='word_1_687' title='bbox 258 4185 556 4243; x_wconf 87' lang='lat' dir='ltr'><strong>diabolica</strong></span> <span class='ocrx_word' id='word_1_688' title='bbox 611 4183 907 4254; x_wconf 91' lang='lat' dir='ltr'><strong>quidpiam</strong></span> <span class='ocrx_word' id='word_1_689' title='bbox 938 4182 1321 4248; x_wconf 89' lang='lat' dir='ltr'><strong>hebetudinis,</strong></span> <span class='ocrx_word' id='word_1_690' title='bbox 1376 4183 1528 4252; x_wconf 92' lang='lat' dir='ltr'><strong>quod</strong></span> <span class='ocrx_word' id='word_1_691' title='bbox 1577 4191 1712 4238; x_wconf 88' lang='lat' dir='ltr'><strong>sunt</strong></span> <span class='ocrx_word' id='word_1_692' title='bbox 1745 4197 1947 4253; x_wconf 90' lang='lat' dir='ltr'><strong>pecora</strong></span> 
     </span>
    </p>
   </div>
   <div class='ocr_carea' id='block_1_91' title="bbox 265 4270 1950 4342">
    <p class='ocr_par' dir='ltr' id='par_1_91' title="bbox 265 4270 1950 4342">
     <span class='ocr_line' id='line_1_91' title="bbox 265 4270 1950 4342; baseline -0.003 -11"><span class='ocrx_word' id='word_1_693' title='bbox 265 4288 411 4342; x_wconf 90' lang='lat' dir='ltr'><strong>mea,</strong></span> <span class='ocrx_word' id='word_1_694' title='bbox 446 4272 548 4329; x_wconf 90' lang='lat' dir='ltr'><strong>tibi</strong></span> <span class='ocrx_word' id='word_1_695' title='bbox 590 4270 883 4340; x_wconf 86' lang='lat' dir='ltr'><strong>irrepserit</strong></span> <span class='ocrx_word' id='word_1_696' title='bbox 918 4270 1100 4326; x_wconf 91' lang='lat' dir='ltr'><strong>virilis</strong></span> <span class='ocrx_word' id='word_1_697' title='bbox 1152 4271 1449 4326; x_wconf 87' lang='lat' dir='ltr'><strong>industria</strong></span> <span class='ocrx_word' id='word_1_698' title='bbox 1495 4271 1634 4326; x_wconf 91' lang='lat' dir='ltr'><strong>illud</strong></span> <span class='ocrx_word' id='word_1_699' title='bbox 1693 4272 1950 4342; x_wconf 88' lang='lat' dir='ltr'><strong>magiste-</strong></span> 
     </span>
    </p>
   </div>
   <div class='ocr_carea' id='block_1_92' title="bbox 261 4356 1945 4429">
    <p class='ocr_par' dir='ltr' id='par_1_92' title="bbox 261 4356 1945 4429">
     <span class='ocr_line' id='line_1_92' title="bbox 261 4356 1945 4429; baseline -0.002 -10"><span class='ocrx_word' id='word_1_700' title='bbox 261 4363 348 4420; x_wconf 90' lang='lat' dir='ltr'><strong>rio</strong></span> <span class='ocrx_word' id='word_1_701' title='bbox 384 4360 585 4417; x_wconf 90' lang='lat' dir='ltr'><strong>subde.</strong></span> <span class='ocrx_word' id='word_1_702' title='bbox 649 4359 782 4414; x_wconf 89' lang='lat' dir='ltr'><strong>Hac</strong></span> <span class='ocrx_word' id='word_1_703' title='bbox 832 4356 1131 4414; x_wconf 68' lang='lat' dir='ltr'><strong>effectibus</strong></span> <span class='ocrx_word' id='word_1_704' title='bbox 1172 4357 1436 4429; x_wconf 90' lang='lat' dir='ltr'><strong>loquitur</strong></span> <span class='ocrx_word' id='word_1_705' title='bbox 1485 4372 1598 4414; x_wconf 89' lang='lat' dir='ltr'><strong>non</strong></span> <span class='ocrx_word' id='word_1_706' title='bbox 1649 4373 1945 4427; x_wconf 88' lang='lat' dir='ltr'><strong>conversa,</strong></span> 
     </span>
    </p>
   </div>
   <div class='ocr_carea' id='block_1_93' title="bbox 262 4446 1485 4517">
    <p class='ocr_par' dir='ltr' id='par_1_93' title="bbox 262 4446 1485 4517">
     <span class='ocr_line' id='line_1_93' title="bbox 262 4446 1485 4517; baseline -0.006 -9"><span class='ocrx_word' id='word_1_707' title='bbox 262 4451 358 4508; x_wconf 91' lang='lat' dir='ltr'><strong>sed</strong></span> <span class='ocrx_word' id='word_1_708' title='bbox 386 4461 606 4506; x_wconf 89' lang='lat' dir='ltr'><strong>cessare</strong></span> <span class='ocrx_word' id='word_1_709' title='bbox 626 4453 823 4502; x_wconf 88' lang='lat' dir='ltr'><strong>coacta</strong></span> <span class='ocrx_word' id='word_1_710' title='bbox 850 4453 905 4501; x_wconf 93' lang='lat' dir='ltr'><strong>et</strong></span> <span class='ocrx_word' id='word_1_711' title='bbox 923 4446 1108 4502; x_wconf 90' lang='lat' dir='ltr'><strong>evicta</strong></span> <span class='ocrx_word' id='word_1_712' title='bbox 1138 4446 1485 4517; x_wconf 88' lang='lat' dir='ltr'><strong>malignitas.</strong></span> 
     </span>
    </p>
   </div>
   <div class='ocr_carea' id='block_1_94' title="bbox 333 4535 1949 4605">
    <p class='ocr_par' dir='ltr' id='par_1_94' title="bbox 333 4535 1949 4605">
     <span class='ocr_line' id='line_1_94' title="bbox 333 4535 1949 4605; baseline -0.004 -10"><span class='ocrx_word' id='word_1_713' title='bbox 333 4538 506 4597; x_wconf 67' lang='lat' dir='ltr'><strong>Vnus.</strong></span> <span class='ocrx_word' id='word_1_714' title='bbox 537 4537 592 4602; x_wconf 89' lang='lat'><strong>&#39;7,</strong></span> <span class='ocrx_word' id='word_1_715' title='bbox 636 4536 690 4601; x_wconf 91' lang='lat'><strong>8,</strong></span> <span class='ocrx_word' id='word_1_716' title='bbox 741 4537 794 4589; x_wconf 92' lang='lat'><strong>9.</strong></span> <span class='ocrx_word' id='word_1_717' title='bbox 832 4564 900 4573; x_wconf 94' lang='lat'><strong>—</strong></span> <span class='ocrx_word' id='word_1_718' title='bbox 940 4535 1065 4589; x_wconf 88' lang='lat' dir='ltr'><strong>Post</strong></span> <span class='ocrx_word' id='word_1_719' title='bbox 1114 4535 1222 4588; x_wconf 82' lang='lat' dir='ltr'><strong>hac</strong></span> <span class='ocrx_word' id='word_1_720' title='bbox 1266 4535 1575 4588; x_wconf 60' lang='lat' dir='ltr'><strong>introduxit</strong></span> <span class='ocrx_word' id='word_1_721' title='bbox 1615 4536 1810 4604; x_wconf 77' lang='lat' dir='ltr'><strong>Ioseph</strong></span> <span class='ocrx_word' id='word_1_722' title='bbox 1842 4551 1949 4605; x_wconf 89' lang='lat' dir='ltr'><strong>pa-</strong></span> 
     </span>
    </p>
   </div>
   <div class='ocr_carea' id='block_1_95' title="bbox 266 4622 1954 4688">
    <p class='ocr_par' dir='ltr' id='par_1_95' title="bbox 266 4622 1954 4688">
     <span class='ocr_line' id='line_1_95' title="bbox 266 4622 1954 4688; baseline -0.003 -7"><span class='ocrx_word' id='word_1_723' title='bbox 266 4633 399 4681; x_wconf 84' lang='lat' dir='ltr'><strong>trem</strong></span> <span class='ocrx_word' id='word_1_724' title='bbox 429 4639 586 4680; x_wconf 86' lang='lat' dir='ltr'><strong>suum</strong></span> <span class='ocrx_word' id='word_1_725' title='bbox 637 4622 712 4676; x_wconf 90' lang='lat' dir='ltr'><strong>ad</strong></span> <span class='ocrx_word' id='word_1_726' title='bbox 766 4636 962 4688; x_wconf 90' lang='lat' dir='ltr'><strong>regem,</strong></span> <span class='ocrx_word' id='word_1_727' title='bbox 1002 4626 1054 4676; x_wconf 88' lang='lat' dir='ltr'><strong>et</strong></span> <span class='ocrx_word' id='word_1_728' title='bbox 1083 4624 1280 4676; x_wconf 85' lang='lat' dir='ltr'><strong>statuit</strong></span> <span class='ocrx_word' id='word_1_729' title='bbox 1323 4637 1444 4676; x_wconf 89' lang='lat' dir='ltr'><strong>eum</strong></span> <span class='ocrx_word' id='word_1_730' title='bbox 1498 4637 1678 4676; x_wconf 90' lang='lat' dir='ltr'><strong>coram</strong></span> <span class='ocrx_word' id='word_1_731' title='bbox 1730 4638 1808 4676; x_wconf 86' lang='lat' dir='ltr'><strong>eo.</strong></span> <span class='ocrx_word' id='word_1_732' title='bbox 1850 4623 1954 4688; x_wconf 85' lang='lat' dir='ltr'><strong>Qui</strong></span> 
     </span>
    </p>
   </div>
   <div class='ocr_carea' id='block_1_96' title="bbox 267 4709 1951 4778">
    <p class='ocr_par' dir='ltr' id='par_1_96' title="bbox 267 4709 1951 4778">
     <span class='ocr_line' id='line_1_96' title="bbox 267 4709 1951 4778; baseline -0.003 -9"><span class='ocrx_word' id='word_1_733' title='bbox 267 4712 576 4769; x_wconf 84' lang='lat' dir='ltr'><strong>benedicens</strong></span> <span class='ocrx_word' id='word_1_734' title='bbox 614 4711 703 4764; x_wconf 83' lang='lat' dir='ltr'><strong>illi</strong></span> <span class='ocrx_word' id='word_1_735' title='bbox 741 4714 793 4764; x_wconf 89' lang='lat' dir='ltr'><strong>et</strong></span> <span class='ocrx_word' id='word_1_736' title='bbox 830 4711 1196 4778; x_wconf 84' lang='lat' dir='ltr'><strong>interrogatus</strong></span> <span class='ocrx_word' id='word_1_737' title='bbox 1235 4709 1305 4766; x_wconf 85' lang='lat' dir='ltr'><strong>ab</strong></span> <span class='ocrx_word' id='word_1_738' title='bbox 1334 4724 1427 4763; x_wconf 89' lang='lat' dir='ltr'><strong>eo:</strong></span> <span class='ocrx_word' id='word_1_739' title='bbox 1461 4713 1597 4778; x_wconf 79' lang='lat' dir='ltr'><strong>Quot</strong></span> <span class='ocrx_word' id='word_1_740' title='bbox 1626 4714 1752 4764; x_wconf 89' lang='lat' dir='ltr'><strong>suut</strong></span> <span class='ocrx_word' id='word_1_741' title='bbox 1780 4726 1951 4764; x_wconf 88' lang='lat' dir='ltr'><strong>anno-</strong></span> 
     </span>
    </p>
   </div>
   <div class='ocr_carea' id='block_1_97' title="bbox 263 4798 1953 4867">
    <p class='ocr_par' dir='ltr' id='par_1_97' title="bbox 263 4798 1953 4867">
     <span class='ocr_line' id='line_1_97' title="bbox 263 4798 1953 4867; baseline -0.004 -9"><span class='ocrx_word' id='word_1_742' title='bbox 263 4818 387 4858; x_wconf 90' lang='lat' dir='ltr'><strong>rum</strong></span> <span class='ocrx_word' id='word_1_743' title='bbox 437 4801 553 4856; x_wconf 87' lang='lat' dir='ltr'><strong>dies</strong></span> <span class='ocrx_word' id='word_1_744' title='bbox 590 4802 717 4854; x_wconf 79' lang='lat' dir='ltr'><strong>vitae</strong></span> <span class='ocrx_word' id='word_1_745' title='bbox 762 4798 914 4853; x_wconf 76' lang='lat' dir='ltr'><strong>tua?</strong></span> <span class='ocrx_word' id='word_1_746' title='bbox 950 4798 1282 4867; x_wconf 85' lang='lat' dir='ltr'><strong>Respondit:</strong></span> <span class='ocrx_word' id='word_1_747' title='bbox 1323 4799 1446 4852; x_wconf 88' lang='lat' dir='ltr'><strong>Dies</strong></span> <span class='ocrx_word' id='word_1_748' title='bbox 1494 4801 1953 4866; x_wconf 82' lang='lat' dir='ltr'><strong>peregrinationis</strong></span> 
     </span>
    </p>
   </div>
   <div class='ocr_carea' id='block_1_98' title="bbox 264 4888 1955 4955">
    <p class='ocr_par' dir='ltr' id='par_1_98' title="bbox 264 4888 1955 4955">
     <span class='ocr_line' id='line_1_98' title="bbox 264 4888 1955 4955; baseline -0.003 -9"><span class='ocrx_word' id='word_1_749' title='bbox 264 4895 390 4947; x_wconf 78' lang='lat' dir='ltr'><strong>vita</strong></span> <span class='ocrx_word' id='word_1_750' title='bbox 419 4893 628 4945; x_wconf 84' lang='lat' dir='ltr'><strong>centum</strong></span> <span class='ocrx_word' id='word_1_751' title='bbox 666 4889 901 4955; x_wconf 84' lang='lat' dir='ltr'><strong>triginta</strong></span> <span class='ocrx_word' id='word_1_752' title='bbox 945 4902 1211 4941; x_wconf 88' lang='lat' dir='ltr'><strong>annorum</strong></span> <span class='ocrx_word' id='word_1_753' title='bbox 1237 4890 1381 4952; x_wconf 87' lang='lat' dir='ltr'><strong>sunt,</strong></span> <span class='ocrx_word' id='word_1_754' title='bbox 1426 4890 1591 4955; x_wconf 85' lang='lat' dir='ltr'><strong>parvi</strong></span> <span class='ocrx_word' id='word_1_755' title='bbox 1639 4891 1689 4940; x_wconf 89' lang='lat' dir='ltr'><strong>et</strong></span> <span class='ocrx_word' id='word_1_756' title='bbox 1717 4888 1872 4951; x_wconf 91' lang='lat' dir='ltr'><strong>mali,</strong></span> <span class='ocrx_word' id='word_1_757' title='bbox 1903 4892 1955 4941; x_wconf 89' lang='lat' dir='ltr'><strong>et</strong></span> 
     </span>
    </p>
   </div>
   <div class='ocr_carea' id='block_1_99' title="bbox 265 4974 1948 5048">
    <p class='ocr_par' dir='ltr' id='par_1_99' title="bbox 265 4974 1948 5048">
     <span class='ocr_line' id='line_1_99' title="bbox 265 4974 1948 5048; baseline -0.004 -14"><span class='ocrx_word' id='word_1_758' title='bbox 265 4995 373 5035; x_wconf 87' lang='lat' dir='ltr'><strong>non</strong></span> <span class='ocrx_word' id='word_1_759' title='bbox 398 4980 755 5048; x_wconf 81' lang='lat' dir='ltr'><strong>pervenerunt</strong></span> <span class='ocrx_word' id='word_1_760' title='bbox 784 4989 954 5044; x_wconf 88' lang='lat' dir='ltr'><strong>usque</strong></span> <span class='ocrx_word' id='word_1_761' title='bbox 997 4974 1072 5029; x_wconf 90' lang='lat' dir='ltr'><strong>ad</strong></span> <span class='ocrx_word' id='word_1_762' title='bbox 1098 4975 1214 5028; x_wconf 89' lang='lat' dir='ltr'><strong>dies</strong></span> <span class='ocrx_word' id='word_1_763' title='bbox 1267 4979 1489 5043; x_wconf 84' lang='lat' dir='ltr'><strong>patrum</strong></span> <span class='ocrx_word' id='word_1_764' title='bbox 1534 4989 1792 5040; x_wconf 89' lang='lat' dir='ltr'><strong>meorum,</strong></span> <span class='ocrx_word' id='word_1_765' title='bbox 1837 4976 1948 5042; x_wconf 85' lang='lat' dir='ltr'><strong>qui-</strong></span> 
     </span>
    </p>
   </div>
   <div class='ocr_carea' id='block_1_100' title="bbox 269 5061 1956 5135">
    <p class='ocr_par' dir='ltr' id='par_1_100' title="bbox 269 5061 1956 5135">
     <span class='ocr_line' id='line_1_100' title="bbox 269 5061 1956 5135; baseline -0.003 -14"><span class='ocrx_word' id='word_1_766' title='bbox 269 5068 367 5121; x_wconf 87' lang='lat' dir='ltr'><strong>bus</strong></span> <span class='ocrx_word' id='word_1_767' title='bbox 418 5065 758 5135; x_wconf 85' lang='lat' dir='ltr'><strong>peregrinati</strong></span> <span class='ocrx_word' id='word_1_768' title='bbox 813 5068 957 5118; x_wconf 86' lang='lat' dir='ltr'><strong>sunt.</strong></span> <span class='ocrx_word' id='word_1_769' title='bbox 1006 5063 1203 5132; x_wconf 72' lang='lat' dir='ltr'><strong>Ioseph</strong></span> <span class='ocrx_word' id='word_1_770' title='bbox 1248 5061 1561 5118; x_wconf 91' lang='lat' dir='ltr'><strong>introducit</strong></span> <span class='ocrx_word' id='word_1_771' title='bbox 1623 5068 1832 5130; x_wconf 88' lang='lat' dir='ltr'><strong>patrem</strong></span> <span class='ocrx_word' id='word_1_772' title='bbox 1881 5062 1956 5116; x_wconf 90' lang='lat' dir='ltr'><strong>ad</strong></span> 
     </span>
    </p>
   </div>
   <div class='ocr_carea' id='block_1_101' title="bbox 268 5148 1956 5223">
    <p class='ocr_par' dir='ltr' id='par_1_101' title="bbox 268 5148 1956 5223">
     <span class='ocr_line' id='line_1_101' title="bbox 268 5148 1956 5223; baseline -0.003 -13"><span class='ocrx_word' id='word_1_773' title='bbox 268 5169 467 5223; x_wconf 88' lang='lat' dir='ltr'><strong>regem,</strong></span> <span class='ocrx_word' id='word_1_774' title='bbox 497 5166 631 5209; x_wconf 91' lang='lat' dir='ltr'><strong>cum</strong></span> <span class='ocrx_word' id='word_1_775' title='bbox 670 5150 1174 5208; x_wconf 89' lang='lat' dir='ltr'><strong>intellectualitatis</strong></span> <span class='ocrx_word' id='word_1_776' title='bbox 1210 5148 1403 5205; x_wconf 88' lang='lat' dir='ltr'><strong>fervor</strong></span> <span class='ocrx_word' id='word_1_777' title='bbox 1451 5149 1524 5205; x_wconf 91' lang='lat' dir='ltr'><strong>ad</strong></span> <span class='ocrx_word' id='word_1_778' title='bbox 1574 5149 1956 5218; x_wconf 89' lang='lat' dir='ltr'><strong>penetrandas</strong></span> 
     </span>
    </p>
   </div>
   <div class='ocr_carea' id='block_1_102' title="bbox 270 5236 1957 5309">
    <p class='ocr_par' dir='ltr' id='par_1_102' title="bbox 270 5236 1957 5309">
     <span class='ocr_line' id='line_1_102' title="bbox 270 5236 1957 5309; baseline -0.004 -11"><span class='ocrx_word' id='word_1_779' title='bbox 270 5240 557 5299; x_wconf 87' lang='lat' dir='ltr'><strong>versutias</strong></span> <span class='ocrx_word' id='word_1_780' title='bbox 605 5238 816 5295; x_wconf 89' lang='lat' dir='ltr'><strong>diaboli</strong></span> <span class='ocrx_word' id='word_1_781' title='bbox 864 5238 1124 5309; x_wconf 91' lang='lat' dir='ltr'><strong>provehit</strong></span> <span class='ocrx_word' id='word_1_782' title='bbox 1173 5237 1471 5293; x_wconf 90' lang='lat' dir='ltr'><strong>rationem.</strong></span> <span class='ocrx_word' id='word_1_783' title='bbox 1521 5236 1715 5292; x_wconf 87' lang='lat' dir='ltr'><strong>Coram</strong></span> <span class='ocrx_word' id='word_1_784' title='bbox 1753 5251 1812 5290; x_wconf 92' lang='lat' dir='ltr'><strong>eo</strong></span> <span class='ocrx_word' id='word_1_785' title='bbox 1850 5244 1957 5292; x_wconf 84' lang='lat' dir='ltr'><strong>sta-</strong></span> 
     </span>
    </p>
   </div>
   <div class='ocr_carea' id='block_1_103' title="bbox 272 5323 1952 5398">
    <p class='ocr_par' dir='ltr' id='par_1_103' title="bbox 272 5323 1952 5398">
     <span class='ocr_line' id='line_1_103' title="bbox 272 5323 1952 5398; baseline -0.005 -11"><span class='ocrx_word' id='word_1_786' title='bbox 272 5329 401 5398; x_wconf 86' lang='lat' dir='ltr'><strong>tuit,</strong></span> <span class='ocrx_word' id='word_1_787' title='bbox 433 5340 566 5384; x_wconf 90' lang='lat' dir='ltr'><strong>cum</strong></span> <span class='ocrx_word' id='word_1_788' title='bbox 592 5341 720 5384; x_wconf 88' lang='lat' dir='ltr'><strong>eam</strong></span> <span class='ocrx_word' id='word_1_789' title='bbox 767 5326 1047 5383; x_wconf 90' lang='lat' dir='ltr'><strong>adversus</strong></span> <span class='ocrx_word' id='word_1_790' title='bbox 1096 5340 1231 5383; x_wconf 87' lang='lat' dir='ltr'><strong>eum</strong></span> <span class='ocrx_word' id='word_1_791' title='bbox 1259 5325 1458 5395; x_wconf 86' lang='lat' dir='ltr'><strong>vigore</strong></span> <span class='ocrx_word' id='word_1_792' title='bbox 1496 5323 1735 5395; x_wconf 88' lang='lat' dir='ltr'><strong>justitia</strong></span> <span class='ocrx_word' id='word_1_793' title='bbox 1763 5324 1952 5396; x_wconf 88' lang='lat' dir='ltr'><strong>erigit.</strong></span> 
     </span>
    </p>
   </div>
   <div class='ocr_carea' id='block_1_104' title="bbox 2055 4189 3743 4259">
    <p class='ocr_par' dir='ltr' id='par_1_104' title="bbox 2055 4189 3743 4259">
     <span class='ocr_line' id='line_1_104' title="bbox 2055 4189 3743 4259; baseline -0.001 -14"><span class='ocrx_word' id='word_1_794' title='bbox 2055 4196 2161 4245; x_wconf 88' lang='lat' dir='ltr'><strong>toto</strong></span> <span class='ocrx_word' id='word_1_795' title='bbox 2186 4191 2310 4245; x_wconf 85' lang='lat' dir='ltr'><strong>orbe</strong></span> <span class='ocrx_word' id='word_1_796' title='bbox 2329 4193 2493 4259; x_wconf 86' lang='lat' dir='ltr'><strong>panis</strong></span> <span class='ocrx_word' id='word_1_797' title='bbox 2522 4191 2693 4257; x_wconf 89' lang='lat' dir='ltr'><strong>deest,</strong></span> <span class='ocrx_word' id='word_1_798' title='bbox 2745 4190 2885 4259; x_wconf 91' lang='lat' dir='ltr'><strong>quia</strong></span> <span class='ocrx_word' id='word_1_799' title='bbox 2918 4190 3090 4245; x_wconf 87' lang='lat' dir='ltr'><strong>totius</strong></span> <span class='ocrx_word' id='word_1_800' title='bbox 3117 4198 3325 4245; x_wconf 88' lang='lat' dir='ltr'><strong>nostra</strong></span> <span class='ocrx_word' id='word_1_801' title='bbox 3361 4189 3743 4258; x_wconf 85' lang='lat' dir='ltr'><strong>perfectionis,</strong></span> 
     </span>
    </p>
   </div>
   <div class='ocr_carea' id='block_1_105' title="bbox 2055 4277 3745 4348">
    <p class='ocr_par' dir='ltr' id='par_1_105' title="bbox 2055 4277 3745 4348">
     <span class='ocr_line' id='line_1_105' title="bbox 2055 4277 3745 4348; baseline -0.002 -14"><span class='ocrx_word' id='word_1_802' title='bbox 2055 4292 2187 4348; x_wconf 89' lang='lat' dir='ltr'><strong>qua</strong></span> <span class='ocrx_word' id='word_1_803' title='bbox 2234 4292 2334 4347; x_wconf 93' lang='lat' dir='ltr'><strong>per</strong></span> <span class='ocrx_word' id='word_1_804' title='bbox 2378 4278 2575 4334; x_wconf 89' lang='lat' dir='ltr'><strong>orbem</strong></span> <span class='ocrx_word' id='word_1_805' title='bbox 2622 4278 2906 4348; x_wconf 89' lang='lat' dir='ltr'><strong>signatur,</strong></span> <span class='ocrx_word' id='word_1_806' title='bbox 2965 4277 3036 4331; x_wconf 86' lang='lat' dir='ltr'><strong>ad</strong></span> <span class='ocrx_word' id='word_1_807' title='bbox 3084 4277 3454 4332; x_wconf 88' lang='lat' dir='ltr'><strong>obtinendam</strong></span> <span class='ocrx_word' id='word_1_808' title='bbox 3509 4278 3745 4331; x_wconf 85' lang='lat' dir='ltr'><strong>interna</strong></span> 
     </span>
    </p>
   </div>
   <div class='ocr_carea' id='block_1_106' title="bbox 2057 4364 3746 4437">
    <p class='ocr_par' dir='ltr' id='par_1_106' title="bbox 2057 4364 3746 4437">
     <span class='ocr_line' id='line_1_106' title="bbox 2057 4364 3746 4437; baseline -0.001 -17"><span class='ocrx_word' id='word_1_809' title='bbox 2057 4366 2256 4437; x_wconf 89' lang='lat' dir='ltr'><strong>gratia</strong></span> <span class='ocrx_word' id='word_1_810' title='bbox 2291 4365 2653 4421; x_wconf 89' lang='lat' dir='ltr'><strong>refectionem</strong></span> <span class='ocrx_word' id='word_1_811' title='bbox 2698 4365 2857 4420; x_wconf 91' lang='lat' dir='ltr'><strong>nullo</strong></span> <span class='ocrx_word' id='word_1_812' title='bbox 2900 4365 3064 4419; x_wconf 91' lang='lat' dir='ltr'><strong>modo</strong></span> <span class='ocrx_word' id='word_1_813' title='bbox 3114 4372 3313 4433; x_wconf 86' lang='lat' dir='ltr'><strong>potens</strong></span> <span class='ocrx_word' id='word_1_814' title='bbox 3353 4372 3457 4419; x_wconf 90' lang='lat' dir='ltr'><strong>est.</strong></span> <span class='ocrx_word' id='word_1_815' title='bbox 3502 4364 3572 4419; x_wconf 90' lang='lat' dir='ltr'><strong>Et</strong></span> <span class='ocrx_word' id='word_1_816' title='bbox 3605 4364 3746 4434; x_wconf 90' lang='lat' dir='ltr'><strong>quid</strong></span> 
     </span>
    </p>
   </div>
   <div class='ocr_carea' id='block_1_107' title="bbox 2055 4450 3746 4522">
    <p class='ocr_par' dir='ltr' id='par_1_107' title="bbox 2055 4450 3746 4522">
     <span class='ocr_line' id='line_1_107' title="bbox 2055 4450 3746 4522; baseline -0.002 -15"><span class='ocrx_word' id='word_1_817' title='bbox 2055 4452 2339 4522; x_wconf 69' lang='lat' dir='ltr'><strong>Egyptus</strong></span> <span class='ocrx_word' id='word_1_818' title='bbox 2378 4450 2670 4506; x_wconf 88' lang='lat' dir='ltr'><strong>sacularis</strong></span> <span class='ocrx_word' id='word_1_819' title='bbox 2717 4450 3071 4521; x_wconf 84' lang='lat' dir='ltr'><strong>ignorantia,</strong></span> <span class='ocrx_word' id='word_1_820' title='bbox 3121 4450 3260 4519; x_wconf 88' lang='lat' dir='ltr'><strong>(ipsa</strong></span> <span class='ocrx_word' id='word_1_821' title='bbox 3290 4450 3443 4504; x_wconf 92' lang='lat' dir='ltr'><strong>enim</strong></span> <span class='ocrx_word' id='word_1_822' title='bbox 3477 4457 3560 4504; x_wconf 89' lang='lat' dir='ltr'><strong>est</strong></span> <span class='ocrx_word' id='word_1_823' title='bbox 3585 4458 3746 4504; x_wconf 87' lang='lat' dir='ltr'><strong>tene-</strong></span> 
     </span>
    </p>
   </div>
   <div class='ocr_carea' id='block_1_108' title="bbox 2057 4536 3744 4608">
    <p class='ocr_par' dir='ltr' id='par_1_108' title="bbox 2057 4536 3744 4608">
     <span class='ocr_line' id='line_1_108' title="bbox 2057 4536 3744 4608; baseline -0.001 -14"><span class='ocrx_word' id='word_1_824' title='bbox 2057 4538 2195 4608; x_wconf 88' lang='lat' dir='ltr'><strong>bra)</strong></span> <span class='ocrx_word' id='word_1_825' title='bbox 2216 4546 2272 4593; x_wconf 90' lang='lat' dir='ltr'><strong>et</strong></span> <span class='ocrx_word' id='word_1_826' title='bbox 2304 4536 2580 4594; x_wconf 89' lang='lat' dir='ltr'><strong>Chanaan</strong></span> <span class='ocrx_word' id='word_1_827' title='bbox 2627 4537 3046 4607; x_wconf 89' lang='lat' dir='ltr'><strong>negotiationis,</strong></span> <span class='ocrx_word' id='word_1_828' title='bbox 3080 4545 3134 4591; x_wconf 91' lang='lat' dir='ltr'><strong>et</strong></span> <span class='ocrx_word' id='word_1_829' title='bbox 3165 4537 3524 4592; x_wconf 87' lang='lat' dir='ltr'><strong>verecundia</strong></span> <span class='ocrx_word' id='word_1_830' title='bbox 3559 4537 3744 4600; x_wconf 88' lang='lat' dir='ltr'><strong>faciet,</strong></span> 
     </span>
    </p>
   </div>
   <div class='ocr_carea' id='block_1_109' title="bbox 2057 4623 3747 4693">
    <p class='ocr_par' dir='ltr' id='par_1_109' title="bbox 2057 4623 3747 4693">
     <span class='ocr_line' id='line_1_109' title="bbox 2057 4623 3747 4693; baseline -0.001 -13"><span class='ocrx_word' id='word_1_831' title='bbox 2057 4623 2104 4680; x_wconf 91' lang='lat' dir='ltr'><strong>si</strong></span> <span class='ocrx_word' id='word_1_832' title='bbox 2146 4623 2301 4680; x_wconf 91' lang='lat' dir='ltr'><strong>orbis</strong></span> <span class='ocrx_word' id='word_1_833' title='bbox 2349 4624 2661 4679; x_wconf 89' lang='lat' dir='ltr'><strong>electorum</strong></span> <span class='ocrx_word' id='word_1_834' title='bbox 2691 4638 2804 4679; x_wconf 91' lang='lat' dir='ltr'><strong>non</strong></span> <span class='ocrx_word' id='word_1_835' title='bbox 2846 4623 2981 4679; x_wconf 91' lang='lat' dir='ltr'><strong>fami</strong></span> <span class='ocrx_word' id='word_1_836' title='bbox 3029 4624 3338 4693; x_wconf 85' lang='lat' dir='ltr'><strong>pravalet?</strong></span> <span class='ocrx_word' id='word_1_837' title='bbox 3387 4624 3623 4679; x_wconf 88' lang='lat' dir='ltr'><strong>Necesse</strong></span> <span class='ocrx_word' id='word_1_838' title='bbox 3666 4631 3747 4679; x_wconf 89' lang='lat' dir='ltr'><strong>est</strong></span> 
     </span>
    </p>
   </div>
   <div class='ocr_carea' id='block_1_110' title="bbox 2058 4711 3748 4782">
    <p class='ocr_par' dir='ltr' id='par_1_110' title="bbox 2058 4711 3748 4782">
     <span class='ocr_line' id='line_1_110' title="bbox 2058 4711 3748 4782; baseline -0.001 -14"><span class='ocrx_word' id='word_1_839' title='bbox 2058 4726 2197 4782; x_wconf 89' lang='lat' dir='ltr'><strong>ergo</strong></span> <span class='ocrx_word' id='word_1_840' title='bbox 2226 4719 2290 4768; x_wconf 87' lang='lat' dir='ltr'><strong>ut</strong></span> <span class='ocrx_word' id='word_1_841' title='bbox 2317 4725 2392 4767; x_wconf 88' lang='lat' dir='ltr'><strong>ex</strong></span> <span class='ocrx_word' id='word_1_842' title='bbox 2428 4712 2674 4782; x_wconf 72' lang='lat' dir='ltr'><strong>Egypto</strong></span> <span class='ocrx_word' id='word_1_843' title='bbox 2704 4719 2758 4767; x_wconf 88' lang='lat' dir='ltr'><strong>et</strong></span> <span class='ocrx_word' id='word_1_844' title='bbox 2787 4712 3082 4775; x_wconf 88' lang='lat' dir='ltr'><strong>Chanaan,</strong></span> <span class='ocrx_word' id='word_1_845' title='bbox 3118 4713 3174 4766; x_wconf 91' lang='lat' dir='ltr'><strong>in</strong></span> <span class='ocrx_word' id='word_1_846' title='bbox 3206 4711 3513 4781; x_wconf 88' lang='lat' dir='ltr'><strong>prudentia</strong></span> <span class='ocrx_word' id='word_1_847' title='bbox 3546 4712 3748 4767; x_wconf 88' lang='lat' dir='ltr'><strong>videli-</strong></span> 
     </span>
    </p>
   </div>
   <div class='ocr_carea' id='block_1_111' title="bbox 2059 4799 3747 4869">
    <p class='ocr_par' dir='ltr' id='par_1_111' title="bbox 2059 4799 3747 4869">
     <span class='ocr_line' id='line_1_111' title="bbox 2059 4799 3747 4869; baseline 0 -13"><span class='ocrx_word' id='word_1_848' title='bbox 2059 4806 2166 4866; x_wconf 89' lang='lat' dir='ltr'><strong>cet,</strong></span> <span class='ocrx_word' id='word_1_849' title='bbox 2198 4806 2253 4854; x_wconf 92' lang='lat' dir='ltr'><strong>et</strong></span> <span class='ocrx_word' id='word_1_850' title='bbox 2297 4799 2581 4868; x_wconf 92' lang='lat' dir='ltr'><strong>pudendis</strong></span> <span class='ocrx_word' id='word_1_851' title='bbox 2622 4814 2753 4869; x_wconf 89' lang='lat' dir='ltr'><strong>qua</strong></span> <span class='ocrx_word' id='word_1_852' title='bbox 2797 4799 3089 4869; x_wconf 87' lang='lat' dir='ltr'><strong>quondam</strong></span> <span class='ocrx_word' id='word_1_853' title='bbox 3120 4799 3487 4855; x_wconf 88' lang='lat' dir='ltr'><strong>exercuimus</strong></span> <span class='ocrx_word' id='word_1_854' title='bbox 3525 4800 3747 4856; x_wconf 92' lang='lat' dir='ltr'><strong>actibus</strong></span> 
     </span>
    </p>
   </div>
   <div class='ocr_carea' id='block_1_112' title="bbox 2060 4886 3745 4958">
    <p class='ocr_par' dir='ltr' id='par_1_112' title="bbox 2060 4886 3745 4958">
     <span class='ocr_line' id='line_1_112' title="bbox 2060 4886 3745 4958; baseline 0 -15"><span class='ocrx_word' id='word_1_855' title='bbox 2060 4887 2367 4958; x_wconf 90' lang='lat' dir='ltr'><strong>pecuniam</strong></span> <span class='ocrx_word' id='word_1_856' title='bbox 2404 4886 2616 4943; x_wconf 89' lang='lat' dir='ltr'><strong>divina</strong></span> <span class='ocrx_word' id='word_1_857' title='bbox 2653 4887 2901 4942; x_wconf 89' lang='lat' dir='ltr'><strong>scientia</strong></span> <span class='ocrx_word' id='word_1_858' title='bbox 2954 4887 3171 4942; x_wconf 90' lang='lat' dir='ltr'><strong>fortiter</strong></span> <span class='ocrx_word' id='word_1_859' title='bbox 3208 4888 3421 4957; x_wconf 86' lang='lat' dir='ltr'><strong>exigat.</strong></span> <span class='ocrx_word' id='word_1_860' title='bbox 3457 4888 3745 4943; x_wconf 67' lang='lat' dir='ltr'><strong>jErarium</strong></span> 
     </span>
    </p>
   </div>
   <div class='ocr_carea' id='block_1_113' title="bbox 2061 4974 3746 5045">
    <p class='ocr_par' dir='ltr' id='par_1_113' title="bbox 2061 4974 3746 5045">
     <span class='ocr_line' id='line_1_113' title="bbox 2061 4974 3746 5045; baseline 0 -15"><span class='ocrx_word' id='word_1_861' title='bbox 2061 4976 2302 5030; x_wconf 92' lang='lat' dir='ltr'><strong>invitam</strong></span> <span class='ocrx_word' id='word_1_862' title='bbox 2329 4981 2384 5029; x_wconf 87' lang='lat' dir='ltr'><strong>et</strong></span> <span class='ocrx_word' id='word_1_863' title='bbox 2414 4974 2835 5044; x_wconf 89' lang='lat' dir='ltr'><strong>quodammodo</strong></span> <span class='ocrx_word' id='word_1_864' title='bbox 2881 4974 3294 5031; x_wconf 87' lang='lat' dir='ltr'><strong>indeﬁcientem</strong></span> <span class='ocrx_word' id='word_1_865' title='bbox 3342 4975 3491 5030; x_wconf 89' lang='lat' dir='ltr'><strong>sacri</strong></span> <span class='ocrx_word' id='word_1_866' title='bbox 3536 4974 3746 5045; x_wconf 91' lang='lat' dir='ltr'><strong>eloquii</strong></span> 
     </span>
    </p>
   </div>
   <div class='ocr_carea' id='block_1_114' title="bbox 2062 5061 3749 5132">
    <p class='ocr_par' dir='ltr' id='par_1_114' title="bbox 2062 5061 3749 5132">
     <span class='ocr_line' id='line_1_114' title="bbox 2062 5061 3749 5132; baseline 0.002 -16"><span class='ocrx_word' id='word_1_867' title='bbox 2062 5061 2395 5118; x_wconf 88' lang='lat' dir='ltr'><strong>memoriam</strong></span> <span class='ocrx_word' id='word_1_868' title='bbox 2443 5062 2791 5132; x_wconf 90' lang='lat' dir='ltr'><strong>accipimus:</strong></span> <span class='ocrx_word' id='word_1_869' title='bbox 2836 5062 2936 5118; x_wconf 62' lang='lat' dir='ltr'><strong>zEs</strong></span> <span class='ocrx_word' id='word_1_870' title='bbox 2962 5064 3135 5130; x_wconf 90' lang='lat' dir='ltr'><strong>enim,</strong></span> <span class='ocrx_word' id='word_1_871' title='bbox 3184 5069 3240 5118; x_wconf 90' lang='lat' dir='ltr'><strong>et</strong></span> <span class='ocrx_word' id='word_1_872' title='bbox 3267 5062 3548 5129; x_wconf 88' lang='lat' dir='ltr'><strong>durabile,</strong></span> <span class='ocrx_word' id='word_1_873' title='bbox 3580 5071 3635 5119; x_wconf 91' lang='lat' dir='ltr'><strong>et</strong></span> <span class='ocrx_word' id='word_1_874' title='bbox 3667 5077 3749 5119; x_wconf 88' lang='lat' dir='ltr'><strong>so-</strong></span> 
     </span>
    </p>
   </div>
   <div class='ocr_carea' id='block_1_115' title="bbox 2062 5150 3746 5221">
    <p class='ocr_par' dir='ltr' id='par_1_115' title="bbox 2062 5150 3746 5221">
     <span class='ocr_line' id='line_1_115' title="bbox 2062 5150 3746 5221; baseline 0.001 -16"><span class='ocrx_word' id='word_1_875' title='bbox 2062 5164 2271 5206; x_wconf 90' lang='lat' dir='ltr'><strong>norum</strong></span> <span class='ocrx_word' id='word_1_876' title='bbox 2318 5150 2611 5206; x_wconf 90' lang='lat' dir='ltr'><strong>metallum</strong></span> <span class='ocrx_word' id='word_1_877' title='bbox 2657 5158 2761 5206; x_wconf 89' lang='lat' dir='ltr'><strong>est.</strong></span> <span class='ocrx_word' id='word_1_878' title='bbox 2811 5151 2877 5205; x_wconf 91' lang='lat' dir='ltr'><strong>In</strong></span> <span class='ocrx_word' id='word_1_879' title='bbox 2934 5151 3040 5206; x_wconf 91' lang='lat' dir='ltr'><strong>hoc</strong></span> <span class='ocrx_word' id='word_1_880' title='bbox 3086 5150 3357 5206; x_wconf 88' lang='lat' dir='ltr'><strong>ararium</strong></span> <span class='ocrx_word' id='word_1_881' title='bbox 3412 5150 3582 5221; x_wconf 89' lang='lat' dir='ltr'><strong>regis,</strong></span> <span class='ocrx_word' id='word_1_882' title='bbox 3632 5165 3746 5207; x_wconf 92' lang='lat' dir='ltr'><strong>non</strong></span> 
     </span>
    </p>
   </div>
   <div class='ocr_carea' id='block_1_116' title="bbox 2062 5237 3745 5308">
    <p class='ocr_par' dir='ltr' id='par_1_116' title="bbox 2062 5237 3745 5308">
     <span class='ocr_line' id='line_1_116' title="bbox 2062 5237 3745 5308; baseline 0 -14"><span class='ocrx_word' id='word_1_883' title='bbox 2062 5238 2216 5308; x_wconf 86' lang='lat' dir='ltr'><strong>quod</strong></span> <span class='ocrx_word' id='word_1_884' title='bbox 2252 5252 2356 5293; x_wconf 90' lang='lat' dir='ltr'><strong>rex</strong></span> <span class='ocrx_word' id='word_1_885' title='bbox 2385 5238 2689 5307; x_wconf 90' lang='lat' dir='ltr'><strong>possideat,</strong></span> <span class='ocrx_word' id='word_1_886' title='bbox 2721 5237 2816 5293; x_wconf 89' lang='lat' dir='ltr'><strong>sed</strong></span> <span class='ocrx_word' id='word_1_887' title='bbox 2843 5237 2999 5307; x_wconf 89' lang='lat' dir='ltr'><strong>quod</strong></span> <span class='ocrx_word' id='word_1_888' title='bbox 3032 5238 3085 5292; x_wconf 90' lang='lat' dir='ltr'><strong>in</strong></span> <span class='ocrx_word' id='word_1_889' title='bbox 3120 5251 3289 5293; x_wconf 90' lang='lat' dir='ltr'><strong>aures</strong></span> <span class='ocrx_word' id='word_1_890' title='bbox 3322 5238 3471 5304; x_wconf 85' lang='lat' dir='ltr'><strong>regis</strong></span> <span class='ocrx_word' id='word_1_891' title='bbox 3498 5237 3745 5294; x_wconf 89' lang='lat' dir='ltr'><strong>ﬁliorum</strong></span> 
     </span>
    </p>
   </div>
   <div class='ocr_carea' id='block_1_117' title="bbox 2060 5325 3745 5396">
    <p class='ocr_par' dir='ltr' id='par_1_117' title="bbox 2060 5325 3745 5396">
     <span class='ocr_line' id='line_1_117' title="bbox 2060 5325 3745 5396; baseline -0.001 -15"><span class='ocrx_word' id='word_1_892' title='bbox 2060 5325 2345 5396; x_wconf 89' lang='lat' dir='ltr'><strong>superbia</strong></span> <span class='ocrx_word' id='word_1_893' title='bbox 2395 5326 2700 5396; x_wconf 89' lang='lat' dir='ltr'><strong>perspicua</strong></span> <span class='ocrx_word' id='word_1_894' title='bbox 2749 5325 3057 5380; x_wconf 88' lang='lat' dir='ltr'><strong>sonoritate</strong></span> <span class='ocrx_word' id='word_1_895' title='bbox 3103 5325 3393 5392; x_wconf 89' lang='lat' dir='ltr'><strong>relinniat,</strong></span> <span class='ocrx_word' id='word_1_896' title='bbox 3444 5325 3745 5395; x_wconf 88' lang='lat' dir='ltr'><strong>pecuniam</strong></span> 
     </span>
    </p>
   </div>
  </div>
