3904 6066
111 215 217 271 313

1317 218 1679 277 MORALIUM
1722 222 1790 276 IN
1828 221 2128 278 GENESIN
2167 224 2296 279 LIB.
2337 224 2400 279 Χ.

3512 229 3616 283 314

121 352 286 409 infert
318 353 795 420 intellectualitas,
843 353 983 423 quia
1015 353 1300 424 quidquid
1349 354 1597 410 scientiae
1637 356 1811 410 attin-
1848 360 1894 413 Α
1924 356 2144 425 bantur,
2202 362 2250 411 et
2306 358 2508 412 idcirco
2558 374 2664 413 non
2719 364 2847 413 sunt
2896 363 3162 431 compulsi
3215 363 3441 417 vendere
3488 378 3618 432 pos-

117 442 217 511 git,
249 456 368 497 non
400 442 473 497 ad
506 442 735 497 inanem
767 442 1154 512 eloquentiam
1186 450 1393 509 servat,
1441 443 1537 498 sed
1581 451 1643 499 ut
1686 457 1814 499 eam

115 529 490 585 suasionibus
520 530 834 585 Pharaonis
868 531 1196 585 memoriter
1222 530 1470 600 objiciat.

188 617 364 673 VEBS.
420 621 504 686 15,
560 622 644 673 16.
696 649 764 659 -
820 620 1056 688 Cumque
1112 619 1431 685 defecissent
1487 620 1815 689 emptoribus

117 708 321 774 pretia,
367 710 513 762 venit
558 713 751 761 cuncta
789 708 1073 775 Egyptus
1116 709 1190 761 ad
1227 709 1441 776 Joseph,
1473 708 1653 762 dicens
1686 723 1698 762 :
1733 712 1816 762 Da

118 793 273 847 nobis
313 809 504 862 panes.
551 797 727 861 Quare
764 799 1026 848 morimur
1066 811 1244 849 coram
1286 802 1352 857 te,
1404 795 1679 864 deﬁciente
1718 812 1813 865 pe-

117 882 325 934 cunia?
363 882 654 941 Adducite.
694 882 904 951 inquit,
939 898 1134 951 pecora
1171 888 1370 942 vestra.
1405 887 1453 937 et
1491 882 1629 936 dabo
1667 884 1817 938 vobis

116 985 218 1037 pro
266 973 348 1023 eis
399 971 561 1032 cibos,
619 973 670 1024 si
725 973 962 1040 pretium
1019 986 1127 1024 non
1183 972 1410 1025 habetis.
1468 972 1816 1039 Emptoribus

113 1058 303 1125 pretia
359 1057 655 1125 deﬁciunt,
714 1072 842 1113 cum
899 1066 1000 1113 aut
1058 1059 1346 1113 memoriae
1401 1060 1657 1125 scientia,
1717 1067 1819 1115 aut

117 1144 373 1201 scientia:
424 1146 697 1201 memoria
749 1146 972 1201 desunt.
1032 1146 1245 1199 Cuncta
1302 1153 1493 1201 tamen
1552 1150 1819 1215 zEgyptus

116 1233 260 1303 petit
290 1246 485 1303 panes,
531 1234 670 1303 quia
700 1233 1015 1289 caelestium
1050 1233 1369 1304 gratiarum
1412 1249 1646 1301 munus,
1682 1235 1818 1304 ipsae

115 1320 438 1376 mundialis
483 1321 727 1376 miseriae
771 1320 1020 1376 clamare
1051 1327 1110 1376 se
1145 1321 1400 1377 innuunt
1435 1323 1814 1379 necessitates.

116 1413 199 1464 Ac
236 1408 285 1462 si
328 1408 480 1464 dicat
524 1422 536 1461 :
579 1409 770 1464 Perire
804 1415 853 1463 te
886 1409 1060 1476 vides,
1111 1423 1215 1464 cur
1268 1410 1433 1464 morti
1480 1418 1535 1465 et
1584 1410 1818 1466 inscitiae

118 1504 256 1561 tum,
289 1510 323 1552 o
354 1496 781 1567 qualiscunque
811 1496 1204 1566 intelligentia,
1247 1512 1362 1552 non
1408 1498 1659 1553 indoles?
1702 1499 1819 1554 He—

120 1584 477 1652 betudinem,
511 1585 609 1651 ait,
643 1592 895 1640 vestram
943 1584 1085 1639 mihi
1128 1585 1410 1655 subjicite,
1453 1593 1510 1641 et
1548 1586 1702 1642 cibos
1731 1587 1816 1642 di-

1921 448 2175 498 sessiones
2223 460 2370 498 suas.
2425 449 2651 500 Terram
2700 447 2941 515 Egypti
2987 451 3181 518 Joseph
3233 458 3410 504 totam
3468 453 3615 516 emit,

1922 532 2060 587 dum
2094 547 2191 601 per
2222 532 2609 602 intelligentiae
2648 534 2965 590 claritatem
3012 537 3278 591 tenebras
3317 538 3619 594 saeculares
3692 600 3698 608 θ

1924 620 2245 675 intellectus
2300 621 2409 675 sibi
2458 621 2712 691 subjicit.
2775 622 2995 693 Singuli
3055 624 3432 692 possessiones
3484 640 3620 682 suas

1922 708 2202 774 vendunt,
2232 709 2371 764 dum
2404 709 2665 778 quinque
2694 709 2872 764 animi
2904 719 3110 777 motus,
3136 712 3193 766 in
3220 721 3505 782 quantum
3527 713 3619 769 sui

1924 796 2071 851 male
2102 797 2484 865 potiebantur,
2519 811 2768 867 superno
2800 799 3005 866 amori,
3036 800 3191 869 quod
3224 814 3334 853 non
3359 809 3441 855 est
3462 800 3619 855 aliud

1924 898 2101 952 quam
2131 884 2470 952 intellectus,
2502 899 2623 940 sese
2654 886 3016 940 inserviendo
3047 887 3411 941 contrarium.
3448 886 3619 943 Com—

1927 972 2085 1041 pellit
2113 972 2263 1027 enim
2296 974 2492 1036 fames,
2525 980 2579 1027 et
2610 972 2836 1027 malunt
2881 974 3103 1029 interim
3153 990 3289 1029 suas
3337 975 3615 1030 intermit-

1927 1068 2042 1115 tere
2083 1060 2426 1126 voluntates,
2471 1075 2648 1129 quam
2693 1068 2965 1130 perpetuo
3014 1064 3267 1131 corporis
3310 1072 3363 1117 et
3416 1063 3619 1118 mentis

1926 1148 2164 1203 miseras
2222 1149 2435 1217 perpeti
2499 1156 2859 1216 paupertates
2940 1150 3254 1219 Utriusque
3308 1151 3461 1205 enim
3521 1164 3615 1205 ex-

1926 1236 2194 1302 actiones,
2224 1234 2347 1305 ipsa
2373 1243 2455 1290 est
2490 1236 2679 1290 inedia
2707 1243 2761 1290 et
2791 1236 2987 1303 fames,
3010 1240 3285 1291 Pharaoni
3302 1239 3619 1307 IEgyptum

1927 1327 1976 1375 et
2005 1329 2219 1376 cunctos
2246 1324 2473 1391 pepulos
2504 1322 2619 1390 ejus
2653 1323 2906 1391 subjicit,
2941 1324 3079 1378 dum
3115 1340 3185 1378 ex
3222 1324 3620 1378 mundialitate

1926 1425 2049 1477 sua,
2083 1419 2136 1465 et
2161 1410 2429 1464 omnibus
2458 1411 2584 1480 ejus
2614 1411 2787 1473 vitiis,
2830 1412 2979 1465 hanc
3008 1411 3158 1466 enim
3194 1412 3447 1477 domum,
3482 1412 3619 1465 hos-

1926 1513 2040 1567 que
2073 1498 2311 1567 populos
2343 1498 2460 1552 lilia
2490 1498 2641 1568 regis
2686 1498 2944 1553 oblivisci
2984 1500 3226 1567 jubetur
3266 1500 3431 1564 (Psal.
3465 1513 3617 1566 XLIV,

1931 1585 2037 1654 ll),
2071 1600 2129 1640 se
2156 1585 2451 1639 subditum
2489 1585 2736 1651 diabolo,
2773 1586 2831 1639 in
2864 1593 3151 1654 quantum
3180 1599 3247 1639 ea
3277 1585 3383 1640 sibi
3412 1598 3623 1654 praeva-

116 1672 273 1728 vinee
310 1672 717 1728 consolationis
745 1672 1003 1741 accipite,
1045 1687 1119 1727 ex
1167 1673 1272 1728 hoc
1305 1674 1466 1729 vobis
1496 1674 1818 1730 ascribetur
1857 1648 1897 1702 Β
1927 1673 2063 1738 lent,
2096 1672 2326 1727 animus
2367 1672 2739 1741 recognoscit,
2772 1673 3090 1727 secundum
3124 1674 3278 1742 quod
3312 1672 3417 1727 sibi
3452 1672 3623 1728 intel-

119 1775 224 1831 pro
252 1760 433 1830 pretio
466 1760 736 1816 scientiae.
772 1761 967 1829 (Vens.
1000 1761 1107 1829 l7.)
1132 1761 1258 1826 Quae
1286 1777 1405 1815 cum
1433 1762 1815 1827 adduxissent,

120 1849 274 1903 dedit
327 1850 404 1902 eis
460 1850 720 1915 alimenta
771 1865 875 1917 pro
932 1851 1103 1918 equis,
1162 1853 1212 1903 et
1270 1849 1454 1915 bobus,
1508 1854 1557 1903 et
1610 1852 1814 1913 asinis;

118 1938 556 2004 sustentavitque
604 1938 727 1991 illos
781 1953 837 1990 eo
880 1951 1020 1990 anno
1068 1951 1171 2005 pro
1219 1939 1628 1991 commutatione
1674 1952 1821 2004 peco-

119 2041 264 2079 rum.
313 2025 523 2094 .Equos
581 2025 1009 2093 superbiarum,
1057 2032 1111 2079 et
1159 2024 1437 2079 fatuitatis
1483 2037 1550 2079 ac
1600 2024 1819 2079 inertiae

122 2112 320 2178 boves,
356 2125 461 2166 nec
503 2125 618 2166 non
649 2118 704 2166 et
741 2111 932 2166 asinos
977 2111 1284 2167 libidinum
1324 2111 1639 2167 intellectui
1676 2111 1821 2166 sub-

120 2200 336 2266 dimus,
372 2207 426 2254 et
458 2199 820 2265 humilitatis,
868 2200 1159 2269 sapientiae
1203 2213 1271 2254 ac
1318 2199 1665 2271 sagacitatis,
1717 2213 1822 2254 nec

120 2302 238 2343 non
268 2295 323 2342 et
351 2286 704 2343 castimoniae
733 2287 933 2343 diebus
966 2287 1294 2356 perlucidis,
1329 2287 1563 2357 plenum
1598 2301 1819 2342 annum

121 2376 473 2447 integritatis
512 2375 847 2444 accipimus.
899 2376 1008 2440 Qui
1053 2391 1160 2428 non
1207 2376 1437 2441 habetis,
1482 2374 1693 2445 inquit,
1726 2391 1816 2429 ar-

122 2470 374 2533 gentum,
431 2469 748 2532 properate,
803 2463 915 2519 ﬁde
970 2471 1025 2518 et
1082 2462 1190 2532 piis
1243 2463 1468 2519 actibus
1522 2467 1706 2530 emite,
1766 2471 1821 2519 et

121 2552 385 2607 comedite
414 2552 575 2617 (Isai.
607 2566 698 2617 LV,
736 2550 803 2620 1).

196 2641 369 2697 Vnus.
416 2641 499 2706 l8,
545 2643 628 2694 19.
671 2669 741 2679 -
802 2640 1071 2693 Venerunt
1130 2654 1342 2708 quoque
1393 2654 1534 2692 anno
1589 2639 1820 2693 secundo

122 2734 176 2784 et
204 2729 467 2782 dixerunt
513 2744 525 2781 :
574 2729 690 2783 Non
732 2728 964 2781 celamus
1003 2727 1219 2780 domino
1261 2732 1462 2788 nostro,
1506 2727 1652 2795 quod
1691 2727 1823 2797 deﬁ-

123 2818 294 2869 ciente
338 2818 592 2885 pecunia,
639 2819 690 2867 et
730 2830 924 2883 pecora
972 2815 1136 2867 simul
1179 2814 1495 2882 defecerint,
1541 2831 1635 2869 nec
1683 2816 1821 2868 ctam

1926 1762 2107 1816 lectus
2148 1760 2363 1815 indicit.
2404 1761 2473 1814 Et
2514 1761 2621 1815 hoc
2668 1777 2702 1814 a
2748 1763 3057 1814 novissimis
3104 1763 3346 1815 terminis
3380 1763 3623 1829 Egypti,

1926 1865 2094 1917 usque
2123 1849 2197 1902 ad
2225 1854 2487 1903 extremos
2518 1852 2648 1917 ﬁnes
2678 1849 2817 1917 ejus,
2868 1850 2919 1902 id
2969 1856 3052 1904 est
3083 1850 3154 1903 ab
3195 1848 3453 1903 ulteriori
3488 1861 3623 1917 pro-

1927 1944 2126 2007 spectu
2181 1937 2566 1992 intentionum
2625 1952 2809 2006 usque
2869 1937 2939 1991 ad
3002 1936 3396 2007 quarumlibet
3446 1942 3623 1991 metas

1927 2027 2358 2094 operationum;
2413 2032 2661 2094 utraque
2711 2029 2863 2080 enim
2914 2025 2960 2080 si
3009 2026 3271 2080 attendas
3320 2024 3624 2079 linalitates

1928 2120 2083 2167 sunt.
2132 2112 2320 2181 (Vnus.
2371 2113 2486 2181 22).
2519 2112 2694 2166 Terra
2723 2112 3106 2175 sacerdotum,
3143 2127 3259 2180 quae
3294 2113 3368 2165 eis
3415 2110 3624 2165 tradita

1927 2218 1961 2254 a
2004 2215 2126 2267 rege
2171 2201 2377 2265 fuerat,
2418 2200 2724 2268 excipitur,
2775 2200 2915 2269 quia
2964 2200 3264 2255 soliditatis
3309 2199 3619 2264 rationum,

1928 2302 2178 2358 quarum
2210 2301 2439 2342 sacrum
2478 2287 2886 2356 prosequimur
2918 2288 2974 2341 in
3008 2288 3150 2341 bene
3185 2287 3407 2356 agendo
3439 2285 3621 2340 duca-

1928 2383 2072 2441 tum,
2106 2382 2160 2430 et
2197 2390 2328 2445 quae
2358 2389 2391 2430 a
2416 2375 2548 2444 jure
2579 2374 2863 2430 diabolico
2893 2375 3103 2440 ablata,
3137 2374 3218 2429 eis
3251 2374 3508 2443 delegata
3540 2379 3624 2427 est

1931 2463 2289 2535 possidenda,
2332 2463 2405 2517 ab
2438 2463 2544 2518 hoc
2581 2462 2834 2517 dominio
2876 2462 3235 2527 excluditur;
3281 2461 3405 2529 ipsa
3450 2473 3623 2514 nam-

1930 2567 2044 2624 que
2092 2552 2262 2606 etiam
2306 2550 2453 2606 inter
2497 2557 2763 2606 motuum
2807 2550 3121 2605 certamina
3169 2549 3417 2603 libertati
3465 2547 3623 2601 inni-

1930 2640 2088 2695 titur.
2136 2641 2351 2695 Horrea
2392 2640 2640 2709 publica,
2681 2655 2711 2695 e
2756 2639 2974 2708 quibus
3014 2638 3103 2693 his
3142 2637 3358 2692 cibaria
3387 2636 3619 2701 dantur,

1930 2728 2359 2798 Scripturarum
2391 2727 2721 2783 communia
2741 2727 3013 2782 omnibus
3034 2725 3270 2781 consilia
3291 2733 3445 2791 sunt,
3470 2723 3624 2779 unde

1932 2813 2201 2869 interiora
2233 2815 2321 2869 his
2352 2815 2566 2885 pabula
2598 2815 3003 2870 ministrantur
3044 2829 3056 2867 :
3110 2814 3268 2869 Unde
3316 2812 3623 2882 possessio-

124 2910 176 2957 te
220 2909 320 2963 est,
373 2904 516 2972 quod
564 2903 765 2972 absque
814 2896 1126 2970 corporibus
1174 2907 1225 2955 et
1276 2908 1423 2955 terra
1468 2903 1609 2955 nihil
1652 2903 1821 2955 habe-
1860 2922 1901 2977 ρ
1932 2916 2033 2957 nes
2061 2903 2308 2958 vendere
2334 2918 2448 2958 non
2481 2903 2926 2971 compelluntur,
2959 2902 3101 2972 quia
3132 2902 3185 2956 id
3215 2910 3439 2957 tantum
3467 2899 3619 2966 boni,

122 3006 267 3045 mus.
295 2992 404 3046 Cur
427 3006 551 3057 ergo
574 2993 835 3044 morimur
858 2995 908 3043 te
926 2990 1185 3043 vidente?
1202 2995 1252 3043 et
1276 3006 1371 3044 nos
1397 2996 1446 3043 et
1469 2995 1615 3044 terra
1634 2995 1823 3044 nostra

128 3082 212 3133 tui
240 3080 460 3132 erimus.
494 3079 657 3134 Prior
698 3092 907 3141 annus,
959 3092 1075 3148 quo
1122 3093 1326 3147 pecora
1366 3078 1597 3144 dantur,
1636 3079 1823 3147 prima

126 3165 521 3221 conversionis
565 3165 846 3221 institutio
877 3173 980 3233 est,
1015 3166 1249 3235 quando
1293 3166 1487 3221 minus
1518 3166 1821 3236 naturalis,

127 3261 183 3309 et
214 3253 640 3323 quodammodo
688 3252 940 3308 bestialis
979 3255 1101 3308 vita
1139 3252 1468 3308 damnatur.
1503 3253 1819 3319 Secundus,

129 3343 237 3411 piae
268 3342 583 3398 voluntatis
631 3343 908 3410 promotio
951 3349 1053 3407 est,
1104 3341 1201 3397 ubi
1252 3342 1435 3397 divini
1470 3342 1684 3412 eloquii
1726 3359 1822 3414 pe-

128 3431 304 3485 cunia
344 3430 757 3500 indigentibus,
787 3437 841 3484 et
876 3437 1066 3485 tamen
1105 3430 1363 3485 studium
1397 3432 1629 3499 pecuale
1660 3446 1820 3501 sper-

129 3517 424 3584 nentibus,
456 3518 576 3586 ipsa
604 3518 727 3587 jam
775 3518 1027 3587 corporis
1070 3517 1308 3572 materia
1348 3518 1519 3572 etiam
1564 3534 1823 3575 necessa-

130 3606 230 3661 riis
258 3605 379 3660 suis
412 3605 679 3674 adempta
717 3605 1117 3661 voluntatibus
1146 3604 1459 3661 intellectui
1495 3607 1820 3677 subjicitur,

128 3701 183 3750 et
215 3693 518 3750 terrenitas
549 3707 800 3763 quaeque
831 3692 1198 3749 atiectionum
1240 3692 1367 3761 ejus
1407 3692 1647 3747 arbitrio
1680 3690 1827 3746 rele-

131 3791 324 3852 gatur.
359 3781 525 3849 Cum,
558 3781 849 3852 'inquiunt
879 3781 1013 3836 victi
1050 3780 1172 3850 jam
1211 3780 1583 3835 animalitatis
1615 3787 1824 3844 motus,

134 3870 277 3939 quid
310 3869 458 3925 facto
503 3884 648 3940 opus
689 3870 761 3925 sit
798 3868 1133 3938 praevideas,
1166 3881 1273 3923 cur
1316 3868 1500 3937 perire
1531 3867 1827 3936 obtempe-

134 3965 331 4013 rantes
360 3958 536 4013 sinas.
568 3957 649 4013 Ne
691 3971 827 4028 ergo
858 3956 1115 4011 viventes
1158 3956 1215 4010 in
1256 3956 1545 4011 infernum
1588 3955 1827 4010 descen—

135 4048 270 4101 dere
300 4046 466 4111 feras,
501 4045 706 4099 affectu
735 4052 789 4100 et
817 4043 1122 4100 efﬁcientia
1166 4044 1418 4113 corporis
1458 4043 1540 4098 tui
1587 4043 1825 4098 erimus.

138 4137 265 4188 Eme
304 4148 400 4186 nos
449 4135 508 4185 in
552 4136 860 4187 servitutem
904 4134 1131 4199 regiam,
1181 4136 1231 4186 et
1275 4132 1456 4201 praebe
1501 4132 1727 4197 semina,
1764 4145 1830 4182 ne

1930 2991 2084 3059 quod
2128 2991 2186 3046 in
2236 2991 2593 3046 discretionis
2641 2991 2857 3046 virtute
2900 2990 3206 3060 possident,
3248 3002 3623 3058 nequaquam

1929 3076 2153 3133 diabolo
2185 3079 2449 3148 subigere
2478 3079 2690 3148 peccati
2719 3079 3062 3134 admissione
3090 3086 3398 3149 coguntur.

2001 3166 2171 3222 VEns.
2214 3169 2300 3232 23,
2343 3167 2430 3220 24.
2473 3197 2541 3205 —
2592 3168 2755 3221 Dixit
2803 3182 2927 3234 ergo
2974 3169 3168 3235 Joseph
3213 3166 3287 3219 ad
3330 3166 3554 3235 populos
3605 3177 3619 3217 :

1929 3256 2032 3319 En,
2065 3259 2126 3307 ut
2163 3257 2401 3316 cernitis,
2450 3259 2500 3308 et
2541 3270 2633 3308 vos
2671 3261 2720 3308 et
2760 3262 2959 3309 terram
2994 3259 3228 3308 vestram
3260 3255 3471 3307 Pharao
3498 3267 3621 3321 pos-

1929 3342 2089 3407 sidet,
2123 3344 2353 3410 accipite
2388 3344 2615 3406 semina,
2664 3347 2713 3395 et
2759 3345 2918 3395 serite
2962 3356 3140 3408 agros,
3192 3345 3252 3394 ut
3294 3344 3482 3407 fruges
3525 3339 3623 3392 ha-

1932 3431 2051 3484 bere
2088 3432 2331 3498 possitis.
2382 3431 2640 3494 Quintam
2681 3437 2891 3499 partem
2934 3432 3050 3496 regi
3087 3430 3291 3482 dabitis
3334 3442 3346 3481 :
3391 3432 3626 3497 quatuor

1928 3519 2170 3586 reliquas
2200 3520 2455 3586 permitto
2492 3518 2642 3572 vobis
2678 3536 2735 3571 in
2766 3524 3069 3584 sementem,
3106 3523 3155 3570 et
3186 3520 3244 3569 in
3281 3517 3424 3570 cibos
3456 3517 3622 3582 fami-

1931 3608 2020 3661 liis
2060 3612 2110 3660 et
2155 3607 2337 3660 liberis
2384 3608 2598 3659 vestris.
2656 3607 2741 3659 Ad
2804 3609 3040 3674 populos
3096 3605 3297 3671 Joseph
3346 3604 3621 3673 loquitur,

1932 3709 2064 3749 cum
2112 3693 2431 3749 intellectus
2475 3694 2652 3748 animi
2704 3694 2905 3748 turbas
2957 3693 3103 3748 datis
3157 3692 3381 3760 legibus
3427 3691 3626 3746 sedare

1932 3791 2195 3838 conatur.
2253 3782 2416 3846 Ecce,
2473 3781 2684 3851 inquit,
2734 3789 2788 3835 et
2836 3795 2957 3845 vos,
3013 3782 3067 3834 in
3119 3786 3405 3848 quantum
3451 3777 3626 3832 vestri

1933 3869 2086 3937 estis,
2119 3876 2173 3924 et
2206 3868 2563 3924 terrenitates
2596 3868 2810 3938 quibus
2840 3867 3154 3933 afﬁcimini,
3188 3865 3451 3921 diabolus
3486 3864 3629 3920 obti-

1935 3966 2049 4013 net.
2084 3956 2166 4011 Ne
2198 3971 2336 4027 ergo
2379 3957 2599 4012 diutius
2637 3957 2796 4012 vobis
2829 3964 3047 4025 regnet,
3094 3954 3258 4009 verbi
3308 3954 3488 4009 divini
3538 3968 3626 4009 se-

1938 4047 2092 4099 mina
2120 4044 2324 4113 capite,
2373 4058 2512 4115 agro
2545 4044 2752 4099 mentis
2784 4043 3031 4113 inspergi
3065 4043 3251 4105 sinite,
3293 4050 3356 4098 ut
3388 4056 3628 4111 operum

1938 4132 2136 4203 fruges
2168 4133 2445 4187 bonorum
2489 4132 2715 4201 possitis
2747 4132 2976 4186 habere.
3027 4131 3318 4200 Quidquid
3350 4130 3417 4184 ad
3451 4130 3629 4199 quin-

133 4226 391 4291 pereunte
430 4222 630 4274 cultore
671 4222 958 4287 redigatur
1004 4225 1151 4273 terra
1191 4222 1250 4273 in
1295 4219 1657 4274 solitudinem.
1706 4220 1826 4273 Im-
1867 4202 1908 4255 Ι)
1943 4202 2054 4275 tam
2083 4219 2435 4275 exteriorum
2464 4234 2738 4274 sensuum
2774 4229 3009 4288 partem,
3034 4233 3134 4287 per
3159 4234 3304 4289 quos
3330 4218 3633 4273 saecularia

135 4309 317 4378 pende
365 4308 529 4364 nobis
576 4310 822 4379 pretium
875 4309 1084 4365 interni
1125 4309 1471 4377 documenti,
1519 4317 1583 4365 ut
1630 4307 1830 4378 exigas

133 4411 168 4451 a
195 4395 362 4451 nobis
391 4396 799 4452 confessionem
822 4397 968 4466 ejus,
994 4397 1148 4465 quod
1169 4396 1396 4452 diabolo
1420 4396 1829 4466 impendimus,

130 4483 380 4548 servitii,
424 4490 473 4537 et
512 4485 693 4553 przbe
734 4488 939 4539 semina
986 4484 1149 4540 bonae
1198 4484 1530 4552 voluntatis,
1578 4500 1643 4537 ne
1691 4484 1828 4539 deﬁ-

130 4561 319 4628 ciente
365 4586 465 4642 per
495 4572 620 4642 ejus
651 4573 983 4629 inanitatem
1016 4573 1233 4628 cultore
1274 4573 1504 4643 spiritu,
1546 4573 1832 4640 redigatur

133 4658 325 4714 cordis
384 4657 718 4714 cultibilitas
764 4666 940 4729 atque
996 4658 1278 4726 feracitas,
1334 4659 1407 4713 ad
1458 4659 1562 4714 hoc
1608 4667 1671 4713 ut
1718 4659 1829 4713 Deo

134 4746 523 4802 inhabitatore
584 4754 811 4814 careat,
874 4754 929 4803 et
993 4746 1247 4803 fructum
1309 4745 1653 4816 operationis
1715 4761 1829 4802 non

133 4834 367 4889 habeat.

205 4922 383 4980 Vens.
424 4925 515 4989 20,
555 4926 644 4976 2i.
687 4954 746 4962 —
792 4926 940 4979 Emit
975 4939 1099 4992 ergo
1142 4923 1335 4992 Ioseph
1382 4938 1586 4978 omnem
1629 4929 1831 4978 terram

134 5011 404 5078 Egypti.
458 5011 811 5066 vendentibus
860 5013 1092 5080 singulis
1143 5013 1500 5080 possessiones
1544 5027 1671 5065 suas
1716 5027 1832 5079 prae

133 5097 493 5153 multitudine
544 5101 733 5164 famis.
796 5100 1177 5168 Subjecitque,
1234 5114 1351 5153 eam
1415 5101 1728 5165 Pharaoni,
1782 5104 1833 5153 et

134 5192 351 5240 cunctos
398 5187 627 5254 populos
668 5187 784 5254 ejus
832 5202 867 5240 a
912 5189 1218 5241 novissimis
1273 5189 1515 5240 terminis
1566 5188 1828 5256 Egypti,

136 5290 306 5343 usque
355 5274 431 5326 ad
474 5280 737 5327 extremos
785 5276 915 5342 ﬁnes
966 5275 1102 5343 ejus,
1155 5280 1353 5343 praeter
1406 5280 1607 5329 terram
1659 5291 1833 5330 sacer-

133 5363 342 5421 dotum.
398 5376 519 5429 qua:
577 5377 612 5414 a
663 5377 785 5428 rege
841 5362 1051 5416 tradita
1098 5364 1284 5429 fuerat
1334 5366 1411 5417 eis
1470 5379 1481 5417 :
1534 5365 1728 5431 quibus
1783 5368 1833 5417 et

134 5453 346 5504 statuta
412 5449 627 5532 cibaria
687 5464 754 5502 ea:
823 5450 1030 5504 horreis
1096 5450 1335 5520 publicis
1416 5456 1559 5507 168
1634 5452 1834 5523 praebe-

1936 4308 2446 4377 concupiscuntur,
2498 4307 2718 4371 attinet,
2765 4307 3012 4373 diabolo,
3063 4306 3159 4361 cui
3214 4321 3315 4376 per
3357 4305 3629 4374 concupi-

1937 4396 2180 4452 scentias
2236 4395 2569 4461 inservitur,
2629 4395 2986 4451 attribuitur.
3044 4397 3301 4458 Quatuor
3358 4392 3627 4463 reliquas,

1938 4484 2153 4555 quibus
2181 4484 2501 4540 secundum
2536 4492 2790 4553 quatuor
2817 4483 3117 4555 evangelia
3150 4483 3388 4546 vivitur,
3422 4481 3510 4535 vel
3537 4494 3631 4535 se-

1938 4573 2195 4629 cundum
2240 4579 2496 4642 quatuor
2525 4572 2867 4642 principales
2906 4574 3164 4635 virtutes,
3207 4572 3263 4626 in
3298 4576 3629 4636 sementem,

1938 4675 2058 4731 qua
2088 4661 2260 4717 corda
2291 4661 2627 4726 fecundetis,
2674 4663 2969 4727 assumite,
3011 4669 3065 4715 et
3100 4660 3231 4714 inde
3263 4658 3504 4713 familias
3536 4656 3632 4710 in-

1939 4758 2235 4806 ternorum
2260 4756 2539 4819 statuum,
2570 4762 2638 4804 ac
2666 4749 3075 4820 cogitationum
3102 4759 3459 4816 operumque
3485 4744 3630 4800 libe-

1940 4853 2033 4894 ros
2059 4838 2325 4894 enutrite.

2009 4928 2178 4984 γωδ.
2217 4929 2308 4980 25.
2349 4956 2418 4967 —
2456 4926 2561 4993 Qui
2610 4926 3004 4995 responderunt
3061 4940 3074 4977 :
3127 4923 3286 4978 Salus
3332 4926 3519 4975 nostra
3572 4922 3632 4973 in

1937 5030 2105 5069 manu
2153 5020 2247 5069 tua
2291 5021 2370 5069 est
2413 5031 2427 5068 :
2474 5016 2735 5083 respiciat
2775 5029 2870 5067 nos
2914 5017 3124 5067 tantum
3154 5011 3400 5064 dominus
3428 5013 3626 5075 noster,

1939 5107 1988 5155 et
2026 5104 2135 5156 laeti
2165 5104 2453 5156 serviemus
2493 5104 2628 5169 regi.
2665 5100 2956 5157 Animales
2999 5107 3208 5166 motus,
3243 5094 3630 5165 intelligentiae

1939 5198 2115 5258 captu
2147 5189 2324 5257 ducti,
2357 5188 2600 5245 salutem
2646 5203 2812 5245 suam
2866 5189 2923 5242 in
2973 5183 3476 5242 intellectualitatis
3524 5196 3630 5251 po-

1943 5286 2139 5334 testate
2185 5278 2353 5333 sitam
2402 5278 2681 5343 fatentur;
2732 5279 2915 5347 ipsam
2967 5290 3026 5331 se
3074 5274 3367 5343 respicere,
3430 5269 3485 5325 id
3544 5276 3630 5324 est

1940 5367 2013 5422 ab
2046 5367 2165 5435 ipsa
2196 5366 2302 5421 sibi
2340 5366 2593 5421 veritatis
2638 5366 2828 5420 lumen
2872 5363 3112 5418 inﬂuere
3151 5361 3433 5431 ﬂagitant,
3468 5366 3531 5414 ut
3561 5358 3629 5413 de

1942 5454 2117 5513 veteri
2154 5468 2332 5525 quam
2376 5454 2610 5524 mystice
2638 5452 2925 5510 Pharaoni
2952 5451 3345 5509 exhibuerunt
3379 5447 3630 5504 servitu—
