3904 6066
308 224 410 276 315

1224 220 1281 272 ν.
1322 218 1654 273 GUIBEBTI
1690 215 1982 272 ABBATIS
2018 217 2074 272 S.
2114 215 2349 271 MARLE
2387 212 2477 269 DE
2513 210 2904 268 NOVIGENTO

3701 216 3807 269 316

307 364 380 423 te,
429 355 543 412 laeti
585 355 654 411 de
703 369 810 411 sua
852 352 1121 409 evasione
1173 350 1541 407 confessionis
1587 350 1701 406 Deo
1754 348 2001 405 hostiam
2038 352 2083 406 A
2112 356 2328 419 quante
2364 349 2539 417 ﬁlium
2569 354 2752 413 vocat,
2786 358 2920 402 cum
2962 345 3088 402 luce
3127 346 3355 402 interna
3392 347 3465 403 ad
3501 348 3592 404 sui
3628 347 3811 418 ipsius

308 444 571 589 ταξξέηέξο
598 533 688 585 26.
729 558 798 570 -
834 532 922 584 Em
973 543 1030 582 eo
1082 532 1315 595 tempore
1363 542 1532 595 usque
1584 527 1645 579 in
1686 529 2001 595 prasentem

309 621 471 686 diem,
520 622 577 672 in
630 621 882 671 universa
932 622 1079 671 terra
1107 616 1367 683 Egypti,
1398 615 1613 680 regibus
1647 617 1841 682 quinta
1869 628 2001 682 pars

305 710 553 771 solvitur,
600 711 649 760 et
696 708 905 772 factum
947 712 1025 758 est
1073 705 1234 772 quasi
1283 706 1338 755 in
1382 704 1563 767 legem,
1608 703 1810 769 absque
1857 706 2004 754 terra

304 794 651 857 sacerdotali,
693 809 811 862 quae
854 794 1023 846 libera
1062 792 1129 845 ab
1171 793 1271 845 hac
1304 791 1605 844 conditione
1648 792 1779 855 fuit.
1816 790 1904 843 Ex
1936 804 2003 843 ea

304 882 516 937 divinae
583 881 1024 950 dispensationis
1094 879 1535 948 temperatione,
1599 891 1717 947 qua
1781 884 2003 932 constat

308 971 500 1025 adhuc
551 969 759 1025 rationi
805 969 1062 1023 resistere
1101 981 1353 1030 carnem,
1386 974 1439 1021 et
1479 973 1668 1020 tamen
1712 964 1873 1020 carni
1904 980 2003 1020 su-

305 1058 681 1128 peremincre,
717 1056 884 1126 quasi
926 1055 1214 1126 quoddam
1250 1054 1459 1123 populo
1490 1052 1869 1109 sacerdotium
1909 1066 1999 1107 ra-

306 1146 535 1210 tionem,
573 1160 757 1215 usque
798 1146 937 1199 dum
988 1145 1254 1198 veniatur
1304 1143 1358 1195 in
1410 1142 1592 1207 illum,
1639 1141 1730 1195 cui
1776 1155 1890 1196 non
1929 1139 2005 1195 ef-

305 1232 496 1287 ﬂuunt
516 1232 819 1299 prmterita,
846 1245 949 1284 nec
970 1230 1168 1285 futura
1190 1231 1395 1284 desunt
1417 1229 1626 1283 divinae
1647 1228 1999 1294 mternitatis,

307 1318 456 1372 diem
493 1331 505 1370 :
540 1316 751 1381 Quinta
800 1330 932 1385 pars
975 1316 1207 1386 regibus
1236 1314 1379 1369 solvi
1425 1314 1610 1380 debet,
1652 1314 1791 1382 quia
1831 1316 2001 1383 quid-

304 1402 446 1473 quid
486 1402 874 1458 sensualitalis
911 1404 1252 1473 evagatione
1293 1415 1612 1470 peccamus,
1647 1402 2003 1457 daemonibus

304 1491 406 1559 qui
441 1490 580 1544 huic
612 1489 728 1544 aeri
762 1489 1188 1559 principantur,
1226 1503 1325 1559 per
1354 1502 1500 1557 quos
1530 1502 1679 1557 saepe
1710 1487 1998 1556 illieimur,

303 1590 403 1646 per
445 1577 695 1632 debitam
742 1578 1089 1647 poenitentiae
1134 1577 1572 1632 redhibitionem
1622 1577 1863 1632 retribui
1902 1577 1998 1632 de-

303 1672 409 1720 cet.
466 1665 676 1721 Beatus
726 1666 879 1721 enim
937 1666 1036 1735 qui
1097 1666 1373 1721 retribuet
1426 1665 1507 1720 eis
1563 1665 1996 1720 retributionem

304 1765 491 1816 suam,
542 1765 721 1820 quam
775 1752 1165 1807 retribuerunt
1216 1752 1380 1806 nobis
1433 1751 1604 1820 (Psal.
1654 1765 1881 1817 cxxxvr,
1923 1752 1995 1820 8).

306 1838 393 1893 Fit
422 1837 591 1908 quasi
622 1838 713 1893 lex
756 1838 862 1893 hoc
907 1841 965 1892 in
1012 1841 1265 1893 universa
1297 1845 1443 1892 terra
1472 1838 1732 1907 Egypti,
1766 1840 1903 1894 dum
1940 1840 1997 1894 in

303 1927 458 1981 omni
517 1934 711 1982 nostro
770 1928 994 1997 negotio
1058 1928 1327 1983 exteriori
1386 1928 1662 1983 inhaerere
1721 1929 2000 1998 jubemur

305 2014 520 2085 regulae
552 2015 662 2068 isti.
698 2015 879 2070 Potest
912 2024 1103 2071 autem
1134 2023 1189 2071 et
1234 2030 1332 2085 per
1360 2016 1626 2085 quintam
1657 2023 1876 2085 partem
1906 2016 1999 2070 vi-

304 2116 402 2157 sus
426 2102 584 2157 solus
609 2103 789 2172 accipi
822 2105 922 2171 qui
949 2104 1266 2172 specialiter
1293 2104 1693 2173 funestiusque
1718 2104 1997 2159 damnum

305 2190 565 2261 infligere
616 2191 915 2247 consuevit
966 2192 1161 2247 menti.
1222 2193 1346 2262 Ipse
1390 2193 1544 2247 enim
1600 2192 1672 2247 ab
1730 2191 1997 2261 Apostolo

307 2278 700 2349 principaliter
736 2279 1086 2349 exprimitur
1134 2281 1280 2336 inter
1322 2280 1431 2335 tria
1473 2280 1586 2346 illa,
1638 2280 1738 2335 ubi
1780 2293 1999 2334 concu-

306 2365 578 2434 piscentia
624 2369 832 2433 carnis,
884 2369 1345 2436 concupiscentia
1393 2383 1626 2439 quoque
1673 2368 1993 2433 oculorum,

302 2463 357 2509 et
384 2454 658 2523 superbia
688 2456 818 2510 vitae
848 2456 1193 2511 describitur
1219 2457 1265 2523 (ι
1293 2457 1461 2510 .Ιοαη.
1497 2472 1555 2523 n,
1593 2454 1711 2527 l6);
1743 2454 1840 2511 ubi
1872 2454 1998 2509 uni-

308 2543 545 2597 versitas
598 2542 828 2597 malitiae
878 2543 1399 2613 comprehenditur.
1448 2545 1625 2600 Terra
1669 2551 1862 2599 autem
1916 2557 1997 2597 sa-

303 2629 603 2684 cerdotalis
637 2630 689 2685 id
720 2638 803 2685 est
835 2631 1018 2685 virtus
1053 2631 1347 2687 rationalis
1380 2632 1466 2687 his
1504 2645 1806 2701 nunquam
1840 2631 1995 2701 regi-

304 2716 413 2771 bus
452 2717 619 2772 subdi
669 2718 963 2787 dignatur,
1015 2719 1156 2787 quia
1199 2720 1270 2773 ad
1322 2733 1445 2775 eam
1497 2720 1737 2789 pertinet
1781 2726 1844 2774 ut
1895 2732 1995 2788 per

299 2817 427 2860 eam
460 2819 591 2874 quae
621 2805 962 2861 sensualiter
992 2814 1127 2862 sunt
1155 2807 1286 2862 laesa
1312 2816 1609 2863 curentur.

370 2891 544 2949 Vnus.
586 2894 675 2959 27,
718 2895 805 2947 28.
850 2923 919 2933 ——
960 2895 1244 2948 Habitavit
1274 2911 1397 2961 ergo
1443 2897 1620 2951 Israel
1653 2911 1709 2949 in
1739 2898 1990 2965 £gypto,

297 2979 359 3032 id
405 2984 484 3034 est
542 2983 598 3033 in
651 2987 797 3035 terra
849 2983 1067 3049 Gessen,
1114 2988 1165 3036 et
1215 2985 1456 3053 possedit
1502 3001 1648 3050 eam;
1699 2990 1995 3053 auctusque

298 3073 397 3135 est,
442 3074 491 3122 et
536 3070 932 3137 multiplicatus
982 3074 1168 3125 nimis.
1216 3074 1285 3126 Et
1333 3075 1476 3126 vixit
1519 3075 1577 3126 in
1623 3089 1685 3126 ea
1724 3074 1902 3126 decem
1945 3077 1996 3127 et

296 3162 496 3224 septem
553 3161 732 3211 annis.
794 3159 1060 3228 Factique
1112 3166 1237 3214 sunt
1291 3177 1467 3215 omnes
1533 3162 1646 3215 dies
1708 3166 1833 3216 vita;
1876 3164 1994 3231 ejus

300 3250 509 3298 centum
568 3246 946 3315 quadraginta
1004 3254 1052 3302 et
1108 3253 1307 3318 septem
1365 3265 1650 3304 annorum.
1710 3251 1889 3303 Israel
1937 3253 1993 3303 in

297 3332 546 3401 Egypto
587 3334 826 3401 habitat,
859 3337 996 3391 dum
1041 3337 1295 3406 spiritus,
1347 3338 1445 3408 qui
1477 3352 1611 3393 cum
1646 3339 1759 3393 Deo
1790 3339 1849 3392 in
1884 3353 1990 3393 no-

296 3417 384 3473 bis
433 3420 813 3489 principatur,
861 3422 1026 3491 quasi
1074 3424 1267 3477 lumen
1318 3423 1465 3479 inter
1511 3425 1775 3479 tenebras
1816 3424 1993 3494 hujus

293 3507 487 3562 saeculi
530 3508 863 3565 dominatur
903 3518 959 3566 et
1003 3513 1261 3580 imperat.
1313 3512 1487 3568 Israel
1535 3512 1688 3568 enim
1737 3517 1991 3582 princeps

293 3610 413 3649 cum
454 3596 837 3665 Deo~dicitur;
881 3605 935 3676 et
984 3599 1245 3655 habitare
1294 3601 1530 3669 ponitur
1573 3614 1675 3670 pro
1720 3615 1786 3656 eo
1834 3601 1990 3671 quod

292 3692 397 3754 est,
439 3686 732 3741 dominari.
775 3688 1052 3745 Versatur
1090 3692 1147 3743 in
1195 3697 1341 3743 terra
1385 3690 1597 3757 Gessen,
1647 3697 1713 3745 ut
1758 3689 1989 3745 subtili-

295 3781 378 3829 ter
408 3776 699 3844 appropiet
741 3777 813 3831 ad
854 3776 974 3831 vitii
1020 3777 1307 3847 cujusque
1352 3777 1752 3847 refragaturus
1795 3777 1989 3847 palpa-

291 3862 523 3918 tionem.
571 3866 709 3918 Eam
755 3864 1019 3933 possidet,
1066 3880 1199 3920 cum
1248 3865 1437 3921 debito
1476 3865 1585 3921 sibi
1622 3865 1756 3936 jure
1796 3865 1988 3921 colen-

289 3949 423 4004 dam
471 3950 642 4004 etiam
692 3959 891 4005 contra
937 3960 1285 4007 tentamenta
1339 3953 1589 4009 defendit
1636 3966 1703 4008 ac
1758 3954 1983 4009 retinet.

290 4036 558 4106 Augetur
593 4045 647 4091 et
686 4038 1106 4107 multiplicatur
1141 4042 1327 4105 nimis,
1362 4040 1502 4108 quia
1545 4052 1839 4108 nusquam
1886 4055 1987 4095 co-

292 4123 504 4191 piosior
533 4123 782 4179 efﬁcitur
807 4126 1062 4194 spiritus,
1098 4140 1274 4195 quam
1320 4141 1420 4196 per
1461 4141 1629 4182 usum
1661 4131 1986 4183 exercitatae

2108 436 2497 492 omnimodam
2538 433 3057 498 mortificationem,
3088 441 3377 503 quantum
3416 434 3488 490 ad
3525 435 3810 491 saeculum

2108 525 2433 586 seducente,
2474 523 2545 578 ad
2583 521 3086 578 intellectualitatis
3124 522 3490 588 desiderium,
3524 523 3691 593 quasi
3734 522 3809 577 ad

2110 611 2295 667 ﬁlium
2344 612 2583 680 spiritus
2641 617 2832 664 noster
2885 609 3133 665 recurrit
3186 618 3240 664 et
3298 610 3500 665 inhiat.
3555 611 3812 666 Gratiam

2110 704 2167 755 in
2200 707 2482 770 conspectu
2515 699 2752 765 invenit,
2777 712 2907 754 cum
2931 698 3058 767 ejus
3082 706 3384 767 suppetere
3409 699 3517 754 sibi
3546 698 3815 754 alacrita-

2112 796 2224 844 tem
2265 789 2452 844 sentit.
2508 789 2721 842 Ponere
2767 786 2815 841 ei
2860 801 3080 839 manum
3124 786 3222 839 sub
3250 788 3470 851 femore,
3502 794 3585 842 est
3612 800 3815 856 opera-

2110 877 2250 932 tioni
2296 877 2413 930 vim
2453 875 2695 930 internze
2740 874 3015 939 veritatis,
3050 874 3117 928 de
3150 888 3268 943 qua
3312 874 3523 930 divina).
3569 875 3815 929 rationis

2109 979 2303 1019 semen
2350 964 2666 1033 egreditur,
2714 963 3085 1032 subjungere.
3134 962 3412 1018 Convenit
3456 962 3609 1017 enim
3658 963 3817 1017 hanc

2108 1066 2177 1107 ex
2210 1066 2274 1106 eo
2317 1051 2623 1106 seminario
2656 1065 2722 1105 ac
2761 1050 2805 1103 si
2850 1064 2921 1104 ex
2968 1048 3168 1119 regula
3214 1049 3552 1117 dependere.
3596 1051 3816 1104 Femur

2111 1146 2303 1195 autem
2348 1139 2818 1209 propagationem
2866 1136 3171 1206 significat,
3221 1145 3276 1191 et
3321 1136 3533 1191 veritas
3570 1135 3815 1191 rationis

2112 1235 2294 1283 totum
2330 1227 2629 1295 fecundat;
2670 1226 2802 1280 facit
2844 1224 3274 1278 misericordiam
3320 1231 3369 1277 et
3414 1229 3715 1290 veritatem,
3750 1229 3817 1277 ut

2110 1330 2217 1369 non
2262 1315 2571 1384 sepeliatur
2623 1317 2680 1368 in
2726 1314 3001 1383 Egyplo,
3055 1313 3193 1367 dum
3240 1325 3366 1366 eam
3417 1312 3813 1367 remissionem

2112 1410 2497 1473 peccatorum,
2531 1416 2710 1473 quam
2740 1416 2813 1457 ex
2844 1403 2956 1456 Deo
2985 1400 3304 1455 intellectus
3336 1400 3510 1455 menti
3541 1400 3807 1470 spondet,

2114 1491 2553 1561 perseverando,
2600 1490 2713 1545 imo
2759 1502 3128 1560 perseverare
3176 1488 3457 1554 faciendo,
3507 1495 3659 1543 certa
3696 1488 3808 1543 sibi

2111 1578 2460 1634 exhibitione
2500 1578 2760 1647 complet,
2803 1576 2943 1633 dum
2988 1578 3059 1632 ab
3108 1576 3337 1646 Egypti
3386 1576 3702 1645 sepultura,
3749 1576 3809 1631 id

2108 1675 2193 1723 est
2222 1680 2255 1721 a
2295 1666 2490 1721 saeculi
2522 1681 2579 1721 se
2610 1666 2906 1722 obruentis
2934 1679 3060 1720 eam
3092 1679 3232 1719 cura
3263 1672 3503 1719 amovet.
3550 1664 3810 1719 Dormire

2108 1755 2236 1811 vult
2262 1770 2394 1809 cum
2428 1754 2706 1823 patribus,
2737 1753 2875 1823 quia
2902 1767 3017 1808 non
3044 1751 3330 1822 Egyptiis
3352 1752 3694 1807 maeroribus
3714 1751 3810 1807 de-

2108 1840 2300 1910 primi,
2341 1841 2438 1896 sed
2473 1841 2735 1910 exemplo
2778 1854 2998 1908 eorum,
3049 1841 3149 1909 qui
3201 1839 3495 1894 dormiunt
3541 1847 3596 1894 et
3636 1840 3808 1895 corde

2107 1926 2372 1996 vigilant,
2407 1926 2480 1981 ab
2506 1926 2842 1982 extrinsecis
2866 1918 3351 1980 sollicitudinibus
3374 1924 3654 1980 desiderat
3675 1939 3808 1979 con-

2107 2014 2300 2083 sopiri.
2336 2015 2413 2069 De
2446 2014 2553 2069 hac
2588 2021 2741 2069 terra
2776 2012 3013 2076 auferri,
3044 2019 3099 2066 et
3132 2012 3188 2065 in
3221 2012 3483 2080 sepulcro
3519 2013 3805 2081 majorum

2107 2101 2272 2157 condi
2304 2116 2362 2156 se
2391 2101 2658 2170 postulat,
2692 2101 2829 2156 dum
2858 2114 2958 2168 per
2989 2100 3376 2170 intelligentiae
3406 2100 3803 2155 excellentiam

2108 2189 2348 2244 terrenis
2384 2188 2683 2244 affectibus
2727 2186 2923 2253 eximi,
2966 2196 3019 2241 et
3053 2187 3204 2242 intra
3245 2188 3611 2243 conscientize
3641 2195 3802 2256 septa

2106 2288 2141 2329 a
2169 2274 2449 2330 forasticis
2478 2274 2805 2343 strepitibus
2838 2288 2897 2328 se
2938 2280 3143 2327 aestuat
3178 2273 3487 2327 contutari.
3519 2272 3678 2329 Unde
3709 2272 3805 2328 di-

2106 2363 2257 2418 citur
2287 2362 2343 2417 in
2374 2363 2476 2417 Job
2511 2377 2523 2416 :
2559 2362 2909 2429 E/fodientes,
2943 2361 3158 2430 inquit,
3190 2361 3502 2414 thesaurum
3538 2361 3797 2429 gaudent,

2106 2467 2226 2505 cum
2248 2453 2552 2504 invenerint
2584 2451 2887 2518 sepulcrum
2918 2449 3061 2518 (Job.
3098 2463 3177 2515 ιιι,
3209 2450 3299 2515 21,
3335 2448 3444 2517 22).

2179 2538 2346 2595 VERS.
2390 2541 2473 2593 3t.
2512 2568 2581 2577 ——
2618 2541 2751 2605 Ego,
2788 2537 2995 2607 inquit,
3035 2537 3230 2605 Ioseph
3268 2538 3475 2601 faciam
3509 2537 3653 2605 quod
3674 2537 3799 2605 jus-

2104 2628 2241 2680 sisti.
2275 2630 2343 2681 Et
2374 2627 2465 2680 ille
2504 2643 2517 2680 ε
2555 2626 2689 2696 jura
2727 2641 2850 2691 ergo
2902 2626 3058 2689 mihi,
3105 2626 3285 2692 inquit
3334 2640 3348 2678 :
3399 2624 3510 2689 Quo
3552 2624 3799 2692 jurante,

2104 2714 2358 2768 adoravit
2398 2716 2567 2768 Israel
2598 2715 2790 2781 Deum,
2823 2727 3106 2767 conversus
3145 2712 3220 2766 ad
3261 2713 3444 2767 lectuli
3470 2716 3651 2781 caput.
3687 2712 3799 2767 Ba-

2103 2801 2275 2857 tionis
2323 2803 2612 2872 proposito
2658 2801 3119 2858 intellectualitas
3163 2815 3222 2855 se
3274 2799 3467 2855 favere
3520 2799 3796 2867 affirmat,

2036 2909 2075 2963 α
2104 2890 2245 2960 quia
2283 2891 2404 2947 sine
2434 2890 2646 2945 caelesti
2684 2890 2901 2956 notitia,
2945 2903 3076 2959 quae
3122 2902 3237 2943 non
3284 2898 3368 2943 est
3414 2887 3571 2943 aliud
3619 2900 3798 2957 quam

2104 2977 2224 3047 ipse
2267 2978 2364 3033 Dei
2403 2991 2583 3045 amor,
2627 2976 2706 3032 nil
2757 2977 2895 3033 utile
2939 2989 3174 3046 prorsus
3211 2974 3441 3045 spiritui
3484 2981 3677 3030 nostro
3711 2988 3801 3030 re-

2102 3073 2236 3131 stat,
2269 3067 2367 3136 qui
2399 3066 2506 3121 hac
2528 3065 2707 3121 fretus
2728 3064 3069 3132 constantia,
3089 3064 3208 3134 jam
3230 3063 3548 3119 secundum
3573 3062 3801 3118 Israelis

2102 3167 2335 3209 sensum
2369 3168 2502 3208 cum
2536 3153 2648 3207 Deo
2679 3153 2962 3219 directus;
2998 3152 3104 3222 ipsi
3132 3152 3247 3207 Deo
3279 3165 3399 3207 sese
3428 3150 3715 3218 humiliat,
3744 3156 3799 3205 et

2101 3241 2174 3296 ad
2220 3241 2405 3310 ipsum
2458 3240 2560 3310 qui
2608 3249 2783 3310 caput
2823 3240 3036 3308 lectuli,
3085 3240 3137 3295 id
3170 3248 3252 3295 est
3286 3238 3677 3309 principalitas
3708 3238 3799 3293 in-

2101 3336 2278 3386 ternze
2321 3337 2528 3385 nostra}
2578 3329 2797 3398 requiei
2841 3336 2925 3385 est
2974 3329 3056 3400 (in
3112 3328 3233 3397 ipso
3282 3328 3434 3383 enim
3489 3340 3524 3381 a
3578 3326 3796 3397 peccati

2097 3416 2501 3474 exactionibus
2527 3417 2914 3473 sabbatismus
2942 3422 3050 3483 est)
3075 3422 3322 3473 mentem
3348 3414 3606 3471 inclinat.

2695 3557 2927 3617 CAPUT
2964 3558 3201 3616 XLVIII.

2168 3690 2338 3747 VERS.
2385 3694 2432 3744 l.
2475 3720 2543 3730 —
2573 3691 2671 3744 His
2698 3691 2781 3744 ita
2810 3691 3125 3753 transactis,
3156 3690 3474 3743 nunciatum
3494 3692 3573 3741 est
3594 3689 3793 3757 Joseph

2096 3779 2242 3849 quod
2300 3783 2587 3846 egrotaret
2639 3783 2799 3847 pater
2853 3792 3002 3832 suus.
3072 3778 3181 3842 Qui
3236 3777 3528 3845 assumptis
3583 3775 3793 3831 duobus

2096 3867 2229 3921 ﬁliis
2264 3869 2513 3921 Manasse
2540 3870 2591 3920 et
2616 3867 2885 3934 Ephraim
2912 3867 2990 3919 ire
3014 3866 3280 3933 perrexit.
3304 3864 3437 3919 Haec
3466 3871 3790 3932 transeunt,

2095 3955 2235 4025 quia
2268 3955 2476 4010 fervori
2521 3953 2697 4009 animi
2750 3952 3121 4008 lentitudines
3170 3949 3494 4022 aliquoties,
3539 3951 3654 4005 Deo
3686 3951 3796 4007 uti-

2095 4043 2224 4099 liter
2268 4042 2623 4111 providente,
2673 4043 2879 4111 teporis
2926 4040 3220 4096 incedunt.
3277 4040 3482 4109 Joseph
3533 4046 3675 4094 tunc
3722 4039 3795 4096 de

2095 4130 2274 4200 patris
2301 4130 2673 4199 aegrotatione
2705 4128 3030 4194 nuntiatur,
3065 4127 3299 4198 quando
3331 4127 3401 4183 de
3430 4126 3670 4183 rationis
3699 4126 3795 4181 in—

289 4211 665 4267 discretionis.
703 4216 885 4267 Decem
916 4219 967 4268 et
997 4220 1194 4284 septem
1225 4218 1283 4268 in
1321 4230 1385 4268 ea
1427 4216 1570 4271 vivit
1609 4220 1788 4281 annis,
1843 4220 1985 4270 169
2023 4204 2068 4258 Β
2094 4217 2351 4274 tellectus
2375 4216 2757 4273 mutabilitate
2787 4215 3072 4285 pulsatur.
3111 4214 3216 4271 Sed
3261 4215 3405 4270 duos
3452 4214 3575 4269 illos
3608 4214 3794 4271 robu-

288 4300 427 4354 dum
457 4306 513 4354 et
545 4299 683 4370 legis
709 4301 1009 4372 Decalogo,
1037 4310 1091 4358 et
1119 4303 1441 4372 septenario
1469 4304 1767 4373 adjutricis
1788 4304 1987 4375 gratia:

290 4386 504 4453 vitalis,
540 4387 595 4441 in
631 4388 751 4457 ipsa
781 4389 1017 4444 scientia
1043 4390 1359 4459 reperimus
1384 4401 1760 4462 augmentum
1794 4406 1988 4461 prove-

286 4474 512 4529 ctionis.
547 4474 756 4532 Omnes
786 4485 979 4533 autem
1013 4477 1295 4534 virtutum
1326 4487 1656 4535 nostrarum
1687 4479 1986 4536 claritudi-

287 4576 388 4617 nes
418 4576 520 4632 per
557 4564 876 4634 evangelici
912 4565 1197 4633 dogmatis
1224 4566 1684 4635 quaternarium,
1719 4575 1773 4622 et
1804 4566 1987 4621 divini

287 4651 650 4708 charismatis
705 4655 1117 4723 septenarium,
1177 4668 1244 4709 ac
1297 4655 1554 4711 Mosaicae
1615 4655 1988 4711 institutionis

286 4739 612 4808 denarium,
648 4741 992 4810 perveniunt
1021 4742 1092 4797 ad
1118 4749 1347 4798 aeternae
1385 4743 1756 4799 beatitudinis
1783 4744 1987 4799 dexte-

288 4842 435 4895 ram,
473 4829 576 4884 hoc
604 4836 688 4885 est
717 4830 1134 4886 centenarium.

363 4916 532 4972 VEns.
574 4919 661 4981 29,
707 4919 794 4972 30.
838 4948 905 4956 -
962 4919 1197 4987 Cumque
1247 4920 1695 4987 appropinquare
1750 4924 1987 4972 cerneret

288 5007 478 5058 mortis
519 5005 682 5072 diem,
714 5008 924 5059 vocavit
952 5007 1126 5075 ﬁlium
1160 5021 1317 5060 suum
1357 5007 1577 5075 Joseph,
1623 5012 1673 5060 et
1722 5006 1869 5061 dixit
1913 5007 1989 5061 ad

289 5105 453 5146 eum:
489 5092 552 5148 Si
586 5096 769 5147 inveni
814 5097 1053 5161 gratiam
1094 5096 1154 5147 in
1200 5098 1483 5163 conspectu
1531 5100 1641 5161 tuo,
1686 5110 1823 5163 pone
1868 5111 1985 5148 ma-

290 5193 419 5231 num
448 5179 546 5232 sub
574 5182 776 5247 femore
803 5196 934 5248 meo,
967 5186 1018 5235 et
1064 5183 1243 5248 facias
1279 5183 1419 5235 mihi
1458 5184 1725 5236 misericm
1741 5182 1889 5237 diam
1937 5188 1988 5238 et

290 5268 594 5330 veritatem,
625 5274 688 5321 ut
714 5285 819 5322 non
846 5270 1075 5337 sepelias
1104 5286 1185 5323 me
1220 5273 1276 5324 in
1303 5273 1563 5339 qupto;
1596 5271 1691 5324 sed
1721 5271 1987 5326 dormiam

292 5368 413 5408 cum
442 5356 695 5423 patribus
724 5358 883 5421 meis;
919 5363 970 5410 et
1013 5359 1112 5411 hac
1163 5359 1228 5411 de
1275 5363 1420 5412 terra
1458 5374 1541 5412 me
1582 5360 1828 5425 auferas,
1860 5375 1984 5414 con-

292 5441 498 5512 dasque
553 5444 610 5497 in
668 5444 917 5513 sepulcra
973 5445 1261 5515 majorum.
1322 5447 1423 5503 Die
1490 5448 1691 5504 mortis
1750 5449 1987 5521 propin-

2093 4313 2228 4371 stos,
2254 4305 2426 4376 juxta
2454 4305 2575 4372 Job,
2610 4303 2942 4360 fortitudine
2971 4303 3108 4369 (Job.
3141 4316 3335 4370 xxxvr,
3371 4301 3475 4371 t9),
3505 4309 3691 4357 status
3719 4301 3794 4357 fe-

2096 4394 2188 4449 lici
2230 4393 2576 4449 conscientia
2624 4393 2865 4463 genitos,
2911 4391 3258 4447 oblivionem
3297 4390 3510 4446 scilicet
3545 4404 3792 4459 praesen-

2093 4482 2260 4549 tium,
2294 4489 2349 4536 et
2394 4480 2887 4537 fructificationem
2935 4479 3267 4535 futurorum
3316 4478 3648 4534 individuos
3678 4478 3784 4534 sibi

2094 4570 2390 4636 asciscens,
2448 4570 2723 4625 rationem
2778 4581 2876 4637 per
2915 4567 3304 4637 intelligentiae
3358 4566 3628 4637 illapsum
3686 4580 3787 4636 pro

2097 4658 2257 4730 positi
2288 4659 2591 4727 utriusque
2619 4669 3065 4713 commemorare
3098 4655 3348 4712 festinat.

2163 4746 2336 4802 VERS.
2383 4749 2432 4811 l,
2474 4747 2525 4800 3.
2566 4776 2634 4785 —
2676 4747 2993 4814 Dictumque
3022 4749 3101 4797 est
3125 4746 3283 4797 seni:
3322 4745 3454 4797 Ecce
3480 4743 3629 4810 ﬁlius
3660 4747 3785 4796 tuus

2092 4836 2287 4905 Ioseph
2312 4838 2458 4889 venit
2486 4835 2561 4889 ad
2593 4839 2660 4889 te.
2700 4835 2811 4900 Qui
2848 4835 3186 4900 confortatus
3215 4832 3355 4887 sedit
3383 4834 3443 4886 in
3471 4832 3678 4885 lectulo.
3717 4832 3786 4886 Et

2094 4926 2334 4990 ingresso
2364 4922 2437 4976 ad
2467 4937 2523 4977 se
2554 4924 2635 4976 ait
2672 4937 2687 4975 :
2736 4924 2876 4976 Deus
2906 4922 3237 4990 omnipotens
3269 4922 3532 4989 apparuit
3559 4920 3698 4973 mihi
3724 4921 3786 4972 in

2092 5011 2263 5076 Luza,
2303 5025 2423 5080 qua
2459 5014 2538 5064 est
2582 5013 2642 5063 in
2691 5014 2839 5063 terra
2882 5009 3176 5075 Chanaan,
3211 5008 3595 5078 benedixitque
3624 5007 3781 5073 mihi,

2093 5103 2143 5151 et
2176 5103 2256 5152 ait
2295 5114 2308 5152 :
2353 5099 2467 5166 Ego
2505 5102 2555 5153 te
2601 5098 2805 5165 augebo
2854 5102 2904 5151 et
2952 5096 3345 5165 multiplicabo,
3388 5101 3440 5151 et
3480 5098 3690 5163 faciam
3738 5101 3788 5151 te

2093 5188 2152 5240 in
2198 5186 2385 5240 turbas
2430 5187 2775 5255 populorum,
2830 5185 3075 5253 daboque
3119 5184 3223 5240 tibi
3265 5189 3468 5239 terram
3523 5186 3685 5251 hanc,
3735 5188 3788 5237 et

2092 5276 2286 5329 semini
2314 5279 2402 5327 tuo
2430 5278 2553 5343 post
2585 5278 2654 5340 te,
2684 5275 2741 5327 in
2776 5276 3163 5342 possessionem
3199 5275 3604 5343 sempiternam.
3654 5273 3783 5330 Seni

2093 5361 2162 5417 de
2208 5362 2461 5418 adventu
2506 5362 2710 5431 Joseph
2757 5360 2986 5424 dicitur,
3039 5374 3172 5416 cum
3217 5360 3513 5416 lacessenti
3553 5360 3783 5430 spiritui

2091 5449 2163 5507 de
2219 5458 2531 5522 augmento
2576 5449 2819 5507 caelestis
2864 5448 3080 5506 notitiai
3128 5450 3403 5505 memoria
3455 5448 3779 5514 refricatur,
