3904 6066
262 241 367 294 31⁸1

1414 322 1417 323 ν
1498 237 1865 295 MORALIUM
1905 239 1972 293 IN
2012 238 2306 295 GENESIN
2346 237 2479 293 LIB.
2521 238 2584 292 X.

3658 238 3760 292 318

258 372 626 431 Confortatus
660 387 797 444 ergo
845 332 1000 428 sedet
1051 375 1108 426 in
1152 374 1362 438 lectulo,
1413 388 1547 429 cum
1594 374 1820 430 viribus
1871 388 1944 430 ex
1981 375 2029 428 Α
2059 375 2246 429 lenem.
2281 373 2687 443 Mesopotamia
2737 372 2949 427 dicitur
2993 372 3200 425 elevata
3254 375 3491 437 vacatio;
3529 372 3759 438 Rachel,

259 460 468 516 intima
508 460 858 516 correctione
920 459 1247 529 resumptis,
1301 460 1659 516 conscientias
1713 462 1957 531 propriae

258 546 477 601 honore
509 545 787 615 prominet
826 544 1152 615 judiciario.
1207 544 1407 601 Sedere
1442 547 1597 602 enim
1640 547 1959 617 judicantis

256 644 361 692 est.
425 635 742 702 Lectulum,
805 642 1063 689 mentum
1113 633 1223 687 dici
1275 634 1429 689 testis
1484 642 1587 701 est,
1653 636 1754 705 qui
1817 637 1953 691 ait:

254 724 509 778 Lectulus
567 727 747 776 noster
789 721 1015 789 ﬂoridus
1068 719 1241 789 (Cant.
1292 736 1327 783 ι,
1375 724 1484 786 15).
1536 722 1709 777 Porro
1771 723 1958 794 ingre-

257 810 418 865 ditur
462 823 596 865 cum
639 816 851 863 secreto
899 807 1086 861 cordis
1137 807 1479 862 admittitur.
1543 808 1692 863 Luza
1747 809 1957 865 dicitur

257 896 404 966 boja,
446 897 603 967 quod
658 910 760 951 nos
808 909 1082 950 vocamus
1132 897 1479 965 compedem.
1531 899 1598 952 In
1647 903 1791 952 terra
1829 900 1958 954 Cha-

255 1000 426 1048 naan,
471 984 681 1053 inquit,
726 983 781 1038 id
824 991 909 1038 est
948 983 1005 1037 in
1050 984 1399 1051 terrenitate,
1449 986 1545 1041 ubi
1604 987 1801 1058 jugem
1859 1004 1958 1058 per

256 1070 565 1126 criminum
597 1070 838 1125 declivia
877 1078 1094 1126 motum
1144 1073 1417 1141 patiebar,
1449 1081 1504 1129 et
1534 1090 1652 1145 quo
1697 1077 1958 1146 volupta-

256 1164 383 1214 tum
408 1158 777 1227 compedibus
807 1157 1183 1227 astringebar.
1220 1161 1384 1226 Deus,
1411 1162 1511 1230 qui
1541 1162 1598 1217 in
1623 1162 1956 1220 fortitudine

252 1247 478 1302 vinctos
505 1246 925 1315 omnipotenter
949 1246 1159 1314 educit,
1195 1247 1333 1302 mihi
1384 1248 1673 1316 inclaruit,
1725 1252 1957 1309 virtutis

253 1332 792 1402 multiplicationem
823 1333 1113 1399 benedixit,
1163 1343 1216 1389 et
1250 1335 1405 1403 quod
1454 1336 1604 1391 inter
1650 1338 1954 1393 turbulen-

251 1422 365 1477 tias
410 1422 680 1476 vitiorum
727 1420 1183 1477 substantibilem
1228 1436 1317 1477 me
1360 1433 1597 1488 crearet,
1645 1433 1697 1480 et
1743 1435 1954 1481 terram

250 1509 513 1578 corporis
557 1508 734 1578 hujus
782 1507 922 1563 mihi
970 1508 1028 1564 in
1079 1510 1533 1579 praesentiarum,
1579 1519 1633 1566 et
1682 1521 1803 1581 post
1843 1529 1953 1568 sae-

250 1598 369 1654 culi
420 1598 598 1668 hujus
644 1604 857 1653 statum
899 1596 1124 1663 semini,
1178 1597 1230 1652 id
1281 1606 1384 1665 est,
1444 1599 1534 1667 pio
1578 1599 1781 1655 merito
1829 1614 1953 1656 meo

251 1686 769 1755 incorruptibiliter
799 1684 1200 1754 possidendam
1229 1686 1603 1753 contraderet,
1654 1702 1752 1756 spe
1799 1696 1955 1743 certa

250 1773 537 1843 promisit.
1154 1762 1160 1769 ’

325 1859 502 1916 Vens.
536 1863 591 1928 5,
625 1861 677 1913 6.
722 1888 796 1901 —
838 1862 948 1914 Duo
994 1862 1169 1926 igitur
1214 1861 1320 1914 ﬁlii
1369 1865 1468 1927 tui,
1511 1867 1805 1932 antequam
1853 1866 1954 1919 huc

247 1948 491 2001 venirem
528 1947 602 2000 ad
634 1952 701 2015 te,
735 1949 842 2000 mei
867 1951 1053 2014 erunt;
1103 1949 1368 2016 Ephraim
1397 1955 1448 2003 et
1494 1952 1793 2018 Manasses,
1846 1954 1950 2006 sic-

248 2039 314 2089 ut
394 2035 582 2091 Ruben
636 2039 686 2089 et
741 2035 950 2091 Simeon
1006 2036 1408 2106 reputabuntur
1475 2038 1628 2091 mihi.
1703 2040 1953 2107 Reliquos

248 2128 436 2178 autem
491 2139 624 2193 quos
668 2126 915 2190 genucris
972 2128 1094 2192 post
1148 2139 1253 2188 eos,
1288 2127 1372 2178 tui
1430 2130 1587 2178 erunt
1632 2129 1683 2178 et
1740 2128 1954 2182 nomine

246 2211 499 2275 fratrum
549 2225 767 2264 suorum
812 2209 1148 2264 vocabuntur
1214 2213 1274 2265 in
1341 2213 1762 2280 possessionibus
1813 2217 1949 2270 suis.

250 2296 676 2352 Intellectuales
724 2296 838 2351 duo
886 2303 1024 2351 sunt
1067 2296 1187 2364 ﬁlii,
1238 2297 1336 2368 qui
1382 2298 1464 2353 sic
1504 2299 1802 2356 imminent
1848 2316 1951 2370 ge-

246 2384 427 2438 minze
477 2382 791 2438 visceribus
847 2382 1142 2439 charitatis
1190 2392 1254 2439 ut
1326 2385 1628 2441 Manassen
1704 2387 1951 2444 habeant

247 2470 623 2540 praesentium
654 2470 975 2538 oblivionis,
1036 2472 1133 2526 sed
1181 2486 1485 2541 nunquam
1533 2474 1951 2532 obliviscantur

242 2558 582 2614 futurorum
650 2557 935 2614 bonorum
987 2557 1189 2629 frugis.
1244 2560 1312 2614 Hi
1369 2561 1425 2615 in
1498 2568 1650 2616 terra
1715 2562 1981 2632 IEgypti‘

244 2653 574 2701 nascuntur
605 2653 917 2715 antequam
958 2646 1127 2701 Israel
1169 2647 1241 2702 ad
1290 2648 1498 2717 Joseph
1546 2648 1757 2718 veniat,
1810 2649 1949 2718 quia

244 2742 565 2804 antequam
623 2733 859 2803 spiritus
906 2743 1101 2789 noster
1147 2736 1289 2804 quid
1342 2736 1411 2791 sit
1486 2736 1947 2791 intellectualitas

253 2829 285 2877 Ι
305 2828 402 2875 '30
429 2822 629 2890 sapiat,
661 2830 715 2877 et
745 2822 939 2877 saeculi
979 2823 1474 2879 conversationem
1510 2825 1742 2879 omnino
1783 2824 1945 2880 intel-

246 2909 574 2965 lectualitas
604 2909 726 2978 ipsa
757 2924 860 2965 nos
891 2924 1154 2978 respuere
1194 2918 1378 2982 cogat,
1427 2912 1530 2967 hoc
1581 2913 1701 2981 ipsa
1760 2912 1818 2966 in
1865 2926 1943 2980 se,

246 2996 342 3051 vel
383 3011 456 3052 ex
515 3011 574 3051 se
631 3005 816 3052 motus
872 2998 1092 3067 pietatis
1143 3006 1430 3067 procreat;
1494 3000 1600 3055 hoc
1661 3014 1808 3069 opus
1865 3007 1949 3056 est

251 3088 317 3137 ut
343 3082 510 3145 ratio,
542 3090 738 3151 utpote
780 3084 1059 3152 proprios,
1122 3084 1226 3139 sibi
1272 3084 1503 3155 deligat.
1561 3086 1763 3142 Ruben
1806 3086 1948 3141 dici-

248 3178 351 3225 tur
378 3170 565 3224 videns
592 3172 786 3239 ﬁlium,
821 3171 1046 3227 Simeon
1070 3172 1298 3226 audiens
1330 3174 1633 3227 tristitiam.

324 3258 758 3326 Reputabuntur,
802 3257 1009 3327 inquit,
1058 3261 1197 3312 mihi
1225 3261 1503 3315 Manasses
1556 3266 1608 3315 et
1657 3262 1945 3330 Ephraim,

246 3346 393 3399 sicut
440 3346 652 3400 Simeon
706 3350 757 3398 et
807 3344 1017 3413 Ruben,
1074 3347 1213 3417 quia
1265 3347 1359 3402 illa
1417 3347 1758 3405 instantium
1797 3349 1948 3404 obli-

248 3432 346 3487 vio
372 3446 470 3501 per
490 3433 755 3488 auditum
804 3434 1046 3490 tristitize
1099 3434 1188 3490 vel
1245 3435 1557 3505 praesentis,
1616 3451 1734 3506 qua
1784 3452 1949 3493 mun-

246 3519 365 3576 dus
412 3520 744 3589 tribulatur,
795 3521 884 3577 vel
933 3521 1164 3589 futurae,
1210 3537 1328 3594 qua
1391 3523 1581 3593 impiis
1646 3525 1947 3581 maledice-

246 3614 366 3672 tur,
414 3606 556 3663 mihi
613 3609 703 3677 tit;
760 3615 816 3665 et
867 3617 984 3665 tota
1035 3610 1114 3679 pii
1166 3611 1353 3680 operis
1409 3611 1790 3680 fructificatio,
1848 3628 1948 3683 per

248 3693 532 3750 visionem
589 3694 706 3759 lilii,
785 3696 841 3751 id
894 3704 979 3752 est
1033 3712 1136 3767 per
1191 3699 1729 3769 contemplationem
1808 3702 1947 3757 mihi

249 3783 519 3850 provenit
579 3791 926 3839 aeternorum
995 3785 1134 3854 spei.
1214 3787 1385 3842 Filios
1437 3795 1629 3844 autem
1689 3803 1816 3858 spes
1887 3789 1947 3844 in

248 3867 549 3937 Scriptura
600 3870 778 3926 solere
832 3872 1027 3927 vocari
1070 3887 1218 3942 sape
1274 3875 1665 3943 probavimus.
1744 3877 1826 3931 Ac
1899 3876 1947 3933 si

248 3955 450 4011 dicat:
506 3955 663 4013 Sicut
712 3972 920 4027 causae,
985 3968 1041 4017 et
1094 3961 1236 4030 spei,
1297 3969 1352 4017 et
1391 3963 1652 4032 itristitiae
1712 3966 1949 4022 auditus

250 4042 397 4097 mihi
453 4057 569 4097 non
623 4044 848 4113 desunt,
913 4046 995 4103 sic
1044 4047 1362 4104 efﬁcientiae
1422 4064 1553 4119 quae
1610 4058 1761 4106 retro
1813 4059 1950 4108 sunt

248 4129 646 4198 obliviscendi,
724 4141 781 4188 et
854 4133 1149 4191 fructuum
1203 4136 1261 4191 in
1323 4138 1614 4193 anteriora
1679 4139 1949 4195 tendendi

2062 464 2252 518 videns
2327 464 2682 532 principium.
2734 459 2996 527 Quando,
3052 460 3262 529 inquit,
3331 461 3399 516 de
3467 461 3763 517 vocatione

2063 549 2280 613 divina,
2341 562 2460 618 qua
2524 549 2595 603 ah
2655 547 2781 602 imis
2844 546 3053 613 elevor,
3096 546 3288 615 accepi
3357 554 3418 602 ut
3487 548 3559 602 ad
3620 547 3763 604 effe-

2062 644 2218 693 ctum
2270 637 2468 707 gratiae
2541 634 2918 704 pervenirem,
2977 641 3264 702 quantum
3314 635 3384 689 ad
3443 649 3619 702 meos,
3706 636 3762 692 id

2061 733 2145 781 est
2194 726 2477 780 humanos
2508 737 2651 778 usus
2693 730 2929 791 spectat,
2988 722 3196 777 Rachel
3256 722 3396 776 mihi
3457 723 3756 791 emoritur,

2063 813 2304 869 intentio
2360 812 2572 868 scilicet
2618 825 2743 866 mea
2796 818 3022 865 terrena
3076 810 3149 865 ad
3203 809 3505 865 utilitatem
3574 825 3763 867 meam

2062 901 2414 965 destituitur,
2465 908 2528 954 ut
2555 899 2627 953 ad
2654 912 2789 953 eum
2841 897 2941 967 qui
2991 899 3248 952 omnium
3294 898 3664 967 principium,
3709 907 3764 954 et

2064 987 2457 1058 principaliter
2518 995 2620 1053 est,
2684 986 2962 1055 erigatur.
3036 987 3100 1039 In
3157 990 3304 1039 terra
3369 987 3631 1040 Chanaan
3702 989 3763 1039 in

2060 1079 2179 1144 ipso
2222 1079 2415 1129 itinere
2467 1073 2692 1137 occidit,
2752 1087 2882 1127 cum
2943 1072 3000 1127 in
3067 1079 3289 1127 terreno
3338 1080 3498 1129 motu
3554 1073 3758 1142 posita,

2062 1179 2178 1233 quo
2234 1163 2493 1232 expediri
2549 1162 2741 1216 adhuc
2793 1161 3033 1229 perfecte
3090 1175 3202 1214 non
3256 1168 3454 1229 potest,
3510 1161 3567 1214 in
3640 1162 3763 1230 ipso

2060 1250 2393 1321 proﬁciendi
2428 1248 2686 1318 appetitu
2728 1248 3003 1316 paulatim
3053 1246 3279 1301 decidit.
3324 1247 3583 1301 Vernum
3633 1254 3763 1302 tem-

2061 1353 2170 1409 pus
2198 1346 2321 1393 erat
2349 1338 2487 1392 dum
2522 1338 2643 1391 haec
2686 1336 2962 1403 moritur;
3011 1342 3065 1390 et
3095 1335 3185 1389 ille
3239 1335 3551 1403 Ephratam
3594 1349 3758 1405 egre-

2058 1426 2342 1492 diebatur,
2398 1424 2537 1493 quia
2578 1424 2880 1479 accedente
2937 1422 3065 1477 fidei
3146 1423 3382 1487 fervore,
3432 1436 3565 1477 cum
3634 1422 3764 1491 pius

2059 1514 2119 1569 in
2143 1514 2391 1569 fructum
2413 1514 2600 1581 operis
2628 1512 2953 1581 prorumpit
2983 1510 3240 1576 affectus,
3292 1524 3424 1580 quae
3473 1524 3542 1564 ex
3592 1524 3764 1566 carne

2062 1610 2145 1657 est
2190 1601 2459 1657 voluntas
2512 1601 2797 1671 dejicitur,
2854 1609 2909 1655 et
2972 1601 3045 1655 ad
3122 1600 3441 1655 ubertatem
3524 1598 3763 1652 internae

1995 1664 2451 1759 Bplenitudinis,
2497 1664 2650 1758 quod
2704 1664 2791 1743 est
2839 1688 3113 1756 Ephrata,
3173 1686 3410 1755 spiritus
3461 1684 3625 1754 quasi
3678 1684 3764 1755 [ad

2065 1778 2382 1833 libertatem
2413 1775 2637 1831 solutus
2660 1775 2974 1845 egreditur.

2132 1865 2301 1917 Juxta
2357 1865 2505 1915 viam
2550 1865 2810 1931 Ephratx
2864 1862 3139 1931 sepelitur
3189 1875 3323 1916 cum
3376 1860 3551 1929 juxta
3608 1857 3763 1915 Chri-

2062 1957 2235 2017 stum,
2257 1949 2358 2018 qui
2381 1948 2476 2003 via
2504 1956 2605 2015 est,
2630 1947 2853 2017 ettrugi
2891 1945 3256 2015 ubertatique
3286 1959 3406 2000 sese
3444 1943 3761 1999 fruentium

2063 2050 2097 2091 a
2126 2036 2422 2091 mundano
2453 2036 2710 2091 tumultu
2753 2034 3146 2089 absconditur.
3203 2035 3343 2087 Pone
3386 2048 3487 2096 me,
3548 2032 3756 2101 inquit,

2052 2123 2224 2194 juxta
2253 2123 2342 2189 te,l
2383 2128 2433 2177 et
2488 2122 2727 2190 cujusvis
2781 2137 2974 2174 manus
3025 2124 3227 2190 pugnet
3276 2125 3462 2173 contra
3506 2134 3589 2172 me
3641 2118 3759 2186 (Job

2059 2226 2198 2279 xvu,
2224 2210 2297 2281 3).
2336 2209 2665 2265 Bethlebem
2713 2208 2926 2263 dicitur
2967 2208 3172 2263 domus
3233 2206 3413 2276 panis.
3458 2205 3582 2261 Alio
3622 2218 3759 2275 ergo

2060 2297 2292 2353 nomine
2338 2296 2597 2365 Ephrata
2644 2295 2969 2365 appellatur
2994 2295 3181 2348 domus
3225 2297 3410 2362 panis,
3465 2296 3605 2362 quia
3653 2293 3759 2348 etsi

2059 2385 2322 2440 feracitas
2372 2384 2658 2439 bonorum
2726 2390 2960 2438 actuum
3023 2380 3193 2436 laude
3244 2380 3497 2447 ducitur,
3564 2387 3757 2435 tamen

2057 2470 2216 2527 nullo
2248 2471 2414 2526 modo
2476 2470 2632 2538 apud
2696 2470 2876 2524 Deum
2935 2468 3310 2537 approbatur.
3369 2467 3497 2534 nisi,
3556 2474 3622 2521 ut
3681 2466 3758 2520 ita

2056 2557 2264 2624 dicam,
2298 2556 2727 2612 mansionaliter
2767 2570 2910 2611 usus
2959 2555 3380 2625 supercmlestis
3424 2553 3602 2623 hujus
3649 2567 3757 2622 pa—

2056 2644 2147 2699 nis
2195 2652 2477 2708 teneatur,
2531 2644 2680 2699 sicut
2730 2644 2937 2698 domus
2986 2658 3099 2697 non
3146 2643 3200 2696 in
3245 2655 3461 2696 morem
3494 2639 3758 2695 taberna-

2055 2733 2193 2800 culi,
2239 2732 2335 2788 sed
2387 2740 2728 2802 temporum,
2777 2739 2832 2787 et
2877 2738 3111 2787 aetatum
3165 2728 3546 2785 diuturnitate
3596 2726 3756 2783 habi-

2056 2825 2231 2875 tatur.

2126 2908 2294 2964 Vsus.
2332 2910 2384 2973 8,
2409 2909 2461 2973 9,
2498 2910 2581 2961 tO.
2613 2935 2681 2946 —
2719 2906 2921 2962 Videns
2950 2910 3128 2959 autem
3156 2905 3297 2973 ﬁlios
3331 2905 3470 2972 ejus,
3496 2903 3645 2956 dixit
3683 2902 3759 2956 ad

2056 3009 2215 3049 eum:
2253 2996 2360 3059 Qui
2424 3000 2549 3048 sunt
2607 2992 2768 3048 isti?
2841 2992 3138 3061 Respondit
3180 3006 3191 3045 :
3246 2992 3398 3045 Fillii
3447 2992 3552 3044 mei
3606 2995 3752 3057 sunt,

2057 3097 2187 3151 quos
2218 3082 2370 3157 dedit
2399 3084 2536 3136 mihi
2567 3081 2712 3135 Deus
2750 3084 2807 3134 in
2842 3082 2936 3135 hoc
2986 3082 3114 3134 loco.
3158 3079 3368 3142 Adduc,
3422 3081 3622 3147 inquit,
3671 3093 3755 3132 eos

2055 3171 2130 3224 ad
2186 3186 2289 3239 me,
2336 3174 2397 3223 ut
2445 3170 2751 3223 benedicam
2790 3170 2922 3222 illis.
2967 3199 3035 3207 —
3078 3168 3233 3224 Oculi
3272 3169 3411 3221 enim
3463 3166 3636 3221 Israel
3675 3181 3757 3219 ca-

2056 3258 2304 3326 ligabunt
2359 3273 2474 3326 prx
2516 3260 2688 3311 nimia
2744 3261 3023 3320 senectute,
3080 3262 3129 3310 et
3200 3257 3344 3309 clare
3399 3255 3582 3308 videre
3644 3269 3751 3308 non

2050 3350 2283 3415 poterat.
2361 3346 2561 3400 Videus
2611 3346 2755 3410 ﬁlios
2806 3344 3002 3407 Israel,
3069 3343 3122 3398 id
3173 3350 3255 3397 est
3304 3340 3757 3396 intellectualita-

2055 3433 2125 3489 tis
2153 3433 2503 3499 etiicientias,
2564 3433 2851 3488 subtiliter
2903 3432 3056 3500 apud
3108 3444 3167 3485 se
3217 3429 3450 3499 spiritus
3523 3428 3756 3484 discutit

2052 3534 2253 3577 eorum
2298 3534 2522 3576 causas.
2582 3520 2686 3574 Sed
2718 3519 3021 3588 respondet
3077 3518 3185 3572 sibi
3236 3517 3382 3571 filios
3437 3517 3495 3570 in
3554 3516 3674 3571 loco
3722 3515 3754 3572 ἐι

2054 3610 2169 3665 1)θο
2225 3609 2333 3664 sibi
2394 3609 2574 3675 datos,
2630 3608 2737 3662 hoc
2807 3614 2890 3662 est
2951 3604 3362 3676 principaliter,
3425 3604 3508 3659 uti
3572 3605 3751 3672 decet,

2054 3697 2234 3754 bonos
2278 3710 2518 3766 operum
2563 3696 2671 3751 sibi
2721 3695 2945 3750 fructus
2995 3694 3053 3748 in
3103 3693 3400 3749 charitatis
3446 3692 3755 3748 stabilitate

2056 3784 2346 3841 tundatos.
2385 3784 2440 3840 Is
2469 3783 2624 3839 enim
2656 3783 2816 3839 locus
2848 3790 2932 3838 est
2977 3782 3262 3851 spatiosus
3313 3781 3374 3836 in
3403 3795 3518 3851 quo
3570 3780 3754 3836 David

2056 3880 2299 3929 statutos
2373 3872 2657 3943 gloriatur
2707 3872 2878 3942 pedes
2929 3884 3068 3926 suos
3119 3871 3285 3935 (Psal.
3338 3884 3473 3936 xxx,
3516 3869 3588 3939 9).
3649 3872 3752 3924 La-

2056 3968 2181 4018 tum
2227 3960 2381 4016 enim
2442 3960 2777 4015 mandatum
2834 3958 3019 4028 ipsum
3077 3957 3249 4012 nimis
3329 3958 3497 4028 (Psal.
3560 3971 3754 4024 cxvm,

2057 4049 2167 4119 96).
2201 4048 2451 4117 Operum
2481 4062 2617 4118 ergo
2665 4061 2855 4101 causa;
2899 4054 3037 4101 sunt
3090 4045 3358 4101 charitas.
3396 4046 3466 4101 Et
3495 4044 3595 4115 qui
3654 4060 3757 4101 nec

2057 4135 2129 4191 ad
2160 4134 2449 4190 modicum
2493 4149 2596 4190 nec
2626 4150 2729 4190 nos
2776 4136 2907 4202 loco,
2964 4150 3069 4191 nec
3127 4135 3289 4190 nobis
3348 4134 3507 4191 locus
3557 4133 3757 4189 abesse

248 4216 416 4287 (Phil.
471 4232 550 4285 III,
611 4220 717 4288 t3),
739 4221 929 4276 deesse
977 4236 1092 4276 non
1140 4228 1428 4291 poterunt.
1477 4223 1534 4279 Si
1591 4224 1731 4294 quid
1788 4232 1945 4295 post—
1985 4222 2271 4290 Ddebeat,
2335 4237 2436 4293 per
2487 4223 2784 4293 praesentis
2845 4223 2924 4278 rei
3003 4222 3543 4289 demonstrativum,
3597 4221 3755 4291 quod

250 4304 493 4359 modum
540 4305 764 4362 viribus
811 4306 1197 4379 intelligentiae
1253 4310 1581 4366 studiorum
1631 4313 1947 4369 sanctitatis

249 4390 521 4459 edideris,
573 4392 676 4449 tibi
710 4393 817 4449 hoc
875 4395 947 4450 ad
1007 4408 1294 4450 summam
1356 4397 1567 4454 divinae
1609 4400 1950 4470 cognitionis

250 4477 583 4545 adauxeris,
654 4487 711 4535 et
768 4479 1041 4536 virtutem
1093 4481 1324 4537 nomine
1390 4482 1656 4553 fratrum,
1734 4487 1949 4543 scilicet

247 4563 532 4633 sapientia
558 4565 834 4635 genitrice
890 4572 945 4620 et
1000 4566 1209 4635 spiritu
1262 4576 1621 4637 procreatore
1667 4579 1945 4638 satorum,

247 4649 645 4705 censebuntur
682 4652 883 4706 merito
932 4651 989 4707 in
1035 4652 1413 4722 principando
1460 4655 1712 4712 motibus
1762 4658 1949 4728 subji-

245 4733 487 4789 ciendis.
521 4734 577 4791 Si
606 4736 759 4791 enim
803 4737 1080 4794 saeculum
1120 4738 1363 4809 perfecte
1402 4740 1647 4812 rejicias,
1692 4752 1747 4799 et
1794 4744 1945 4816 frugi

246 4821 538 4877 bonorum
569 4835 808 4891 operum
846 4823 1029 4880 Deum
1075 4825 1364 4896 diligendo
1414 4841 1650 4897 prorsus
1697 4829 1943 4897 insistas,

242 4907 437 4963 virtus
469 4914 553 4964 est
611 4908 896 4980 quidquid
943 4910 1175 4967 demum
1233 4911 1383 4969 inter
1416 4915 1550 4970 istas
1604 4914 1948 4973 intentiones

246 5002 495 5051 διῑθχειε.

323 5083 498 5139 Vitas.
528 5088 582 5138 7.
610 5114 678 5123 —
709 5084 864 5140 Mihi
888 5091 1086 5150 autem,
1121 5088 1340 5155 quando
1394 5090 1673 5146 veniebam
1721 5092 1787 5146 de
1834 5095 1943 5149 Me-

248 5174 575 5241 sopotamia,
636 5178 851 5227 mortua
904 5180 984 5229 est
1038 5176 1237 5231 Rachel
1274 5179 1335 5230 in
1387 5183 1535 5233 terra
1579 5180 1841 5235 Chanaan
1890 5184 1947 5237 in

247 5261 370 5327 ipso
414 5263 632 5326 itinere,
681 5267 903 5333 eratque
962 5280 1186 5318 vernum
1234 5269 1471 5335 tempus;
1516 5273 1566 5322 et
1634 5271 1948 5336 egrediebar

256 5347 377 5420 [al.,
424 5349 793 5419 ingrediebar]
853 5352 1174 5420 Ephratam,
1229 5358 1279 5408 et
1322 5356 1546 5424 sepelivi
1598 5373 1716 5411 eam
1777 5360 1947 5429 juxta

249 5439 398 5491 viam
457 5439 739 5508 Ephratz,
798 5456 918 5510 quae
972 5444 1083 5498 alio
1147 5447 1360 5501 nomine
1405 5449 1717 5517 appellatur
1786 5453 1944 5506 Beth-

2053 4317 2156 4377 est,
2212 4312 2325 4372 hoc.
2388 4318 2649 4380 patenter
2703 4311 2978 4365 insinuat.
3035 4309 3091 4365 Si
3138 4310 3336 4380 igitur,
3414 4310 3622 4379 inquit,
3682 4304 3755 4364 ex

2055 4396 2251 4454 divina
2283 4398 2606 4468 cognitione
2647 4398 2951 4467 prodeunt,
3000 4412 3101 4468 per
3136 4397 3317 4467 ipsam
3369 4397 3755 4467 intelligentiae

2055 4493 2171 4542 tua;
2225 4486 2567 4554 claritatem,
2617 4487 2689 4542 ad
2749 4486 2985 4542 rationis
3054 4486 3253 4541 eadem
3325 4499 3496 4555 opera
3571 4485 3757 4541 deduc

2055 4573 2433 4630 discernenda
2467 4574 2748 4643 notitiam,
2784 4582 2846 4630 ut
2886 4573 3131 4629 discreta
3175 4583 3229 4629 et
3282 4574 3534 4643 quodam
3588 4574 3756 4643 pala-

2056 4661 2133 4718 tio
2182 4661 2426 4719 interius
2476 4662 2744 4730 delibata,
2816 4662 3144 4729 benedicam,
3213 4662 3269 4716 id
3331 4669 3415 4716 est
3468 4660 3756 4730 multipli-

2056 4749 2211 4804 ciora
2257 4751 2513 4806 reddam.
2563 4751 2693 4806 Sine
2733 4749 3240 4806 intellectualitatis
3297 4749 3450 4804 enim
3489 4749 3755 4804 acumine

2053 4837 2202 4893 oculi
2234 4838 2430 4906 Israel,
2473 4839 2704 4910 ingenia
2756 4838 3022 4895 videlicet
3084 4835 3320 4893 rationis
3371 4836 3642 4907 caligant,
3700 4846 3755 4893 et

2056 4939 2173 4996 pl‘tB
2219 4926 2398 4982 nimia
2446 4928 2804 4997 temporariae
2852 4927 3149 4981 vetustatis
3197 4925 3632 4993 consuetudine,
3692 4925 3752 4981 in

2055 5013 2252 5071 divina
2280 5022 2335 5070 et
2360 5014 2683 5085 spiritualia
2714 5014 2908 5070 minus
2933 5013 3123 5068 valent
3153 5013 3465 5068 intendere.

2125 5104 2296 5160 Vnus.
2351 5106 2435 5157 Il.
2483 5133 2552 5143 —
2599 5104 3011 5173 Applicitosque
3060 5102 3134 5154 ad
3176 5116 3230 5154 se
3271 5101 3609 5157 deosculatus
3650 5106 3748 5169 est,

2054 5195 2105 5245 et
2149 5189 2550 5260 circumplexus
2598 5191 2746 5245 dixit
2787 5190 2862 5243 ad
2904 5188 3083 5259 ﬁlium
3120 5205 3133 5243 :
3185 5191 3300 5245 Non
3348 5205 3471 5243 sum
3511 5191 3750 5257 frauda-

2055 5284 2139 5334 tus
2184 5295 2219 5333 a
2279 5285 2562 5349 conspectu
2625 5285 2759 5344 tuo;
2838 5280 3061 5347 insuper
3114 5278 3350 5333 ostendit
3412 5278 3548 5332 mihi
3614 5281 3751 5333 Deus

2053 5383 2228 5422 semen
2257 5373 2425 5422 tuum.
2463 5367 2554 5422 Ad
2580 5382 2635 5421 se
2660 5366 2926 5437 applicat,
2960 5380 3093 5422 cum
3132 5374 3188 5422 et
3217 5365 3553 5421 instantium
3601 5366 3751 5421 obli-

2056 5454 2305 5521 vionem,
2366 5463 2422 5511 et
2493 5456 2723 5524 piorum
2775 5462 3014 5511 actuum
3072 5454 3593 5522 fructiticationem,
3645 5452 3751 5511 sibi
