3904 6066
158 167 259 219 319

149 297 445 352 individue
494 297 740 367 copulat.

148 386 246 441 sed
274 386 482 441 amoris
509 384 715 440 interni
757 382 1121 439 charitudine
1178 383 1233 435 in
1270 382 1357 435 his
1409 381 1679 437 afﬁcitur.
1719 382 1847 437 Cir—

148 475 567 543 cumplectitur,
641 486 770 527 cum
854 470 1172 539 spiritualis
1245 470 1548 539 vigilantia
1631 476 1845 524 statum

149 578 321 619 suum
381 562 763 629 undecunque
812 558 1126 613 muniendo
1182 564 1506 613 contuetur.
1565 559 1684 612 Non
1729 572 1849 610 sum

134 651 360 720 inquit,
419 650 715 715 fraudatus
776 653 994 715 aspectu
1065 652 1172 704 tuo.
1234 646 1371 715 quia
1461 645 1847 715 intelligentiae

152 738 385 803 lumine,
412 745 464 791 et
518 736 718 791 notitia
768 749 881 790 non
940 748 1189 798 caream,
1246 733 1302 787 in
1350 739 1638 802 quantum
1685 732 1847 786 bonis

150 824 561 879 intentionibus
619 824 826 878 haereo.
899 826 1126 890 Insuper
1196 822 1428 875 ostendit
1496 823 1633 874 mihi
1712 824 1847 874 Deus

147 928 319 966 semen
347 918 516 976 tuum,
565 912 622 967 id
653 919 737 966 est
788 910 1098 981 perspicuae
1148 910 1302 964 illius
1353 909 1608 964 veritatis
1669 923 1848 979 quam

148 1000 206 1053 in
256 1008 306 1054 te
349 1000 605 1055 contines
644 999 916 1065 fructum,
969 999 1307 1052 intentiones
1359 997 1702 1052 intendendo
1751 1012 1845 1052 us-

150 1102 263 1157 que
295 1089 363 1143 ad
395 1087 777 1142 exhibitiones
807 1101 1066 1155 operum.

218 1176 381 1230 Vnus.
430 1178 512 1241 l2,
575 1178 654 1229 l3.
697 1206 765 1215 —
835 1178 1077 1242 Cumque
1123 1176 1331 1226 tulisset
1389 1189 1474 1227 eos
1526 1174 1722 1241 Joseph
1785 1174 1849 1226 de

147 1267 348 1330 gremio
394 1267 593 1331 patris,
644 1265 897 1317 adoravit
944 1278 1146 1331 pronus
1196 1266 1252 1316 in
1298 1268 1520 1316 terram.
1566 1264 1644 1315 Et
1663 1265 1849 1331 posuit

151 1354 415 1419 Ephraim
460 1353 533 1405 ad
562 1352 841 1406 dewteram
890 1367 1063 1417 suam,
1098 1352 1158 1403 id
1195 1356 1274 1405 est
1318 1351 1392 1403 ad
1437 1353 1722 1404 sinistram
1767 1353 1846 1404 Is-

150 1441 264 1494 rael
318 1456 331 1493 :
383 1442 687 1494 Manassem
737 1455 860 1492 vero
906 1441 963 1492 in
1016 1440 1243 1492 sinistra
1295 1453 1414 1505 sua,
1457 1439 1531 1491 ad
1569 1438 1849 1492 demteram

150 1530 349 1582 scilicet
395 1529 595 1595 patris,
654 1532 703 1581 et
750 1528 1017 1595 applicuit
1063 1526 1245 1580 ambos
1300 1525 1374 1579 ad
1441 1542 1577 1580 eum.
1641 1527 1844 1594 Joseph

150 1616 215 1669 de
267 1617 469 1680 gremio
524 1617 701 1682 patris
762 1614 904 1669 ﬁlios
967 1614 1127 1679 tollit,
1191 1627 1321 1668 cum
1383 1613 1704 1668 intellectus
1775 1615 1847 1669 ab

151 1704 364 1757 inﬁmis
410 1702 807 1757 voluntatibus
871 1702 1269 1770 operationum
1321 1700 1689 1756 intentionem
1744 1703 1849 1757 eri-

153 1792 252 1862 git.
303 1790 591 1846 Gremium
637 1804 891 1859 namque
948 1790 1113 1857 longe
1164 1788 1403 1844 inferius
1454 1790 1563 1844 sub
1627 1797 1849 1858 pectore

152 1876 403 1945 corporis
446 1878 603 1932 locus
643 1884 745 1932 est.
786 1882 916 1930 1⁸11
982 1876 1165 1931 Patris
1209 1891 1346 1947 ergo
1398 1877 1683 1947 gremium
1739 1878 1848 1933 hu-

151 1978 337 2019 manae
393 1965 706 2033 accipimus
756 1963 994 2019 rationis
1046 1971 1288 2019 motum.
1357 1965 1626 2019 Humana
1695 1967 1849 2021 enim

148 2060 233 2107 est
287 2053 452 2118 ratio,
483 2060 566 2107 est
586 2059 640 2107 et
664 2052 882 2108 divina.
943 2052 1041 2106 His
1090 2051 1331 2107 sublatis
1378 2054 1438 2105 in
1492 2056 1693 2107 terram
1721 2070 1849 2122 pro-

149 2156 251 2193 nus
278 2141 496 2205 adorat,
527 2140 666 2209 quia
697 2148 915 2210 quanto
972 2140 1156 2209 magis
1204 2154 1237 2194 a
1295 2140 1485 2195 carnis
1543 2142 1851 2210 prudentia

150 2228 406 2300 studium
449 2227 670 2294 eximit,
727 2234 883 2282 tanto
942 2228 1126 2296 magis
1171 2225 1607 2296 contemplando
1666 2229 1852 2284 subli-

153 2315 267 2370 mia
319 2329 510 2371 coratn
545 2317 657 2372 Deo
690 2315 972 2371 humilius
1014 2314 1082 2369 de
1128 2330 1187 2370 se
1234 2315 1421 2370 sentit.
1475 2316 1748 2383 Ephraim
1777 2316 1851 2369 ad

151 2405 431 2457 deuteram
476 2420 630 2458 suam
685 2405 863 2474 ponit,
912 2404 1051 2472 quia
1106 2402 1239 2458 boni
1266 2403 1454 2472 operis
1500 2403 1726 2474 frugem
1777 2404 1849 2458 ad

150 2506 304 2560 spem
335 2492 441 2547 sibi
462 2499 688 2547 zeternie
721 2490 1095 2546 beatitudinis
1120 2490 1433 2545 constituit.

223 2578 327 2633 Sed
358 2578 594 2632 dextera
622 2578 828 2645 Joseph
862 2577 931 2630 ad
962 2577 1259 2631 dexteram
1314 2577 1538 2633 Israelis
1575 2585 1658 2633 est
1710 2580 1849 2649 quia

153 2665 248 2720 illa
296 2663 1190 2733 intellectualitatisfsupremitas
1237 2664 1456 2719 intenta
1504 2665 1845 2733 coelestibus,

151 2752 466 2818 sinistrum,
498 2751 548 2806 id
577 2760 661 2807 est
693 2751 966 2807 saeculare
996 2761 1049 2806 et
1078 2751 1361 2817 ,inﬁmum
1405 2753 1649 2808 aestimat
1679 2755 1846 2824 quid-

944 136 949 141 .
1045 161 1107 214 V.
1149 161 1485 217 GUIBEBTI
1534 162 1826 216 ABBATIS
1864 162 1920 216 S.
1965 162 2207 217 MARLE
2247 122 2336 218 Dii]
2379 162 2770 217 NOVIGENTO

813 293 1190 350 Deosculatur
1235 294 1374 363 quia
1441 307 1555 348 non
1617 293 1837 361 timore,
1879 297 2063 363 Atat;
2095 302 2150 350 et
2203 295 2356 364 quod
2404 294 2702 349 sinistrum
2759 302 3004 362 aeterna,
3061 295 3327 364 praesenti
3380 295 3654 350 dextrum

3548 167 3654 219 320

1958 383 2154 452 abjicit
2181 390 2234 437 et
2260 383 2491 438 refutat.

2030 471 2198 526 Vnus.
2236 475 2318 536 15,
2374 475 2452 525 16.
2500 499 2573 511 -
2598 471 2990 538 Benedixitque
3039 473 3236 539 .loseph
3290 472 3401 535 ﬁlio
3441 488 3536 525 suo
3569 476 3653 538 “et,

1956 560 2038 612 ait
2079 574 2091 611 :
2141 561 2295 625 Deus,
2358 561 2414 610 in
2467 560 2621 626 cujus
2675 564 2953 625 conspectu
3000 559 3411 611 ambulaverunt
3466 563 3658 626 patres

1957 649 2060 701 mei
2094 648 2383 700 Abraham
2411 652 2460 700 et
2490 647 2672 709 Isaac,
2717 651 2871 710 Deus,
2906 649 3001 714 qui
3019 650 3195 714 pascit
3234 663 3314 700 me
3362 640 3429 699 ab
3479 647 3659 700 adole-

1954 740 2160 790 scentia
2210 752 2326 789 mea
2374 752 2540 803 usque
2587 738 2645 789 in
2694 741 3010 803 prasentem
3059 735 3221 795 diem,
3267 736 3511 801 angelus,
3559 737 3659 803 qui

1956 827 2158 893 eripuit
2189 839 2271 877 me
2296 823 2360 876 de
2390 825 2592 877 cunctis
2636 825 2814 887 malis,
2870 822 3147 881 benedicat
3187 824 3370 890 pueris
3411 823 3554 885 istis,
3604 826 3659 873 et

1956 917 2231 967 invocetur
2260 929 2423 981 super
2453 929 2536 965 eos
2575 929 2763 966 nomen
2817 918 2986 979 tuum,
3031 914 3249 965 nomina
3293 926 3501 978 quoque
3555 925 3658 977 pa-

1959 1010 2103 1056 trum
2130 1017 2364 1054 meorum
2404 1002 2682 1055 Abraham
2712 1006 2762 1054 et
2792 1002 2961 1062 Isaac,
2994 1005 3044 1053 et
3090 1004 3328 1052 crescant
3364 1000 3421 1051 in
3467 999 3657 1050 multi-

1960 1091 2145 1143 tudine
2172 1105 2334 1157 super
2372 1095 2589 1142 terram.
2640 1090 2981 1155 Benedictio,
3037 1086 3527 1156 multiplicationis
3573 1093 3660 1140 est

1959 1179 2305 1246 imprecatio.
2356 1179 2561 1246 Joseph
2628 1185 2838 1244 autem,
2895 1178 2950 1231 id
3002 1184 3085 1231 est
3150 1160 3518 1240 intellectuin,
3574 1186 3662 1228 ra-

1961 1266 2127 1320 tionis
2158 1266 2402 1320 dicimus
2432 1265 2634 1332 ﬁlium,
2664 1266 2803 1334 quia
2848 1280 2962 1319 non
3010 1279 3081 1319 ex
3129 1263 3420 1318 intellectu
3481 1261 3657 1317 ratio-

1960 1368 2109 1419 nem,
2140 1354 2234 1407 sed
2278 1368 2351 1408 ex
2392 1354 2609 1407 ratione
2647 1353 2946 1422 procedere
2977 1352 3241 1406 novimus
3283 1349 3655 1404 intellectum.

1967 1442 2128 1501 Deus,
2181 1440 2388 1510 inquit,
2440 1441 2500 1494 in
2540 1441 2709 1510 cujus
2763 1440 2969 1508 placito
3023 1439 3196 1509 (quod
3237 1438 3391 1494 enim
3450 1437 3654 1507 placet,

1958 1543 2077 1598 prae
2122 1528 2304 1583 oculis
2355 1529 2567 1583 habere
2615 1528 2908 1595 volumus)
2967 1527 3237 1596 proﬁcere
3302 1526 3658 1581 studuerunt

1961 1625 2199 1687 paterna
2231 1616 2514 1671 interioris
2560 1616 2805 1671 hominis
2854 1615 3112 1687 gentium
3164 1614 3441 1680 custodia,
3496 1612 3655 1682 quod

1959 1706 2345 1760 estAbrrzham
2392 1711 2443 1757 et
2493 1689 2664 1769 Isaac,
2721 1718 2849 1773 spes
2900 1703 3111 1759 scilicet
3166 1702 3364 1773 gaudii
3417 1700 3660 1756 cinlestis

1960 1800 2134 1862 atque
2164 1792 2376 1847 lzetitia.
2409 1794 2569 1857 Deus,
2595 1792 2693 1862 qui
2717 1807 2751 1846 a
2781 1798 3054 1861 provectu
3080 1790 3454 1846 exolescentis
3476 1789 3657 1843 animi

1959 1881 2291 1936 constantiae
2344 1894 2451 1935 sua
2506 1879 2891 1935 consolatione
2942 1893 3030 1933 me
3083 1879 3284 1945 nutrit,
3344 1892 3532 1947 usque
3598 1876 3657 1932 in

1960 1969 2115 2024 illius
2146 1969 2248 2038 qui
2276 1983 2496 2038 semper
2526 1982 2774 2037 priesens
2803 1976 2885 2022 est
2927 1967 3037 2022 diei
3071 1982 3159 2021 me
3207 1965 3468 2021 ducendo
3515 1979 3660 2019 con-

1960 2056 2406 2126 templationem.
2439 2058 2679 2123 Angelus
2724 2055 2905 2110 divini
2943 2053 3179 2123 eloquii,
3237 2054 3407 2123 cujus
3454 2050 3661 2107 nuntio

1960 2144 2029 2199 de
2053 2144 2277 2199 cunctis
2310 2144 2519 2213 peccati
2546 2144 2758 2213 eripior
2795 2142 3187 2208 incommodis,
3223 2156 3323 2211 per
3355 2141 3445 2196 sui
3479 2140 3660 2209 ipsius

1958 2231 2339 2298 efﬁcientiam,
2392 2239 2447 2286 et
2493 2231 2952 2300 adimpletionem
3002 2230 3339 2299 multiplicet
3386 2227 3658 2297 propositi

1958 2321 2289 2383 novitatem,
2345 2319 2681 2374 instantium
2728 2319 2989 2373 videlicet
3039 2317 3405 2383 oblivionem,
3465 2323 3519 2369 et
3574 2316 3659 2369 fu-

1958 2416 2105 2463 turae
2125 2409 2239 2476 spei
2270 2408 2767 2463 fructiﬁcationem
2792 2415 2846 2462 et
2888 2405 3145 2475 perpetui
3187 2404 3436 2459 sentiant
3486 2403 3657 2458 intel-

1960 2496 2322 2552 lectualitatis
2395 2496 2677 2565 augendae
2755 2495 3018 2550 desiderii
3094 2492 3543 2560 invocationem;
3603 2498 3659 2546 et

1959 2592 2220 2640 crescant
2245 2583 2571 2639 devotiones
2604 2584 2841 2638 internae
2885 2582 2942 2636 in
2993 2581 3190 2637 multis
3239 2580 3536 2636 effectibus
3583 2580 3652 2634 ad

1960 2672 2268 2739 corporalis
2293 2671 2547 2727 exercitii
2583 2671 2963 2741 superﬁciem.

2029 2758 2198 2814 Vnus.
2248 2763 2329 2812 17.
2365 2789 2433 2799 -
2486 2759 2687 2813 Videas
2742 2762 2920 2811 autem
2968 2758 3163 2825 Joseph
3203 2755 3348 2824 quod
3390 2756 3659 2824 posuisset

152 2840 294 2910 quid
346 2840 405 2894 in
446 2840 737 2906 humanis,
792 2840 1015 2898 etiamsi
1071 2840 1448 2908 spiritualiter
1517 2855 1716 2909 sapere
1762 2842 1846 2896 vi-
1886 2854 1925 2909 c
1953 2851 2113 2916 pater
2149 2861 2278 2899 suus
2327 2847 2606 2901 demteram
2651 2862 2872 2901 manum
2919 2861 3082 2913 super
3142 2848 3306 2913 caput
3356 2844 3652 2913 Ephraim,

153 2929 417 2992 deantur,
480 2935 746 2983 versatur
825 2927 1373 2983 ratiocinationibus.
1446 2929 1633 2997 Ipsam
1697 2930 1851 2985 enim

151 3015 647 3084 contemplationis
710 3015 1073 3071 dulcedinem
1131 3030 1262 3070 cum
1313 3016 1478 3087 gravi
1528 3016 1850 3072 vanitatum

148 3106 409 3161 molestia
458 3113 899 3175 praegustamus.
955 3105 1279 3175 Antequam
1326 3106 1476 3162 enim
1537 3105 1853 3163 intellectus

151 3194 430 3259 comedat,
461 3193 698 3261 spiritus
735 3193 1006 3261 suspirat.
1062 3196 1176 3262 ipsi
1218 3208 1439 3263 nempe,
1488 3195 1567 3250 ait
1608 3199 1852 3265 Aposto-

151 3282 264 3343 lus,
314 3284 592 3351 primitias
648 3281 879 3350 spiritus
929 3282 1180 3336 habentes
1236 3284 1387 3335 intra
1446 3298 1540 3337 nos
1580 3285 1852 3349 lgemimus

151 3369 320 3440 (Rom.
361 3384 483 3433 vnn,
520 3372 633 3441 23).
675 3371 959 3425 Manasses
990 3369 1048 3424 in
1088 3370 1321 3424 sinistra
1362 3370 1699 3437 intellectus,
1754 3372 1851 3426 sed

149 3458 221 3513 ad
280 3457 576 3513 deXteram
635 3457 893 3522 rationis,
963 3459 1102 3527 quia
1170 3458 1553 3513 materialium
1617 3458 1847 3525 oblivio,

150 3546 271 3601 sine
302 3560 420 3616 qua
454 3546 640 3601 virtus
672 3560 787 3600 non
839 3546 1051 3601 eminet
1090 3546 1515 3615 speculationis,
1546 3561 1723 3602 causa
1769 3555 1853 3603 est

152 3634 306 3703 apud
329 3634 491 3689 illum
538 3633 828 3689 durissimi
871 3634 1114 3703 laboris;
1166 3633 1268 3704 qui
1318 3641 1506 3689 tamen
1550 3635 1713 3690 labor
1754 3649 1852 3690 ra—

149 3722 291 3776 tioni
349 3722 568 3777 occasio
618 3730 702 3775 est
762 3722 1269 3790 perspicacissimm
1337 3723 1396 3777 in
1472 3724 1852 3779 discernendo

150 3810 474 3879 spiritualia
503 3810 813 3879 dignitatis.
847 3810 1060 3865 Ambos
1085 3824 1221 3880 ergo
1282 3811 1353 3865 ad
1402 3826 1534 3867 eum
1586 3812 1851 3882 applicat,

152 3898 386 3967 quando
432 3905 703 3965 utraque,
745 3897 866 3951 sine
912 3897 1126 3965 quibus
1183 3898 1263 3952 nil
1312 3898 1576 3964 efﬁcitur,
1608 3899 1853 3969 gintelli-

151 3985 355 4056 gentiae
390 3984 471 4038 vis
499 3984 776 4038 desiderio
831 3985 1067 4039 rationis
1100 3985 1358 4040 associat.

223 4075 383 4128 Vnus.
444 4072 526 4126 14,
575 4100 645 4111 -
674 4072 779 4136 Qui
805 4072 1093 4125 extendens
1141 4088 1360 4126 manum
1393 4073 1692 4139 dexteram,
1752 4092 1855 4143 po—

150 4163 264 4217 suit
292 4174 453 4229 super
474 4165 637 4227 caput
675 4160 950 4227 Ephraim
993 4160 1236 4228 junioris
1285 4163 1514 4229 fratris;
1566 4142 1849 4218 sinistram
1880 4142 1931 4199 ἶ)

153 4254 331 4303 autem
391 4262 557 4316 super
609 4253 772 4315 caput
823 4238 1090 4314 Manasse,
1152 4251 1249 4317 qui
1292 4250 1471 4317 major
1517 4255 1651 4304 natu
1713 4256 1848 4317 erat,

153 4340 483 4392 commutans
540 4350 754 4389 manus.
814 4335 1088 4391 Extendit
1131 4352 1369 4402 manum,
1419 4352 1553 4392 cum
1617 4338 1854 4408 spiritus

151 4425 391 4480 internae
465 4423 818 4479 fortitudinis
912 4425 1174 4493 provehit
1240 4426 1599 4481 exercitium.
1682 4430 1856 4496 Caput

152 4515 436 4582 Ephraim,
493 4512 588 4568 cui
642 4512 847 4567 dextra
905 4513 1337 4582 superponitur,
1398 4515 1520 4584 ipsa
1577 4515 1857 4570 Divinitas

153 4609 256 4668 est,
282 4614 316 4656 a
345 4615 462 4670 qua
492 4614 559 4654 ac
582 4600 627 4654 si
659 4599 726 4654 de
758 4599 941 4669 capite
976 4601 1180 4670 pendet
1221 4603 1393 4657 totius
1437 4611 1642 4658 nostrae
1692 4603 1854 4658 boum

155 4689 391 4745 actionis
437 4687 700 4756 eil'ectus;
758 4703 933 4757 super
987 4703 1104 4757 qua
1154 4690 1326 4745 etiam
1378 4690 1617 4760 spiritus
1677 4691 1856 4746 nostri

156 4792 283 4846 spes
343 4786 399 4832 et
465 4776 759 4833 beatitudo
813 4777 1113 4831 fundatur.
1174 4777 1417 4833 Sinistra
1467 4794 1630 4848 super
1692 4784 1857 4847 caput

156 4868 424 4931 Manusse,
469 4865 611 4935 quia
637 4872 753 4919 tota
783 4865 1162 4919 tentationum
1225 4866 1561 4934 adversitas,
1613 4866 1857 4922 caelestis

154 4951 350 5022 gloriae
384 4952 696 5012 altitudini,
732 4966 862 5020 quae
890 4952 1195 5008 oblivionis
1225 4954 1594 5023 praesentium
1630 4969 1858 5010 summa

154 5048 209 5094 et
238 5040 497 5108 capitalis
538 5038 780 5094 intentio
817 5046 920 5105 est,
973 5039 1257 5096 innititur.
1318 5042 1593 5109 Ephraim
1636 5042 1854 5111 junior,

156 5128 446 5185 Manasses
500 5127 684 5196 major
710 5135 851 5182 natu
898 5127 1130 5196 dicitur,
1158 5129 1297 5198 quia
1358 5129 1520 5197 prius
1567 5129 1858 5185 szecularis

156 5213 435 5269 memoria
517 5213 793 5284 rejieitur,
881 5222 943 5269 ut
1018 5216 1246 5270 aeternis
1319 5216 1859 5274 fructiﬁcationibus

160 5301 363 5357 deinde
397 5300 714 5355 insistatur.
740 5303 935 5355 Manus
977 5317 1114 5373 ergo
1144 5312 1479 5373 commutat,
1531 5307 1667 5361 dum
1703 5307 1860 5376 quod

160 5389 432 5445 dextrum
464 5388 731 5459 praesenti
775 5397 881 5455 est,
909 5396 1137 5447 aeternae
1161 5393 1295 5449 vitae
1329 5393 1627 5450 sinistrum
1671 5395 1857 5464 depu-

1960 2934 2202 2998 graviter
2229 2936 2526 3001 aceepit,et
2546 2935 2940 3002 apprehensum
2988 2948 3208 2985 manum
3250 2934 3429 3000 patris
3478 2932 3659 2985 levare

1960 3024 2181 3073 conatus
2229 3026 2306 3074 est
2354 3022 2419 3075 de
2471 3024 2648 3090 capite
2704 3021 2992 3090 Ephraim,
3036 3026 3086 3074 et
3145 3022 3445 3086 transferre
3497 3034 3661 3087 super

1961 3114 2123 3177 caput
2173 3111 2445 3164 Manasse.
2510 3109 2837 3164 Intellectus
2885 3109 3025 3163 dum
3073 3107 3314 3163 attendit
3357 3106 3659 3177 aliquoties

1962 3197 2238 3251 rationem
2273 3198 2352 3252 sic
2384 3196 2570 3266 potius
2607 3197 2866 3252 studium
2896 3210 3066 3250 suum
3102 3195 3267 3249 bonis
3317 3209 3447 3264 quae
3492 3207 3655 3249 exer-

1959 3293 2046 3340 cet
2068 3286 2293 3341 actibus
2333 3285 2679 3354 impendere,
2720 3292 2784 3339 ut
2816 3284 2886 3338 ad
2932 3282 3427 3351 contemplationis
3472 3281 3656 3336 subti-

1960 3372 2196 3439 litatem,
2253 3374 2407 3442 quod
2453 3381 2536 3428 est
2585 3372 3055 3441 corporalitatum
3119 3370 3351 3437 oblivio,
3404 3368 3659 3440 negligat

1960 3474 2287 3531 assurgere;
2322 3475 2473 3531 aegre
2504 3461 2720 3529 patitur
2751 3459 3160 3515 hebetudinem
3207 3458 3465 3522 rationis,
3504 3456 3658 3512 unde

1959 3555 2014 3601 et
2043 3547 2223 3617 ipsam
2269 3548 2584 3615 dexteram,
2620 3547 2676 3602 id
2707 3555 2790 3603 est
2830 3546 3116 3603 interioris
3162 3546 3412 3601 hominis
3449 3553 3658 3614 poten-

1962 3635 2120 3700 tiam,
2173 3636 2244 3690 ab
2296 3636 2618 3690 extrinseca
2679 3648 2820 3689 cura
2869 3632 3240 3703 restringens,
3302 3631 3371 3686 de
3427 3630 3658 3701 capitali

1960 3722 2308 3778 actualitatis
2337 3723 2650 3777 intentione
2680 3722 2903 3777 elevare
2943 3719 3147 3775 nititur
3193 3719 3264 3774 ad
3315 3719 3488 3774 totius
3530 3732 3658 3774 ma-

1961 3810 2281 3866 terialitatis
2305 3810 2800 3866 oblitterationem.
2848 3807 3045 3877 Capita
3086 3821 3336 3876 namque
3369 3806 3658 3876 principa-

1961 3898 2176 3953 litatem
2250 3898 2475 3964 mentis,
2554 3912 2685 3967 quae
2737 3904 2824 3951 est
2890 3895 3250 3961 intentiones,
3310 3894 3655 3965 signiﬁcant.

1963 3986 2153 4054 (Vens.
2188 3986 2291 4055 18).
2346 3989 2461 4041 Non
2491 3989 2593 4051 ita,
2627 3984 2839 4055 inquit,
2880 3986 3141 4047 convenit,
3174 3988 3351 4051 pater,
3394 3985 3527 4053 quia
3572 3984 3658 4037 hic

1961 4079 2039 4127 est
2076 4076 2488 4141 primogenitus,
2549 4088 2686 4140 pone
2743 4072 3024 4125 dexteram
3082 4075 3232 4124 tuam
3297 4086 3463 4140 super
3497 4075 3659 4139 caput

1960 4159 2095 4229 ejus.
2130 4159 2581 4230 Primogenitum
2618 4168 2802 4224 vocat,
2844 4158 2933 4213 vel
2965 4156 3103 4227 quia
3136 4157 3306 4213 homo
3358 4172 3473 4212 non
3516 4156 3659 4211 fora-

1962 4248 2115 4303 sticae
2148 4238 2653 4316 administrationi,
2690 4248 2786 4302 sed
2814 4245 3023 4302 divinae
3055 4245 3246 4314 potius
3282 4244 3492 4301 visioni
3521 4258 3656 4300 con-

1961 4337 2115 4391 ditus
2174 4344 2276 4402 est,
2342 4337 2431 4391 vel
2473 4336 2611 4404 quia
2658 4335 2889 4405 dignior
2933 4341 3016 4389 est
3077 4333 3412 4403 speculatio,
3479 4326 3657 4402 quam

1961 4424 2286 4481 communis
2337 4424 2439 4479 etsi
2483 4423 2631 4478 bona
2680 4423 2846 4477 actio.
2910 4423 3041 4477 Haec
3083 4430 3168 4477 est
3214 4421 3430 4491 optima
3464 4420 3657 4476 Mariae

1963 4514 2144 4582 portio
2175 4510 2326 4579 (Luc.
2384 4528 2434 4577 x,
2477 4513 2592 4578 43).
2640 4510 2787 4566 Huic
2823 4523 2979 4580 ergo,
3013 4508 3223 4578 inquit,
3270 4508 3512 4564 admove
3559 4521 3656 4577 po-

1962 4602 2245 4657 tissimum
2277 4608 2390 4655 tuae
2414 4599 2655 4668 lvirtutis
2682 4598 3053 4668 diligentiam.

2033 4690 2202 4745 VERS.
2240 4691 2324 4755 19,
2384 4690 2470 4741 20.
2523 4716 2595 4727 —
2650 4688 2754 4753 Qui
2809 4702 3058 4752 renuens,
3096 4687 3224 4739 ait:
3260 4687 3398 4751 Scio,
3446 4687 3531 4753 ﬁli
3559 4687 3654 4751 mi,

1961 4781 2086 4838 scio,
2119 4781 2169 4830 et
2197 4780 2297 4831 iste
2343 4776 2561 4846 quidem
2589 4777 2693 4830 erit
2722 4778 2780 4829 in
2807 4777 3055 4843 populos,
3099 4780 3149 4828 et
3168 4774 3652 4841 multiplicabitur;

1961 4866 2055 4920 sed
2087 4867 2276 4931 frater
2332 4880 2449 4933 ejus
2490 4863 2706 4934 junior,
2760 4864 2940 4931 major
2989 4868 3112 4929 erit,
3172 4868 3223 4915 et
3278 4877 3454 4916 semen
3505 4863 3657 4917 illius

1962 4960 2155 5009 crescet
2198 4955 2256 5006 in
2308 4959 2506 5021 gentes.
2555 4950 2946 5018 Benediwttque
3002 4953 3077 5003 eis
3126 4951 3185 5002 in
3239 4952 3358 5017 ipso
3406 4954 3658 5018 tempore,

1963 5043 2197 5096 dicens:
2246 5043 2307 5095 In
2365 5047 2414 5095 te
2472 5040 2812 5094 benedicatur
2868 5039 3058 5092 Israel.
3120 5037 3353 5101 Renuit,
3407 5044 3463 5093 et
3519 5038 3663 5093 scire

1965 5129 2198 5199 quidem
2225 5128 2351 5199 ejus
2379 5129 2694 5197 primatum
2724 5141 2783 5182 se
2824 5125 3045 5193 asserit,
3072 5133 3126 5181 et
3152 5124 3473 5195 quamdam
3515 5124 3665 5181 inter

1966 5218 2227 5273 inanium
2266 5217 2675 5288 cogitationum
2703 5215 2946 5285 populos
2994 5213 3403 5284 speculationis
3462 5212 3662 5284 singu-

1966 5306 2141 5361 larem
2177 5306 2419 5361 attendit
2459 5305 2785 5367 essentiam,
2833 5303 3237 5371 virtutumque
3289 5301 3416 5373 ejus
3458 5301 3666 5357 exube-

1966 5393 2236 5461 rantiam,
2299 5393 2395 5449 sed
2461 5392 2643 5448 active
2706 5391 2981 5463 majorem
3054 5389 3301 5446 aestimat
3351 5388 3664 5460 aliquando
