3904 6066
199 261 296 313 321

1410 257 1773 314 MORALIUM
1812 259 1882 313 ΙΝ
1921 257 2224 314 GENESIN
2268 257 2398 314 LIB.
2431 259 2496 314 Χ.

3599 267 3702 318 322

199 388 435 444 animus
480 387 804 454 utilitatem,
841 401 972 458 quae
1022 386 1220 443 multis
1268 387 1529 456 prodesse
1576 387 1890 457 delegerit;
1932 395 1978 445 Α
2013 388 2332 444 ternitatem
2382 389 2782 458 experiamini,
2831 389 2926 446 cui
2973 404 3055 446 εει
3096 405 3229 447 cum
3279 392 3391 447 Deo
3429 393 3546 463 jam
3599 408 3697 462 per

197 477 372 546 cujus
413 491 628 541 semen,
676 476 727 530 id
781 485 864 530 est
895 476 1224 545 exemplum
1257 478 1442 546 operis
1489 477 1545 530 in
1579 478 1894 532 multorum

199 565 540 620 innumeras
602 565 1011 619 aediﬁcationes
1054 567 1358 634 propagari
1407 574 1602 634 utpote
1651 565 1894 620 imitabi-

199 653 316 708 lius
363 653 586 722 poterit.
641 653 787 707 Huic
837 654 1029 707 sensui
1096 659 1235 706 ηαδ
1267 653 1630 722 querimonia
1662 653 1897 708 Martiae

199 741 270 796 ad
305 741 615 796 Dominum
667 741 982 796 laborantis
1031 740 1087 795 in
1138 742 1453 811 Evangelio
1495 743 1775 796 adversus
1804 756 1888 796 so-

198 843 386 884 rorem
418 829 666 884 concinit
694 830 846 896 (Luc.
896 843 950 894 x,
986 829 1096 896 41).
1132 829 1419 885 Benedit-it
1467 838 1654 885 tamen
1706 829 1786 884 eis
1837 830 1916 897 in_

199 917 323 986 ipso
355 925 624 986 tempore,
673 916 812 970 dum
865 915 1239 984 multiplicari
1297 916 1354 970 in
1389 918 1650 986 utrisque
1684 918 1898 986 appetit

199 1005 260 1059 in
325 1006 430 1060 hoc
484 1006 680 1060 eodem
757 1013 911 1060 statu
995 1004 1469 1059 considerationis
1523 1019 1662 1060 suae.
1727 1007 1892 1072 Licet,

200 1093 413 1162 inquit,
466 1093 852 1162 plurimorum
899 1093 1204 1147 actualitas
1252 1093 1638 1148 emolumento
1685 1093 1893 1160 valeat,

199 1182 382 1236 fateor
413 1189 601 1236 tamen
634 1182 789 1250 quod
821 1181 878 1235 in
927 1189 997 1247 te,
1047 1196 1080 1235 ο
1133 1181 1608 1247 intellectualitas,
1657 1181 1898 1236 internae

200 1267 611 1324 benedictionis
642 1266 1033 1336 principalitas
1075 1267 1389 1326 consistat:
1433 1268 1617 1322 virtus
1647 1280 1898 1336 namque

196 1357 428 1412 Israelis
457 1371 556 1426 per
587 1364 658 1424 te,
712 1357 766 1411 id
815 1364 898 1412 est
948 1355 1206 1424 rationis,
1239 1355 1540 1422 exuberat,
1573 1363 1628 1410 et
1661 1356 1784 1410 ideo
1810 1355 1901 1410 di-

196 1453 398 1502 cetur:
431 1447 623 1499 Faciat
665 1446 767 1498 tibi
819 1448 963 1500 Deus
1006 1447 1148 1498 sicut
1197 1447 1482 1513 Ephraim,
1530 1449 1580 1498 et
1608 1447 1748 1498 sicut
1778 1445 1898 1498 Ma-

196 1549 376 1596 nasse,
410 1532 509 1588 tibi
539 1532 822 1599 videlicet,
866 1547 899 1588 o
943 1532 1202 1601 spiritus,
1254 1531 1528 1586 fulciatur
1577 1531 1902 1586 animalitas

199 1621 349 1677 sicut
403 1619 566 1688 adipe
619 1627 674 1674 et
751 1619 1121 1688 pinguedine,
1201 1617 1450 1686 profecto
1500 1617 1898 1672 fructilicando

196 1709 456 1764 exterius
511 1709 568 1762 in
625 1707 997 1772 exhibitione,
1067 1715 1122 1762 et
1204 1706 1500 1760 imbuatur
1555 1705 1898 1760 intrinsecus

199 1798 402 1867 gratiae
435 1810 606 1852 succo
633 1796 890 1850 omnium
920 1808 954 1847 a
985 1801 1172 1850 mente
1218 1793 1530 1848 visibilium
1567 1792 1896 1847 abolitione.

273 1882 673 1948 Constituilque
727 1881 992 1948 Ephraim
1043 1887 1168 1931 ante
1231 1882 1530 1944 Manassen,
1598 1876 1738 1946 quia
1793 1891 1900 1931 ne—

198 1984 356 2026 cesse
403 1976 488 2023 est
543 1968 708 2022 bonis
765 1968 926 2036 prius
969 1968 1194 2022 actibus
1244 1967 1536 2031 insudare,
1587 1974 1897 2034 antequam

197 2057 590 2126 corporalium
656 2055 937 2125 imagines
997 2055 1226 2109 valeant
1291 2053 1575 2109 eliminari
1623 2067 1658 2106 a
1710 2053 1897 2108 corde.

200 2146 396 2214 (Vens.
447 2144 563 2211 2i.)
605 2147 710 2211 En,
736 2144 946 2214 inquit,
977 2147 1195 2209 morior,
1249 2148 1299 2196 et
1341 2145 1445 2196 erit
1495 2145 1756 2196 Dominus
1801 2157 1902 2195 vo-

200 2236 429 2300 biscum,
463 2234 784 2300 reducetque
833 2247 924 2286 vos
965 2232 1039 2285 ad
1088 2237 1287 2284 terram
1330 2237 1551 2298 patrum
1580 2235 1897 2283 vestrorum.

199 2325 286 2376 En
317 2335 420 2390 per
464 2320 829 2376 continentiae
861 2319 1133 2385 fructum,
1181 2326 1236 2374 et
1285 2332 1478 2373 rerum
1512 2316 1903 2373 tractabilium

199 2408 643 2478 despectionem,
677 2407 1054 2464 saecularibus
1099 2406 1397 2462 desideriis
1426 2406 1674 2468 morior;
1715 2413 1769 2460 et
1799 2405 1898 2470 sic,

200 2512 235 2552 o
281 2496 600 2566 spiritualis
647 2504 857 2560 motus,
912 2494 1178 2550 abscissis
1227 2494 1530 2550 allectibus
1578 2494 1781 2548 alienis
1809 2493 1902 2548 di-

203 2586 380 2640 vinus
409 2584 794 2640 eommanebit
835 2597 997 2639 amor
1045 2584 1227 2651 vobis,
1275 2583 1376 2653 qui
1425 2598 1526 2638 vos
1575 2583 1804 2637 reducet
1830 2581 1939 2636 ad-

203 2680 420 2728 terram
451 2673 752 2727 soliditatis
781 2679 1029 2736 aeternae,
1083 2685 1258 2741 quam
1308 2671 1576 2726 amisistis
1632 2670 1687 2724 in
1723 2670 1898 2740 patri-

205 2761 319 2816 bus
367 2761 585 2830 primis.
628 2759 874 2829 Spiritus
921 2759 1072 2814 enim
1123 2767 1378 2824 sanctus,
1426 2759 1528 2828 qui
1585 2772 1750 2813 amor
1795 2764 1899 2823 est,

204 2848 449 2903 deducet
494 2861 599 2902 nos
630 2849 690 2902 in
747 2855 957 2903 terram
1005 2855 1238 2902 rectam.
1293 2847 1485 2916 (Vens.
1536 2847 1648 2917 '22.)
1696 2849 1776 2900 Do
1805 2848 1907 2899 tibi

203 2942 418 3006 partem
446 2951 612 2989 unam
641 2941 799 2988 extra
841 2937 1047 3001 fratres
1098 2940 1235 3002 tuos,
1287 2949 1452 3002 quam
1497 2935 1602 2988 tuli
1647 2935 1712 2987 de
1740 2949 1904 2988 manu
1943 2975 1982 3028 Ο

205 3025 520 3078 Amorrltavi
559 3027 617 3076 in
642 3023 830 3088 gladio
861 3029 911 3077 et
937 3039 1070 3077 arcu
1098 3038 1230 3076 meo.
1268 3023 1406 3077 Pars
1436 3021 1541 3078 ista
1581 3036 1710 3092 quae
1735 3029 1902 3076 extra

205 3112 412 3166 fratres
437 3112 643 3180 Ioseph
695 3111 889 3177 datur,
947 3111 1195 3181 cognitio
1250 3110 1577 3165 Divinitatis
1630 3117 1738 3178 est,
1770 3124 1900 3180 quae

203 3214 320 3254 non
347 3199 648 3255 oculorum
680 3199 908 3267 visioni,
963 3214 1080 3253 non
1125 3199 1583 3254 extrinseeorum
1625 3211 1901 3252 sensuum

205 3287 334 3349 ulli,
369 3301 484 3341 non
511 3285 907 3356 imaginationi
949 3285 1385 3356 cogitationum,
1418 3300 1530 3340 non
1564 3284 1900 3341 interiorum

205 3373 515 3428 habituum
563 3374 684 3439 ulli,
717 3373 988 3442 quamvis
1040 3373 1529 3439 ratiocinantium,
1565 3372 1666 3428 soli
1702 3380 1905 3442 praeter

204 3460 310 3514 hos
353 3473 550 3514 omnes
595 3459 1068 3515 intellectualitati
1125 3461 1483 3516 attribuitur.
1533 3461 1906 3516 Amorrbaeus

207 3547 327 3616 ipse
357 3547 571 3602 dicitur
607 3550 938 3615 amaricans,
988 3550 1280 3603 carnalem
1337 3547 1565 3617 spiritui
1616 3548 1907 3604 infensum

206 3635 480 3691 allectum
513 3636 818 3705 significat,
855 3636 924 3691 de
963 3637 1132 3706 cujus
1165 3650 1364 3704 manu,
1411 3636 1466 3691 id
1496 3645 1579 3691 est
1613 3643 1903 3705 potestate,

206 3732 264 3780 et
293 3732 446 3788 actu,
483 3724 662 3778 divini
715 3725 1005 3780 subtilitas
1056 3725 1289 3792 amoris,
1348 3739 1414 3780 ac
1475 3724 1521 3780 si
1570 3738 1797 3794 gemma
1838 3725 1908 3780 de

207 3811 495 3878 sordibus,
546 3812 736 3882 gladio
774 3812 1150 3879 discretionis,
1192 3821 1248 3868 et
1296 3813 1533 3882 superni
1581 3826 1722 3868 arcu
1754 3812 1910 3867 timo-

207 3901 310 3964 ris,
348 3899 556 3955 alacie
600 3899 768 3969 cujus
818 3907 881 3956 ut
928 3900 1112 3971 fugiat
1162 3901 1270 3956 sibi
1317 3901 1656 3970 signiﬁcatio
1711 3900 1905 3968 datur,

208 3989 596 4046 sollicitudine
624 3988 866 4043 rationis
901 3988 1163 4057 eripitur.

855 4075 1087 4131 CAPUT
1126 4075 1326 4130 XLIX.

283 4166 453 4222 Vens.
492 4168 541 4232 l,
584 4167 634 4219 2.
664 4194 733 4204 —
787 4167 1007 4219 Vocavit
1059 4170 1236 4218 autem
1281 4162 1444 4216 Jacob
1485 4163 1626 4230 ﬁlios
1673 4178 1816 4232 suos,
1859 4167 1909 4216 et

207 4257 293 4308 ait
346 4257 460 4308 eis:
542 4254 959 4321 Congregamini
1016 4257 1076 4306 ut
1125 4253 1438 4305 annuntiem
1496 4266 1614 4319 qua:
1677 4256 1912 4306 ventura

209 4348 340 4398 sunt
367 4343 517 4396 vobis
539 4343 729 4395 diebus
757 4343 1085 4395 novissimis.
1133 4341 1569 4406 Congregamini,
1600 4345 1650 4392 et
1699 4340 1910 4401 audite.

208 4431 525 4500 ﬁtiiJacob,
559 4430 746 4483 audite
791 4429 970 4483 Israel
1016 4433 1232 4497 patrem
1282 4432 1538 4481 vestrum.
1571 4427 1733 4481 Jacob
1769 4429 1912 4496 ﬁlios

209 4525 400 4584 vocat,
461 4531 596 4572 cum
655 4516 1070 4588 cogitationum
1145 4515 1559 4586 dispersionem
1643 4529 1744 4584 per
1786 4513 1914 4583 ejus

212 4620 389 4676 quem
419 4605 693 4674 pra-misit
741 4618 913 4660 arcus
962 4603 1380 4673 providentiam
1430 4603 1572 4657 ratio
1621 4602 1916 4672 restringit

209 4702 270 4749 et
297 4693 519 4762 alligat.
556 4691 723 4746 Hunc
771 4700 964 4747 autem
1017 4704 1218 4746 arcum
1274 4704 1446 4745 suum
1487 4690 1753 4758 superius
1778 4690 1915 4745 dicit

211 4783 356 4852 quia
383 4781 511 4850 ejus
536 4780 643 4836 sibi
693 4794 887 4847 usum,
919 4787 974 4835 et
1020 4780 1426 4835 exercitionem
1471 4779 1790 4848 specialiter
1819 4779 1913 4833 in-

210 4867 372 4924 dicit.
429 4868 518 4923 Ad
565 4868 825 4935 rationis,
887 4867 1096 4938 inquit,
1151 4867 1344 4924 sinum
1391 4869 1546 4922 visco
1587 4881 1689 4922 VUS
1734 4865 1912 4920 divini

211 4964 406 5012 metus
437 4956 792 5011 unanimiter
821 4956 1026 5026 cogite,
1053 4963 1116 5012 ut
1140 4955 1386 5025 singulis
1418 4955 1623 5011 mentis
1667 4955 1914 5010 motibus

211 5043 554 5100 denuntiem
603 5058 734 5113 quze
780 5043 1011 5098 valeant
1055 5043 1317 5110 fortunae,
1369 5043 1454 5098 vel
1507 5042 1819 5098 infortunia
1855 5042 1914 5097 in

212 5131 492 5186 extremis
521 5129 766 5194 dierum,
796 5130 850 5184 id
893 5139 977 5185 est
1006 5129 1289 5185 virtutum
1321 5130 1682 5185 successibus
1713 5144 1912 5198 prove-

213 5221 362 5274 nire.
410 5220 845 5289 Congregamini,
890 5218 1030 5288 quia
1081 5219 1138 5271 in
1193 5217 1426 5272 dissidio
1479 5226 1534 5272 et
1579 5217 1915 5287 evagatione

212 5322 536 5377 nusquam,
573 5319 685 5360 vox
714 5306 911 5360 divina
934 5305 1268 5375 percipitur,
1303 5313 1358 5361 et
1385 5306 1576 5370 Jacob,
1609 5306 1660 5360 id
1681 5313 1914 5375 estsup-

213 5394 565 5465 plantatoris
603 5393 876 5448 vitiorum
928 5393 1180 5462 primum
1228 5393 1458 5448 monitis
1497 5393 1763 5448 obauditc
1793 5395 1915 5463 spi-

211 5485 380 5547 ritus,
413 5488 479 5536 ut
523 5480 884 5548 postmodum
918 5480 1153 5536 victoris
1189 5481 1446 5550 ejusdem
1493 5481 1774 5548 placidam
1810 5494 1916 5550 pa-

2005 477 2303 532 victoriam
2342 477 2713 546 principatus.
2763 479 2941 534 Israel
2998 494 3251 550 namque
3293 484 3547 551 princeps
3577 499 3696 536 cum

2009 567 2110 618 Deo
2137 566 2370 620 dicitur.

2077 653 2246 708 Vens.
2293 656 2342 719 3,
2378 655 2430 706 4.
2468 683 2535 692 --
2565 654 2748 708 Ruben
2786 657 3178 724 primogenilus
3235 673 3402 722 meus,
3447 663 3503 710 tu
3532 660 3694 724 forti-

2009 740 2136 792 tudo
2173 756 2311 804 mca,
2358 745 2407 793 et
2445 743 2780 809 principium
2824 741 3024 794 doloris
3073 745 3198 809 mei,
3237 745 3394 810 prior
3432 747 3489 796 in
3519 744 3696 810 donis,

2007 829 2184 894 major
2230 830 2476 896 imperio.
2533 830 2753 895 Effusas
2811 845 2864 881 es
2926 834 3067 882 sicut
3113 846 3278 897 aqua,
3315 846 3421 884 non
3467 847 3694 898 crescas,

2006 919 2139 984 quia
2167 917 2460 970 ascendisti
2483 917 2654 970 cubile
2679 921 2861 986 patris
2892 921 2991 984 tui,
3042 925 3091 971 et
3142 920 3430 972 maculasti
3457 924 3692 972 stratum

2006 1005 2143 1070 ejus.
2175 1004 2374 1058 Ruben
2408 1004 2818 1073 interpretatur
2862 1007 3048 1058 videns
3099 1009 3157 1058 in
3202 1005 3392 1058 medio.
3445 1007 3696 1061 Medium

2006 1100 2198 1146 autem
2237 1105 2339 1160 pro
2368 1095 2634 1144 communi
2683 1107 2910 1161 ponere,
2958 1101 3011 1148 et
3060 1093 3328 1148 humanze
3371 1108 3438 1149 ac
3488 1094 3699 1149 divinae

2006 1179 2231 1249 paginm
2262 1179 2522 1234 inclitum
2551 1188 2650 1234 est.
2715 1181 2904 1235 Videas
2955 1197 3090 1251 ergo
3142 1185 3199 1234 in
3249 1181 3429 1236 medio
3483 1182 3566 1238 vis
3599 1196 3701 1236 ra-

2007 1267 2339 1323 tionalitatis
2377 1268 2676 1338 accipitur,
2721 1284 2852 1338 qnze
2901 1270 3244 1339 generaliter
3275 1278 3389 1324 tota
3437 1285 3569 1340 quae
3595 1271 3701 1326 bo-

2008 1356 2179 1410 minis
2216 1365 2350 1412 sunt
2399 1357 2630 1425 provide
2683 1371 2888 1412 curare
2943 1357 3317 1426 dignoscitur.
3387 1359 3486 1413 Est
3558 1373 3694 1429 ergo

2008 1445 2226 1499 dicere:
2281 1445 2415 1500 Mihi
2465 1444 2670 1500 rationi
2722 1445 3120 1514 principaliter
3171 1445 3425 1516 ingenita
3453 1445 3704 1516 dignitas

2007 1547 2068 1587 es
2111 1516 2480 1602 providentiae
2519 1541 2620 1588 aut
2669 1533 3046 1600 discretionis,
3101 1548 3231 1603 qua:
3282 1533 3408 1588 licet
3471 1534 3700 1589 fortitu-

2010 1620 2201 1674 dinem
2233 1629 2432 1676 contra
2461 1621 2812 1691 emergentia
2847 1620 2983 1675 vitia
3015 1621 3437 1688 subministres,
3485 1623 3704 1690 princi-

2009 1712 2162 1776 pium
2197 1716 2384 1764 tamen
2434 1709 2634 1762 doloris
2683 1711 2784 1762 mei
2828 1723 2906 1771 es,
2955 1709 3094 1778 quia
3145 1724 3260 1778 quo
3312 1710 3494 1780 magis
3544 1710 3706 1764 addis

2009 1797 2329 1860 scientiam,
2364 1804 2522 1850 tanto
2549 1795 2710 1851 addis
2739 1796 2880 1851 scita
2912 1796 3095 1852 facere
3130 1812 3244 1850 non
3278 1795 3491 1865 potenti
3525 1795 3706 1852 tristi-

2010 1885 2187 1952 tiam;
2221 1892 2426 1939 etcum
2460 1884 2538 1938 sis
2563 1887 2720 1952 prior
2752 1885 3072 1940 secundum
3116 1885 3403 1940 excellens
3446 1884 3705 1954 sapiendi

2010 1972 2246 2036 donum,
2280 1980 2334 2027 et
2361 1975 2536 2040 major
2566 1973 2636 2026 ad
2669 1972 3018 2042 exigendum
3073 1973 3492 2041 corporalitatis
3532 1973 3708 2028 servi-

2011 2059 2177 2126 tium,
2233 2060 2620 2129 corruptinnis
2675 2068 2862 2114 tamen
2915 2059 3079 2114 ﬂuxu
3125 2075 3225 2129 per
3271 2060 3707 2116 allectualitates

2008 2145 2342 2212 eﬁunderis,
2381 2147 2436 2201 in
2468 2161 2720 2216 quarum
2755 2147 2896 2202 nolit
2938 2148 3089 2203 Deus
3119 2149 3462 2204 distensione
3494 2155 3558 2204 ut
3587 2148 3706 2203 ullo

2010 2235 2176 2289 modo
2205 2235 2508 2305 superbias
2537 2251 2554 2303 ;
2586 2235 2723 2290 solet
2754 2236 2906 2290 enim
2957 2235 3231 2304 improbis
3262 2236 3706 2306 cogitationibus

2011 2321 2220 2378 laetitiae
2269 2323 2456 2377 inanis
2508 2331 2700 2378 tumor
2766 2323 3096 2388 increscere,
3158 2338 3289 2378 cum
3341 2323 3704 2392 voluptatum

2009 2410 2117 2466 sibi
2149 2409 2402 2466 arriserit
2441 2410 2860 2480 opportunitas.
2911 2411 3174 2466 Gaudent
3217 2412 3372 2466 enim
3423 2411 3480 2466 in
3530 2412 3705 2468 rebus

2011 2499 2268 2568 pessimis
2309 2500 2487 2569 (Prov.
2539 2514 2596 2565 II,
2664 2499 2766 2566 14),
2811 2508 3102 2554 sumentes
3163 2500 3463 2554 audaciam
3507 2501 3577 2555 de
3625 2500 3706 2555 ni-

2012 2587 2238 2643 mietate
2263 2587 2539 2642 criminis.
2571 2587 2769 2653 Versa,
2815 2589 3022 2656 inquit,
3057 2596 3116 2642 tu
3149 2587 3292 2642 ratio
3324 2587 3382 2642 in
3413 2588 3702 2655 allectum,

2010 2683 2066 2731 et
2098 2675 2166 2730 de
2216 2675 2454 2731 veritate
2502 2675 2648 2730 facta
2698 2675 3083 2742 mendacium,
3134 2675 3205 2730 ab
3247 2675 3456 2730 intimis
3503 2675 3703 2730 subre-

2013 2763 2197 2832 pendo
2231 2763 2436 2818 mentis
2485 2763 2757 2833 quietem,
2803 2763 2975 2833 (quod
3009 2763 3294 2834 signiﬁcat
3326 2763 3540 2830 cubile)
3571 2777 3706 2833 per-

2013 2851 2234 2917 turbas,
2258 2857 2310 2906 et
2354 2851 2611 2920 turpium
2660 2851 3071 2906 desideriorum
3122 2851 3465 2906 adulterinis
3505 2849 3704 2906 incur-

2011 2939 2190 3005 sibus,
2235 2939 2517 2992 virtutum
2549 2945 2865 2992 stramenta
2906 2938 3313 2993 cntntnaculas.
3367 2938 3498 2992 Haec
3528 2937 3708 2992 verba

2013 3027 2248 3094 spiritus
2295 3025 2533 3080 internze
2573 3024 2800 3080 fan‘iilize
2847 3025 3047 3094 patris,
3095 3026 3165 3080 de
3213 3023 3375 3094 pravi
3421 3023 3706 3094 appetitus

2011 3112 2372 3168 immersione
2409 3113 2652 3168 subdola
2682 3112 3106 3182 conquerentis.

2085 3200 2251 3256 VERS.
2286 3201 2338 3268 ὃ,
2368 3203 2423 3254 6.
2455 3231 2523 3238 -
2561 3201 2774 3256 Simcon
2832 3206 2880 3253 et
2933 3203 3062 3256 Levi
3107 3202 3355 3266 fratres;
3409 3215 3544 3254 vasa
3587 3202 3704 3253 ini-

2013 3291 2243 3356 quitatis
2283 3287 2558 3342 bellantia.
2611 3290 2670 3342 In
2711 3290 2934 3342 consilio
2974 3304 3151 3341 corum
3204 3304 3268 3341 ne
3306 3291 3485 3341 rcniat
3515 3289 3702 3354 anima

2009 3391 2145 3442 mea,
2179 3379 2228 3428 et
2260 3378 2317 3428 in
2367 3381 2501 3430 cortu
2549 3377 2765 3429 illorum
2818 3391 2923 3430 non
2959 3378 3033 3430 sit
3071 3377 3250 3443 gloria
3301 3391 3436 3442 mea,
3482 3378 3614 3444 quia
3645 3377 3708 3428 in

2011 3465 2198 3529 furore
2263 3479 2358 3518 suo
2425 3463 2736 3517 occiderunt
2791 3467 2990 3530 virum,
3046 3469 3096 3516 et
3155 3466 3214 3516 in
3266 3465 3542 3518 voluntate
3608 3477 3710 3516 sua

2013 3551 2351 3620 stt/foderunt
2407 3568 2639 3605 murum.
2703 3551 2924 3606 Simeon
2983 3551 3196 3606 dicitur
3249 3551 3477 3604 audiens
3534 3553 3712 3604 tristi-

2015 3640 2168 3692 tiam.
2206 3638 2340 3693 Levi
2371 3639 2622 3705 additus,
2659 3639 2744 3692 vel
2775 3643 3106 3705 assumptus.
3141 3637 3216 3702 Si,
3263 3638 3436 3707 juxta
3467 3637 3710 3706 Prophe-

2015 3731 2156 3792 tam,
2211 3739 2324 3780 non
2381 3733 2463 3780 est
2515 3725 2781 3798 gaudere
2832 3724 3042 3794 impiis,
3110 3724 3245 3779 dicit
3317 3723 3715 3780 Dominuszet

2018 3813 2320 3883 gaudium,
2352 3813 2672 3868 secundum
2710 3812 2922 3876 Patres,
2972 3811 3029 3866 in
3064 3812 3212 3866 bono
3259 3812 3560 3881 accipitur,
3611 3811 3713 3867 tri-

2017 3901 2184 3956 stitize
2243 3901 2460 3956 auditio
2525 3901 2596 3955 ad
2654 3900 2870 3956 malum
2950 3899 3179 3966 dicitur,
3243 3908 3307 3955 ut
3375 3913 3552 3955 causa
3611 3914 3716 3970 pro

2018 3987 2225 4044 etTectu
2275 3990 2542 4057 ponatur,
2595 3987 2734 4056 quia
2781 3987 2826 4041 si
2887 3987 3164 4056 gaudium
3210 3995 3264 4042 et
3307 4001 3422 4056 pax
3471 4001 3718 4058 regnum

2020 4077 2141 4142 Dci,
2187 4091 2302 4131 non
2351 4089 2498 4141 esea,
2544 4082 2598 4130 et
2644 4083 2810 4144 potus
2867 4080 3004 4128 ne
3056 4075 3128 4130 ab
3184 4075 3454 4144 Apostolo
3502 4075 3718 4131 dicitur

2021 4166 2190 4236 (Rom.
2220 4178 2340 4230 xiv,
2386 4165 2494 4231 t7),
2522 4162 2655 4233 jure
2704 4177 2945 4232 regnum
2995 4163 3204 4218 diaboli
3248 4163 3477 4218 tristitia
3517 4171 3571 4219 et
3622 4164 3716 4218 in-

2020 4251 2297 4324 quietudo
2345 4259 2620 4319 vocatur;
2672 4251 2884 4320 peccati
2939 4253 3092 4305 enim
3157 4251 3348 4306 studia
3396 4251 3504 4308 hoc
3549 4266 3719 4308 omne

2019 4341 2411 4410 consequitur.
2469 4339 2726 4394 Audiens
2771 4352 2927 4408 ergo,
2979 4337 3033 4393 id
3072 4345 3156 4393 est
3212 4339 3557 4410 intelligens,
3607 4342 3718 4395 imo

2020 4428 2350 4484 obedienter
2367 4425 2661 4496 excipiens
2707 4426 3036 4495 hujusmodi
3074 4426 3381 4494 tristitiam,
3416 4443 3528 4483 non
3563 4427 3717 4498 quod

2023 4515 2154 4571 inde
2193 4515 2472 4582 tristetur,
2519 4515 2614 4570 sed
2663 4515 2816 4584 quod
2859 4514 2962 4570 sibi
3009 4515 3154 4569 iram
3206 4515 3263 4569 in
3307 4515 3397 4570 die
3441 4515 3537 4571 ira:
3580 4515 3719 4570 hinc

2023 4603 2408 4659 thesaurizare
2448 4612 2740 4670 noscatur,
2791 4601 3028 4657 affectus
3078 4601 3195 4672 ipse
3226 4602 3586 4673 intelligitur,
3624 4604 3718 4659 cui

2021 4706 2154 4746 cum
2187 4691 2411 4746 fructus
2457 4690 2937 4761 concupiscentize
2975 4705 3093 4745 sum
3125 4690 3376 4758 additur,
3428 4692 3577 4746 fiunt
3602 4692 3716 4747 duo

2021 4779 2281 4847 pessima:
2333 4779 2664 4848 capacitatis
2703 4791 2862 4843 vasa,
2908 4792 3038 4847 quae
3083 4777 3246 4832 bellis
3273 4786 3327 4832 et
3372 4779 3718 4836 tumultibus

2021 4867 2296 4921 adversus
2325 4866 2579 4920 animam
2614 4864 3429 4934 militantibusadimplentur.

2093 4955 2157 5008 In
2195 4955 2399 5009 borum
2431 4954 2667 5009 consilio
2721 4969 2789 5007 ne
2839 4955 3031 5008 veniat
3079 4953 3271 5008 anima
3302 4967 3336 5007 a
3372 4953 3578 5022 spiritu
3609 4969 3714 5024 op-

2026 5049 2199 5106 tatur,
2236 5056 2368 5096 cnm
2400 5054 2433 5096 a
2479 5041 2765 5110 proposito
2811 5049 3037 5095 terrena
3085 5041 3380 5108 ambienti,
3415 5048 3470 5096 et
3500 5042 3717 5098 ambita

2025 5130 2322 5186 libidinose
2371 5136 2495 5198 post
2539 5130 2952 5184 assecutionem
3001 5129 3235 5195 t'ruenti,
3291 5130 3528 5185 intentio
3570 5131 3717 5186 inte-

2022 5219 2190 5273 rioris
2243 5216 2490 5272 hominis
2548 5216 2620 5271 ab
2675 5215 2797 5284 ipso
2855 5223 3102 5270 arcetur.
3162 5217 3476 5273 Consilium
3525 5226 3713 5273 autem

2021 5320 2220 5362 eorum
2244 5313 2345 5372 est,
2385 5313 2438 5360 et
2471 5317 2698 5373 cupere,
2731 5311 2786 5359 et
2815 5304 2872 5357 in
2911 5305 3230 5374 concupitis
3269 5319 3403 5360 cum
3445 5304 3716 5360 atiuerint

2025 5391 2306 5448 lascivire.
2339 5392 2497 5449 Unde
2526 5391 2664 5445 Job:
2702 5393 2867 5457 Quia,
2906 5389 3112 5458 inquit,
3145 5407 3250 5445 non
3287 5397 3413 5446 sunt
3456 5395 3514 5446 in
3553 5409 3717 5448 manu

2021 5497 2207 5534 eorum
2257 5481 2392 5534 bona
2477 5495 2600 5547 sua,
2658 5479 2941 5534 consilium
2999 5494 3182 5535 eorum
3234 5479 3386 5544 longe
3431 5483 3505 5533 sit
3547 5498 3583 5534 a
3634 5497 3717 5534 me
