3904 6066
187 214 289 268 323

1087 210 1148 261 V.
1189 206 1516 263 GUIBERTI
1557 209 1846 266 ABBATIS
1884 211 1940 267 S.
1983 209 2223 266 MARI/E
2258 208 2353 265 DE
2391 206 2776 266 NOVIGENTO

3573 210 3672 265 324

184 344 471 414 (Job.xx1,
510 341 619 413 16).
661 341 733 397 Et
776 339 1096 395 Dominus:
1156 340 1265 405 Vae,
1314 338 1411 405 ait,
1462 339 1873 407 prxgnantibus
1911 341 1956 393 A
1985 353 2136 407 nem,
2166 355 2297 409 quae
2329 353 2445 395 non
2485 337 2593 393 nisi
2632 350 2794 393 amor
2822 335 2949 406 ejus
2991 342 3095 403 est,
3150 351 3281 407 quae
3309 337 3431 393 sola
3458 352 3673 409 cogno-

184 438 236 486 et
274 431 695 486 mammantibus
749 427 967 497 (Matth.
1021 428 1313 492 xxrv,19;
1361 424 1532 480 Marc.
1587 440 1707 493 xm,
1761 427 1870 495 17).

182 519 497 576 Consilium
536 519 730 586 itaque
776 516 1002 580 horum,
1044 513 1330 582 cupiditas
1365 520 1418 568 et
1458 513 1723 583 voluptas
1756 514 1874 570 sive

182 606 453 676 superbia
495 613 614 671 est;
660 604 714 656 in
763 616 1015 672 quorum
1053 602 1316 666 coetibus,
1357 601 1592 666 (multas
1634 603 1788 657 enim
1819 610 1874 658 et

180 693 323 748 alias
352 693 473 748 ista:
502 692 606 746 sibi
657 697 840 758 pestes
883 688 1181 759 colligunt,
1241 689 1460 744 radices
1507 703 1711 758 nempe
1757 704 1873 745 om-

179 782 344 836 nium
372 785 508 834 sunt
557 778 839 833 malorum
871 778 923 845 (Ι
957 778 1090 831 Tim.
1142 791 1213 839 γι,
1269 775 1353 846 10)
1402 790 1518 830 non
1558 776 1684 831 vult
1727 777 1870 831 ratio

179 867 435 939 gloriari,
476 865 617 936 quia
648 867 703 920 in
757 865 904 919 male
948 864 1111 920 factis
1153 863 1334 919 nescit
1374 863 1553 918 laetari
1588 865 1778 932 (Prov.
1807 880 1864 932 ιι,

181 959 292 1024 14),
318 969 422 1009 nec
451 956 508 1008 in
541 953 999 1023 malignantibus
1043 953 1303 1008 aemulari
1348 952 1518 1020 (Psal.
1550 966 1756 1019 xxxvr,
1793 953 1865 1023 l).

176 1044 394 1099 Horum
447 1055 700 1111 namque
749 1040 928 1107 furor,
990 1040 1045 1095 id
1101 1047 1185 1096 est
1241 1040 1549 1096 vehemens
1599 1048 1653 1096 et
1699 1041 1867 1110 quasi

172 1129 528 1187 furibundus
558 1130 869 1199 appetitus,
916 1129 1019 1199 qui
1060 1129 1132 1184 ab
1182 1128 1448 1198 Apostolo
1495 1129 1683 1197 passio
1714 1127 1865 1182 desi-

174 1217 316 1273 derii
352 1218 398 1286 (ι
431 1218 584 1271 Thes.
638 1232 714 1282 ιγ,
748 1216 823 1283 5),
863 1224 917 1271 et
963 1216 1120 1283 alibi,
1177 1216 1328 1271 ustio
1376 1215 1717 1284 appellatur,
1766 1229 1867 1270 oc-

172 1306 307 1361 cidit
339 1305 500 1361 illum
533 1319 703 1375 quem
739 1305 1105 1359 Samaritana
1155 1318 1361 1359 vocare
1403 1302 1643 1373 jubctur
1672 1303 1865 1358 virum

172 1393 348 1458 (Joan.
381 1405 459 1456 ιν,
508 1391 621 1460 16),
679 1390 954 1445 interimit
1004 1391 1216 1446 scilicet
1262 1399 1534 1446 rectorem
1575 1390 1859 1460 spiritum.

171 1477 236 1531 In
285 1478 583 1533 voluntate
624 1486 811 1533 tamen
857 1492 1056 1533 eorum
1090 1480 1272 1547 primo
1302 1477 1608 1534 suffoditur
1635 1492 1860 1545 murus,

170 1566 311 1635 quia
379 1579 477 1635 per
536 1565 990 1630 delectationem,
1055 1580 1185 1635 quae
1247 1567 1596 1636 suggestioni
1663 1574 1863 1636 sponte

169 1653 347 1718 favet,
379 1653 604 1708 interna
635 1654 823 1709 virtus
862 1654 1142 1709 evertitur
1189 1661 1500 1722 antequam
1543 1656 1614 1708 ad
1644 1655 1859 1709 rabiem

170 1740 544 1810 perveniatur
574 1755 865 1796 ascensus.

239 1828 413 1885 Vnus.
446 1834 498 1883 7.
556 1860 624 1869 —
675 1828 992 1883 Maledictus
1052 1813 1211 1895 furor
1252 1846 1453 1896 eorum,
1526 1832 1658 1898 quia
1696 1832 1863 1898 perti-

167 1932 282 1970 nax
305 1935 326 1981 ,-
353 1922 402 1971 et
429 1917 738 1983 indignatio
764 1931 963 1982 eorum,
998 1920 1130 1986 quia
1174 1918 1333 1971 dura.
1376 1918 1627 1973 Dividam
1673 1932 1757 1970 eos
1801 1920 1861 1971 in

166 2005 349 2069 Iacob,
399 2010 448 2059 et
509 2006 822 2073 dispergam
875 2006 997 2059 illos
1045 2008 1103 2058 in
1161 2006 1350 2059 Israel.
1410 2007 1595 2061 Furor
1658 2019 1859 2060 eorum

167 2093 307 2162 quia
331 2093 597 2162 pertinax
641 2102 725 2148 est
770 2093 1151 2161 maledicitur,
1198 2094 1337 2164 quia
1364 2094 1630 2149 nimietas
1660 2108 1862 2149 concu-

166 2180 458 2248 piscentiae
485 2194 661 2250 quam
717 2194 1083 2249 perseverare
1139 2183 1197 2236 in
1243 2195 1421 2251 pravo
1453 2181 1677 2249 nititur,
1724 2196 1756 2235 a
1787 2181 1862 2234 di-

165 2268 287 2322 vini
318 2276 625 2337 provectus
653 2282 882 2323 summa
920 2268 1205 2339 dejicitur.
1254 2269 1567 2324 Maledictio
1605 2282 1858 2339 namque

166 2354 224 2409 in
281 2369 445 2410 sacro
501 2355 755 2425 eloquio,
826 2370 928 2425 pro
981 2355 1352 2411 destitutione
1412 2363 1466 2411 et
1518 2357 1858 2411 detrimento

166 2443 418 2512 ponitur.
474 2443 802 2513 Indignatio
844 2443 914 2497 ob
964 2443 1237 2499 duritiam
1287 2443 1669 2511 maledicitur,
1719 2445 1859 2513 quia

164 2544 295 2586 cum
329 2530 387 2585 in
418 2530 542 2599 ipsa
568 2530 863 2585 voluntate
889 2530 1278 2585 delectationis
1309 2539 1556 2586 aestuant
1581 2532 1858 2588 adversus

164 2617 361 2672 divina
390 2625 697 2686 prmcepta,
738 2618 893 2687 quod
938 2617 1322 2686 importabilia
1365 2619 1671 2674 videantur
1702 2620 1857 2673 indi-

164 2707 395 2775 gnando
435 2719 492 2759 se
521 2705 781 2772 elevant;
813 2711 886 2769 et,
920 2719 1051 2760 cum
1085 2719 1182 2774 per
1207 2705 1313 2761 hoc
1344 2706 1413 2760 ad
1454 2705 1594 2761 vitia
1619 2704 1857 2762 afferata

165 2800 353 2847 mente
405 2792 687 2856 feruntur,
747 2798 929 2847 status
971 2807 1168 2848 eorum
1230 2793 1473 2862 propriae
1531 2793 1856 2850 calamitate

162 2879 563 2935 obstinationis
590 2880 874 2934 obruitur.
907 2881 971 2934 In
1006 2882 1167 2935 Jacob
1197 2889 1406 2948 tamen,
1441 2882 1496 2937 id
1524 2890 1607 2936 est
1646 2883 1705 2936 in
1731 2883 1853 2936 ani-

164 2967 272 3021 mis
322 2966 394 3022 ad
439 2966 959 3035 supplantationem
1000 2970 1213 3038 peccati
1272 2970 1591 3033 vivacibus,
1648 2970 1856 3041 hujus-

162 3054 314 3110 modi
347 3061 554 3124 arguta
582 3055 917 3110 discretione
955 3056 1316 3124 dividuntur,
1370 3058 1464 3113 sed
1510 3058 1567 3112 in
1617 3059 1707 3113 his
1751 3059 1853 3127 qui

162 3151 299 3197 sunt
346 3142 540 3209 Israel,
586 3142 641 3196 id
679 3150 763 3198 est
806 3144 909 3213 qui
952 3159 1084 3200 eum
1132 3146 1245 3201 Deo
1292 3146 1509 3212 directi,
1555 3160 1689 3202 cum
1739 3147 1853 3203 Deo

161 3230 336 3286 etiam
365 3230 471 3285 sibi
521 3230 656 3299 ipsis
691 3231 1116 3301 principantur,
1158 3234 1426 3289 cornibus
1455 3235 1725 3290 maximae
1755 3249 1854 3290 au-

162 3318 439 3374 ctoritatis
490 3318 864 3374 ventilantur.
944 3320 1119 3376 Israel
1195 3335 1400 3391 nempe
1453 3323 1688 3377 directus
1736 3325 1848 3390 Dei,

160 3405 251 3462 vel
278 3407 530 3474 princeps
560 3421 680 3459 cum
706 3409 809 3461 Deo
840 3407 1070 3463 dicitur.

231 3492 403 3548 Vsus.
452 3496 503 3547 8.
553 3522 619 3534 -
657 3494 828 3561 Juda,
884 3500 933 3548 te
980 3496 1284 3551 laudabunt
1322 3499 1528 3562 fratres
1572 3499 1682 3561 tui;
1733 3513 1851 3550 ma-

158 3596 260 3635 nus
293 3586 387 3634 tua
433 3582 492 3634 in
535 3583 830 3635 cervicibus
876 3585 1217 3637 inimicorum
1263 3589 1494 3651 tuorum,
1544 3584 1851 3638 adorabunt

160 3673 210 3722 te
270 3667 388 3738 ﬁlii
446 3672 623 3737 patris
680 3671 782 3723 tui.
840 3669 989 3725 Juda
1053 3670 1265 3725 dicitur
1323 3672 1576 3738 laudans,
1651 3673 1853 3739 gloriﬁ-

158 3772 308 3823 cans,
356 3757 443 3811 vel
475 3759 768 3826 conﬁtens;
804 3757 922 3827 ipse
959 3764 1282 3814 estsanctae
1326 3759 1617 3828 religionis
1643 3767 1846 3827 status,

158 3845 260 3915 qui
287 3845 390 3900 etsi
424 3859 542 3915 qua
588 3845 735 3916 gerit
775 3846 969 3901 minus
1004 3854 1159 3915 apta,
1208 3847 1298 3916 pie
1330 3846 1652 3915 confitetur,
1705 3847 1848 3903 vita-

158 3947 271 4003 que
308 3939 363 3987 et
391 3932 651 3988 moribus
688 3933 869 3988 Deum
921 3932 1141 3998 laudat,
1182 3949 1287 3989 nec
1328 3934 1511 3990 solum
1546 3935 1603 3990 in
1635 3949 1711 4003 se,
1751 3936 1849 3991 sed

156 4027 211 4075 et
262 4033 361 4089 per
412 4019 662 4074 aliorum
700 4020 965 4089 exempla
1014 4020 1334 4091 glorificat;
1392 4023 1560 4091 cujus
1613 4036 1751 4077 vera
1790 4023 1848 4078 in

154 4121 222 4163 eo
260 4107 571 4162 auctoritas
601 4108 896 4176 probatur,
942 4108 1096 4178 quod
1130 4108 1319 4163 invitm
1364 4109 1603 4165 rationis
1646 4118 1847 4180 poten-

1982 428 2198 483 scihilis
2238 428 2343 483 sibi
2388 441 2501 482 vox
2541 433 2644 490 est,
2695 424 2767 480 ad
2815 423 3065 480 scientiae
3109 425 3425 481 claritatem
3468 439 3672 496 exper-

1982 515 2241 585 giscitur.
2288 516 2365 569 De
2418 515 2526 568 hac
2568 526 2707 568 voce
2770 511 3014 567 dicitur:
3075 512 3260 567 Omnis
3309 515 3407 580 qui
3452 514 3671 567 audita

1979 603 2160 664 Patre,
2202 607 2251 656 et
2291 602 2488 655 didicit
2530 602 2704 671 (Joan.
2756 615 2830 666 v1,
2877 600 2988 669 43),
3037 607 3142 655 etc.
3189 600 3292 656 Et:
3341 603 3448 670 Qui
3486 601 3664 665 audit,

1978 690 2153 744 dicat:
2208 693 2342 745 Veni
2396 692 2589 760 (Apoc.
2646 703 2791 755 xxu,
2836 688 2946 755 17).
2984 687 3066 742 Ad
3098 688 3346 757 praedam
3390 689 3664 756 ascendit,

1977 778 2118 847 quia
2151 792 2185 834 a
2214 778 2676 847 concupiscentia
2725 776 2935 842 carnis,
2982 776 3421 846 oculorumque,
3453 787 3507 832 et
3538 779 3667 834 vitae

1975 866 2245 935 superbia
2302 869 2472 935 (Joan.
2520 880 2578 932 ιι,
2638 865 2743 935 16),
2793 878 2924 934 quae
2978 864 3203 919 Simeon
3267 871 3323 920 et
3386 865 3520 920 Levi
3551 867 3666 921 exi-

1976 962 2143 1025 gunt,
2174 969 2234 1009 se
2261 955 2566 1024 subrigens
2597 953 2665 1008 ad
2716 951 2834 1008 vim
2882 965 3059 1022 regno
3101 951 3378 1008 caelorum
3418 952 3661 1010 inferen-

1975 1042 2127 1106 dam,
2164 1050 2219 1097 et
2255 1042 2395 1097 illud
2439 1040 2716 1096 violenter
2744 1039 3103 1108 eripiendum
3154 1040 3370 1108 (Matth.
3416 1055 3501 1108 x1,
3549 1044 3658 1112 t2),

1974 1130 2253 1200 gradibus
2283 1128 2513 1184 virtutis
2531 1127 2800 1197 erumpit.

2044 1262 2406 1331 Requiescens
2437 1264 2497 1314 ut
2526 1261 2603 1314 leo
2634 1258 2895 1325 accubat,
2935 1271 3066 1313 cum
3116 1258 3314 1328 sopitis
3360 1258 3663 1331 aliquoties

1970 1350 2403 1417 tentationibus,
2465 1349 2567 1405 etsi
2649 1361 2887 1403 securus
2954 1360 3075 1402 esse
3124 1347 3411 1414 videatur,
3472 1356 3661 1404 tamen

1971 1444 2170 1492 contra
2210 1438 2430 1493 subitas
2484 1435 2828 1505 irruptiones
2852 1448 3077 1503 semper
3117 1434 3391 1491 sollicitus
3440 1435 3658 1506 vigilat.

1971 1524 2080 1580 Leo
2125 1540 2375 1595 namque
2425 1525 2598 1580 etiam
2655 1538 2787 1578 cum
2848 1522 3077 1589 dormit,
3136 1530 3395 1591 patentes
3454 1524 3663 1581 habere

1969 1613 2165 1668 oculos
2194 1613 2423 1668 dicitur.
2480 1615 2593 1677 Ego
2638 1615 2777 1665 enim
2809 1611 3039 1679 dormio,
3072 1616 3123 1664 et
3166 1626 3257 1665 cor
3302 1627 3477 1665 meum
3512 1615 3662 1680 vigi-

1969 1703 2048 1754 tat
2079 1701 2260 1769 (Cant.
2304 1717 2362 1770 v,
2402 1701 2480 1770 2).
2530 1701 2702 1765 Quasi
2730 1701 2894 1753 leaena
2934 1713 3168 1768 quoque
3212 1706 3315 1765 est,
3366 1699 3506 1769 quia
3548 1714 3662 1769 quo

1969 1788 2218 1859 amplius
2244 1790 2598 1844 incentivum
2651 1786 2883 1855 superni
2917 1786 3143 1842 ardoris
3181 1786 3347 1843 corde
3389 1801 3662 1857 concepe-

1968 1878 2062 1942 rit,
2108 1883 2163 1932 et
2229 1877 2305 1945 pii
2359 1875 2548 1945 operis
2620 1874 2828 1930 fetibus
2891 1874 3238 1939 incubuerit,
3302 1888 3367 1929 eo
3417 1875 3664 1930 atrocior

1966 1971 2166 2018 contra
2196 1963 2337 2018 vitia
2379 1976 2440 2017 se
2478 1961 2667 2032 erigit.
2714 1961 2930 2016 Lemnw
2972 1974 3106 2016 sane
3153 1968 3365 2017 natura
3408 1962 3662 2031 perhibe-

1968 2058 2079 2114 tur,
2126 2065 2255 2106 cum
2299 2051 2475 2106 fervet
2521 2063 2714 2104 amore
2758 2048 2955 2114 maris,
3008 2062 3110 2104 seu
3154 2049 3439 2117 partubus
3485 2049 3660 2106 instat

1966 2136 2208 2202 alendis,
2249 2145 2312 2193 ut
2338 2137 2536 2192 fortior
2561 2135 2732 2191 etiam
2771 2135 2930 2191 leone
2977 2135 3068 2192 sit.
3114 2136 3281 2191 Hunc
3316 2150 3452 2207 ergo
3502 2144 3661 2193 tanta

1966 2225 2264 2281 dilectione
2307 2223 2518 2281 fretum
2560 2223 2788 2290 Judam,
2831 2224 2964 2293 quis
2993 2223 3186 2279 carnis
3227 2232 3415 2280 motus
3446 2225 3519 2281 ab
3564 2227 3658 2281 in-

1966 2322 2129 2368 terna
2171 2312 2559 2374 delectatione,
2594 2325 2714 2381 qua
2768 2311 2827 2366 in
2882 2312 2994 2366 Deo
3042 2311 3304 2380 quiescit,
3346 2313 3660 2369 exsuscita-

1967 2400 2047 2456 blt
2078 2400 2105 2453 ‘?
2160 2403 2346 2455 Multa:
2397 2401 2549 2455 enim
2599 2415 2755 2467 aquae
2811 2414 2917 2453 non
2978 2404 3267 2468 potuerunt
3315 2403 3657 2470 exstinguere

1964 2489 2284 2542 charitatem
2337 2489 2516 2559 (Cant.
2570 2502 2690 2553 vui,
2755 2486 2830 2557 '7).
2889 2486 3204 2556 Lampades
3257 2500 3461 2558 nempe
3532 2487 3657 2558 ejus

1966 2576 2115 2647 ignis
2138 2584 2311 2647 atque
2345 2576 2709 2631 flammarum
2740 2580 2897 2630 sunt.

2035 2707 2206 2763 Vnus.
2234 2710 2318 2771 10,
2358 2710 2444 2761 11.
2494 2735 2565 2748 -
2594 2708 2712 2762 Νοη
2754 2708 3036 2772 auferetur
3078 2712 3353 2775 sceptrum
3385 2708 3449 2761 de
3472 2708 3650 2773 Juda,

1962 2800 2013 2847 et
2056 2796 2172 2848 dua'
2216 2796 2282 2848 de
2323 2795 2618 2860 femoribus
2665 2793 2801 2863 ejus,
2857 2793 3020 2848 donec
3066 2796 3250 2847 veniat
3291 2798 3387 2863 qui
3430 2800 3653 2850 mitten—

1963 2883 2065 2936 dus
2119 2870 2217 2949 est,
2271 2889 2320 2935 et
2365 2885 2477 2950 ipse
2527 2886 2632 2935 erit
2667 2884 2998 2950 exspectatio
3041 2885 3299 2949 gentium.
3335 2883 3543 2951 Ligans
3580 2885 3655 2938 ad

1963 2973 2177 3025 vineam
2208 2971 2415 3039 pullum
2449 2985 2622 3031 suum.
2676 2974 2726 3022 et
2777 2970 2852 3022 ad
2900 2973 3081 3037 vitem,
3113 2985 3143 3023 ο
3183 2971 3266 3039 ﬁli
3300 2974 3396 3040 mi,
3439 2975 3653 3027 asinam

1963 3073 2137 3112 suam.
2170 3059 2451 3126 Sceptrum
2488 3057 2557 3112 de
2597 3058 2742 3110 Juda
2773 3073 2879 3111 non
2910 3057 3194 3123 aufertur,
3230 3058 3371 3128 quia
3416 3059 3484 3114 de
3530 3060 3652 3130 ipso

1964 3153 2169 3200 nstrae
2200 3144 2402 3199 habitu
2455 3145 2792 3211 sanctitatis,
2846 3146 3097 3214 regimen
3145 3145 3525 3215 imperatoriae
3566 3159 3654 3199 ra-

1964 3233 2133 3288 tionis
2190 3246 2305 3287 non
2349 3232 2771 3287 contrariarum
2822 3231 3008 3287 ventis
3060 3232 3483 3300 fortitudinum,
3534 3246 3651 3287 non

1962 3320 2303 3376 ﬂuminibus
2347 3319 2651 3375 libidinum
2722 3325 2863 3374 1⁸84
2920 3321 3037 3375 ullo
3101 3321 3268 3376 modo
3325 3321 3654 3376 dimovetur

1966 3411 2256 3475 Venerunt,
2319 3408 2528 3477 inquit,
2600 3410 2846 3476 ﬂumina,
2897 3411 3166 3476 [laverunt
3235 3411 3383 3463 venti
3430 3409 3647 3479 (Matth.

1959 3511 2061 3564 vn,
2092 3496 2197 3566 25).
2222 3496 2434 3551 Femur
2469 3495 2631 3551 Judze
2658 3495 2913 3551 veritatis
2938 3496 3139 3552 notitia
3166 3504 3267 3555 est.
3301 3510 3370 3552 ac
3393 3495 3441 3550 si
3471 3495 3651 3565 quod-

1959 3583 2091 3639 dam
2126 3581 2599 3651 conceptaculum
2645 3582 2881 3637 seminis
2912 3582 2972 3637 in
3020 3583 3206 3639 corde.
3255 3583 3387 3637 Dux
3415 3596 3553 3653 ergo
3582 3582 3651 3638 de
3725 3622 3737 3633 .

1959 3670 2171 3727 femore
2212 3670 2392 3737 Judte,
2443 3669 2559 3739 ipse
2596 3669 2832 3738 spiritus
2889 3678 3084 3726 noster
3122 3678 3224 3737 est,
3275 3684 3349 3725 ex
3394 3670 3653 3726 veritatis

1960 3758 2018 3812 in
2068 3758 2231 3814 bonis
2265 3757 2536 3828 operibus
2595 3765 2921 3826 procreatus
2972 3772 3039 3814 ac
3091 3759 3397 3814 roboratus
3449 3771 3653 3828 propa-

1960 3846 2093 3917 gine
2116 3862 2132 3915 ;
2180 3861 2311 3917 quae
2353 3846 2652 3916 progenies
2684 3860 2756 3902 ex
2802 3847 2950 3902 Iuda
2986 3847 3196 3913 editur,
3232 3846 3371 3917 quia
3418 3862 3490 3902 ex
3525 3860 3653 3902 san-

1959 3935 2170 3990 ctitatis
2208 3935 2399 3990 studio
2427 3942 2483 3990 et
2521 3948 2652 4001 usu,
2686 3948 2965 3990 arcanum
2992 3934 3278 3991 interioris
3308 3934 3649 4005 prudentiae,

1960 4023 2127 4092 quasi
2160 4021 2439 4092 prosapiae
2487 4036 2689 4092 genus;
2731 4023 3083 4078 extenditur.
3115 4023 3186 4078 Et
3220 4023 3328 4078 hoc
3380 4022 3441 4078 fit
3486 4022 3651 4077 donec

1957 4113 2140 4165 veniat
2166 4113 2263 4178 qui
2291 4110 2586 4164 mittendus
2628 4114 2725 4176 est,
2760 4110 2815 4164 id
2857 4118 2941 4165 est
2970 4110 3110 4166 dum
3163 4110 3401 4167 caelestis
3431 4109 3523 4165 ille
3551 4110 3652 4165 im-

155 4195 236 4250 tia
283 4194 651 4263 praefatorum
699 4194 1030 4260 affectuum,
1082 4196 1488 4266 malorumque
1539 4197 1847 4253 cervicosi-
1885 4208 1930 4263 ι)
1959 4198 2321 4254 mortalitatis
2353 4212 2419 4253 ac
2473 4197 2919 4267 incorruptionis
2960 4198 3193 4255 habitus
3243 4199 3494 4263 accedat,
3524 4197 3646 4267 qui,

153 4290 296 4339 tates
323 4282 749 4351 deprimuntur.
804 4286 967 4339 Hunc
1013 4283 1215 4339 fratres
1262 4284 1353 4339 sui
1404 4284 1664 4352 laudant,
1707 4288 1848 4356 quia

153 4378 207 4426 et
237 4378 528 4426 consortes
557 4371 779 4441 quique
826 4371 1120 4440 propositi,
1158 4380 1213 4428 et
1263 4372 1435 4428 etiam
1482 4373 1602 4443 ipse
1654 4389 1727 4430 ex
1761 4389 1849 4431 eo-

155 4459 281 4515 dem
315 4466 474 4528 patre
504 4458 730 4528 spiritu,
788 4467 843 4515 et
893 4459 1044 4514 bona
1088 4461 1384 4517 voluntate
1424 4470 1606 4517 matre
1647 4463 1843 4532 geniti,

155 4547 397 4618 quilibet
451 4554 614 4602 actus
668 4546 841 4603 fortes
901 4546 1268 4603 laudabiliter
1335 4549 1642 4605 celebrant.
1689 4550 1844 4605 Ado-

154 4642 305 4703 rant,
347 4648 481 4690 cum
511 4634 584 4689 ad
616 4634 774 4690 hunc
800 4633 1155 4691 fulciendum
1187 4649 1383 4691 omnes
1423 4637 1629 4691 mentis
1658 4645 1849 4693 motus

156 4738 273 4780 sese
306 4722 637 4779 humiliant.

224 4812 397 4869 Visus.
430 4812 482 4868 9.
517 4840 586 4851 —
634 4811 860 4867 Catulus
908 4811 1094 4879 leonis,
1142 4810 1308 4879 Iuda,
1354 4811 1429 4865 ad
1469 4812 1733 4881 praedam,
1766 4814 1850 4881 ﬁli

155 4902 251 4967 mi,
283 4899 598 4966 ascendisti,
628 4900 962 4967 requiescens
1011 4899 1313 4953 accubuisti
1354 4905 1413 4954 ut
1460 4902 1558 4969 leo,
1608 4906 1658 4954 et
1687 4902 1850 4970 quasi

158 4991 341 5055 leaena,
383 4989 503 5056 quis
565 4987 856 5041 suscitabit
921 4986 1087 5040 eum?
1151 4988 1376 5043 Catulus
1440 4989 1628 5053 leonis,
1674 4989 1847 5058 juxta

157 5076 441 5147 physicos,
503 5075 792 5129 dormiens
843 5075 1120 5142 nascitur,
1193 5075 1286 5130 sed
1349 5075 1439 5131 die
1489 5077 1654 5131 tertio
1710 5089 1847 5130 voce

155 5165 405 5234 parentis
436 5162 794 5231 postmodum
841 5163 1146 5218 excitatur.
1190 5162 1334 5217 Vere
1372 5177 1507 5232 ergo
1555 5163 1849 5233 religionis

156 5251 409 5316 effectus,
442 5250 620 5304 Iudas
647 5249 859 5304 scilicet
906 5249 965 5303 in
1014 5249 1321 5318 primitivis
1369 5252 1489 5304 suis
1526 5248 1844 5317 affectibus,

158 5339 327 5410 quasi
356 5335 615 5405 torpidus
639 5343 695 5390 et
741 5337 1167 5405 quodammodo
1223 5351 1329 5392 sua
1380 5337 1631 5393 novitate
1675 5338 1855 5394 habes

155 5427 363 5492 oritur,
395 5423 491 5478 sed
534 5429 659 5492 post
686 5422 1001 5491 Trinitatis,
1061 5423 1216 5493 quod
1259 5424 1411 5480 Deus
1458 5432 1562 5491 est,
1606 5426 1850 5497 agnitio-

1960 4293 2023 4342 ut
2056 4286 2433 4341 absorbeatur
2472 4285 2626 4356 quod
2691 4284 2929 4340 mortale
2994 4293 3078 4341 est
3129 4299 3164 4340 a
3225 4286 3343 4341 vita
3386 4288 3648 4356 gentium

1958 4372 2043 4443 (II
2088 4374 2206 4428 Cor.
2265 4387 2318 4439 v,
2360 4372 2440 4441 4),
2504 4371 2561 4426 id
2602 4378 2687 4426 est
2751 4377 3013 4427 motuum
3062 4371 3441 4438 internorum,
3499 4373 3649 4428 votis

1955 4467 2323 4529 exspectatus
2373 4466 2474 4515 est.
2537 4459 2662 4528 Ipse
2711 4465 2906 4514 autem
2961 4459 3084 4515 dux
3136 4458 3276 4530 ligat
3318 4461 3391 4516 ad
3436 4464 3648 4516 vineam

1956 4548 2166 4615 pullum
2187 4561 2364 4607 suum,
2398 4545 2539 4601 dum
2577 4544 2846 4601 affectum
2890 4546 3179 4602 carnalem
3205 4547 3333 4618 jugi
3362 4561 3430 4604 ac
3458 4547 3648 4604 oneris

1955 4634 2136 4689 divini
2170 4634 2584 4703 impatientem,
2626 4634 2699 4689 ad
2748 4633 3055 4702 Scripturae
3101 4636 3313 4691 divinae
3362 4644 3650 4706 praecepta

1957 4721 2198 4792 castigat
2239 4729 2293 4777 et
2339 4721 2584 4788 cohibet,
2636 4736 2767 4790 quae
2811 4722 3182 4778 meracissimi
3219 4723 3384 4779 nobis
3425 4723 3649 4779 consilii

1958 4809 2230 4880 poculum
2269 4809 2501 4878 praebet.
2546 4809 2678 4864 Haec
2715 4822 3015 4866 sacrorum
3053 4810 3530 4868 documentorum
3560 4814 3649 4868 vi-

1957 4910 2114 4963 neas,
2162 4897 2219 4951 in
2269 4897 2501 4953 Cantico
2548 4896 2762 4952 amoris
2809 4897 3174 4967 querimonia
3228 4905 3333 4966 est,
3386 4899 3650 4955 demoliri

1957 4985 2162 5054 vulpes
2196 4984 2473 5054 parvulas
2526 4984 2715 5054 (Cant.
2748 4999 2807 5052 ιι,
2857 4983 2964 5055 15).
2996 4985 3088 5040 Ad
3116 4989 3277 5040 vitem
3328 4987 3491 5042 asina
3520 4988 3647 5043 alli-

1959 5080 2151 5143 gatur,
2184 5087 2317 5127 cum
2355 5073 2427 5127 ad
2462 5072 2776 5139 Christum,
2827 5073 2927 5142 qui
2973 5072 3141 5129 dicit:
3192 5076 3305 5143 Ego
3343 5090 3462 5130 sum
3512 5075 3652 5132 vit-is

1956 5176 2087 5214 vera
2126 5161 2303 5231 (Joan.
2353 5174 2454 5227 xv,
2515 5163 2604 5227 l);
2650 5159 2921 5216 voluntas
2975 5169 3175 5217 nostra
3232 5176 3363 5232 quae
3407 5163 3654 5221 vicinior

1957 5256 2041 5304 est
2097 5247 2353 5315 rationis,
2388 5256 2444 5304 et
2492 5247 2600 5319 legi
2647 5248 2745 5303 Dei
2790 5248 2974 5319 magis
3002 5263 3275 5318 consona,
3317 5251 3486 5320 quasi
3525 5266 3655 5308 one-

1957 5336 2199 5394 riferum
2227 5344 2282 5392 et
2314 5336 2608 5393 tractabile
2635 5336 2848 5392 animal
2874 5339 3237 5408 astringitur.
3285 5339 3492 5396 Filium
3526 5340 3655 5401 sui-

1957 5424 2106 5481 ritus
2124 5425 2281 5495 quod
2313 5432 2415 5493 est,
2464 5424 2635 5481 Iacob
2666 5424 2877 5480 Iudam
2922 5424 2979 5480 id
3022 5434 3127 5492 est,
3171 5434 3384 5483 statum
3425 5427 3656 5499 religio-
