3904 6066
147 181 257 234 325

1336 178 1693 236 MORALIUM
1735 182 1801 237 IN
1839 180 2142 238 GENESIN
2174 183 2305 239 LIB.
2346 181 2415 238 X.

3555 186 3657 238 326

147 312 242 368 nis
288 312 572 379 nominat,
632 311 771 382 quia
818 325 852 367 a
896 326 954 368 se
1001 312 1175 369 totius
1235 312 1462 383 pietatis
1512 313 1849 370 exercitium
1888 315 1935 369 A
1968 313 2140 372 Sidon
2187 331 2392 387 nempe
2446 318 2658 370 cenatio
2709 315 2925 369 inutilis
2964 314 3207 385 dicitur;
3261 315 3478 372 Punica
3522 332 3658 374 vero

147 400 380 471 prodire
411 414 527 455 non
554 400 800 457 dubitat.

219 489 399 544 Vnus.
458 490 544 542 1?.
588 489 909 543 —Lavabit
926 491 1051 542 vino
1077 489 1276 543 stolam
1307 505 1483 556 suam,
1523 496 1573 544 et
1592 492 1856 559 sanguine

146 593 265 632 uva
290 579 534 646 pallium
579 592 755 631 suum.
808 578 1145 631 Pulchriores
1191 582 1318 632 sunt
1365 580 1507 632 oculi
1542 579 1658 647 ejus
1705 581 1851 645 vino,

145 670 196 718 et
256 666 447 719 dentes
492 666 610 733 ejus
668 665 803 718 lacte
850 664 1213 719 candidiores.
1274 666 1479 719 Stolam
1525 681 1678 720 suam
1729 668 1854 719 vino

143 752 330 821 lavat,
382 767 517 808 cum
567 752 854 821 profectus
892 760 1083 807 noster
1125 752 1304 807 ludas
1353 767 1525 808 verus
1566 752 1853 822 spirituali

139 840 376 895 fervore
425 853 492 896 ac
541 839 755 902 latitia,
802 839 1056 894 tunicam
1111 840 1266 894 illam
1317 839 1375 894 in
1427 840 1706 909 baptisma
1749 855 1854 897 su-

139 936 423 997 sceptam,
457 942 632 998 quam
666 927 918 997 perferre
958 927 1196 996 jubetur
1225 936 1356 983 ante
1401 928 1657 983 tribunal
1685 928 1856 984 Chri-

138 1011 233 1080 sti,
269 1014 532 1083 quotidie
575 1014 838 1069 mundat.
888 1014 1131 1069 Pallium
1164 1029 1340 1084 super
1384 1016 1641 1075 tunicam
1691 1017 1855 1071 indui

140 1101 310 1157 solet.
371 1102 426 1157 Si
489 1116 626 1173 ergo
694 1116 794 1171 per
849 1102 1051 1157 stolam
1105 1101 1390 1158 interioris
1446 1104 1730 1168 hominis,
1796 1105 1853 1160 in

140 1198 440 1259 quantum
476 1190 747 1260 possibile
776 1198 878 1259 est,
927 1190 1314 1257 munditiam;
1349 1205 1451 1261 per
1493 1193 1721 1260 pallium
1753 1206 1853 1248 ac-

139 1278 340 1346 cipere
386 1291 695 1347 possumus
722 1278 1023 1334 exterioris
1052 1278 1241 1348 operis
1279 1278 1684 1334 innocentiam.
1716 1280 1853 1346 Qua

140 1368 200 1418 in
231 1369 508 1432 sanguine
536 1381 655 1420 uva
704 1366 957 1433 lavatur,
1001 1367 1141 1436 quia
1175 1366 1381 1422 Christi
1433 1368 1714 1437 passionis
1761 1382 1850 1423 sa-

140 1461 467 1515 cramento,
509 1468 583 1508 ex
619 1469 734 1525 quo
767 1468 1032 1524 superna
1074 1454 1241 1509 nobis
1284 1454 1580 1524 plenitudo
1610 1456 1855 1513 deﬂuxit

138 1540 493 1608 dulcedinis,
528 1542 666 1597 dum
717 1542 857 1598 illud
892 1542 1133 1597 ﬁdeliter
1173 1543 1369 1608 sumit,
1404 1556 1439 1597 a
1470 1544 1696 1599 macula
1742 1545 1851 1600 hu-

137 1629 447 1684 manitatis
502 1630 781 1685 abluitur.
837 1630 996 1686 Unde
1046 1629 1260 1685 dicitur
1304 1645 1317 1684 :
1367 1633 1435 1685 Et
1487 1634 1545 1685 in
1591 1636 1854 1700 sanguine

136 1720 304 1784 Agni
330 1718 580 1771 laverunt
617 1719 782 1772 stolas
824 1733 951 1771 suas
985 1717 1176 1788 (Apoc.
1230 1733 1327 1781 vn,
1365 1720 1473 1781 14).
1510 1720 1651 1775 Cum
1699 1723 1851 1776 enim

137 1805 356 1861 Christi
417 1819 628 1875 corpus
697 1807 897 1861 devote
968 1805 1271 1873 sumimus,
1329 1820 1361 1859 a
1418 1809 1852 1864 necessitatibus

139 1908 277 1962 qua
333 1908 391 1948 se
423 1893 632 1949 nostris
680 1894 907 1950 actibus
958 1893 1251 1964 ingerunt,
1302 1894 1526 1963 expiari
1584 1910 1687 1952 nos
1724 1911 1852 1952 cre-

138 1980 357 2035 dimus.

222 2070 364 2121 Vino
396 2076 588 2124 autem
629 2068 792 2124 Juda
832 2070 975 2123 oculi
1000 2070 1337 2138 pulchriores
1366 2077 1521 2138 sunt,
1558 2070 1697 2141 quia
1735 2085 1851 2127 non

139 2169 212 2210 ex
268 2156 579 2225 hypocrisi,
631 2163 686 2211 et
724 2158 1066 2227 arrogantia
1122 2156 1442 2226 sapientia,
1500 2166 1554 2212 et
1602 2158 1851 2214 scientia

142 2243 441 2298 claritates
484 2243 666 2297 animi
691 2243 865 2298 nostri
916 2243 1165 2314 gloriosa
1206 2244 1483 2300 confessio
1512 2246 1618 2300 sibi
1672 2247 1852 2301 inesse

136 2330 408 2401 jactitat;
438 2330 532 2385 sed
577 2345 649 2386 ex
685 2332 838 2400 vino,
889 2332 941 2386 id
975 2339 1058 2387 est
1102 2331 1484 2387 sincerissima
1536 2333 1851 2403 spiritualis

141 2419 349 2488 gratia
381 2418 641 2474 ubertate
688 2419 915 2488 plenius
957 2419 1065 2474 sibi
1112 2420 1239 2474 aliis
1271 2421 1568 2477 abundare
1616 2423 1847 2477 demon-

141 2514 311 2561 strat.
367 2507 463 2561 Est
514 2521 648 2577 ergo
678 2522 903 2563 sensus.
948 2506 1109 2573 Quod
1153 2509 1373 2564 cateris
1421 2508 1850 2577 pulchritudine

140 2592 540 2661 praeminent,
571 2582 683 2649 non
715 2608 787 2649 ex
821 2594 1111 2665 ﬁgmento,
1145 2596 1241 2650 sed
1274 2610 1343 2651 ex
1376 2597 1511 2651 vino
1541 2596 1722 2651 divini
1751 2612 1848 2653 sa-

140 2683 301 2749 poris
352 2689 407 2735 et
451 2682 655 2737 caloris
701 2690 804 2738 est.
863 2681 1132 2739 Similiter
1170 2691 1224 2739 et
1272 2684 1471 2746 dentes,
1518 2699 1848 2741 sermonum

140 2769 411 2824 videlicet
450 2771 735 2838 potentia,
767 2778 821 2826 et
868 2771 1132 2837 virtutes,
1168 2772 1383 2842 quibus
1430 2773 1571 2827 alios
1608 2773 1696 2841 pie
1727 2787 1846 2828 ma-

142 2854 354 2909 ctando
407 2855 519 2910 Deo
568 2856 955 2925 incorporant,
1004 2858 1158 2927 quod
1203 2858 1516 2913 multorum
1565 2859 1848 2915 facundiis

144 2942 493 3011 propensius
538 2943 774 3009 enitent,
808 2960 876 2997 ea:
920 2947 1056 3000 lacte
1098 2953 1202 3015 est,
1236 2946 1288 3000 id
1323 2954 1427 3013 est,
1460 2960 1532 3001 ex
1575 2946 1849 3016 simplicis

143 3032 507 3087 conscientia
562 3033 894 3101 plenissima
956 3034 1232 3104 puritate,
1285 3050 1397 3090 non
1443 3050 1514 3091 ex
1564 3036 1848 3092 declama-

145 3120 294 3174 toria
346 3121 701 3176 ventositate.
763 3123 826 3175 Hi
876 3123 1031 3177 enim
1079 3123 1275 3178 dentes
1322 3122 1470 3179 sicut
1522 3138 1664 3195 grex
1720 3132 1844 3180 ton-

143 3221 341 3262 sarum
376 3209 763 3264 ascenderunt
796 3209 865 3265 de
911 3210 1164 3277 lavacro,
1197 3217 1261 3266 ut
1290 3210 1502 3281 legitur
1534 3215 1590 3265 in
1637 3212 1847 3268 amoris

143 3295 380 3350 Cantico
412 3298 590 3361 (Cant.
628 3311 704 3363 1v,
739 3296 815 3367 2).

217 3382 395 3438 Vnus.
450 3385 533 3437 13.
584 3411 657 3424 -
705 3384 946 3438 Zabulon
997 3386 1054 3437 in
1103 3385 1281 3439 littore
1326 3388 1495 3439 maris
1552 3385 1844 3455 habitabit,

145 3475 193 3523 et
228 3473 289 3522 in
339 3473 571 3524 statione
616 3474 840 3525 navium
881 3474 1193 3540 pertingens
1239 3487 1407 3541 usque
1451 3474 1524 3526 ad
1572 3473 1842 3529 Sidonem.

140 3558 400 3612 Zabulon
448 3558 660 3613 dicitur
700 3562 886 3627 ﬂuxus
929 3563 1123 3628 noctis,
1154 3560 1241 3616 vel
1265 3561 1659 3629 jusjurandum
1706 3562 1842 3632 ejus,

138 3647 229 3701 vel
264 3646 641 3700 habitaculum
667 3648 1038 3713 fortitudinis.
1068 3648 1210 3705 Cum
1232 3651 1386 3703 enim
1410 3656 1635 3704 noctem
1667 3650 1845 3721 hujus

139 3734 334 3789 saculi
366 3734 602 3789 efﬂuere
643 3750 745 3804 per
789 3749 1015 3792 errores
1064 3736 1376 3802 cernimus,
1423 3737 1843 3807 jusjurandum

138 3822 297 3893 quod
330 3823 388 3876 in
437 3822 719 3892 baptismo
761 3837 938 3879 sacra
994 3824 1387 3894 promissionis
1440 3825 1695 3894 fecimus,
1740 3843 1844 3884 nos

137 3910 352 3965 scilicet
384 3909 607 3979 pompis
657 3911 785 3980 ejus
829 3911 1281 3978 renuntiaturos,
1337 3913 1409 3967 ad
1441 3912 1842 3970 habitaculum

138 4006 368 4053 aterna
417 3998 790 4065 fortitudinis,
834 4000 1123 4055 civitatem
1183 3999 1440 4061 videlicet
1492 4010 1836 4070 manentem,

139 4086 547 4141 contendentes
606 4086 930 4156 implemus.
992 4088 1109 4142 Hac
1160 4087 1614 4145 consideratione
1670 4104 1840 4145 curas

1895 1584 1933 1638 Β
1964 1544 2139 1638 nibus
2188 1543 2494 1638 Dominus
2533 1543 2762 1638 addidit
2798 1557 2809 1595 :

1964 403 2186 475 lingua,
2217 407 2382 474 piscis
2424 405 2855 473 interpretatur.
2888 402 2973 457 Ad
3019 402 3190 470 piscis
3228 411 3418 458 autem
3451 404 3658 460 simili-

1964 492 2220 547 tudinem
2270 492 2516 562 attingit,
2571 492 2838 560 quisquis
2888 489 3037 544 inter
3097 491 3293 545 mundi
3348 490 3558 548 fluctus
3604 501 3659 549 et

1964 586 2322 648 tempestates
2351 580 2565 635 illasus
2612 594 2641 632 ει
2677 578 2917 633 crimine
2965 576 3141 645 vivit;
3174 578 3264 632 cui
3301 580 3533 634 tentatio
3559 595 3661 635 oc-

1963 667 2116 721 casio
2160 667 2292 722 vita
2324 667 2403 733 ﬁt,
2455 667 2601 722 sicut
2654 666 2792 735 pisci
2844 665 3001 720 unda
3032 666 3368 720 alimentum
3418 667 3657 723 exsistit.

1964 754 2193 809 Homini
2260 754 2414 810 enim
2471 768 2647 822 super
2700 762 2932 814 terram,
2990 752 3043 806 id
3084 761 3167 807 est
3212 768 3387 821 super
3434 763 3661 810 terrena

1962 842 2292 905 constituto,
2329 842 2560 896 tentatio
2588 839 2886 895 vitalitatis
2915 853 3089 894 causa
3117 854 3236 897 esse
3260 840 3444 895 debet.

2034 928 2206 983 Vnus.
2262 928 2342 995 14,
2399 930 2480 982 15.
2530 956 2602 969 —
2647 929 2901 982 Issachar
2945 930 3133 981 asinus
3189 929 3349 993 fortis
3392 928 3659 983 accubans

1962 1019 2106 1070 inter
2138 1018 2410 1071 terminos.
2458 1016 2616 1070 Vidit
2657 1017 2896 1083 requiem
2937 1015 3081 1083 quod
3111 1021 3243 1068 esset
3277 1015 3434 1081 bona,
3468 1021 3518 1070 et
3550 1023 3656 1070 ter-

1961 1121 2083 1159 ram
2134 1104 2278 1174 quod
2320 1107 2562 1173 optima;
2616 1110 2667 1158 et
2711 1106 2999 1171 supposuit
3051 1106 3327 1156 humerum
3376 1120 3538 1158 suum
3584 1106 3660 1159 ad

1961 1194 2313 1264 portandum,
2360 1195 2543 1259 factus
2584 1194 2662 1246 est
2703 1191 2921 1245 tributis
2969 1194 3223 1245 serviens.
3262 1193 3521 1247 lssachar
3565 1192 3660 1247 in-

1963 1287 2305 1351 terpretatus
2333 1288 2416 1335 est
2454 1295 2668 1334 merces.
2710 1279 2780 1333 Et
2810 1280 2983 1333 tantis
3030 1278 3321 1334 laboribus
3365 1294 3509 1349 quos
3550 1281 3662 1335 Za-

1963 1368 2140 1424 bulon
2198 1367 2451 1438 patitur,
2524 1366 2722 1422 sedulo
2785 1374 2869 1421 est
2932 1367 3319 1422 intimandum
3390 1368 3529 1437 quia
3579 1375 3663 1424 est

1961 1470 2195 1512 merces.
2246 1454 2480 1511 Taxatis
2527 1468 2784 1523 namque
2829 1461 2953 1508 octo
2984 1453 3313 1522 passionum
3364 1454 3663 1510 beatitudi-

2856 1542 3095 1597 Gaudete
3157 1546 3413 1611 quoniam
3466 1558 3662 1598 merces

1961 1637 2141 1687 vestra
2191 1633 2362 1685 multa
2419 1636 2496 1685 est
2552 1633 2610 1684 in
2662 1631 2792 1684 caelo
2843 1631 3058 1693 (Matth.
3108 1645 3162 1696 v,
3224 1632 3331 1699 12).
3386 1631 3472 1685 Ad
3515 1631 3664 1687 hanc

1961 1722 2146 1774 asinus
2195 1719 2491 1789 parandus
2520 1725 2603 1773 est
2651 1720 2837 1784 fortis.
2890 1717 3203 1772 tolerantia
3245 1717 3460 1773 scilicet
3496 1719 3664 1788 vigor

1961 1806 2215 1862 humilis.
2263 1808 2418 1861 Inter
2474 1804 2749 1861 terminos
2801 1804 3063 1870 accubat,
3114 1818 3245 1858 cum
3289 1812 3343 1860 et
3403 1805 3661 1861 inimicos

1960 1893 2192 1949 ferendo
2242 1907 2436 1948 amare
2476 1893 2736 1962 jubetur,
2766 1900 2820 1947 et
2869 1892 3081 1946 amicos
3129 1907 3242 1946 non
3277 1892 3384 1947 nisi
3430 1902 3661 1963 propter

1961 1982 2143 2037 Deum
2170 1994 2363 2036 amare
2394 1980 2743 2050 pracipitur,
2779 1979 2996 2048 quibus
3020 1980 3314 2049 praceptis
3338 1994 3405 2034 ac
3429 1980 3476 2035 si
3510 1988 3660 2036 meta

1960 2068 2237 2137 utrinque
2285 2067 2720 2137 constringitur.
2773 2067 2947 2120 Porro
2980 2067 3243 2132 accubat,
3296 2067 3434 2122 dum
3468 2068 3524 2123 in
3570 2068 3659 2122 his

1959 2155 2164 2211 studiis
2213 2170 2325 2210 non
2380 2155 2762 2210 nutabundus
2807 2163 2982 2219 errat,
3033 2153 3129 2208 sed
3176 2155 3454 2210 continua
3500 2155 3658 2211 dele-

1959 2250 2144 2298 ctatus
2203 2257 2401 2299 eorum
2446 2242 2668 2297 actione
2718 2249 2944 2310 pausat.
2997 2241 3163 2296 Videt
3220 2246 3461 2311 requiem
3512 2244 3657 2311 quod

1958 2332 2029 2385 sit
2061 2331 2218 2395 bona,
2250 2337 2300 2384 et
2344 2336 2544 2385 terram
2577 2330 2721 2398 quod
2758 2331 2986 2397 optima,
3032 2330 3170 2399 quia
3212 2329 3535 2398 spiritualia
3565 2338 3653 2385 at—

1957 2418 2138 2474 tendit
2182 2424 2324 2472 175
2371 2418 2611 2473 sabbata
2653 2418 2725 2471 ab
2754 2417 2909 2472 omni
2963 2415 3154 2470 illicito
3196 2430 3370 2485 quam
3414 2417 3467 2471 in
3503 2431 3655 2487 pra-

1957 2505 2101 2572 senti
2132 2506 2245 2560 sint
2280 2505 2443 2561 utilia
2486 2513 2660 2575 atque
2690 2504 2930 2568 idonea;
2981 2505 3195 2573 quibus
3225 2504 3373 2570 otiis,
3423 2518 3542 2574 qua
3572 2505 3655 2560 nil

1957 2600 2040 2648 est
2090 2594 2311 2659 melius,
2377 2594 2719 2662 acquiratur
2768 2592 3088 2647 viventium
3148 2599 3318 2646 terra.
3373 2592 3655 2662 Supponit

1958 2681 2153 2751 itaque
2200 2683 2479 2735 humerum
2509 2681 2583 2734 ad
2628 2680 2981 2749 portandum,
3031 2694 3166 2735 cum
3204 2680 3254 2734 ei
3307 2681 3477 2750 cujus
3505 2694 3654 2737 onus

1957 2768 2081 2825 leve
2123 2776 2226 2836 est,
2279 2769 2512 2824 humilis
2561 2768 2841 2837 impendit
2884 2768 3218 2822 obeditionis
3254 2768 3363 2822 sub
3409 2768 3518 2822 hac
3564 2768 3651 2823 in-

1957 2858 2209 2913 tentione
2251 2858 2570 2913 servitium.
2630 2856 2789 2912 Unde
2838 2856 3047 2925 legitur
3087 2856 3387 2923 :Servient,
3437 2856 3648 2926 inquit,

1957 2947 2007 2998 ei
2055 2945 2272 2998 humero
2315 2959 2419 2998 uno
2464 2945 2651 3012 (Soph.
2701 2958 2779 3013 ut,
2832 2944 2905 3012 9),
2942 2944 2994 2996 id
3043 2950 3126 2997 est
3177 2943 3470 2997 unanimis
3515 2944 3648 2999 obe-

1956 3032 2182 3088 dientia
2212 3040 2361 3087 voto.
2399 3032 2479 3086 Fit
2511 3031 2695 3087 tribus
2744 3031 3019 3095 serviens,
3070 3030 3207 3085 dum
3240 3031 3380 3085 vitia
3410 3039 3464 3086 et
3507 3045 3650 3086 con-

1955 3119 2335 3188 cupiscentias
2365 3133 2494 3189 qua
2525 3119 2631 3174 sibi
2667 3118 3119 3173 dominabantur
3160 3118 3420 3186 abscidit,
3453 3118 3505 3174 ei
3529 3119 3650 3174 sola

1954 3222 2087 3278 qua
2128 3209 2380 3278 corporis
2422 3209 2743 3263 necessaria
2803 3208 3105 3262 redhibitio
3150 3207 3328 3277 exigit
3370 3208 3649 3263 humani-

1955 3298 2056 3353 tati
2086 3298 2348 3352 reddens.

2025 3385 2198 3442 VERS.
2237 3388 2319 3452 l6,
2366 3385 2450 3449 l7,
2488 3387 2568 3440 18.
2604 3415 2670 3424 -
2706 3385 2830 3437 Dan
2849 3382 3131 3453 judicabit
3164 3385 3426 3452 populum
3467 3400 3643 3452 suum,

1952 3474 2097 3530 sicut
2151 3479 2203 3529 et
2249 3473 2363 3528 alia
2413 3474 2589 3527 tribus
2638 3475 2695 3525 in
2745 3473 2932 3527 Israel.
2984 3473 3108 3524 Fiat
3155 3474 3276 3525 Dan
3321 3472 3533 3525 coluber
3587 3474 3647 3525 in

1951 3565 2064 3629 via,
2097 3568 2326 3616 cerastes
2356 3566 2415 3614 in
2459 3564 2671 3625 semita,
2720 3560 2968 3613 mordens
3002 3559 3237 3629 ungulas
3283 3562 3427 3628 equi,
3459 3564 3521 3612 ut
3547 3575 3646 3613 ca-

1953 3651 2049 3705 dat
2102 3665 2353 3706 ascensor
2407 3653 2523 3718 ejus
2574 3654 2736 3703 retro.
2800 3649 3053 3702 Salutare
3100 3653 3253 3700 tuum
3300 3647 3643 3715 exspectabo,

1952 3740 2191 3791 Domine.
2261 3739 2380 3791 Dan
2454 3736 2860 3805 interpretatur
2914 3732 3229 3802 judicium,
3301 3733 3646 3803 bypocrisim

1950 3825 2301 3894 signiﬁcans,
2364 3839 2482 3894 qua
2531 3825 2747 3894 justius
2803 3820 3029 3877 nullum
3077 3821 3395 3891 judicatur,
3456 3821 3513 3877 id
3561 3829 3645 3877 est

1950 3913 2262 3968 damnatur
2291 3910 2535 3981 vitium;
2580 3925 2710 3981 qua
2739 3917 2794 3965 et
2822 3918 3017 3965 sancta
3064 3909 3203 3980 agit,
3233 3917 3288 3965 et
3326 3910 3647 3965 sanctitatis

1950 4000 2220 4056 honorem
2288 4001 2401 4055 Deo
2469 4006 2791 4067 contempto
2857 3998 3131 4068 sacrilege
3187 3997 3296 4053 sibi
3352 3997 3640 4054 attribuit.

1948 4089 2210 4156 Populum
2254 4094 2446 4143 autem
2494 4101 2673 4154 suum,
2719 4089 2858 4139 sicut
2906 4090 2955 4138 et
2986 4086 3101 4137 ‘alia
3151 4086 3326 4139 tribus
3354 4088 3415 4140 in
3465 4086 3646 4140 Israel

140 4174 365 4241 mundi,
418 4174 791 4245 naufragium
849 4175 1060 4231 scilicet
1110 4174 1287 4230 maris
1333 4176 1559 4232 evitans
1607 4177 1837 4234 animus
1878 4196 1920 4251 ι)
1944 4175 2185 4247 judicat,
2219 4175 2361 4245 quia
2404 4174 2685 4229 forinseca
2733 4173 2998 4243 quadam
3051 4186 3156 4227 sua
3210 4175 3362 4228 mala
3410 4174 3559 4230 sicut
3591 4181 3646 4229 et

141 4269 351 4327 noster,
400 4261 561 4316 littus
605 4260 844 4317 interna
893 4262 1193 4317 soliditatis
1235 4258 1413 4333 eligit,
1461 4271 1517 4319 et
1560 4265 1706 4320 inter
1734 4278 1837 4319 na-

142 4362 259 4413 ves,
310 4361 424 4403 non
457 4348 584 4403 illas
634 4364 765 4419 qua
812 4350 1301 4406 circumferuntur
1328 4353 1485 4407 omni
1536 4361 1703 4408 vento
1733 4353 1838 4408 do-

144 4434 338 4490 ctrina
395 4436 618 4505 (Ephes.
670 4451 745 4504 iv,
780 4437 887 4506 14),
937 4437 1035 4492 sed
1066 4437 1210 4502 illas,
1257 4451 1358 4507 per
1414 4452 1561 4508 quas
1599 4439 1838 4495 descen-

142 4521 297 4578 ditur
340 4536 499 4577 mare
529 4530 594 4578 ut
650 4523 746 4579 ﬁat
794 4524 1042 4593 operatio
1091 4525 1148 4579 in
1205 4524 1374 4595 aquis
1421 4524 1619 4580 multis
1672 4527 1835 4596 (Psal.

141 4625 253 4675 CV1,
284 4614 414 4680 23,;
445 4617 501 4666 et
549 4626 683 4681 qua
712 4619 1117 4681 pertranseunt
1162 4612 1437 4668 animalia
1467 4612 1674 4681 pusilla
1704 4627 1836 4670 cum

140 4699 386 4769 magnis.

208 4786 354 4842 Sunt
401 4801 657 4858 namque
702 4802 878 4843 naves
927 4788 1136 4844 anima
1182 4788 1415 4843 omnino
1465 4788 1675 4857 ﬁdeles,
1727 4789 1834 4845 bu-

138 4874 433 4930 militatem
480 4890 588 4931 sua
625 4876 983 4932 concavitate
1013 4876 1324 4946 signantes,
1368 4884 1423 4932 et
1454 4890 1554 4946 per
1584 4876 1689 4931 hoc
1716 4891 1835 4934 sese

139 4963 395 5034 aliosque
435 4964 743 5020 salvantes.
790 4964 855 5020 In
885 4965 1126 5020 statione
1155 4979 1290 5035 ergo
1320 4965 1558 5020 navium
1589 4963 1830 5033 habitat,

140 5066 261 5107 cum
319 5052 471 5107 inter
521 5051 788 5121 exempla
830 5067 1029 5109 eorum
1084 5053 1185 5123 qui
1236 5054 1292 5108 in
1350 5052 1594 5108 miseriis
1639 5052 1834 5109 saeculi

140 5136 311 5208 hujus
344 5139 728 5194 tentationum
767 5140 1108 5207 subsistunt,
1141 5141 1559 5211 perseverando
1593 5154 1832 5197 conver-

140 5226 242 5280 sari
271 5234 460 5282 curat.
515 5226 711 5297 Usque
742 5228 814 5283 ad
859 5228 1125 5284 Sidonem
1154 5228 1446 5301 pertingit,
1481 5243 1614 5285 cum
1647 5244 1833 5300 usque

140 5313 205 5369 ad
228 5314 747 5371 considerationem
798 5325 1055 5387 quastus
1104 5316 1344 5385 inutilis,
1376 5317 1516 5388 quid
1555 5316 1735 5373 solum
1770 5317 1831 5372 in

140 5402 296 5458 modo
324 5411 381 5459 et
410 5402 704 5472 quaeritur
727 5411 783 5460 et
810 5406 1024 5475 agitur,
1074 5419 1233 5462 mens
1264 5405 1503 5477 provida
1547 5405 1826 5475 pervenit.

1948 4262 2127 4329 electi,
2172 4263 2242 4317 ad
2299 4275 2549 4332 quorum
2599 4268 2808 4316 sortem
2856 4274 2972 4315 non
3018 4260 3282 4329 pertinet,
3345 4261 3647 4318 visibiliter

1948 4351 2218 4407 discernit
2262 4358 2316 4406 et
2349 4355 2642 4418 temperat.
2694 4348 2824 4401 Fiat
2872 4350 2990 4402 Dan
3011 4348 3222 4402 coluber
3254 4352 3312 4402 in
3340 4352 3452 4404 via.
3484 4349 3644 4415 Quod

1947 4447 2030 4495 cst
2061 4438 2287 4494 dicere:
2323 4437 2468 4493 Velit
2523 4437 2693 4501 Deus,
2758 4443 2842 4504 ut,
2882 4435 2985 4491 etsi
3035 4436 3357 4505 hypocrisis
3400 4438 3642 4494 colorari

1945 4526 2178 4583 videtur
2204 4540 2277 4582 ex
2320 4526 2593 4580 varietate
2626 4538 2753 4591 sua,
2803 4532 3082 4593 appareat
3131 4532 3322 4579 tamen
3363 4540 3541 4595 quam
3571 4525 3644 4580 sit

1946 4614 2304 4670 mortiferum
2352 4613 2566 4668 malum
2603 4613 2782 4667 instar
2822 4612 3043 4667 colubri
3079 4612 3135 4665 in
3177 4626 3296 4668 sua
3330 4612 3644 4669 affectionis

1947 4703 2060 4757 via.
2103 4701 2430 4758 Notandum
2481 4708 2674 4756 autem
2721 4700 2874 4769 quod
2915 4699 3150 4755 coluber
3200 4701 3397 4756 minus
3444 4710 3643 4756 noceat

1947 4804 2122 4860 quam
2156 4797 2421 4858 cerastes,
2452 4796 2506 4844 et
2549 4788 2645 4843 via
2674 4788 2843 4843 latior
2883 4795 2937 4843 et
2969 4789 3154 4859 magis
3198 4788 3330 4843 trita
3361 4788 3433 4843 sit
3463 4802 3641 4858 quam

1946 4878 2162 4933 semita.
2194 4878 2415 4934 Coluber
2445 4880 2503 4931 in
2529 4880 2622 4931 via
2641 4884 2724 4931 est
2755 4876 3074 4944 hypocrisis
3118 4875 3356 4942 malum,
3389 4877 3486 4932 sed
3522 4891 3640 4931 non

1947 4965 2023 5021 ita
2075 4964 2452 5035 perniciosum
2513 4964 2570 5018 in
2619 4962 2913 5019 aﬁectione
2973 4977 3173 5033 prava.
3233 4964 3442 5018 Laudis
3486 4965 3641 5020 enim

1945 5058 2108 5109 amor
2157 5053 2496 5108 naturaliter
2538 5051 2797 5121 subrepit
2842 5066 2982 5120 pene
3028 5051 3313 5107 omnibus.
3366 5052 3500 5107 Hac
3547 5052 3642 5108 via

1942 5155 2080 5213 ergo
2110 5140 2391 5213 generalis
2417 5147 2520 5196 est.
2547 5140 2609 5195 Id
2644 5146 2926 5209 pracavct
2956 5155 3057 5209 qni
3115 5139 3251 5195 dicit
3278 5154 3291 5193 :
3324 5142 3460 5195 Dixi
3482 5156 3494 5194 :
3519 5142 3640 5195 Cu-

1942 5230 2176 5285 stodiam
2202 5232 2322 5283 vias
2352 5244 2492 5282 meas
2523 5229 2693 5297 (Psal.
2722 5242 2951 5295 xxxvtu,
2986 5230 3061 5299 2).

2014 5318 2254 5373 Cerastes
2300 5323 2513 5383 autem,
2548 5317 2649 5386 qui
2683 5316 2895 5372 dicitur
2932 5324 3233 5386 cornutus,
3280 5316 3638 5375 mortiferum

1940 5404 2177 5461 omnino
2226 5404 2481 5469 animal,
2533 5404 2819 5474 superbia
2876 5404 3087 5462 fastum
3149 5420 3331 5463 cornu
3377 5405 3641 5464 elationis
