3904 6066
210 210 314 262 327

1098 204 1161 257 V.
1203 200 1536 257 GUIBERTI
1575 198 1864 255 ABBATIS
1903 199 1957 254 S.
2002 199 2239 254 MARUE
2274 197 2369 254 DE

2430 196 2816 255 NOVIGENTO
3606 197 3729 249 328

212 337 539 409 signiﬁcat;
598 335 693 391 cui
737 333 935 390 semita
969 331 1239 397 concinit,
1285 344 1415 400 quae
1451 329 1906 399 singularitatem
1946 330 1993 383 A
2025 327 2156 396 dici,
2188 334 2243 383 et
2285 326 2658 397 Apocalypsis
2690 333 2947 393 testatur,
2978 332 3033 381 et
3062 325 3290 394 Psalmi,
3340 340 3591 396 quorum
3624 326 3735 382 de-

215 425 512 481 insolentis
569 421 930 492 cogitationis
984 419 1235 487 indicat,
1290 419 1388 473 ubi
1431 432 1488 472 se
1546 430 1719 486 super
1773 416 1913 471 alios

214 516 440 569 cunctis
470 511 824 581 indignando
851 509 1055 574 elevat,
1089 507 1189 577 qui
1217 521 1356 576 pene
1385 507 1497 561 Deo
1524 505 1630 573 ipsi
1663 518 1721 559 se
1753 518 1912 560 com-

214 609 395 671 parat.
432 600 650 654 Mordet
681 611 816 652 vero
845 597 1079 664 ungulas
1122 597 1265 663 equi,
1295 608 1425 649 cum
1473 592 1789 661 corrumpit
1819 591 1913 646 ni-

213 690 413 743 mietas
458 686 803 755 arrogantia:
838 684 895 737 in
941 682 1133 737 animo
1170 684 1347 751 ipsam
1398 680 1486 735 sui
1518 680 1910 734 discretionem

213 777 353 847 typi,
389 783 451 830 ut
479 788 591 829 non
627 788 686 829 se
725 772 1044 842 superbire,
1077 771 1171 825 sed
1207 769 1491 839 quidquid
1524 769 1593 823 de
1622 782 1681 823 se
1704 768 1910 837 glorio-

213 879 341 919 sum
370 862 602 931 cogitat,
641 861 745 915 sibi
793 861 1034 915 mstimet
1066 859 1239 927 digne
1287 864 1621 925 competere.
1657 856 1915 925 Ungulas

214 966 316 1022 pro
353 950 691 1006 discretione
740 962 946 1018 ponere
993 947 1176 1013 novit,
1222 944 1322 1015 qui
1361 945 1464 999 scit
1511 943 1761 998 vitulum
1809 958 1911 997 no-

213 1040 423 1095 vellum
454 1051 674 1093 cornua
703 1044 756 1091 et
787 1035 1040 1106 ungulas
1071 1034 1388 1103 producere
1420 1032 1586 1101 (Psal.
1617 1046 1770 1099 LXIII,
1800 1031 1909 1100 32).

213 1131 441 1199 Equum
474 1133 667 1182 autem
724 1140 827 1195 pro
875 1123 1149 1193 superbia
1199 1122 1377 1177 solere
1426 1120 1578 1190 poni,
1631 1121 1785 1175 testis
1830 1126 1914 1174 est

213 1217 491 1287 psalmus,
527 1216 625 1285 qui
673 1226 1001 1269 ascensores
1032 1224 1317 1280 equorum
1356 1209 1691 1264 dormitasse
1731 1208 1916 1277 perbi-

214 1306 309 1361 bet
357 1304 429 1359 ab
496 1303 883 1371 increpatione
929 1300 1026 1354 Dei
1081 1299 1249 1367 (Psal.
1302 1312 1471 1364 Lxxv,
1506 1298 1577 1365 ’7).
1629 1299 1696 1351 Ut
1753 1296 1913 1350 cadat

215 1406 466 1446 ascensor
490 1391 605 1458 ejus
632 1394 797 1451 retro,
832 1388 892 1440 id
921 1391 1017 1451 est,
1047 1395 1112 1441 ut
1139 1387 1278 1441 dum
1311 1386 1377 1440 de
1409 1385 1605 1455 glorise
1640 1384 1915 1439 inanitate

217 1480 494 1549 superbit,
545 1484 858 1539 evertatur,
907 1483 961 1529 et
991 1475 1215 1529 decidat
1264 1474 1319 1527 in
1376 1474 1471 1527 illo
1501 1474 1657 1528 unde
1709 1473 1915 1528 avertit

217 1569 456 1623 obtutus
486 1566 680 1619 futuro
719 1564 946 1618 saeculo.
993 1561 1278 1616 Percussit
1308 1560 1458 1615 enim
1493 1557 1770 1613 Dominus
1800 1554 1913 1609 ini—

217 1657 395 1713 micos
444 1668 594 1715 suos,
647 1653 745 1707 ubi
778 1652 972 1705 minus
1014 1650 1321 1705 attendunt
1364 1648 1422 1703 in
1453 1645 1746 1716 sequentis
1782 1643 1914 1698 vitm

219 1741 551 1811 posteriora.
585 1739 828 1808 Spiritus
861 1746 1052 1793 autem
1098 1744 1289 1791 noster
1320 1736 1428 1790 ista
1475 1733 1708 1804 provide
1740 1731 1914 1801 dispi-

221 1828 395 1891 ciens,
447 1833 618 1894 atque
671 1823 1009 1892 despiciens,
1054 1822 1296 1875 salutare
1343 1820 1445 1874 Dei
1481 1833 1539 1874 se
1584 1824 1916 1886 exspectare

223 1916 336 1969 Deo
379 1913 481 1983 ipsi
515 1912 833 1982 pollicetur,
892 1910 1032 1980 quia
1065 1924 1181 1979 quo
1208 1908 1396 1978 magis
1452 1906 1661 1975 impius
1687 1914 1742 1960 et
1787 1919 1917 1973 apo-

223 2010 369 2057 stata
398 2000 674 2071 superbit,
726 2012 946 2067 pauper
975 2005 1133 2053 tanto
1172 1998 1358 2067 magis
1391 1994 1716 2050 incenditur
1747 1993 1914 2063 (Psal.

222 2106 282 2157 x,
316 2089 430 2158 23),
474 2089 543 2143 ad
584 2089 725 2143 bene
750 2087 1041 2156 agendum
1075 2086 1286 2141 scilicet
1317 2083 1615 2154 purgatior
1648 2081 1919 2138 vividior-

224 2191 338 2246 que
368 2176 662 2239 redditur;
695 2181 749 2228 et
792 2188 921 2229 cum
972 2171 1273 2228 saeculares
1319 2171 1408 2226 ille
1436 2170 1648 2240 glorias
1681 2175 1919 2239 prensio-

223 2262 396 2329 latur,
433 2261 535 2316 iste
580 2262 647 2315 de
703 2260 989 2328 salutaris,
1022 2260 1079 2314 id
1129 2267 1212 2315 est
1240 2258 1447 2315 Christi
1500 2257 1918 2326 exspectatione

224 2351 469 2405 lmtatur.
501 2348 659 2404 Unde
690 2348 891 2414 David,
925 2347 1025 2417 qui
1054 2347 1122 2401 de
1154 2361 1220 2401 eo
1263 2347 1363 2417 qui
1390 2344 1694 2415 praevaluit
1727 2346 1782 2398 in
1811 2357 1917 2397 va-

223 2439 403 2494 nitate
445 2450 552 2491 sua
603 2436 954 2505 loqueretur,
1007 2434 1263 2490 subdidit
1305 2433 1375 2489 de
1424 2448 1500 2499 se,
1534 2432 1623 2488 vel
1671 2431 1915 2497 Christo,

223 2526 464 2595 ejusque
516 2522 803 2578 similibus
835 2537 846 2576 :
876 2525 989 2589 Ego
1020 2527 1217 2589 autem,
1268 2524 1409 2575 sicut
1437 2522 1580 2575 oliva
1622 2521 1921 2586 fructi/era

227 2614 390 2683 (Psal.
423 2626 497 2677 LI,
532 2614 582 2677 9,
624 2608 730 2678 l0),
765 2617 870 2664 etc.

296 2699 468 2754 Vnus.
507 2700 592 2750 i9.
624 2726 692 2735 —
735 2696 855 2751 Gad
899 2698 1169 2751 accinctus
1211 2695 1565 2765 prmliabitur
1610 2698 1735 2748 ante
1780 2709 1917 2760 eum,

226 2791 274 2841 et
304 2788 420 2854 ipse
457 2786 770 2849 accingetur
815 2789 1128 2837 retrorsum.
1184 2781 1303 2837 Gad
1352 2782 1691 2835 latrunculus
1739 2781 1923 2835 inter-

228 2881 504 2943 pretatur,
558 2885 658 2941 per
706 2885 876 2940 quem
930 2870 1271 2941 intelligitur
1331 2870 1581 2924 carnalis
1627 2868 1917 2924 stimulus.

226 2960 335 3027 Qui
387 2960 677 3015 accinctus
717 2967 850 3013 ante
884 2960 1006 3012 Dan
1042 2959 1356 3028 prmliatur,
1406 2957 1546 3027 quia
1589 2956 1836 3012 collectis
1866 2964 1921 3011 et

229 3048 502 3119 appositis
530 3047 637 3102 sibi
680 3060 750 3101 ex
785 3046 947 3101 inani
968 3053 1199 3101 tumore
1230 3045 1472 3111 viribus,
1507 3045 1755 3100 luxuria)
1782 3044 1920 3099 solet

228 3137 572 3206 despumare
616 3134 910 3190 fetoribus.
947 3134 1100 3203 Smpe
1133 3134 1306 3201 enim,
1355 3142 1409 3189 et
1439 3134 1605 3202 quasi
1635 3132 1921 3189 naturali-

229 3233 334 3289 ter,
384 3222 700 3292 majestatis
750 3222 904 3277 illius
939 3222 1253 3277 ventositas
1299 3220 1486 3277 reﬂari
1519 3221 1815 3276 consuevit
1861 3220 1919 3274 in

229 3312 438 3376 labem,
491 3318 544 3365 et
597 3311 753 3380 justo
795 3310 887 3364 Dei
930 3309 1147 3379 judicio
1200 3309 1518 3378 improvide
1556 3308 1923 3363 latrunculus

230 3400 336 3456 sibi
371 3400 473 3454 iste
502 3397 773 3463 occurrit,
813 3406 875 3453 ut
902 3397 1004 3467 qui
1053 3399 1227 3452 Deum
1262 3397 1637 3466 hominesque
1683 3410 1797 3452 non
1827 3409 1955 3451 re-v

231 3495 414 3558 putat,
466 3488 524 3541 in
560 3501 664 3541 suo
712 3495 943 3556 repente
985 3485 1292 3541 foedissimo
1338 3499 1477 3539 casu
1524 3484 1716 3540 videat
1746 3498 1919 3554 quam

229 3577 429 3632 nullus
454 3575 679 3630 existat.
718 3577 865 3628 Ante
897 3580 1085 3629 autem
1134 3572 1381 3642 prmliari
1423 3573 1655 3638 dicitur,
1690 3573 1829 3642 quia
1871 3572 1919 3636 ei

230 3666 331 3735 qui
362 3663 605 3719 interius
650 3661 805 3718 ultra
851 3676 1076 3718 omnem
1112 3661 1344 3716 modum
1390 3660 1674 3731 gloriatur
1715 3668 1922 3729 apertae

229 3750 680 3823 impugnationis
709 3750 910 3806 turbas
955 3749 1257 3805 insolentia
1288 3749 1492 3804 subitae
1527 3747 1778 3803 libidinis
1810 3763 1924 3802 mo-

228 3855 363 3896 vere
414 3838 782 3909 permittitur.
832 3839 930 3893 His
973 3839 1123 3893 enim
1173 3838 1275 3907 qui
1316 3837 1641 3892 voluntarie
1689 3842 1924 3904 peccant

230 3925 638 3981 offcudiculum
684 3925 1041 3995 proponitur.
1077 3928 1385 3980 Retrorsum
1416 3935 1605 3979 tamen
1636 3923 1797 3993 prius
1829 3937 1921 3978 ac-

232 4014 505 4084 cingitur,
551 4014 688 4068 dum
721 4012 781 4067 in
825 4013 1017 4068 animo
1046 4028 1170 4078 suo,
1221 4012 1313 4067 cui
1345 4012 1642 4082 hypocrita
1688 4011 1922 4067 dorsum

230 4102 420 4168 vertit,
455 4100 651 4156 multis
699 4100 859 4170 prius
888 4101 1302 4170 cogitationum
1350 4100 1745 4156 moliminibus
1784 4114 1927 4154 con-

231 4196 408 4258 ceptae
453 4189 762 4257 voluptatis
803 4188 1041 4245 affectus
1070 4195 1351 4256 armatur,
1385 4189 1676 4258 quomodo
1706 4187 1927 4244 callidis

230 4275 526 4333 effectibus
557 4275 879 4345 impleatur.

301 4365 473 4421 VERs.
506 4366 591 4417 20.
626 4393 694 4403 --
733 4363 886 4430 Aser,
931 4366 1156 4434 pinguis
1193 4366 1355 4433 panis
1403 4364 1539 4434 ejus,
1576 4369 1627 4418 et
1660 4364 1924 4434 praebebit

233 4452 457 4506 delicias
504 4452 740 4515 regibus.
775 4453 914 4506 Aser
942 4451 1152 4506 dicitur
1201 4452 1418 4521 beatus;
1453 4466 1559 4507 nec
1585 4451 1768 4507 Deum
1798 4464 1926 4520 per-

233 4539 374 4596 fecte
422 4539 643 4595 timenti
691 4539 907 4595 beatior
953 4546 1037 4594 est
1085 4539 1257 4595 ullus.
1304 4540 1453 4595 Huic
1497 4542 1663 4609 panis
1701 4541 1926 4608 pinguis

232 4636 335 4694 est,
363 4629 502 4698 quia
546 4628 684 4683 dum
718 4628 906 4683 oleum
947 4628 1217 4695 continet,
1266 4643 1372 4683 nec
1420 4628 1662 4683 interius
1690 4628 1759 4682 de
1803 4627 1928 4682 vir-

234 4716 470 4787 ginitate
513 4716 797 4786 superbit,
843 4717 1010 4786 panis
1051 4716 1121 4783 ei,
1185 4716 1287 4785 qui
1334 4717 1403 4771 de
1449 4716 1590 4772 cmlo
1638 4715 1928 4771 descendit

235 4806 406 4875 (Joan.
452 4821 528 4873 γι,
560 4806 668 4871 41),
723 4805 957 4861 interior
985 4804 1239 4870 libertas,
1284 4812 1338 4860 et
1367 4819 1576 4860 succus
1605 4812 1707 4860 est.
1755 4805 1810 4858 Is
1854 4817 1923 4859 ex

234 4892 400 4962 adipe
441 4893 713 4948 frumenti
768 4894 999 4949 cibatur
1048 4894 1218 4959 (Psal.
1250 4907 1424 4960 Lxxx,
1472 4896 1579 4961 l7).
1624 4893 1766 4947 Aser
1793 4906 1928 4962 ergo

236 4980 357 5048 iste,
402 4989 594 5036 noster
622 4981 834 5036 scilicet
880 4981 1136 5050 spiritus,
1180 4994 1317 5035 vera
1348 4981 1526 5050 hujus
1556 4980 1777 5049 saporis
1805 4980 1931 5055 bea-

237 5067 481 5125 titudine
510 5071 777 5137 donatus,
828 5070 1078 5139 praefatis
1127 5070 1373 5135 duobus,
1414 5071 1537 5124 Dan
1586 5069 1846 5125 videlicet
1876 5077 1930 5125 et

238 5156 377 5223 Gad,
428 5160 741 5227 oppositus,
798 5159 1012 5228 praebet
1056 5158 1176 5228 jam
1212 5158 1442 5213 delicias
1491 5156 1743 5226 regibus,
1792 5157 1931 5226 quia

239 5258 356 5299 non
401 5246 722 5314 spurcitias,
768 5246 881 5301 imo
923 5247 1119 5316 spinas
1165 5244 1784 5314 concupiscentiarum,
1833 5245 1929 5300 sed

241 5331 641 5388 delectationes
705 5334 941 5389 internae
1001 5334 1386 5403 jucunditatis
1432 5332 1795 5388 administrat
1843 5333 1933 5388 bis

242 5420 343 5488 qui
382 5434 485 5476 nos
527 5421 820 5489 quondam
861 5435 1060 5477 rexere
1090 5422 1371 5477 sensibus.
1404 5421 1584 5492 Reges
1610 5412 1803 5476 autem
1830 5420 1933 5475 hos

2022 416 2166 470 licize
2213 431 2326 470 non
2378 415 2535 470 aliud
2595 422 2731 470 sunt
2777 429 2953 484 quam
3007 414 3382 470 invisibilium
3430 415 3733 470 bonorum

2022 503 2201 558 lucris
2254 518 2370 558 sese
2421 517 2708 558 exercere.
2757 503 3049 573 Frequens
3094 505 3246 558 enim
3299 503 3505 573 legere,
3559 503 3729 564 ﬂere,

2021 591 2198 647 verba
2248 592 2342 645 Dei
2398 591 2599 646 audire
2656 590 2922 658 libenter,
2979 598 3033 646 et
3088 590 3304 657 dicere,
3358 598 3412 646 et
3466 603 3735 660 qumque

2022 679 2356 749 quibusque
2439 678 2708 734 sensibus
2769 678 3171 733 convenientia
3238 678 3335 748 pia
3401 679 3733 734 intentione

2022 781 2209 836 agere,
2245 766 2462 821 deliciae
2509 774 2644 823 sunt
2685 775 3040 837 emergentes
3069 766 3141 821 ab
3192 766 3418 822 interna
3466 767 3734 837 pingue-

2021 854 2173 909 dine.

2093 942 2264 998 Vens.
2306 944 2394 996 21.
2428 973 2496 981 —-
2537 941 2816 1011 Nephtali,
2851 957 3035 996 cervus
3064 945 3310 1010 emissus,
3341 947 3391 996 et
3433 942 3570 996 dans
3599 944 3729 996 elo—

2021 1032 2153 1099 quia
2196 1029 2647 1098 pulchritudinis.
2694 1028 2954 1098 Nephtali
3001 1028 3213 1084 dicitur
3242 1031 3583 1084 conversavit
3610 1045 3726 1095 me,

2020 1118 2107 1175 vel
2142 1119 2444 1185 implicavit
2464 1133 2564 1183 me,
2589 1116 2678 1171 vel
2710 1117 2969 1170 dilatavit
2996 1132 3095 1170 me.
3135 1119 3438 1187 Postquam
3461 1131 3731 1187 namque

2021 1206 2241 1262 celebro
2258 1206 2486 1260 virtutis
2504 1220 2614 1260 usu
2636 1204 2838 1274 impios
2860 1206 3030 1273 Deus,
3051 1214 3114 1260 ut
3136 1220 3246 1259 non
3273 1207 3404 1272 sint,
3429 1207 3500 1262 ab
3522 1206 3735 1276 impie-

2024 1302 2134 1350 tate
2159 1300 2478 1359 conversat,
2512 1300 2566 1348 et
2596 1293 2716 1348 suis
2741 1306 2836 1348 eos
2875 1293 3166 1363 obsequiis
3205 1293 3481 1363 implicat,
3526 1308 3731 1350 conse-

2023 1390 2267 1452 quenter
2299 1389 2326 1434 I
2346 1386 2440 1434 ‘36
2472 1395 2573 1450 per
2600 1381 2959 1450 profectuum
2990 1381 3206 1451 gradus
3225 1382 3521 1437 charitatis
3550 1383 3733 1436 visce-

2024 1471 2246 1527 ralitate
2280 1469 2495 1523 dilatat.
2531 1468 2775 1537 Spiritus
2813 1483 2949 1540 ergo
2984 1477 3194 1537 noster,
3230 1470 3329 1525 ubi
3365 1470 3485 1525 haec
3514 1471 3728 1540 attige-

2025 1559 2117 1625 rit,
2145 1559 2483 1627 cervusjam
2513 1557 2915 1625 potentissimae
2937 1558 3215 1613 adversus
3240 1558 3381 1613 vitia
3408 1558 3732 1627 majestatis

2025 1646 2301 1701 cornibus
2329 1653 2384 1699 et
2414 1644 2801 1699 subtilissimis
2836 1645 2909 1698 ad
2932 1645 3124 1699 omnia
3151 1644 3526 1701 discernenda
3554 1646 3732 1701 sensi-

2024 1736 2153 1801 bus,
2181 1741 2347 1789 extra
2376 1747 2433 1787 se
2461 1733 2742 1788 emittitur
2771 1746 2872 1802 per
2896 1733 3094 1800 saltus,
3115 1742 3167 1788 et
3188 1724 3539 1789 alacritatem
3570 1734 3725 1788 divi-

2026 1838 2113 1877 nze
2138 1821 2654 1891 contemplationis,
2684 1820 2783 1875 ubi
2816 1821 3010 1876 haurit
3038 1823 3247 1890 eloquia
3280 1823 3450 1877 totius
3469 1823 3729 1890 pulchri-

2027 1911 2257 1963 tudinis.
2293 1908 2430 1974 Qua:
2456 1916 2675 1977 quanto
2697 1907 2802 1962 sibi
2837 1909 2988 1963 intro
3014 1909 3268 1979 gratiora
3297 1909 3528 1975 fuerint,
3561 1917 3727 1965 tanto

2026 1997 2254 2063 dulcius
2282 2010 2350 2052 ea
2381 1996 2645 2065 propinat
2668 2003 2720 2051 et
2751 1996 2894 2050 aliis.

2103 2085 2267 2139 Vens.
2318 2087 2405 2136 22.
2439 2114 2508 2123 ——
2536 2084 2706 2137 Filius
2756 2097 3056 2136 accrescens
3085 2083 3303 2154 Joseph,
3354 2085 3505 2152 ﬁlius
3534 2099 3723 2138 accre-

2025 2187 2192 2238 scens,
2243 2176 2293 2226 et
2340 2172 2562 2225 decorus
2613 2176 2851 2240 aspectu.
2895 2171 3104 2240 .loseph
3156 2172 3571 2242 interpretatur
3612 2187 3726 2225 au-

2027 2266 2314 2326 gmentum.
2346 2263 2731 2329 Augmentum
2764 2258 2941 2327 igitur
2970 2254 3123 2314 istud
3165 2261 3456 2327 accrescit,
3488 2268 3542 2315 et
3580 2273 3726 2316 rur-

2026 2362 2127 2403 sus
2156 2348 2441 2409 accrescit,
2492 2361 2624 2401 cnm
2672 2346 2812 2402 illud
2881 2347 3103 2402 caeleste
3153 2347 3388 2414 bonum,
3439 2362 3553 2417 quo
3602 2347 3724 2402 solo

2026 2451 2161 2491 vere
2189 2435 2585 2505 provehimur,
2617 2445 2673 2489 et
2702 2434 2759 2488 in
2792 2435 2998 2489 mentis
3028 2434 3192 2504 prius
3221 2435 3500 2490 desiderio
3528 2443 3727 2490 exten-

2029 2524 2206 2590 ditur,
2267 2530 2321 2577 et
2371 2522 2713 2577 certitudine
2763 2521 3029 2590 deinceps
3080 2523 3330 2591 quadam
3372 2522 3488 2591 spei
3541 2529 3596 2576 et
3627 2536 3725 2577 se-

2030 2613 2289 2667 curitatis
2341 2609 2672 2678 ampliatur.
2730 2608 2891 2664 Unde
2940 2609 3155 2664 Paulus
3192 2624 3205 2662 :
3237 2611 3459 2677 Nostra,
3511 2610 3720 2678 inquit,

2030 2700 2359 2753 conversatio
2404 2700 2460 2750 in
2491 2699 2631 2751 cwlis
2665 2697 2828 2767 (Phil.
2871 2711 2950 2764 ιιι,
2998 2697 3103 2766 10).
3146 2697 3213 2752 Et
3251 2712 3262 2751 :
3297 2697 3597 2750 Consedere
3625 2712 3726 2751 nos

2030 2790 2162 2855 fecit
2225 2789 2283 2840 in
2335 2785 2630 2839 cazlestibus
2685 2786 2909 2853 (Ephes.
2960 2798 3019 2851 ιι,
3077 2784 3154 2851 6.)
3202 2789 3444 2855 Aspectu
3500 2786 3724 2839 decorus

2030 2882 2133 2941 est,
2194 2873 2333 2944 quia
2385 2886 2635 2941 superna
2684 2872 3090 2941 speculatione,
3150 2872 3230 2928 nil
3286 2875 3453 2929 etiam
3508 2874 3721 2937 adhuc,

2031 2976 2161 3017 cum
2194 2960 2437 3015 necdum
2472 2959 2644 3013 rebus
2684 2959 2898 3029 agitur,
2942 2960 3155 3015 clarius
3185 2968 3287 3015 est.
3314 2962 3472 3014 Filia:
3502 2960 3719 3012 discur-

2029 3052 2216 3104 rerunt
2247 3063 2432 3117 super.
2458 3062 2670 3101 murum
2712 3047 2906 3115 (Vens.
2957 3049 3065 3115 23).
3115 3049 3221 3103 Sed
3262 3052 3722 3116 emasperaverunt

2030 3154 2166 3201 eum,
2200 3142 2249 3189 et
2270 3135 2510 3208 jurgatav
2538 3140 2684 3200 sunt,
2711 3137 3131 3205 invideruntque
3158 3138 3209 3190 ei
3238 3137 3489 3191 habentes
3506 3136 3722 3206 jacula.

2032 3226 2234 3281 Murus
2272 3223 2533 3280 Christus
2583 3223 2944 3293 intelligitur,
2998 3225 3251 3280 Salvator
3290 3225 3445 3279 enim
3495 3229 3726 3293 ponetur

2030 3318 2089 3367 in
2118 3330 2180 3366 ea
2227 3328 2413 3366 murus
2481 3314 2633 3380 (Isai.
2701 3327 2857 3379 xxvr,
2904 3313 2977 3383 2).
3044 3312 3227 3381 Super
3265 3312 3422 3368 hunc
3488 3326 3720 3367 murum

2034 3401 2163 3456 filize
2217 3400 2570 3466 discurrunt,
2624 3412 2755 3454 cum
2810 3398 3025 3454 infirmi
3082 3400 3324 3469 quique,
3381 3406 3436 3455 et
3493 3398 3727 3467 fragiles

2034 3497 2240 3555 motus,
2294 3489 2422 3544 licet
2472 3488 2532 3542 in
2562 3487 2772 3544 Christi
2826 3486 2934 3542 fide
2966 3501 3024 3542 se
3068 3495 3217 3542 stare
3262 3487 3575 3552 confidant,
3617 3487 3727 3542 hac

2032 3586 2221 3633 tamen
2270 3575 2615 3631 confidentia
2645 3574 2942 3630 affectibus
2984 3575 3179 3644 pravis
3207 3582 3264 3631 et
3305 3574 3599 3631 effectibus
3639 3589 3728 3630 er-

2035 3673 2184 3722 rant.
2242 3665 2345 3720 Sed
2401 3665 2529 3720 licet
2576 3663 2975 3719 lenocinentur
3021 3663 3511 3726 intellectualitati,
3567 3665 3726 3732 quod

2034 3762 2117 3810 est
2160 3753 2379 3822 Ioseph,
2425 3766 2667 3821 eamque
2699 3751 3007 3819 mulceant,
3056 3765 3124 3807 ea
3168 3759 3361 3807 tamen
3404 3750 3727 3807 mulcedine

2035 3856 2149 3897 non
2185 3841 2467 3904 molliunt,
2501 3840 2598 3894 sed
2642 3839 3011 3895 vehementer
3040 3839 3111 3894 ad
3159 3853 3219 3894 se
3245 3852 3450 3895 versus
3493 3852 3728 3908 exaspe-

2035 3938 2185 3986 rant.
2220 3929 2380 3985 Unde
2408 3935 2462 3983 et
2485 3926 2819 3998 jurgantur,
2847 3927 2987 3997 quia
3012 3927 3225 3996 repulsi
3258 3925 3512 3997 graviori
3537 3927 3725 3983 denuo

2035 4026 2233 4074 contra
2260 4030 2384 4071 eam
2431 4015 2713 4071 bellorum
2769 4015 3105 4084 repetitione
3150 4023 3476 4069 moventur.
3534 4015 3607 4069 De
3636 4014 3726 4070 bis

2037 4105 2267 4160 filiabus
2309 4102 2520 4158 dicitur
2555 4118 2567 4156 :
2600 4104 2752 4157 Pilia
2782 4103 2882 4156 tibi
2907 4104 3076 4156 sunt?
3118 4117 3275 4156 serva
3303 4116 3501 4171 corpus
3541 4117 3725 4155 earum

1966 4202 2010 4255 1)
2038 4193 2205 4261 (Eccl.
2240 4208 2335 4259 vu,
2386 4192 2496 4258 26),
2550 4191 2607 4246 id
2637 4198 2718 4246 est
2762 4190 3042 4260 restringe
3073 4203 3327 4259 nequam
3366 4202 3540 4259 opera
3582 4187 3724 4245 affe-

2034 4281 2309 4336 ctionum.
2353 4279 2619 4335 Invident
2675 4293 2909 4349 quoque
2950 4281 3000 4332 ei
3038 4278 3290 4332 habentes
3330 4278 3540 4346 jacula,
3587 4277 3725 4347 quia

2034 4370 2102 4424 ad
2136 4376 2480 4424 aeternorum
2532 4367 2807 4423 suscitare
2836 4366 3156 4422 moliuntur
3204 4366 3480 4421 invidiam
3508 4365 3720 4431 molles,

2034 4457 2087 4512 id
2137 4464 2221 4512 est
2271 4463 2478 4521 motus,
2513 4454 2884 4523 intellectum,
2929 4468 3030 4524 per
3072 4453 3463 4524 praesentium,
3515 4453 3727 4524 quibus

2034 4559 2169 4600 eum
2210 4543 2548 4614 jaculantur
2595 4542 2895 4599 desideria.
2947 4542 3113 4597 Recte
3161 4542 3436 4598 dicuntur
3470 4539 3724 4596 invidere

2035 4632 2134 4703 qui
2162 4635 2233 4685 ad
2264 4631 2369 4685 hoc
2400 4630 2702 4699 impellunt
2730 4637 2793 4685 ut
2822 4630 3035 4685 faciant
3064 4644 3180 4685 non
3207 4630 3423 4685 videre.

2108 4720 2279 4776 Vens.
2310 4721 2399 4772 2i.
2432 4748 2500 4757 ——
2546 4719 2704 4774 Sedit
2730 4720 2789 4771 in
2828 4720 2966 4785 forti
2996 4733 3155 4772 arcus
3193 4719 3330 4785 ejus,
3372 4723 3424 4772 et
3466 4718 3725 4772 dissoluta

2035 4813 2163 4863 sunt
2190 4807 2407 4860 vincula
2434 4806 2793 4873 brachiorum,
2827 4810 2878 4859 et
2909 4822 3167 4860 manuum
3203 4808 3372 4873 illius,
3406 4822 3506 4875 per
3538 4822 3723 4862 manus

2032 4897 2268 4966 potentis
2293 4895 2490 4959 Jacob;
2538 4895 2665 4948 inde
2710 4899 2899 4964 pastor
2944 4910 3184 4962 egressus
3214 4901 3293 4949 est
3339 4898 3483 4965 lapis
3528 4897 3719 4949 Israel.

2038 4987 2223 5038 Arcus
2253 4985 2309 5036 in
2355 4985 2494 5049 forti
2525 4983 2697 5049 sedet,
2741 4997 2873 5039 cum
2918 4982 3176 5050 intentio,
3208 4998 3282 5039 ex
3327 4998 3444 5053 qua
3490 4998 3724 5054 operum

2040 5072 2278 5127 missilia
2323 5072 2678 5141 diriguntur,
2711 5085 2825 5126 non
2871 5069 3175 5143 fragilibus
3217 5072 3311 5127 sed
3354 5072 3582 5127 aeternis
3611 5086 3726 5143 per-

2040 5168 2372 5216 severanter
2425 5160 2682 5214 inhaeret.
2735 5160 2852 5215 Hoc
2890 5160 3043 5214 enim
3094 5158 3361 5216 sessionis
3407 5159 3724 5231 significare

2040 5262 2249 5303 nomen
2294 5246 2447 5309 solet,
2511 5254 2575 5301 ut
2621 5253 2705 5302 est
2750 5261 2762 5300 :
2812 5247 2880 5299 In
2926 5246 3189 5300 cathedra
3245 5248 3566 5317 pestilentia:
3624 5263 3724 5301 non

2041 5337 2179 5389 sedit
2211 5335 2384 5405 (Psal.
2420 5350 2455 5401 ι,
2517 5334 2586 5404 1).
2638 5335 2743 5389 Per
2782 5334 3038 5401 brachia,
3098 5335 3410 5404 fortitudo;
3464 5350 3563 5404 per
3610 5350 3721 5390 ma-

2043 5435 2173 5488 nus,
2205 5423 2471 5491 signatur
2517 5420 2791 5489 operatio.
2852 5422 3067 5477 Horum
3110 5421 3249 5477 dum
3300 5425 3447 5477 recte
3492 5421 3726 5477 intendit
