3904 6066
126 200 228 256 3'29

1319 204 1685 261 MORALIUM
1722 206 1793 262 ΙΝ
1831 206 2125 264 GENESIN
2167 207 2297 264 LIB.
2331 209 2397 264 X.

119 338 342 392 vincula
368 336 558 406 solvit,
592 337 694 408 qui
725 338 1144 395 consuetudine
1181 353 1299 408 qua
1336 339 1471 394 olim
1521 341 1825 396 tenebatur
1860 344 1907 396 A
1933 341 2004 396 ad
2030 342 2186 398 omni
2213 342 2572 400 sensibilium
2603 341 2856 414 imagine
2907 344 3163 402 mundus
3192 353 3258 402 ut
3302 347 3374 404 sit
3402 362 3629 405 necesse

124 425 437 495 implicitus
499 425 707 481 obruta
757 424 933 481 libere
974 425 1095 495 jam
1151 428 1443 496 proposita
1497 434 1552 483 et
1605 428 1823 484 fortiter

120 512 255 581 agit.
293 513 428 568 Hac
456 528 649 567 manus
674 516 910 583 potentis
947 513 1112 568 Jacob
1161 513 1438 581 efﬁciunt,
1489 515 1628 570 dum
1678 530 1824 585 sup-

121 601 460 669 plantatoris
490 603 760 657 vitiorum
791 602 1028 672 spiritus
1068 602 1218 657 vires
1251 610 1422 660 tanta
1471 604 1825 661 auctoritatis

121 689 343 745 occasio
382 697 538 745 sunt.
572 689 709 745 Inde
734 695 927 758 pastor
955 692 1098 759 lapis
1141 692 1309 745 Israel
1337 691 1648 761 egreditur,
1690 706 1823 747 cum

119 789 189 829 ex
217 776 418 832 eodem
440 776 645 846 spiritu
676 777 1015 845 intellectus,
1044 779 1143 848 qui
1171 779 1438 849 spiritum
1464 780 1653 849 ipsum
1680 795 1825 849 pane

118 864 252 919 vita
278 865 516 933 reficiat,
556 873 611 921 et
650 866 721 921 ad
768 881 902 922 cum
959 869 1070 923 Deo
1126 867 1595 937 principandum,
1667 869 1825 938 quod

117 960 203 1008 est
268 953 463 1021 Israel,
512 954 569 1008 in
618 954 853 1009 modum
915 955 1121 1024 lapidis
1174 955 1360 1011 ﬁrmet
1425 964 1481 1011 et
1548 956 1820 1024 stabiliat,

119 1040 193 1095 ad
245 1040 568 1097 libertatem
614 1042 1108 1112 contemplationis
1174 1044 1480 1113 procedere
1536 1053 1820 1100 monetur.

192 1128 368 1185 Vnus.
413 1133 503 1198 25,
542 1132 631 1184 26.
681 1161 749 1170 —
780 1134 916 1185 Deus
957 1134 1138 1200 patris
1178 1134 1260 1185 tui
1296 1134 1400 1186 erit
1428 1131 1654 1200 adjulor
1677 1137 1821 1199 tuus,

120 1221 172 1270 et
215 1220 550 1287 omnipotens
608 1218 876 1273 benedicet
920 1220 1022 1273 tibi
1070 1220 1526 1274 benedictionibus
1569 1221 1685 1274 cali
1726 1220 1826 1274 de-

121 1322 307 1375 super,
338 1306 796 1362 benedictionibus
840 1308 1029 1379 abyssi
1058 1308 1330 1377 deorsum,
1370 1309 1825 1363 benedictionibus

122 1395 350 1448 uberum
381 1400 431 1449 et
477 1398 668 1450 vulva.
718 1396 1119 1451 Benedictiones
1157 1399 1335 1465 patris
1379 1401 1460 1451 tui
1510 1399 1827 1463 confortata

122 1489 250 1537 sunt
278 1484 736 1539 benedictionibus
777 1489 1000 1554 patrum
1038 1486 1177 1554 ejus,
1226 1485 1389 1539 donec
1424 1487 1628 1539 veniret
1681 1484 1824 1538 desi-

121 1572 337 1625 derium
368 1575 584 1627 collium
621 1579 973 1639 aternorum;
1022 1577 1159 1642 ﬁant
1199 1577 1257 1627 in
1304 1576 1480 1642 capite
1524 1574 1741 1642 Ioseph,
1773 1578 1824 1626 et

118 1664 180 1713 in
216 1664 416 1715 vertice
459 1665 713 1718 Nazarai
740 1665 882 1716 inter
919 1664 1125 1729 fratres
1169 1677 1319 1716 suos.
1374 1663 1549 1727 Deus,
1610 1662 1818 1731 inquit,
1863 1638 1902 1690 Β

119 1749 224 1817 qui
251 1748 424 1819 quasi
454 1758 675 1819 patrem
707 1764 795 1806 me
823 1758 878 1806 et
910 1758 1187 1806 rectorem
1215 1750 1480 1819 spiritum
1512 1750 1567 1805 in
1596 1750 1827 1806 nomine

119 1838 442 1903 constituit,
499 1845 555 1893 et
599 1845 654 1893 te
710 1838 839 1894 licet
901 1846 1114 1894 natura
1158 1852 1378 1906 meum,
1430 1846 1619 1894 tamen
1686 1837 1826 1893 mihi

119 1926 405 1995 dignitate
452 1940 811 1995 supremum,
854 1940 927 1982 ex
958 1941 1047 1983 me
1100 1927 1281 1982 creari
1316 1926 1515 1993 voluit,
1549 1926 1664 1995 ipse
1712 1925 1828 1981 tuis

120 2013 647 2070 conﬂictationibus
674 2022 1006 2085 cooperator
1033 2016 1161 2083 erit,
1193 2023 1247 2072 et
1294 2030 1429 2072 cum
1459 2015 1655 2071 omnia
1690 2028 1826 2085 pos-

120 2103 213 2168 sit,
246 2116 323 2157 ex
343 2103 587 2158 rationis
616 2111 669 2159 te
694 2103 1099 2173 multiplicabit
1124 2119 1191 2159 ac
1225 2104 1272 2159 si
1320 2104 1446 2160 caeli
1490 2103 1822 2171 eminentia,

120 2206 226 2247 nec
273 2190 702 2259 benedictionis,
758 2191 814 2247 id
844 2199 928 2247 est
965 2191 1339 2262 plenitudinis
1384 2192 1443 2248 in
1492 2191 1826 2262 subjacente

121 2278 338 2333 rationi
383 2277 593 2335 affectu
645 2280 833 2335 minor
891 2280 1000 2336 erit
1051 2280 1365 2336 obediendo
1420 2280 1821 2337 exuberantia.

122 2368 367 2439 Legitur
395 2368 547 2423 enim
584 2384 597 2423 :
630 2369 853 2437 Audite,
880 2370 1016 2436 cali,
1053 2385 1171 2438 qua
1200 2371 1405 2438 loquor,
1438 2369 1634 2423 audiat
1677 2374 1825 2423 terra

119 2458 290 2510 verba
317 2458 429 2510 oris
457 2459 563 2510 mei
591 2460 767 2527 (Deut.
797 2471 975 2525 χχχιι,
1019 2461 1088 2525 1).
1122 2457 1211 2513 Nil
1238 2458 1393 2513 enim
1440 2464 1524 2513 est
1565 2457 1820 2527 spiritus,

119 2544 233 2600 nisi
266 2544 317 2599 ei
348 2544 700 2615 obtemperet
728 2545 986 2614 allectus,
1029 2546 1186 2617 quod
1217 2554 1300 2603 est
1347 2554 1500 2602 terra
1545 2545 1617 2601 ob
1660 2545 1823 2600 inﬁr-

119 2632 381 2688 mitatem
412 2633 502 2689 vel
534 2634 798 2703 abyssus.
829 2634 1022 2692 Vulva
1046 2643 1238 2691 autem
1264 2642 1319 2691 et
1342 2634 1619 2691 uberibus
1651 2633 1820 2690 bene-

119 2720 358 2788 dicitur,
395 2722 535 2777 dum
587 2722 644 2777 in
702 2722 827 2793 ipsa
875 2722 951 2793 pii
1006 2723 1272 2779 desiderii
1327 2723 1717 2792 conceptione,
1769 2728 1824 2777 et

119 2809 503 2865 destinatione
552 2811 848 2881 propositi,
897 2818 952 2867 et
1002 2812 1246 2881 gemina
1298 2811 1616 2867 dilectionis
1654 2809 1823 2866 rudi-

118 2898 352 2988 mentis,
371 2898 587 2988 quibus
607 2900 823 2970 gremio
844 2900 1140 2969 praesentis
1164 2900 1425 2956 Ecclesia
1451 2900 1522 2954 ad
1557 2899 1818 2955 futurum
1859 2933 1898 2988 ο

118 3000 260 3041 vere
286 2986 511 3043 virilem
544 3001 611 3043 ac
645 2988 692 3043 si
727 2988 1006 3046 uberibus
1056 2989 1350 3046 enutritur
1399 2996 1633 3057 statum,
1685 3002 1821 3058 pro-

120 3090 287 3145 spere
309 3084 702 3145 promovetur.

192 3164 701 3221 Benedictionibns
741 3170 966 3235 patrum
1005 3168 1191 3236 patris
1247 3165 1635 3221 benedictiones
1686 3179 1819 3220 con-

120 3253 432 3320 fortantur,
466 3252 606 3308 dum
637 3267 738 3322 per
767 3253 1139 3324 antiquorum
1171 3255 1496 3321 memorias,
1521 3253 1620 3324 qui
1641 3253 1823 3308 abun-

119 3341 335 3397 davere
362 3341 695 3409 virtutibus,
727 3341 969 3398 virtutes
992 3342 1138 3413 ejus,
1171 3343 1272 3414 qui
1320 3342 1825 3398 intellectualitatis

121 3436 287 3499 pater
316 3436 421 3497 est,
452 3428 917 3499 multiplicantur
949 3431 1206 3501 Spiritus.
1255 3432 1327 3487 Et
1368 3431 1478 3487 hoc
1518 3431 1683 3485 donec
1726 3444 1824 3486 ve-

121 3517 245 3573 niat
296 3517 629 3572 desiderium
689 3520 905 3573 collium
955 3524 1296 3587 aternorum,
1372 3518 1429 3575 id
1494 3526 1578 3575 est
1644 3519 1827 3575 donec

123 3606 436 3673 impleatur
455 3606 651 3677 gloria
703 3621 969 3677 superna
1010 3608 1266 3679 largitas,
1303 3622 1481 3678 quam
1535 3607 1827 3677 suspirant

122 3694 385 3750 ﬁdelium
441 3694 769 3751 devotiones
830 3703 1058 3751 aterna
1103 3694 1458 3751 excellentia
1519 3694 1824 3750 destinato-

122 3797 278 3838 rum.
300 3782 515 3837 Montes
539 3790 593 3838 et
623 3783 795 3838 colles
824 3783 966 3853 quid
997 3782 1322 3854 signiﬁcent
1355 3782 1605 3852 psalmos
1634 3781 1821 3838 inter-

123 3885 291 3942 roga.
331 3871 613 3927 Montium
663 3885 820 3939 vero,
874 3871 966 3927 vel
1022 3871 1255 3927 collium
1308 3868 1826 3942 signiﬁcativorum

123 3962 506 4018 aternitatem
552 3961 765 4032 Sibylla
802 3961 1064 4017 destruit.
1121 3981 1150 4012 ς(
1197 3962 1324 4017 Jam
1370 3968 1701 4031 aquantur,
1733 3959 1827 4015 in-

125 4051 279 4120 quit,
308 4058 529 4105 montes
554 4050 792 4120 campis.
828 4069 856 4103 n
890 4050 1076 4120 Caput
1113 4050 1342 4119 loseph,
1388 4050 1506 4119 ipse
1546 4051 1695 4105 Deus
1720 4055 1823 4115 est,

125 4139 273 4209 quia
314 4138 813 4208 intellectualitati,
861 4139 964 4209 qui
1012 4139 1253 4194 intimus
1293 4151 1482 4208 sapor,
1525 4145 1581 4194 et
1626 4137 1827 4193 notitia

1929 438 2031 485 θεῖ.

2002 518 2172 574 Vnus.
2224 523 2313 574 27.
2345 551 2397 559 —-
2457 519 2752 590 Benjamin
2800 522 2959 590 lupus
3023 538 3226 592 rapax,
3276 540 3435 579 mane
3488 541 3627 579 com-

1930 605 2048 659 edet
2100 607 2365 676 pradam,
2426 614 2477 663 et
2534 624 2750 679 vespere
2807 610 3017 665 dividet
3066 612 3266 681 spolia.
3326 613 3628 683 Benjamin

1932 693 2143 750 dicitur
2164 698 2312 764 filius
2353 698 2607 752 dextera.
2643 698 2852 754 Filium
2901 699 3151 755 dextera
3191 714 3348 769 spem
3397 701 3628 757 electio-

1931 782 2024 837 nis
2059 797 2453 852 sapenumero
2504 786 2777 851 diximus,
2823 794 2878 842 et
2930 787 3177 843 rationes
3228 788 3516 844 multoties
3563 790 3631 845 de

1932 870 2048 925 ﬁlio
2073 879 2127 927 et
2155 872 2394 928 dextera
2422 874 2795 931 reddidimus.
2831 876 2931 930 Est
2959 889 3096 945 ergo
3123 875 3192 931 de
3236 876 3344 931 hoc
3394 877 3630 933 rationis

1931 961 2212 1015 sententia
2241 975 2254 1014 :
2283 963 2453 1015 Filius
2492 961 2744 1030 dextera,
2783 962 3031 1033 quisque
3078 963 3343 1020 videlicet
3390 965 3625 1029 electus,

1932 1047 2026 1103 cui
2060 1048 2173 1103 ﬁda
2222 1049 2520 1118 posteritas
2575 1050 2634 1104 in
2686 1050 2982 1106 beatorum
3032 1059 3183 1107 sorte
3231 1053 3459 1119 resedit,
3515 1068 3630 1109 non

1931 1150 2155 1205 semper
2182 1137 2252 1192 de
2285 1137 2372 1192 his
2403 1137 2504 1207 qui
2544 1137 2875 1194 innocenter
2920 1140 3161 1210 egerint,
3212 1140 3309 1196 sed
3354 1149 3410 1197 et
3441 1142 3512 1197 de
3544 1141 3633 1197 his

1933 1225 2034 1295 qui
2063 1224 2265 1295 lupina
2310 1225 2645 1282 crudelitate
2702 1227 3019 1295 nocuerint,
3072 1229 3409 1285 assumitur.
3475 1229 3629 1285 Talis

1932 1314 2130 1384 itaque
2156 1314 2227 1369 ad
2256 1329 2352 1370 eas
2388 1323 2443 1371 et
2473 1328 2620 1385 quas
2650 1315 2920 1385 pramisi,
2952 1323 3007 1371 et
3036 1330 3184 1386 quas
3213 1318 3452 1373 rationis
3496 1318 3631 1388 jure

1932 1403 2195 1458 contineo
2232 1404 2474 1459 virtutes
2506 1411 2810 1471 venturus,
2864 1411 3170 1474 postquam
3216 1422 3373 1460 mane
3419 1405 3631 1462 divina

1934 1491 2331 1547 illustrationis
2372 1492 2672 1561 acceperit,
2706 1490 2762 1546 id
2804 1491 2959 1561 quod
3000 1492 3060 1547 in
3093 1507 3152 1548 se
3187 1508 3286 1562 per
3334 1494 3471 1549 vitia
3508 1494 3627 1550 dia-

1935 1577 2102 1633 bolus
2142 1577 2506 1646 depradatus
2570 1577 2776 1643 fuerat,
2828 1579 3093 1642 comedit,
3171 1580 3243 1634 ad
3312 1580 3632 1636 refectionis

1933 1665 2146 1721 scilicet
2182 1666 2361 1721 robur
2416 1664 2605 1733 vertit,
2634 1668 2690 1721 et
2734 1680 2808 1721 ex
2861 1680 2999 1723 casu
3036 1666 3282 1723 alacrior
3327 1668 3533 1739 surgit,
3583 1675 3633 1723 et

1933 1769 2147 1823 vespere
2160 1754 2283 1824 jam
2327 1753 2549 1809 fervore
2601 1754 2930 1809 tentationis
2966 1755 3267 1823 exstincto,
3321 1765 3633 1812 armatura

1933 1841 2183 1897 salubris
2225 1842 2427 1912 spolia,
2487 1857 2619 1912 qua
2671 1841 2986 1912 aliquando
3035 1844 3359 1913 possederat
3428 1845 3628 1912 hostis,

1935 1945 2034 2000 per
2072 1930 2334 2001 singulas
2381 1945 2612 1986 morum
2677 1930 3049 1986 habitudines
3093 1932 3316 1988 dividit.
3380 1934 3633 1991 Virtutes

1929 2018 2084 2074 enim
2134 2026 2417 2088 corrupta
2474 2018 2622 2075 ﬁunt
2677 2019 2849 2083 vitia;
2901 2028 3200 2089 reparata,
3260 2028 3398 2077 sunt
3451 2021 3632 2092 spolia

1932 2108 2264 2178 quibusque
2308 2105 2512 2163 mentis
2557 2107 2803 2163 statibus
2848 2106 3154 2164 victoriose
3220 2108 3627 2177 dispertienda.

1934 2196 2032 2251 His
2057 2195 2332 2252 extremis
2361 2194 2600 2251 rationis
2636 2194 2830 2250 verbis
2869 2195 2939 2248 ad
2972 2195 3256 2251 virtutum
3303 2196 3629 2266 pralibata~

1932 2298 2063 2340 rum
2082 2282 2392 2340 efﬁcaciam
2419 2283 2854 2339 commendatur
2889 2282 3094 2353 gratia.
3139 2283 3247 2339 Ubi
3268 2283 3420 2341 enim
3454 2285 3631 2340 abun-

1932 2372 2089 2428 davit
2145 2381 2439 2442 peccatum
2486 2371 2982 2441 superabundavit
3016 2370 3407 2427 misericordia
3444 2374 3625 2441 (Rom.

1932 2476 1988 2531 v,
2018 2460 2128 2531 20).
2164 2462 2235 2517 Et
2261 2476 2393 2516 cum
2424 2459 2871 2531 cogitaverimus
2898 2466 3119 2529 quanta
3151 2460 3220 2516 de
3249 2475 3427 2530 quam
3468 2461 3631 2517 nulla

1930 2563 2092 2605 mens
2125 2556 2321 2604 nostra
2366 2547 2515 2603 facta
2553 2547 2744 2615 fuerit,
2789 2554 3049 2617 patenter
3080 2547 3438 2605 advertimus
3490 2550 3630 2620 quia

1930 2636 2074 2693 nihil
2104 2637 2275 2693 habet
2296 2636 2449 2706 quod
2471 2650 2585 2690 non
2616 2636 2916 2706 acceperit.

1998 2727 2163 2782 Vens.
2210 2729 2298 2781 28.
2340 2756 2407 2766 —-
2453 2724 2531 2779 Et
2578 2739 2756 2779 omnes
2796 2726 2856 2778 hi
2897 2726 2956 2778 in
3006 2725 3181 2778 tribus
3209 2724 3384 2780 Israel
3427 2723 3628 2779 duode-

1928 2818 2051 2870 cim.
2107 2814 2315 2871 Tribus
2368 2813 2440 2869 ad
2498 2812 2628 2868 ﬁdei
2676 2811 2791 2882 spei
2846 2819 2901 2868 et
2967 2811 3262 2868 cbaritatis
3313 2811 3628 2868 ternionem

1928 2902 2249 2970 referimus,
2290 2910 2345 2957 et
2395 2901 2693 2957 duodecim
2732 2907 2997 2957 constant
3032 2914 3106 2957 ex
3137 2906 3392 2970 quatuor
3420 2899 3626 2956 tribus.

1928 2988 2108 3054 Quem
2151 2989 2591 3057 quaternarium
2655 2987 2729 3042 ad
2794 2987 3195 3058 Evangelium,
3250 2987 3342 3042 vel
3377 2995 3630 3057 quatuor

1931 3076 2274 3146 principales
2311 3076 2555 3132 virtutes
2599 3074 2951 3143 reducimus,
3004 3089 3153 3145 quas
3200 3089 3302 3145 per
3336 3074 3631 3131 Trinitatis

1931 3179 2204 3233 amorem,
2285 3172 2341 3221 et
2405 3164 2581 3220 trium
2639 3165 3067 3233 pramissarum
3140 3162 3629 3219 necessitudinum

1929 3253 2351 3309 exsecutionem
2408 3252 2693 3322 pertinere
2740 3251 3003 3319 facimus,
3044 3266 3179 3307 cum
3235 3250 3349 3306 illis
3397 3250 3628 3306 benedi-

1931 3342 2186 3398 ctionum
2235 3341 2414 3411 cupiis
2469 3340 2543 3396 ad
2591 3340 2668 3408 id,
2726 3341 2882 3411 quod
2935 3348 3019 3396 est
3066 3339 3261 3408 Israel,
3322 3353 3455 3395 cum
3515 3339 3629 3395 Deo

1932 3430 2143 3486 scilicet
2170 3429 2551 3486 dilectionem.
2602 3429 2741 3483 Hac
2773 3430 2977 3483 locutus
3006 3433 3085 3482 est
3133 3430 3209 3483 eis
3258 3434 3419 3497 pater
3475 3441 3628 3493 suus,

1933 3518 2312 3587 benedixith
2391 3518 2622 3586 singulis
2698 3515 3156 3571 benedictionibus
3237 3518 3500 3585 propriis.
3561 3516 3632 3570 Et

1928 3608 2186 3678 praecepit
2227 3608 2303 3660 eis
2357 3606 2560 3661 dicens.
2627 3606 2775 3661 Dum
2842 3604 3175 3674 quibusque
3214 3604 3631 3675 cogitationum

1931 3694 2362 3765 aﬁ’ectuumque
2393 3693 2792 3764 qualitatibus,
2830 3692 2995 3748 utilia
3027 3692 3283 3762 spiritus,
3339 3692 3633 3748 interiori-

1932 3791 2117 3840 tatum
2147 3782 2408 3852 specialis
2449 3790 2779 3838 nostrarum
2813 3788 2992 3851 pater,
3032 3780 3269 3836 consilia
3316 3779 3630 3849 distribuit,

1934 3871 2104 3941 quasi
2134 3870 2378 3941 singulis
2407 3869 2653 3940 propriis
2680 3868 3175 3925 benedictionibus
3205 3866 3487 3924 valedicit.

2004 3960 2177 4017 Vsus.
2206 3961 2317 4027 ‘29,
2371 3960 2457 4013 30.
2505 3988 2574 3998 —
2619 3960 2951 4026 Congregor,
3002 3956 3211 4026 inquit,
3253 3955 3328 4010 ad
3374 3956 3635 4025 populum

1933 4063 2136 4115 meum;
2166 4052 2217 4102 et
2237 4048 2455 4116 sepelite
2507 4062 2590 4101 me
2617 4061 2736 4100 cum
2776 4045 3030 4115 patribus
3085 4047 3219 4098 meis
3272 4047 3331 4097 in
3379 4046 3635 4113 spelunca

1933 4136 2163 4206 duplici,
2242 4151 2360 4204 qua
2424 4140 2504 4190 est
2565 4138 2625 4189 in
2689 4149 2823 4202 agro
2880 4134 3105 4203 Ephron
3155 4133 3399 4203 Hethai,
3450 4138 3639 4187 contra

131 4225 229 4281 Dei
262 4232 365 4293 est,
397 4225 619 4282 cunctis
648 4241 779 4297 qua
829 4234 1180 4296 pratereunt
1224 4225 1661 4296 subjacentibus
1713 4225 1835 4281 sola
1872 4229 1916 4283 D
1940 4225 2182 4280 Mambre
2208 4227 2267 4278 in
2305 4230 2450 4278 terra
2479 4224 2760 4290 Chanaan,
2794 4237 2959 4292 quam
2987 4221 3120 4277 emit
3179 4222 3465 4277 Abraham
3518 4237 3638 4276 cum

131 4313 529 4383 principalitas
580 4316 927 4384 praminens
1001 4315 1153 4371 Deus
1226 4322 1329 4371 est.
1405 4313 1832 4371 Benedictiones

130 4416 272 4473 ergo
303 4405 362 4456 in
391 4406 569 4471 capite
596 4404 803 4473 Joseph
848 4404 1305 4470 constituuntur,
1354 4417 1487 4459 cum
1538 4401 1832 4472 sapientia

131 4499 449 4561 augmenta
474 4492 603 4559 Deo,
639 4506 755 4548 non
782 4499 991 4548 nostra
1016 4491 1281 4558 solertia,
1314 4490 1706 4547 ascribuntur.

200 4580 391 4635 Potest
444 4586 499 4635 et
555 4594 655 4649 per
722 4588 898 4651 caput
966 4580 1190 4637 caleste
1256 4580 1560 4651 pramium
1626 4578 1830 4650 accipi,

129 4667 289 4737 quod
318 4682 612 4723 summum
634 4674 689 4723 et
708 4668 950 4739 capitale
986 4676 1070 4725 est
1100 4668 1442 4738 intellectui;
1477 4682 1594 4739 quo
1631 4675 1833 4724 contra

130 4757 202 4813 de
254 4756 555 4826 reprobis:
606 4756 803 4826 Caput,
865 4757 1057 4827 inquit
1114 4760 1375 4812 circuitus
1427 4772 1608 4811 eorum
1667 4756 1833 4827 (Psal.

131 4858 372 4910 cxxxrx,
407 4846 514 4914 10).
548 4843 709 4900 Unde
732 4851 788 4900 et
818 4852 1018 4901 vertex
1070 4844 1433 4915 postmodum
1466 4845 1722 4913 ponitur,
1773 4843 1835 4898 in

133 4948 253 5004 quo
277 4933 419 5003 quia
470 4933 639 5002 capiti
677 4933 975 5003 praminet
1018 4934 1190 4998 Deus,
1242 4932 1346 5003 qui
1394 4933 1548 4988 omni
1598 4946 1837 4988 munere

134 5022 367 5094 dignior
392 5029 496 5089 est,
528 5022 885 5093 intelligitur.
914 5021 1218 5078 Nazaraus
1246 5030 1441 5077 autem
1470 5020 1577 5077 ﬂos
1605 5021 1836 5087 dicitur,

135 5108 255 5165 sive
293 5109 599 5166 munditia.
638 5108 849 5165 Vertex
898 5110 1096 5180 itaque
1138 5108 1499 5166 benedicitur
1557 5108 1835 5175 Nazarai,

136 5212 268 5253 cum
297 5198 415 5253 Deo
444 5197 784 5253 attribuitur
813 5197 1145 5254 fructuosus
1176 5198 1268 5253 ille
1288 5198 1441 5253 nitor
1460 5205 1637 5268 atque
1675 5210 1840 5253 mun-

138 5286 298 5353 ditia,
324 5299 446 5356 qua
475 5286 630 5342 Deus
659 5286 1033 5356 consipicitur
1060 5285 1257 5342 animi.
1296 5290 1429 5340 ηπ
1454 5286 1605 5341 Inter
1633 5284 1841 5341 fratres

139 5383 331 5431 autem
378 5374 689 5430 Nazaraus
730 5382 834 5441 est,
881 5373 1023 5444 quia
1072 5372 1568 5443 contemplationis
1612 5374 1843 5429 habitus

142 5463 287 5519 inter
305 5470 547 5519 cateros
590 5462 798 5518 mentis
839 5470 1024 5518 status
1065 5477 1182 5518 non
1229 5462 1413 5519 solum
1462 5477 1497 5516 a
1538 5461 1697 5528 vitio,
1744 5461 1842 5516 sed

500 5560 779 5625 Parnon.
834 5561 1037 5625 CLVI.

1938 4328 2072 4379 agro
2115 4313 2183 4366 ab
2239 4313 2473 4381 Ephron
2537 4313 2751 4366 Hethao
2801 4312 2862 4365 in
2924 4311 3313 4379 possessionem
3380 4311 3635 4379 sepulcri.

1936 4399 2031 4455 Ad
2053 4401 2316 4470 populum
2343 4415 2500 4455 suum
2558 4407 2965 4471 congregatur,
3013 4413 3147 4455 cum
3196 4398 3270 4454 ad
3326 4412 3530 4466 mores,
3586 4405 3642 4454 et

1940 4495 2104 4545 actus
2144 4488 2365 4544 ratione
2416 4488 2621 4559 dignos
2687 4488 2925 4558 spiritus
2972 4488 3205 4543 omnino
3249 4486 3637 4558 restringitur.

1940 4578 2007 4633 In
2026 4578 2281 4646 spelunca
2317 4576 2526 4645 duplici
2550 4592 2670 4630 cum
2694 4577 2950 4646 patribus
2998 4574 3120 4631 suis
3166 4574 3459 4644 sepelitur,
3506 4587 3641 4629 cum

1939 4666 2086 4722 etab
2129 4664 2467 4721 extrinsecis
2516 4663 3014 4731 delectationibus,
3069 4669 3125 4718 et
3180 4662 3643 4718 exterioritatum

1939 4753 2275 4812 earumdem
2306 4752 2839 4824 imaginationibus,
2872 4766 3005 4808 cum
3056 4750 3422 4820 pramaturis
3469 4750 3644 4819 spiri-

1944 4842 2191 4899 tualium
2262 4841 2556 4897 rationum
2629 4841 2903 4909 motibus,
2982 4838 3099 4895 acsi
3169 4852 3305 4894 cum
3378 4838 3643 4908 patribus

1942 4928 2333 4986 absconditur.
2399 4929 2585 4986 Potest
2641 4936 2696 4985 et
2723 4928 2999 4998 spelunca
3055 4926 3293 4996 duplex,
3377 4925 3646 4996 geminus

1944 5019 2118 5075 timor
2164 5017 2427 5088 intelligi,
2488 5031 2605 5088 quo
2653 5023 2709 5073 et
2757 5030 2927 5086 pana
2982 5016 3280 5080 metuitur,
3346 5014 3437 5069 vel
3485 5013 3647 5084 regni

1945 5107 2175 5163 amissio
2196 5104 2556 5176 proponitur.
2590 5105 2690 5160 His
2737 5118 2874 5175 ergo
2922 5103 3151 5160 duobus
3195 5116 3311 5158 non
3366 5101 3649 5157 immerito

1946 5208 2161 5265 pavore
2220 5201 2549 5250 contractus
2599 5200 2915 5259 coercetur,
2983 5199 3039 5248 et
3104 5190 3383 5261 exemplis
3447 5203 3650 5247 eorum

1948 5296 2202 5355 quorum
2229 5282 2599 5352 paternitates
2627 5281 2749 5353 (sic)
2780 5279 3019 5337 allectus
3053 5288 3423 5353 aggregatus,
3469 5292 3503 5335 a
3540 5293 3652 5334 sa-

1950 5372 2068 5428 culi
2099 5371 2334 5427 turbore
2363 5370 2605 5440 sopitur.

2024 5460 2186 5515 Hanc
2233 5457 2568 5528 speluncam
2616 5458 2686 5512 ab
2712 5458 2935 5527 Ephron
2982 5456 3200 5515 Hethao
3240 5458 3299 5511 in
3352 5458 3652 5525 possessio—

3223 5559 3293 5616 Η

3524 216 3626 269 330
3718 171 3738 189 ἱ
