3904 6066
291 330 389 385 331

1141 323 1213 378 ν.
1275 320 1608 377 GUIBERTI
1664 319 1957 375 ABBATIS
2003 317 2058 373 S.
2117 316 2354 371 MARIIE
2412 316 2502 371 DE
2563 314 2952 371 NOVIGENTO

3695 319 3810 373 332

288 481 409 520 nem
459 464 691 534 sepulcri
740 461 1029 516 Abraham
1082 460 1230 525 emit,
1287 472 1420 513 cum
1468 457 1706 527 spiritus
1746 455 1986 512 interio-
2025 452 2800 523 Asaeculicorruptionibus,
2850 452 3137 509 virtutum
3167 452 3430 510 videlicet
3464 468 3531 510 ac
3577 455 3813 511 oratio-

289 568 420 610 rum
453 552 709 623 gentium
738 552 905 605 Pater
929 549 1001 603 ab
1028 547 1236 603 affectu
1260 546 1498 613 carnali,
1524 546 1622 615 qui
1669 545 1983 615 pulverem,

292 642 348 696 id
376 650 460 697 est
491 654 662 695 curas
718 637 950 693 inutiles
1005 644 1058 691 et
1092 636 1352 691 maeroris
1404 635 1510 689 sibi
1576 633 1778 703 injicit,
1829 640 1882 686 et
1915 630 1987 686 ad

291 728 516 798 reprobi
550 741 754 781 sensus
789 734 1076 795 stuporem
1112 724 1463 794 quandoque
1504 720 1800 791 pertrahit,
1853 734 1988 774 sen-

288 832 458 873 suum
492 815 1089 885 imaginationumque
1141 812 1568 876 continentiam,
1614 810 1723 865 sub
1750 810 1988 864 obtentu

288 906 526 960 internte
598 902 807 974 quietis
862 901 1019 957 omni
1080 901 1342 956 labirum
1420 898 1705 968 impendio
1782 898 1984 967 exigit.

288 992 527 1062 Ephron
558 1001 749 1047 autem
781 990 995 1045 dicitur
1022 988 1202 1059 pulvis
1244 991 1474 1053 inutilis,
1518 988 1602 1043 vel
1649 988 1831 1056 pulvis
1861 1002 1985 1039 maz-

285 1084 465 1145 roris;
517 1080 785 1135 Hethaeus
841 1086 1079 1148 stupens.
1144 1079 1215 1131 In
1271 1085 1416 1131 terra
1480 1076 1743 1132 Chanaan
1802 1082 1989 1128 contra

288 1169 529 1224 Mambre
557 1182 694 1238 ager
742 1174 844 1233 est,
896 1167 1035 1236 quia
1076 1169 1133 1220 in
1184 1165 1533 1230 terrenitate,
1588 1164 1682 1219 ubi
1742 1179 1775 1218 a
1834 1163 1989 1218 vitiis

289 1266 537 1327 negatur
560 1257 761 1322 otium,
791 1255 945 1325 quod
989 1263 1073 1309 est
1120 1252 1323 1309 virtuti
1365 1250 1721 1308 discretionis
1756 1258 1810 1307 et
1859 1266 1987 1321 per-

286 1344 606 1415 spicuitatis
679 1344 1008 1410 adversum,
1104 1342 1455 1397 conscientia
1548 1354 1724 1410 quam
1801 1340 1987 1396 excoli

287 1448 514 1490 necesse
542 1441 644 1500 est,
673 1433 853 1503 jacet;
892 1432 977 1487 vel
1006 1445 1217 1500 corpus
1258 1438 1543 1493 nostrum,
1580 1429 1678 1484 ubi
1725 1429 1907 1498 quaeri
1933 1437 1988 1485 et

286 1525 393 1579 emi
425 1523 693 1578 convenit
731 1519 979 1590 duplicis
1008 1520 1293 1588 speluncae
1324 1518 1677 1588 sepulcrum.
1711 1516 1985 1573 Chanaan

287 1612 440 1667 enim
495 1613 931 1676 negotiationem,
982 1608 1237 1664 Matnbrc
1305 1615 1470 1663 sonat
1511 1610 1829 1677 perspicua,
1895 1606 1986 1663 vel

291 1700 629 1754 divisionem.

360 1788 522 1842 Vens.
568 1790 657 1841 3f.
705 1815 773 1824 -—
825 1785 909 1839 Ibi
958 1786 1282 1853 sepelierunt
1322 1800 1459 1850 cum,
1508 1788 1557 1838 et
1604 1783 1801 1839 Suram
1848 1799 1984 1838 umo-

288 1892 400 1930 rem
429 1876 543 1943 ejus
577 1891 589 1928 :
623 1875 702 1927 ibi
728 1875 968 1943 sepultus
998 1878 1075 1927 est
1106 1875 1258 1927 Isaac
1304 1889 1422 1927 cum
1465 1874 1697 1928 Rebecca
1739 1873 1983 1941 conjuge.

287 1966 377 2021 Ibi
413 1970 465 2018 et
522 1965 623 2018 Lia
675 1962 895 2016 condita
939 1963 1106 2029 jacet.
1155 1962 1450 2017 Abraham
1524 1976 1657 2017 cum
1719 1961 1860 2015 Sara
1911 1961 1985 2016 ibi

288 2052 577 2122 sepelitur,
605 2065 736 2106 cum
771 2051 913 2106 ratio
936 2050 1018 2106 vel
1046 2050 1300 2119 spiritus,
1337 2050 1488 2120 quod
1524 2049 1668 2104 idem
1716 2056 1818 2113 est,
1852 2063 1983 2104 cum

288 2140 542 2207 subdita,
574 2138 680 2194 sibi
726 2137 1020 2193 voluntate
1063 2137 1210 2192 bona
1242 2151 1276 2192 a
1330 2139 1572 2207 strepitu
1624 2137 1982 2204 interiorum,

287 2227 756 2296 exteriorumque
786 2240 1083 2293 sensuum,
1120 2226 1270 2282 intra
1317 2236 1477 2295 septa
1520 2225 1742 2282 timoris
1786 2224 1986 2281 occul-

288 2323 463 2371 tatur.
494 2316 651 2370 Isaac
677 2322 731 2370 et
770 2315 1023 2370 Rebecca
1058 2314 1269 2384 pariter
1297 2314 1647 2381 conduntur,
1698 2328 1831 2369 cum
1860 2328 1987 2383 spes

286 2404 485 2460 aeterni
557 2403 775 2474 gaudii,
832 2418 966 2459 cum
1039 2404 1207 2458 unice
1278 2402 1383 2459 sibi
1431 2402 1634 2473 juncta
1710 2402 1984 2472 patientia

288 2492 517 2547 illorum
578 2501 795 2548 secreto
866 2492 1155 2547 miscetur.
1222 2494 1459 2547 Frustra
1525 2492 1675 2547 enim
1735 2491 1984 2561 palmam

287 2580 507 2649 praemii
552 2588 763 2649 sperat,
815 2582 915 2650 qui
964 2581 1207 2635 adversa
1260 2580 1538 2636 bellorum
1590 2595 1702 2635 non
1762 2581 1980 2635 tolerat.

286 2668 369 2722 lbi
405 2670 501 2721 Lia
532 2669 749 2721 condita
788 2669 956 2737 jacet,
1002 2667 1139 2738 quia
1199 2676 1313 2724 tota
1362 2683 1598 2737 operum
1656 2676 1985 2723 nostrorum

286 2754 642 2811 laboriositas
687 2756 855 2811 simul
897 2756 1249 2826 conquiescit
1304 2761 1361 2812 et
1410 2756 1644 2827 residet;
1692 2758 1772 2812 nil
1831 2758 1984 2813 enim

285 2846 543 2897 exterius
566 2852 809 2913 usurpat
836 2850 937 2898 aut
966 2844 1134 2899 volet.

360 2931 530 2988 Vnus.
567 2934 654 2986 32.
700 2960 773 2972 —
810 2932 1119 3001 Finitisque
1148 2933 1426 2987 mandatis
1454 2933 1649 3002 quibus
1697 2935 1838 3002 ﬁlios
1892 2936 1986 2988 in-

283 3025 583 3087 struxerat,
644 3021 859 3087 collegit
920 3021 1083 3090 pedes
1158 3036 1281 3076 suos
1351 3038 1514 3091 super
1581 3024 1853 3089 lectulum,

283 3108 445 3173 obiit;
525 3111 916 3178 oppositasque
982 3114 1060 3163 est
1115 3110 1191 3164 ad
1267 3112 1530 3179 pOpulum
1599 3126 1775 3167 suum.
1854 3112 1983 3166 Post

282 3194 557 3249 mandata
613 3194 827 3265 colligit
900 3195 1061 3264 pedes
1116 3211 1279 3264 super
1323 3198 1593 3256 lectulum.
1650 3196 1751 3271 qui
1823 3206 1980 3266 post—

283 3292 461 3348 quam
502 3278 574 3334 ad
636 3278 867 3335 virtutis
926 3278 1311 3336 instrumenta
1368 3280 1663 3351 pertigerit
1723 3279 1979 3348 allectus,

284 3366 393 3421 hac
429 3366 675 3436 illacque
724 3366 1053 3423 diffluentes
1102 3368 1256 3423 intra
1319 3368 1569 3423 fulcrum
1620 3370 1982 3425 conscientiae

275 3453 400 3525 jam
432 3462 646 3523 pacatae
670 3461 725 3509 et
754 3453 971 3510 silentis
1019 3455 1331 3511 constituit.
1382 3455 1531 3523 Obit,
1582 3464 1637 3511 et
1683 3456 1758 3510 ad
1806 3472 1978 3526 popu-

281 3541 393 3595 lum
420 3541 750 3611 apponitur,
778 3556 911 3597 cum
960 3556 994 3597 a
1047 3544 1420 3613 praesentium
1477 3542 1773 3599 desideriis
1814 3545 1979 3599 exci-

277 3628 438 3693 dens,
487 3629 561 3685 ad
608 3630 886 3700 populum
936 3630 1299 3688 internarum
1349 3632 1694 3688 seditionum
1742 3632 1979 3688 sollicite

276 3724 333 3773 et
377 3717 687 3789 vigilanter
724 3718 1151 3776 observandum
1208 3719 1453 3792 diligens
1504 3728 1697 3777 custos
1765 3720 1976 3792 adjun-

281 3805 459 3876 gitur.

960 3931 1187 3989 CAPUT
1220 3932 1288 3987 L.

348 4068 543 4140 (Vnus.
582 4074 633 4125 l.
683 4073 736 4125 2.
806 4103 874 4113 —
916 4073 1069 4140 Quod
1123 4088 1340 4128 cernens
1388 4074 1603 4143 Ioseph,
1652 4076 1766 4128 ruit
1810 4089 1974 4144 super

273 4158 475 4223 faciem
517 4163 695 4228 patris
742 4162 873 4228 ﬂens
929 4167 981 4215 et
1047 4162 1361 4217 deosculans
1412 4179 1548 4216 eum.
1610 4164 1972 4233 Praecepitque

270 4249 441 4301 servis
498 4250 615 4301 suis
663 4249 884 4304 medicis
927 4255 988 4305 ut
1037 4251 1371 4306 aromatibus
1416 4251 1697 4305 condirent
1734 4256 1967 4321 patrem.

2026 1752 2066 1806 Β

2098 556 2238 598 num
2262 542 2579 598 condiendo
2607 543 2899 597 odoribus.

2169 631 2337 687 Vens.
2386 635 2437 686 3.
2480 662 2546 671 —
2590 632 2792 697 Quibus
2828 631 2990 700 jussa
3036 631 3396 700 explentibus,
3456 636 3806 686 transierunt

2098 722 2470 788 quadraginta
2518 721 2662 787 dies;
2716 723 2816 774 iste
2870 723 3071 789 quippe
3133 736 3244 774 mos
3294 727 3412 774 erat
3462 722 3809 776 cadaverum

2095 808 2456 862 conditorum.
2521 809 2800 878 Flevitque
2854 825 2973 863 eum
3020 811 3289 877 Egyptus
3339 810 3529 863 diebus
3574 817 3808 879 septua-

2094 899 2271 964 ginta.
2306 897 2687 965 Quadraginla
2726 897 2840 952 dies
2874 905 2993 966 post
3040 898 3425 952 conditionem
3474 906 3804 966 transeunt,

2096 998 2226 1039 cum
2280 984 2625 1039 universitas
2668 985 2997 1054 temporalis
3055 986 3417 1055 properitatis
3469 986 3547 1042 uti
3602 996 3808 1042 trans-

2098 1072 2265 1127 itoria
2316 1072 2723 1138 contemnitur,
2814 1083 3116 1143 postquam
3200 1083 3445 1129 tuentem
3473 1074 3809 1143 spiritualia

2097 1159 2445 1216 charismata
2466 1160 2755 1217 imbuunt.
2788 1161 3073 1217 Denarius
3101 1161 3251 1217 enim
3274 1176 3372 1231 pro
3401 1162 3800 1232 universitate,

2096 1249 2505 1320 quaternarius
2541 1264 2641 1319 pro
2699 1249 3137 1320 temporalitatc,
3172 1250 3294 1306 dies
3353 1265 3453 1320 pro
3515 1253 3805 1322 prosperi-

2097 1346 2208 1393 tate
2241 1339 2491 1407 ponitur.
2534 1339 2617 1393 Ex
2663 1338 2750 1394 his
2801 1339 3065 1409 superius
3108 1348 3300 1395 actum
3345 1348 3448 1396 est.
3503 1340 3593 1396 Sic
3639 1341 3801 1396 enim

2095 1427 2411 1492 cadaveris,
2444 1426 2497 1483 id
2529 1434 2612 1483 est
2666 1426 2876 1483 infimae
2895 1436 2950 1483 et
3004 1428 3253 1484 ruinosae
3313 1439 3520 1484 nostrae
3570 1437 3804 1486 natura;

2095 1516 2295 1585 aliqua
2326 1515 2564 1571 firmitas
2593 1517 3021 1586 comprobatur,
3050 1516 3094 1572 si
3129 1516 3271 1572 nihil
3305 1531 3339 1571 a
3366 1518 3529 1573 nobis
3578 1525 3801 1588 tempo-

2097 1604 2291 1659 ralitcr
2322 1618 2661 1674 prosperum
2689 1605 2981 1674 cupiatur.
3023 1608 3124 1660 l’er
3153 1605 3273 1660 dies
3310 1618 3518 1660 rursus
3563 1605 3804 1665 divino-

2096 1706 2226 1747 rum
2295 1707 2603 1749 ntunerum
2661 1692 2991 1763 Splendores
3048 1693 3376 1764 signantur.
3435 1694 3804 1763 Septuaginta

2095 1794 2231 1852 ergo
2260 1780 2447 1835 diebus
2478 1784 2746 1851 zEgyptus
2773 1782 2935 1835 Jacob
2963 1785 3129 1850 flevit,
3161 1783 3298 1837 dum
3340 1796 3412 1837 ex
3472 1782 3801 1853 gratiarum

2098 1869 2453 1939 plenitudine
2502 1871 2769 1939 spiritum
2822 1879 3080 1926 nostrum
3128 1871 3381 1926 mundus
3423 1871 3530 1926 sibi
3567 1872 3801 1927 exstin-

2094 1966 2250 2013 ctum
2325 1957 2524 2013 doluit.
2591 1957 2804 2027 Septies
2870 1959 2998 2014 deni
3078 1960 3447 2029 septuaginta
3511 1969 3667 2021 sunt,
3740 1968 3801 2015 et

2095 2046 2449 2116 septenarius
2506 2046 2825 2117 plenarium
2883 2048 3022 2117 quid
3078 2049 3336 2118 figurans
3384 2049 3639 2115 denario,
3699 2064 3802 2105 cu-

2094 2135 2276 2191 stodia
2331 2135 2543 2191 scilicet
2584 2144 2796 2191 sanctae
2854 2135 2996 2206 legis
3051 2136 3371 2199 roboratur.
3435 2133 3575 2208 quia
3617 2152 3799 2207 super

2096 2232 2431 2280 trementem
2481 2224 2578 2280 Dei
2628 2225 2804 2280 verba
2850 2224 3099 2294 Spiritus
3159 2224 3521 2295 requiescere
3578 2224 3796 2280 dicitur

2097 2310 2256 2381 (Isai.
2288 2328 2436 2378 LXVI,
2471 2315 2545 2379 2).

2166 2400 2337 2457 Vens.
2370 2402 2424 2468 4,
2474 2405 2526 2454 5.
2575 2432 2644 2441 -
2683 2403 2751 2457 Et
2795 2403 3006 2471 expleto
3045 2403 3294 2471 planctus
3343 2409 3593 2472 tempore,
3644 2403 3793 2456 locu-

2096 2494 2183 2543 tus
2238 2496 2315 2542 est
2366 2491 2561 2558 Joscph
2620 2489 2695 2543 ad
2748 2492 3025 2555 familiam
3081 2490 3429 2544 Pharaonis:
3491 2491 3553 2545 Si
3607 2491 3800 2543 invmi

2093 2580 2334 2644 gratiam
2385 2581 2442 2631 in
2490 2584 2770 2646 conSpeclu
2828 2584 3025 2643 vestro,
3096 2579 3385 2647 loquimini
3437 2580 3495 2630 in
3562 2578 3794 2631 auribus

2095 2667 2418 2731 Pharaonis,
2502 2681 2558 2719 eo
2625 2666 2770 2733 quod
2819 2671 2979 2734 pater
3052 2681 3197 2719 meus
3274 2667 3618 2731 adjurarerit
3682 2681 3790 2731 me,

2095 2753 2323 2809 dicens:
2362 2755 2443 2808 En
2477 2757 2697 2820 morior,
2751 2757 2810 2807 in
2851 2755 3095 2822 sepulcro
3143 2769 3256 2807 meo
3303 2754 3449 2823 quod
3489 2754 3614 2820 fodi
3653 2755 3797 2807 mihi

2094 2846 2153 2897 in
2211 2848 2358 2897 terra
2406 2843 2687 2907 Chanaan,
2765 2845 2985 2911 sepelies
3052 2858 3153 2896 me.
3205 2843 3456 2912 Tempus
3534 2844 3795 2911 planctus

2094 2932 2380 3001 expletur,
2456 2946 2588 2986 cutn
2650 2931 2891 3002 quilibet
2947 2931 3037 2986 vir
3104 2940 3360 2996 sanctus,
3419 2930 3518 3001 qui
3580 2932 3795 2987 saeculo

1936 3028 1986 3077 et
2023 3052 2063 3106 ε
2098 3020 2336 3077 idoneus
2369 3018 2502 3075 olim
2534 3028 2674 3086 erat,
2734 3028 2790 3076 et
2841 3019 2964 3075 ideo
3018 3020 3251 3089 periisse
3306 3018 3508 3074 mundi
3556 3018 3792 3074 honori-

2094 3108 2204 3164 bus
2236 3109 2633 3179 plangebatur,
2666 3108 2738 3163 ad
2772 3108 2874 3164 hoc
2908 3122 3092 3176 usque
3127 3122 3224 3177 per
3253 3107 3511 3163 studiutn
3548 3107 3795 3177 discipli-

2091 3211 2180 3252 na:
2215 3211 2274 3251 se
2318 3195 2529 3266 dejicit,
2593 3204 2655 3251 ut
2697 3196 2868 3251 etiam
2919 3210 2953 3251 a
2997 3197 3206 3251 saculo
3259 3204 3677 3262 contemnatur,
3730 3203 3792 3251 ct

2083 3286 2203 3355 jam
2267 3300 2384 3341 non
2440 3286 2626 3341 solum
2686 3285 2795 3340 sibi
2854 3286 3107 3341 mundus
3164 3285 3481 3341 crucifixus
3544 3285 3635 3351 sit,
3685 3285 3788 3341 sed

2088 3376 2258 3429 etiam
2290 3375 2405 3443 ipse
2450 3374 2665 3429 mundo
2714 3373 3107 3444 crucifigatur.
3159 3374 3347 3443 Hujus
3392 3387 3529 3444 ergo
3573 3372 3790 3429 intelle-

2089 3462 2353 3516 ctualitas
2381 3461 2456 3515 ad
2494 3463 2773 3526 familiam
2816 3463 3115 3515 Pharaonis
3173 3462 3451 3531 loquitur,
3499 3475 3631 3516 cum
3678 3475 3781 3517 co-

2087 3550 2390 3620 gitationes
2444 3548 2756 3606 affectuum
2819 3550 3142 3605 carnalium
3203 3551 3413 3605 sentire
3484 3563 3616 3619 quas
3672 3562 3787 3605 sua

2085 3646 2221 3694 sunt
2273 3638 2631 3694 adhortatur.
2690 3638 3008 3694 Verborum
3057 3646 3248 3694 autem
3301 3652 3506 3694 sensus
3533 3641 3662 3693 est:
3728 3635 3790 3692 Si

2086 3728 2142 3783 in
2191 3728 2311 3797 ipso
2382 3727 2856 3783 considerationis
2933 3735 3135 3782 vestrae
3190 3727 3477 3794 examine,
3537 3726 3789 3797 gratiam

2083 3815 2363 3877 divinam,
2395 3830 2509 3871 non
2542 3815 2856 3871 humanam
2890 3816 3131 3885 gloriam
3166 3814 3453 3886 prosequi,
3485 3822 3539 3870 et
3571 3827 3789 3884 cupere

2083 3902 2363 3965 invenior,
2425 3903 2575 3973 agite
2647 3916 2747 3957 vos
2802 3903 3175 3973 cogitationes
3213 3918 3345 3959 cum
3407 3903 3787 3973 intelligentia

2081 3991 2320 4047 affectus
2368 3991 2648 4056 carnalis;
2688 3998 2743 4046 et
2790 3991 2943 4060 apud
2981 3992 3168 4061 ipsum
3202 3999 3442 4048 tractate
3488 3999 3785 4062 quatenus

2079 4079 2494 4149 assentiatjuri
2533 4088 2792 4149 paterno,
2836 4079 2895 4134 id
2936 4088 3019 4135 est
3060 4080 3285 4151 legibus
3328 4080 3587 4146 rationis,
3641 4078 3785 4149 quia

2078 4169 2258 4224 emori
2307 4168 2517 4224 saeculo
2574 4168 2804 4238 delegit,
2858 4176 2915 4224 et
2965 4168 3229 4225 saeculari
3287 4167 3611 4225 terrenitate
3674 4168 3785 4223 dis-

2077 4271 2261 4320 cussa.
2329 4257 2388 4312 in
2445 4269 2563 4327 qua
2620 4257 2917 4322 continua,
2970 4257 3144 4327 juxta
3210 4271 3418 4313 nomen
3477 4258 3776 4323 Chanaan,

270 4332 413 4390 Cum
448 4335 907 4393 intellectualitas
935 4339 1256 4395 secundum
1297 4342 1431 4393 sse
1484 4339 1767 4395 humanas
1804 4347 1967 4396 astu-
2006 4348 2048 4402 ι)
2079 4343 2385 4400 mutatione
2415 4345 2676 4412 nutabat,
2712 4345 2785 4401 ab
2810 4344 3067 4401 externis
3105 4344 3455 4401 tumultibus
3503 4344 3780 4399 abscondi

270 4421 399 4489 tias,
438 4431 495 4480 et
531 4425 727 4480 saeculi
788 4426 1293 4497 concupiscentias,
1353 4429 1620 4498 spiritum
1668 4428 1968 4498 experitur

268 4510 584 4582 exstingui,
615 4521 834 4583 quanto
866 4517 1155 4584 puriorem
1204 4516 1392 4585 sentit,
1421 4525 1579 4574 tanto
1613 4516 1851 4589 uberius
1909 4516 1965 4572 in

267 4596 469 4656 faciem
536 4614 727 4667 ruere,
812 4603 885 4659 ad
949 4604 1077 4675 ejus
1152 4605 1365 4661 scilicet
1442 4605 1702 4661 notitiam
1783 4605 1968 4675 magis

265 4687 569 4760 magisque
596 4691 952 4760 sequendam
978 4692 1260 4749 divinitus
1305 4693 1601 4750 consuevit
1640 4692 1818 4748 illabi.
1853 4694 1965 4748 Fa-

267 4777 412 4833 ciem
468 4793 570 4849 pro
614 4780 819 4836 notitia
858 4782 993 4851 poni
1042 4781 1353 4853 Scripturas
1399 4782 1835 4839 consuetudinis
1858 4789 1961 4838 est.

264 4864 402 4933 Flet,
427 4880 680 4938 eumque
725 4858 1113 4939 deosculatur,
1159 4885 1290 4927 cum
1343 4872 1639 4939 intentive,
1698 4878 1753 4927 et
1808 4870 1965 4927 omni

259 4954 636 5027 animositatis
671 4958 1076 5026 teneritudine,
1123 4974 1262 5031 erga
1294 4960 1693 5017 rationalitatis
1747 4959 1961 5015 bonum

260 5040 529 5100 afficitur.
591 5047 778 5101 Servis
846 5050 963 5103 suis
1025 5048 1248 5103 medicis
1304 5049 1562 5119 praecipit
1625 5052 1687 5101 ut
1749 5053 1965 5117 patrem

259 5130 549 5198 condiant,
583 5134 724 5204 quia
748 5135 996 5207 singulis
1025 5136 1357 5207 quibusque
1389 5135 1708 5192 luminibus
1726 5136 1965 5191 rationis

259 5214 440 5286 ipsius
504 5222 782 5289 veritatis,
865 5236 933 5279 ac
1006 5223 1050 5278 si
1127 5223 1458 5279 clarissimae
1525 5222 1684 5278 faciei
1779 5224 1963 5278 forma

258 5304 519 5373 cognitae,
592 5315 648 5362 et
693 5308 909 5365 intimae
962 5310 1347 5366 charitudinis
1400 5309 1610 5366 osculis
1665 5308 1962 5379 applicata:

253 5399 440 5448 status
534 5395 931 5454 infirmitatem
995 5400 1208 5455 mederi
1303 5400 1651 5469 potentibus,
1736 5399 1961 5469 solique

255 5479 458 5537 divino
487 5482 802 5541 intellectui
836 5486 1297 5554 inservientibus,
1329 5488 1399 5543 de
1435 5500 1578 5543 cura
1625 5485 1959 5542 indesinen-

256 5576 343 5625 ter
398 5570 734 5643 sollicitatis,
799 5577 1036 5644 sptritus
1087 5577 1345 5643 mandat,
1398 5591 1470 5634 ne
1515 5583 1709 5647 patere
1763 5576 1958 5632 sinant

2122 4432 2303 4488 uterit.

2122 4447 2303 4488 utertt.

2076 4447 2110 4502 q
2146 4521 2318 4578 Vens.
2349 4523 2401 4575 6.
2447 4551 2517 4560 —
2546 4520 2848 4576 Ascendam
2891 4524 3084 4587 igitur,
3141 4526 3192 4576 et
3251 4522 3506 4590 sepeliam
3558 4525 3777 4590 patrem

2073 4624 2267 4673 meum,
2299 4625 2362 4663 ac
2391 4614 2653 4663 revertar.
2686 4610 2947 4679 Dixitque
2994 4610 3044 4663 ei
3096 4610 3310 4663 Pharao
3355 4624 3369 4663 :
3428 4609 3669 4663 Ascende
3721 4613 3775 4663 et

2072 4698 2240 4767 sepeli
2271 4703 2487 4767 patrem
2540 4704 2710 4763 tuum,
2770 4700 2913 4751 sicut
2970 4697 3266 4766 adjuratus
3318 4712 3401 4751 es.
3477 4696 3562 4754 Ab
3617 4695 3767 4765 imis,

2074 4783 2286 4854 inquit,
2344 4784 2639 4840 desideriis
2690 4785 3042 4855 progrediar,
3104 4792 3167 4841 ut
3220 4784 3458 4840 rationis
3510 4797 3641 4854 quae
3682 4797 3771 4839 me

2073 4872 2274 4944 genuit
2295 4873 2690 4929 auctoritatem
2730 4874 3053 4929 coelestibus
3112 4873 3443 4930 inhzerendo
3476 4880 3660 4938 tuear,
3716 4879 3772 4927 et

2069 4960 2150 5015 sic
2190 4959 2262 5015 ad
2304 4961 2546 5030 patriam
2592 4961 2748 5017 velut
2785 4961 2857 5017 ad
2908 4962 3230 5018 naturalem
3278 4960 3641 5026 conditionis,
3696 4974 3763 5017 ac

2072 5047 2366 5120 dignitatis
2399 5063 2538 5105 meae
2568 5049 2827 5105 ordinem
2874 5059 3148 5107 revertar.
3194 5050 3385 5106 Nutus
3431 5048 3765 5116 Pharaonis,

2073 5134 2407 5205 impotentia
2477 5144 2580 5202 est,
2655 5145 2860 5192 contra
2938 5137 3446 5193 intellectualitatis
3492 5135 3771 5192 excellen-

2070 5224 2230 5291 tiam,
2264 5224 2717 5294 repugnationis.
2753 5228 2967 5281 Caetera
2997 5236 3059 5281 ut
3092 5225 3381 5295 superius.

2142 5311 2313 5367 Vens.
2367 5316 2419 5380 7,
2479 5314 2530 5367 8.
2598 5342 2667 5351 —
2728 5314 2840 5379 Quo
2887 5313 3223 5380 ascendente,
3290 5316 3473 5366 ierunt
3529 5328 3649 5367 cum
3708 5327 3765 5367 eo

2068 5395 2251 5453 omnes
2305 5415 2453 5455 senes
2520 5400 2709 5455 domus
2768 5403 3092 5466 Pharaonis,
3170 5403 3457 5469 cunctique
3531 5403 3764 5467 majores

2066 5494 2201 5542 natu
2279 5494 2435 5542 terrae
2487 5490 2732 5557 Λευῃρεί,
2793 5489 2981 5544 domus
3034 5492 3231 5558 Ioseph
3287 5506 3406 5543 cum
3487 5490 3761 5557 fratribus

2065 5578 2201 5643 suis,
2234 5576 2437 5644 absque
2454 5576 2707 5645 parvulis
2727 5582 2777 5630 et
2804 5579 3080 5646 gregibus,
3120 5583 3283 5646 atque
3327 5580 3613 5647 armentis,
3644 5593 3760 5645 qua
