3904 6066
150 354 247 406 333

1428 350 1794 407 MOBALIUM
1834 351 1902 405 IN
1929 349 2222 407 GENESIN
2255 350 2381 403 LIB.
2408 349 2467 402 X.

3546 352 3649 407 334

149 488 603 558 derelinquerant
671 488 731 541 in
802 492 951 541 terra
1037 487 1250 542 Gessen.
1324 487 1450 555 IpSu
1530 486 1844 542 ascendente
1880 488 1927 540 A
1959 485 2164 555 Sicque
2196 491 2409 554 septem
2439 483 2558 539 dies
2589 483 2920 553 implentur,
2958 484 3098 555 quia
3139 484 3279 540 dum
3318 500 3652 556 persevera—

148 593 327 632 omnes
372 592 519 631 senes
586 577 775 630 domus
838 577 1127 638 Pharonis,
1188 590 1321 630 cum
1368 590 1433 631 eo
1481 590 1594 631 non
1643 590 1844 630 ascen-

149 666 304 733 dere,
360 666 457 721 sed
510 666 593 721 ire
637 664 934 731 dicuntur,
984 663 1123 734 quia
1182 663 1559 734 intelligentia
1604 663 1848 719 summis

152 754 433 821 inbiante,
476 754 597 825 jam
642 752 835 808 carnis
890 760 1080 809 motus
1120 752 1569 809 defervescentes
1614 760 1669 808 et
1716 752 1847 807 lan-

152 843 336 912 guidi,
390 841 586 910 velint,
628 841 831 908 nolint,
878 840 1272 911 spiritualitati
1321 841 1715 897 obsecundare
1752 855 1843 896 co-

151 938 411 1001 guntur;
463 938 519 986 et
573 937 702 999 post
752 944 899 996 eam,
957 929 1045 984 vel
1115 944 1249 985 cum
1307 944 1375 985 ea
1427 929 1849 1000 irrefragabiles

152 1020 594 1089 pertrahuntur.
629 1019 876 1087 Majores
906 1022 1040 1072 natu
1065 1024 1221 1073 terra:
1255 1021 1481 1087 ΛΞΜ]ρεί
1515 1026 1652 1074 sunt
1685 1018 1844 1085 vitia,

152 1123 286 1177 quas
325 1107 634 1179 originalia
670 1115 725 1163 et
772 1096 895 1162 ideo
961 1107 1295 1178 antiquiora
1364 1107 1573 1163 saeculo
1629 1108 1845 1163 insunt.

157 1195 292 1251 HEBC
322 1204 551 1261 coeunt,
587 1194 726 1264 quia
761 1194 955 1250 obesse
980 1209 1094 1249 non
1138 1202 1393 1264 possunt.
1427 1197 1625 1249 Domus
1653 1195 1849 1262 Ioseph

155 1299 275 1338 cum
314 1284 587 1350 fratribus
634 1285 769 1350 suis,
826 1283 934 1338 illze
969 1282 1181 1339 scilicet
1225 1284 1485 1349 virtutes,
1538 1297 1669 1353 quae
1714 1297 1849 1352 spe-

154 1371 377 1427 cialiter
408 1369 889 1427 intellectualitati
933 1371 1297 1438 adnituntur,
1346 1379 1409 1426 ut
1446 1379 1582 1426 sunt
1614 1371 1848 1426 caeliba-

155 1468 268 1526 tus,
337 1459 629 1515 munditia
711 1459 911 1527 animi,
980 1459 1160 1514 otium
1202 1472 1237 1513 a
1283 1458 1609 1514 forensibus
1669 1458 1845 1523 curis,

155 1562 294 1603 nam
340 1549 560 1603 versari
614 1547 754 1602 solet
823 1547 883 1602 in
939 1546 1028 1602 his
1074 1562 1205 1603 cum
1254 1546 1462 1602 anima:
1512 1555 1567 1602 et
1595 1546 1850 1616 corporis

152 1636 320 1691 bonis
345 1636 602 1706 justitiae,
639 1635 839 1691 matris
866 1636 1147 1702 omnium,
1180 1635 1334 1691 ﬁliis.

226 1724 453 1793 Absque
494 1726 754 1793 parvulis
802 1730 851 1778 et
897 1724 1171 1793 gregibus,
1239 1730 1289 1778 et
1333 1728 1610 1790 armentis,
1672 1723 1725 1779 id
1765 1730 1850 1779 est

1958 581 2053 629 tur
2083 574 2141 628 in
2186 572 2397 629 talibus
2439 572 2827 642 spiritualium
2873 574 3287 629 charismatum
3335 575 3652 645 plenitudi-

1956 676 2076 717 mes
2104 661 2500 718 cumulantur.

2028 751 2199 807 Vens.
2236 754 2320 804 ll.
2356 782 2424 790 —
2462 751 2615 817 Quod
2658 766 2778 805 cum
2821 751 3085 806 vidissent
3132 752 3462 806 habitatores
3496 757 3653 807 terra

1958 839 2247 906 Chanaan,
2270 839 2564 893 dixerunt:
2592 841 2847 894 Planctus
2872 855 3100 906 magnus
3124 842 3225 894 iste
3245 845 3325 894 est
3351 843 3647 910 Egyptiis.

1956 927 2162 981 Idcirco
2241 929 2651 997 appellaverunt
2722 943 2909 982 nomen
2988 929 3091 982 loci
3163 930 3315 982 illius
3393 930 3651 983 Planctus

1955 1018 2197 1085 Egypti.
2232 1015 2541 1086 Postquam
2588 1016 2647 1070 hi
2696 1016 2799 1086 qui
2853 1023 3062 1072 terram
3104 1015 3387 1083 habitant,
3436 1026 3650 1087 etper-

1956 1113 2128 1174 petuo
2183 1103 2382 1172 motui,
2441 1104 2595 1175 quod
2661 1113 2745 1161 est
2796 1104 3094 1172 Chanaan,
3152 1105 3484 1174 subjacent;
3548 1106 3649 1175 qui

1961 1200 2257 1248 terrenum
2308 1192 2520 1248 habent
2561 1193 3024 1258 fundamentum,
3077 1207 3328 1262 quorum
3389 1192 3447 1249 in
3495 1194 3652 1249 coelis

1959 1282 2314 1337 conversatio
2364 1297 2478 1337 non
2542 1290 2646 1349 est,
2716 1282 2961 1337 aliorum
3038 1282 3296 1338 studium
3352 1282 3652 1351 spirituale

1958 1368 2282 1435 attendunt,
2377 1369 2748 1425 vehementer
2833 1369 3144 1436 mirantur,
3226 1377 3283 1424 et
3376 1369 3652 1426 mirantes

1957 1456 2289 1521 exhorrent,
2353 1457 2506 1525 quod
2572 1470 2706 1511 cum
2776 1455 2972 1515 saeculi
3036 1455 3249 1525 gaudia
3325 1463 3648 1525 suppetant.

1959 1544 2299 1600 indesinenti
2332 1559 2390 1600 se
2423 1558 2663 1599 mmrore
2692 1551 3054 1599 consumant.
3091 1542 3252 1599 Unde
3276 1547 3331 1598 et
3357 1544 3653 1614 Egyptios

1959 1640 2187 1700 vocant,
2239 1647 2387 1703 quos
2444 1631 2603 1702 jugis
2669 1631 2913 1687 tristitiae
2959 1630 3211 1686 tenebris
3259 1632 3656 1700 pessumdatos

1959 1722 2177 1788 vident,
2226 1729 2281 1777 et
2312 1721 2674 1787 monasteria,
2712 1719 2811 1775 ubi
2843 1720 2929 1774 hae
2966 1718 3345 1775 cohibitiones
3373 1728 3652 1790 aguntur,

155 1785 380 1882 absque
431 1785 521 1867 his
568 1828 701 1883 quze
778 1785 1089 1868 immatura
1149 1785 1340 1868 adhuc
1385 1821 1521 1869 sunt
1572 1785 1754 1878 bonis,
1800 1820 1855 1867 et
1894 1785 1934 1839 Β
1963 1785 2303 1866 barathrum
2349 1785 2667 1879 appellant,
2707 1808 2805 1864 ubi
2848 1808 2952 1863 lux
3003 1807 3341 1863 transitoria:
3373 1785 3657 1878 jucundi-

160 1900 613 1956 hebetudinibus
698 1901 1045 1957 naturaliter
1113 1901 1405 1972 ingenitis,
1472 1901 1857 1957 exterioribus

162 1988 472 2044 exercitiis.
523 1991 733 2060 Greges
762 2003 1016 2059 namque
1063 1989 1136 2044 ad
1189 1998 1243 2045 et
1272 1989 1714 2059 simplicitatem,
1763 2003 1855 2044 ar-

164 2083 360 2131 menta
403 2077 474 2132 ad
520 2079 990 2147 procurationum
1039 2079 1282 2133 attinent
1331 2078 1615 2134 laborem-
1638 2078 1770 2133 Haec
1800 2081 1858 2131 in

164 2171 315 2220 terra
388 2167 590 2221 Gessen
664 2166 1173 2236 derelinquuutur,
1234 2166 1374 2236 quia
1444 2180 1543 2235 per
1596 2166 1857 2221 stabilem

163 2254 527 2310 discretionis
575 2254 969 2322 subtilitatem,
1027 2268 1143 2324 qua
1216 2254 1529 2324 palpationi
1588 2254 1856 2309 vitiorum

164 2344 688 2413 appropinquatur,
736 2344 857 2400 hanc
921 2344 993 2398 ad
1045 2343 1576 2411 contemplationem
1638 2342 1860 2411 pertin-

163 2445 319 2501 gere,
392 2446 508 2486 non
570 2433 822 2501 potentia
871 2431 1228 2501 solummodo
1292 2438 1459 2485 caute
1502 2429 1861 2485 discutienda

162 2519 558 2575 dimittuntur.
603 2520 766 2586 Quod
817 2528 997 2576 totum
1040 2527 1142 2575 est.
1205 2518 1343 2585 Quae
1390 2518 1493 2574 soli
1542 2516 1860 2573 actualitati

161 2607 542 2675 conveniunt,
616 2609 707 2663 vel
773 2623 905 2677 quae
984 2608 1213 2678 penitus
1287 2608 1512 2674 stolida,
1578 2615 1633 2662 et
1693 2607 1860 2677 quasi

164 2694 427 2764 pecualia
447 2705 603 2762 sunt,
632 2696 1037 2765 speculationis
1060 2710 1287 2751 summa
1318 2710 1429 2751 non
1459 2696 1767 2752 scandunt.

237 2783 413 2839 Vsus.
448 2788 500 2850 9,
540 2788 624 2838 l0.
673 2815 741 2825 —
784 2785 989 2839 [lubuit
1033 2801 1242 2854 quoque
1286 2789 1344 2839 in
1380 2787 1640 2839 comitatu
1669 2798 1861 2838 currus

162 2877 215 2926 et
251 2874 488 2942 equites:
528 2879 577 2927 et
610 2876 765 2940 facta
810 2879 889 2927 est
917 2875 1079 2927 turba
1125 2890 1231 2927 non
1276 2873 1507 2927 modica.
1562 2875 1858 2926 Venerunt-

166 2976 273 3028 que
319 2961 396 3014 ad
445 2978 629 3015 aream
677 2963 849 3028 Atad,
891 2979 1010 3033 quae
1057 2965 1167 3016 sita
1208 2968 1288 3016 est
1326 2970 1478 3016 trans
1533 2962 1857 3016 Jordanem:

1964 1899 2097 1956 tatis
2126 1906 2181 1954 et
2210 1898 2527 1969 gloriarum
2557 1897 2829 1952 examina
2858 1911 2973 1952 non
3006 1904 3306 1966 apparent.

2036 1988 2208 2045 Vsus.
2282 1989 2366 2053 l2,
2439 1989 2523 2040 l3.
2563 2016 2632 2025 -—
2689 1985 2954 2039 Fecerunt
2993 1999 3119 2051 ergo
3165 1986 3270 2053 ﬁlii
3314 1984 3476 2038 Jacob
3516 1986 3657 2038 sicut

1960 2079 2292 2145 praeceperat
2317 2077 2412 2127 eis.
2439 2076 2510 2128 Et
2538 2078 2819 2142 portantes
2863 2088 2983 2125 eum
3028 2074 3087 2126 in
3135 2078 3335 2125 terram
3372 2073 3655 2138 Chanaan,

1964 2165 2290 2232 sepelierunt
2356 2178 2474 2216 eum
2521 2164 2581 2215 in
2644 2162 2902 2230 spelunca
2965 2160 3196 2228 duplici,
3246 2170 3350 2216 etc.
3411 2160 3658 2229 Spiritus

1966 2260 2158 2307 noster
2213 2259 2518 2321 postquam
2580 2248 2721 2304 vitia
2790 2235 3269 2318 supplantaverit,
3344 2248 3444 2303 ﬁlii
3509 2249 3655 2318 ejus,

1968 2349 2156 2397 motus
2194 2340 2476 2403 videlicet,
2512 2339 2684 2408 juxta
2715 2338 2837 2401 Job,
2871 2336 3206 2392 fortitudine
3247 2336 3466 2392 robusti
3519 2336 3655 2402 (Job,

1968 2432 2056 2495 36,
2101 2428 2204 2494 19).
2262 2427 2424 2483 facile
2462 2428 2580 2497 jam
2632 2425 2887 2495 imperiis
2939 2424 3067 2493 ejus
3105 2424 3399 2489 obediunt,
3445 2424 3542 2479 sed
3590 2437 3661 2478 ne

1967 2520 2036 2575 de
2088 2517 2312 2572 viribus
2365 2513 2851 2585 supplantationis
2916 2512 3252 2579 efferantur,
3323 2515 3383 2565 in
3458 2517 3661 2566 terram

1939 2608 2231 2663 ‘Chanaan
2296 2618 2430 2658 eum
2498 2603 2619 2673 jam
2683 2607 2933 2670 portant,
2996 2600 3133 2654 dum
3202 2599 3550 2655 terrenitatis
3594 2612 3663 2653 ac

1969 2691 2369 2752 mutabilitatis
2401 2704 2539 2756 suae,
2572 2689 2667 2745 cui
2709 2688 3001 2757 subjecere
3049 2688 3242 2743 adhuc
3289 2695 3487 2757 potest,
3528 2701 3662 2743 eum

1967 2787 2436 2839 commemorant.
2470 2781 2531 2832 In
2555 2779 2811 2846 spelunca
2838 2790 3113 2832 sensuum
3154 2776 3659 2846 imaginationum-

1969 2885 2084 2942 que
2109 2868 2472 2926 continentiae
2503 2873 2857 2930 contutatur,
2886 2878 3018 2934 quae
3048 2878 3082 2919 a
3104 2871 3378 2933 potestate
3402 2864 3662 2934 Ephron,

1970 2960 2027 3015 id
2063 2966 2147 3014 est
2193 2955 2443 3013 carnalis
2490 2951 2718 3019 affectu,
2768 2952 2938 3022 cujus
2982 2952 3434 3007 sollicitudinum
3479 2951 3654 3007 inuti-

165 3050 265 3102 ubi
307 3050 630 3104 celebrantes
675 3054 961 3119 exsequias
1005 3066 1200 3116 magno
1237 3052 1460 3119 planctu
1498 3054 1660 3118 atque
1705 3051 1860 3103 vehe-
1900 3080 1940 3133 Ο
1973 3047 2113 3102 lium
2141 3044 2377 3114 pulvere
2405 3042 2808 3106 obscuramur,
2840 3046 2977 3133 sunt
3005 3038 3158 3093 enim
3188 3045 3243 3093 et
3274 3037 3442 3094 utiles
3468 3052 3662 3133 cura;

167 3141 357 3204 menti,
400 3140 756 3207 impleverunt
793 3144 994 3209 septem
1041 3142 1177 3193 dies.
1230 3140 1298 3194 In
1348 3140 1622 3195 comitatu
1652 3152 1862 3204 currus

168 3226 341 3282 habet
377 3236 431 3283 et
478 3229 719 3298 equites,
788 3228 928 3283 dum
988 3235 1044 3284 et
1095 3229 1235 3284 alios
1285 3242 1386 3298 per
1439 3227 1770 3297 patientiam
1804 3227 1863 3282 in

168 3315 410 3370 modum
459 3329 670 3371 currus
715 3324 938 3385 portare
984 3317 1108 3383 scit,
1159 3324 1214 3372 et
1268 3331 1486 3386 equum
1539 3316 1866 3386 temporalis

168 3403 371 3475 gloriae
417 3404 475 3458 in
538 3418 753 3460 morem
808 3410 950 3458 I39
998 3404 1193 3460 militis
1235 3419 1432 3475 regere
1476 3406 1654 3460 novit.
1697 3404 1867 3460 Novit

165 3492 328 3546 enim
377 3476 627 3548 tolerans
659 3506 775 3547 non
826 3506 948 3548 esse
994 3493 1310 3563 condignas
1342 3492 1630 3562 passiones
1689 3493 1869 3563 hujus

168 3580 444 3650 temporis
491 3580 563 3635 ad
609 3580 864 3636 futuram
918 3581 1160 3651 gloriam
1216 3582 1384 3651 (Rom.
1453 3596 1570 3643 VIII,
1626 3580 1733 3652 18).
1776 3582 1866 3647 Et,

167 3682 411 3739 sperare
454 3669 511 3723 in
558 3669 774 3725 incerto
819 3669 1153 3725 divitiarum
1187 3683 1303 3724 non
1349 3669 1575 3737 debere,
1624 3672 1870 3739 Aposto-

169 3757 296 3814 lum
349 3757 646 3813 monuisse
704 3758 809 3813 scit
867 3759 916 3824 (Ι
977 3757 1111 3812 Tim.
1164 3772 1240 3823 v1,
1295 3759 1395 3828 l7).
1458 3757 1577 3812 Tali
1639 3757 1870 3812 cuidam

168 3845 556 3901 clamabatur.
608 3846 813 3901 Curras
866 3846 1042 3901 Israel
1082 3850 1132 3899 et
1169 3848 1370 3913 auriga
1416 3846 1532 3914 ejus
1582 3846 1685 3903 (ιν
1726 3846 1865 3911 Reg.

170 3950 233 4002 ιι,
276 3936 382 4000 l2).
418 3934 568 3989 Dum
597 3933 753 3989 enim
798 3947 900 4003 per
931 3934 1266 4003 patientiam
1317 3934 1569 4003 scipsum
1602 3948 1731 3989 cum
1765 3946 1872 3989 sua

170 4022 646 4092 concupiscentia
693 4021 888 4089 vincit,
934 4030 989 4077 et
1025 4036 1241 4093 equum
1283 4020 1576 4078 saecularis
1623 4021 1873 4078 lasciviae

170 4111 462 4181 reprimit,
497 4110 698 4179 purior
745 4110 833 4165 his
869 4111 1176 4166 comitibus
1214 4111 1287 4165 ad
1324 4109 1601 4166 visionem
1648 4110 1873 4166 deitatis

171 4198 460 4265 ascendit,
502 4206 557 4253 et
590 4196 709 4267 jam
741 4212 855 4253 non
886 4198 1128 4261 modica.
1160 4198 1257 4253 sed
1296 4198 1542 4268 insignis
1587 4199 1872 4254 virtutum

172 4287 565 4344 numerositas
622 4288 699 4341 tit.
750 4286 1018 4341 Iordanis
1049 4285 1260 4342 dicitur
1309 4286 1592 4341 descensus
1651 4303 1869 4354 eorum;

175 4390 296 4432 non
332 4382 419 4429 est
468 4375 637 4429 turba
686 4376 930 4441 modica,
984 4388 1160 4444 quam
1218 4374 1468 4443 profecto
1512 4374 1874 4431 commendat

175 4463 482 4520 humilitas
532 4462 810 4527 maxima,
872 4462 1013 4532 quia
1076 4477 1192 4532 quo
1262 4463 1557 4533 pulchrior
1613 4471 1696 4520 est
1739 4478 1873 4520 con-

173 4552 437 4617 scientia,
468 4550 626 4605 novit
651 4550 820 4620 juxta
867 4551 1231 4620 Prophetam,
1266 4558 1320 4607 et
1366 4566 1572 4607 sonum
1603 4552 1870 4620 nominis,

173 4654 316 4697 cum
345 4638 469 4694 suis
489 4637 713 4693 viribus
737 4638 1075 4694 descendere
1101 4638 1160 4693 iu
1190 4638 1394 4708 seipsa.

250 4727 436 4783 Trans
478 4727 783 4782 Jordanem
831 4740 970 4797 ergo
1016 4740 1150 4782 area
1214 4726 1324 4783 sita
1369 4734 1472 4795 est,
1537 4727 1678 4797 quia
1717 4733 1876 4796 post-

175 4830 363 4888 quam
393 4829 429 4870 a
467 4815 669 4870 mundi
712 4828 905 4871 amore
945 4822 1001 4870 et
1056 4815 1275 4884 pompis
1319 4816 1447 4885 ejus
1484 4815 1658 4869 corda
1703 4814 1878 4883 depo-

176 4908 400 4970 nimus,
424 4911 480 4959 et
507 4903 578 4959 ad
604 4902 703 4958 Dei
735 4904 1069 4959 servitutem
1098 4917 1200 4958 nos
1218 4910 1272 4958 et
1300 4910 1493 4958 nostra
1515 4901 1874 4973 subjicimus,

176 4996 253 5051 ad
286 5007 483 5049 aream
518 4992 917 5049 intestinarum
951 4992 1304 5061 passionum,
1336 4991 1434 5046 ubi
1473 4991 1657 5046 virtus
1678 5004 1712 5045 a
1740 4989 1879 5045 vitio

180 5081 503 5140 tolerantiae
546 5080 760 5136 tribula
806 5079 1136 5146 discutitur,
1194 5080 1674 5149 propinquamus.
1705 5080 1878 5133 Acce-

177 5173 315 5227 dens
359 5170 436 5224 ad
466 5173 632 5224 Deum
669 5175 756 5223 sta
801 5171 861 5222 in
893 5170 1119 5238 iustitia
1154 5173 1204 5220 et
1252 5170 1474 5233 timore;
1522 5171 1572 5221 et
1621 5180 1883 5236 praepara

179 5266 427 5315 animum
502 5264 654 5311 tuam
712 5259 769 5310 in
819 5259 1111 5311 tentatione
1150 5256 1326 5323 (Eccl.
1380 5270 1437 5322 ιι,
1496 5256 1564 5324 1).
1628 5255 1695 5309 lu
1747 5267 1883 5309 area

180 5348 339 5405 enim
370 5347 628 5403 triticum
657 5360 691 5401 a
723 5346 884 5416 palea
925 5345 1159 5401 terendo
1185 5344 1544 5399 discernitur.
1590 5343 1669 5398 lbi
1706 5344 1884 5399 {unus

181 5437 425 5509 planctu
494 5434 816 5491 vehementi
893 5433 1235 5501 celebratur,
1313 5433 1454 5504 quia
1524 5431 1884 5488 mortiﬁcatio

183 5525 584 5581 membrorum
630 5535 804 5592 super
851 5529 1062 5577 terram
1111 5536 1226 5577 non
1269 5522 1374 5576 nisi
1425 5534 1684 5588 maerore,
1726 5517 1883 5589 quod

182 5613 348 5670 nullo
382 5609 756 5683 praesentium
813 5610 1027 5681 gaudio
1072 5609 1238 5665 leniri
1294 5609 1487 5679 possit,
1537 5607 1881 5678 acquiritur,

1970 3135 2148 3206 pretio
2195 3132 2436 3188 internae
2474 3128 2787 3185 devotionis
2815 3126 3088 3197 exigitur,
3123 3133 3188 3182 ut
3225 3134 3425 3182 contra
3462 3126 3667 3182 faciem

1972 3222 2246 3286 Mambre,
2302 3220 2355 3274 id
2398 3224 2502 3285 est,
2545 3216 2616 3270 ad
2664 3215 2931 3271 subtilem
2992 3213 3348 3270 discretionis
3389 3213 3665 3285 cognitio-

1973 3325 2101 3367 nem
2133 3309 2439 3379 dirigatur.
2485 3305 2679 3373 (Vens.
2725 3303 2835 3373 14.)
2866 3304 3240 3372 Reversusque
3270 3307 3349 3357 est
3378 3304 3571 3371 Ioseph
3607 3305 3667 3356 in

1971 3403 2265 3468 Egyptum
2310 3411 2431 3450 cum
2480 3392 2756 3460 fratribus
2802 3393 2921 3445 suis
2971 3397 3021 3445 et
3067 3393 3213 3445 omni
3248 3393 3531 3455 comitatu,
3577 3406 3667 3444 se-

1969 3491 2122 3558 pulto
2170 3491 2348 3555 patre.
2407 3481 2526 3538 Etsi
2583 3479 2821 3550 spiritus
2872 3488 3064 3534 noster
3114 3493 3147 3534 a
3195 3479 3388 3534 saeculi
3442 3478 3668 3533 actibus

1975 3576 2130 3646 apud
2171 3589 2230 3629 se
2293 3572 2688 3634 absconditur,
2739 3567 3246 3623 intellectualitatis
3292 3575 3483 3622 tamen
3534 3580 3666 3621 cum

1975 3662 2194 3720 caeteris
2219 3660 2516 3716 charitatis
2556 3656 2756 3712 matris
2808 3670 3095 3726 germana:
3146 3654 3253 3709 sibi
3282 3654 3499 3723 junctis
3538 3654 3668 3708 feti-

1978 3754 2106 3819 bus,
2153 3752 2225 3806 ad
2271 3750 2606 3819 Egyptum,
2663 3743 3130 3809 recordationem,
3177 3742 3439 3801 videlicet
3480 3741 3670 3796 condi-

1977 3839 2205 3897 tionalis
2235 3852 2355 3893 suae
2406 3831 2766 3906 ignorantiae,
2814 3840 2869 3886 et
2914 3830 3281 3886 obscuritatis
3319 3843 3547 3885 necesse
3584 3837 3670 3884 est

1981 3934 2323 3985 revertatur.
2371 3924 2519 3979 sicut
2549 3922 2775 3992 typicus
2804 3919 2977 3975 Jacob
3028 3917 3097 3973 ad
3150 3926 3359 3974 terram
3395 3918 3670 3975 Chanaan

1978 4016 2246 4087 superius
2272 4028 2307 4069 a
2334 4009 2779 4083 cogitationibus
2828 4014 3174 4077 reportatur.
3205 4006 3364 4062 Unde
3397 4007 3673 4062 Dominus

1982 4119 2083 4177 per
2119 4105 2366 4160 Isaiam:
2423 4099 2703 4154 Descendit
2754 4097 2989 4166 populus
3040 4110 3186 4149 meus
3245 4098 3304 4147 in
3351 4097 3667 4164 Eyyptum,

1980 4201 2041 4249 ut
2096 4194 2309 4247 colonus
2366 4192 2500 4243 esset
2537 4189 2618 4240 ibi
2673 4184 2839 4252 (lsai.
2874 4198 2967 4250 ιιι,
3017 4183 3108 4252 4);
3157 4190 3213 4238 et
3268 4182 3481 4238 diceret
3536 4196 3671 4237 cum

1981 4281 2316 4337 Psalmista:
2351 4276 2654 4330 Habitavit
2682 4288 2800 4326 cum
2820 4270 3195 4325 habitantibus
3224 4269 3412 4332 Cedar,
3445 4270 3673 4324 multum

1982 4370 2159 4426 incola
2179 4370 2290 4435 fuit
2319 4368 2504 4420 anima
2524 4378 2640 4416 mea
2667 4361 2838 4429 (Psal.
2872 4373 3024 4423 cxrx,
3055 4357 3128 4429 5).

2057 4459 2220 4513 Vens.
2259 4456 2341 4517 {5,
2392 4455 2477 4511 l6,
2522 4454 2606 4504 t7.
2648 4479 2717 4489 —
2747 4448 2858 4514 Quo
2906 4452 3134 4511 mortuo,
3185 4448 3428 4499 timentes
3468 4446 3674 4511 fratres

1984 4546 2120 4617 ejus,
2143 4550 2193 4598 et
2238 4548 2420 4598 mutuo
2462 4539 2850 4608 colloquentes:
2892 4538 2968 4592 Ne
3004 4538 3145 4602 forte
3184 4549 3384 4588 memor
3419 4536 3493 4587 sit
3530 4532 3714 4600 quod.

1982 4637 2228 4703 fecimus,
2260 4629 2653 4684 mandaverunt
2673 4628 2760 4679 ei:
2792 4627 2970 4690 Pater,
2997 4622 3291 4693 inquiunt,
3325 4626 3447 4675 tuus
3471 4635 3676 4689 praece-

1982 4727 2074 4795 pit
2101 4722 2254 4776 nobis
2283 4723 2576 4786 antequam
2601 4718 2918 4777 moreretur,
2959 4716 3018 4765 ut
3048 4712 3156 4764 haec
3190 4709 3291 4762 tibi
3315 4708 3493 4762 verbis
3525 4710 3675 4761 illius

1987 4813 2284 4867 diceremus
2313 4824 2327 4862 :
2353 4807 2576 4862 Obsecro
2605 4809 2665 4857 ut
2695 4801 3034 4856 obliviscaris
3055 4799 3268 4853 sceleris
3288 4799 3529 4863 fratrum
3557 4802 3673 4850 tuo-

1984 4916 2126 4966 rum,
2158 4903 2209 4953 et
2230 4898 2441 4967 peccati
2477 4899 2641 4964 atque
2669 4891 2894 4945 malitia
2931 4903 3095 4956 quam
3135 4889 3486 4939 exercuerunt
3515 4886 3574 4937 in
3605 4890 3671 4937 te.

1986 4990 2296 5057 Postquam
2317 4983 2519 5039 mundi
2542 4981 2767 5036 astutiae
2786 4977 3023 5047 spiritus
3042 4984 3232 5029 noster
3251 4972 3551 5039 emoritur,
3574 4973 3681 5028 fra-

1990 5087 2102 5133 tres
2122 5077 2191 5131 de
2223 5073 2439 5144 injuria
2469 5083 2644 5140 quam
2691 5066 3014 5123 intulerunt
3063 5064 3284 5127 timent,
3316 5062 3457 5132 quia
3487 5063 3679 5118 virtu-

1988 5174 2070 5223 tes
2118 5163 2185 5218 de
2224 5161 2420 5217 minus
2467 5159 2669 5215 idonea
2720 5154 3025 5212 stabilitate
3061 5166 3129 5207 ac
3175 5150 3460 5207 munditia
3508 5165 3681 5221 penes

1990 5251 2312 5307 intellectus
2356 5246 2755 5303 excellentiam
2802 5241 3134 5298 erubescere
3181 5239 3381 5306 solent,
3420 5246 3476 5294 et
3504 5254 3577 5295 ne
3607 5240 3680 5294 ab

1991 5341 2116 5411 ejus
2145 5339 2332 5409 gratia
2365 5333 2661 5405 pmnaliter
2709 5330 2973 5386 decidant
3026 5328 3085 5383 in
3123 5328 3283 5393 vitia,
3329 5341 3446 5381 non
3476 5325 3683 5382 imme-

1994 5428 2104 5485 rito
2153 5424 2456 5495 trepidant.
2515 5424 2597 5476 Ac
2642 5420 2689 5475 si
2755 5418 3042 5474 dicerent:
3108 5413 3434 5487 Spiritualis
3480 5415 3680 5481 virtus,

1993 5530 2067 5573 ex
2120 5528 2240 5584 qua
2270 5527 2392 5569 esse
2420 5510 2613 5576 habes,
2656 5509 2794 5563 dum
2845 5505 2903 5561 in
2933 5503 3333 5561 mortilicando
3370 5516 3545 5571 super
3572 5510 3683 5556 ter-

1997 5618 2120 5659 ram
2159 5600 2417 5657 membra
2468 5596 2690 5653 laborat
2740 5596 2809 5650 ad
2858 5607 3035 5665 quam
3086 5591 3432 5649 universitas
3479 5587 3687 5643 interni
