3924 6088
276 283 378 337 335

1161 281 1218 336 ν.
1266 279 1606 338 GUIBERTI
1639 280 1936 338 ABBATIS
1975 283 2031 338 S.
2075 280 2314 336 MABUE
2347 279 2440 337 DE
2479 279 2877 336 NOVIGENTO

3661 284 3765 336 336

274 412 498 469 roboris
528 412 748 477 attinet,
793 411 931 467 dum
963 410 1192 480 penitus
1237 411 1390 480 quod
1419 410 1593 466 ofﬁcit
1633 411 1964 468 abscindere
2002 420 2046 471 Α
2075 411 2217 466 vidit
2244 412 2521 482 Ephraim
2559 412 2698 480 ﬁlios
2746 426 2914 480 usque
2960 410 3034 465 ad
3082 412 3296 466 tertiam
3342 414 3763 478 generationem.

273 518 388 558 non
438 501 729 572 praevalet,
803 508 1142 556 caeterarum
1187 501 1472 556 virtutum
1540 502 1963 571 subjacentium

273 591 636 646 inlirmitates
677 603 743 643 ac
791 589 1170 659 negligentias
1227 598 1497 658 excusat;
1549 591 1686 660 quia
1737 589 1795 644 in
1849 604 1966 659 quo

273 679 423 748 regis
457 678 750 732 imbecillis
800 677 1094 733 invenitur
1141 679 1470 744 auctoritas,
1510 679 1755 733 militum
1800 678 1966 732 valde

271 773 456 836 torpet
490 766 776 821 alacritas.
823 766 1141 836 Fragilium
1175 781 1311 836 ergo
1346 767 1561 836 quibus
1589 767 1721 821 olim
1761 766 1966 836 subja—

269 854 498 909 cuimus
524 863 784 910 motuum
817 854 1173 921 obliviscere,
1207 862 1280 920 et,
1323 863 1385 909 ut
1420 854 1516 909 tibi
1561 857 1848 924 competit,
1893 854 1964 909 ad

268 955 522 1012 superna
571 944 872 998 contende.
925 945 1044 998 Nos
1085 959 1294 1012 quoque
1325 960 1561 1011 oramus,
1596 947 1874 1013 inquiunt,
1906 947 1965 997 ut

266 1034 441 1085 servis
472 1033 576 1085 Dei
596 1035 777 1101 patris
809 1035 892 1085 tui
930 1033 1178 1086 dimittas
1210 1036 1557 1101 iniquitatem
1589 1034 1745 1088 hanc.
1777 1033 1966 1088 Servis

268 1119 366 1174 Dei
401 1121 576 1188 patris
605 1121 696 1176 sui
753 1120 1114 1190 iniquitatem
1160 1121 1366 1176 dimitti
1419 1132 1644 1191 rogant,
1695 1122 1832 1175 dum
1867 1134 1967 1189 per

267 1207 659 1278 intelligentiae
689 1201 953 1278 supernae
1004 1210 1120 1264 vim
1168 1209 1412 1265 statibus
1462 1211 1659 1274 animi,
1714 1210 1826 1264 Deo
1870 1222 1960 1262 ra-

270 1296 600 1350 tionalitatis
639 1297 857 1352 auctori
902 1297 1117 1351 servire
1143 1297 1484 1363 Voletitibus,
1532 1297 1759 1352 desidiae
1801 1305 1964 1352 vete—

267 1383 347 1438 ris
380 1398 590 1439 noxam
617 1384 833 1453 expiari
868 1385 1180 1454 postulant.

340 1471 512 1527 Vens.
567 1474 650 1539 18,
723 1475 805 1526 19.
866 1503 933 1510 —
986 1473 1193 1537 Quibus
1259 1473 1467 1527 auditis
1531 1475 1676 1540 ﬂevit
1741 1475 1958 1542 Ioseph.

280 1561 650 1628 Veneruntque
692 1561 765 1614 ad
795 1577 913 1614 eum
956 1563 1161 1627 fratres
1197 1565 1302 1628 sui,
1354 1569 1403 1616 et
1448 1565 1612 1631 proni
1657 1565 1716 1615 in
1762 1567 1963 1616 terram

267 1648 569 1702 dixerunt:
605 1649 760 1703 Servi
805 1651 888 1702 tui
935 1664 1138 1703 sumus.
1182 1651 1375 1716 Nolite,
1426 1653 1526 1713 ait,
1579 1652 1962 1704 timere:num

263 1750 549 1803 possumus
597 1737 701 1790 Dei
777 1739 1026 1790 resistere
1073 1738 1389 1791 voluntati?
1445 1738 1622 1793 Audit
1664 1739 1868 1808 Joseph
1909 1747 1963 1794 et

269 1823 383 1889 ﬁet,
439 1839 571 1879 cum
617 1824 1029 1894 cogitationum
1086 1825 1468 1882 humilitatem
1522 1827 1593 1881 ad
1644 1826 1966 1883 intellectus

268 1914 512 1982 gratiam
542 1913 956 1984 compuugitet
1000 1923 1308 1982 permovet.
1362 1915 1578 1970 Audire
1621 1915 1676 1968 in
1708 1915 1964 1984 Scriptu-

268 2003 348 2056 ris
381 2002 692 2072 intelligere
741 2002 972 2070 dicitur,
1022 2010 1085 2057 ut
1117 2002 1457 2072 Apostolus:
1500 2005 1775 2058 Animalis
1821 2011 1964 2058 nso

268 2091 420 2145 homo
446 2106 552 2144 non
576 2093 810 2160 percipit
845 2107 964 2160 quae
992 2098 1118 2145 sunt
1151 2095 1380 2160 spiritus
1403 2095 1498 2145 Dei
1523 2094 1578 2161 (Ι
1603 2094 1720 2147 Cor.
1757 2107 1815 2160 ii,
1849 2095 1960 2161 15),

268 2194 456 2250 neque
487 2181 639 2235 enim
670 2181 850 2247 audit,
894 2180 948 2234 id
986 2188 1069 2235 est
1117 2181 1401 2251 intelligit.
1444 2181 1701 2236 Veniunt
1731 2182 1804 2235 ad
1846 2198 1965 2236 eum

265 2270 492 2334 fratres,
539 2283 669 2323 cum
718 2283 974 2338 quaeque
1015 2270 1256 2324 virtutes
1302 2269 1381 2323 illi
1432 2282 1699 2338 prospere
1731 2270 1966 2325 admini-

267 2360 577 2428 culantur;
618 2362 781 2427 proni
823 2361 896 2412 im
940 2372 1142 2412 terram
1195 2366 1397 2426 ruunt,
1444 2359 1583 2413 dum
1635 2359 1688 2412 in
1719 2367 1966 2414 contem-

266 2447 476 2516 plaudo
511 2448 760 2502 caelestia
789 2447 857 2501 de
899 2461 1005 2502 sua
1038 2447 1343 2517 fragilitate
1377 2447 1778 2513 humiliantur,
1808 2448 1964 2518 quod

267 2535 502 2604 Moyses,
527 2543 582 2589 et
613 2535 806 2598 Isaias,
853 2535 965 2590 Deo
1003 2535 1111 2589 sibi
1160 2543 1490 2603 apparente,
1525 2535 1622 2589 sed
1655 2542 1709 2590 et
1756 2535 1850 2590 alii
1883 2536 1962 2591 fe-

267 2625 408 2678 cisse
440 2624 733 2693 leguntur.
762 2623 936 2689 Servi,
990 2623 1282 2692 inquiunt,
1320 2625 1402 2676 tui
1439 2639 1642 2688 sumus,
1677 2624 1816 2692 quia
1849 2639 1962 2678 non

270 2711 399 2765 imis
428 2711 741 2777 desideriis,
787 2710 884 2765 sed
933 2724 1195 2779 supernae
1249 2711 1445 2780 gloriae
1491 2711 1857 2779 invigilantes
1889 2713 1966 2767 in-

267 2799 679 2854 tellectualitati
733 2799 1124 2854 obsecundare
1199 2799 1488 2854 volumus.
1557 2800 1636 2856 Ne
1694 2801 1962 2871 timeatis,

267 2889 365 2954 ait,
398 2902 626 2943 summa
673 2896 962 2958 appetere,
1022 2890 1161 2958 quia
1209 2903 1322 2944 non
1367 2903 1674 2958 possumus
1716 2889 1815 2945 Dei
1855 2905 1963 2946 vo-

266 2977 476 3032 luntati
500 2977 778 3033 resistere.

337 3065 508 3122 Vens.
560 3067 648 3120 20.
696 3097 764 3106 —-—
827 3068 928 3120 Vos
978 3067 1119 3120 enim
1175 3067 1455 3134 cogitastis
1504 3066 1568 3119 de
1611 3083 1692 3120 me
1733 3067 1956 3135 malum,

265 3160 314 3208 et
344 3157 483 3208 Deus
526 3157 688 3208 vertit
718 3155 859 3208 illud
895 3158 953 3209 in
1003 3155 1216 3220 bonum,
1270 3159 1332 3208 ut
1377 3156 1643 3209 exaltaret
1689 3172 1791 3222 me,
1822 3159 1961 3210 sicut

264 3246 324 3296 in
382 3245 809 3312 praesentiarum
886 3247 1126 3309 cernitis,
1182 3250 1232 3299 et
1300 3246 1476 3299 salvos
1544 3247 1724 3310 facere
1766 3247 1960 3300 multos

261 3333 509 3400 populos.
541 3331 700 3398 Quod
731 3339 815 3387 est
838 3332 1052 3388 dicere:
1085 3333 1360 3400 Velimus,
1395 3333 1667 3397 nolimus,
1693 3335 1763 3389 ad
1785 3347 1959 3388 suum

265 3433 366 3474 vos
393 3419 544 3475 Deus
572 3420 715 3475 velle
744 3421 1051 3488 contraxit,
1095 3429 1148 3476 et
1186 3436 1318 3477 cum
1348 3423 1416 3478 de
1456 3422 1960 3478 intellectualitatis

265 3508 590 3578 rejectione,
643 3523 710 3564 ac
769 3509 813 3563 si
863 3510 1088 3579 cupidae
1151 3510 1527 3566 mediocrium
1578 3510 1647 3566 de
1690 3511 1817 3581 ejus
1863 3512 1960 3566 ni-

264 3596 492 3650 mietate
557 3605 860 3652 causantes
935 3598 1340 3668 cogitaveritis,
1409 3605 1545 3654 sunt
1627 3601 1779 3655 enim
1855 3600 1958 3668 qui

263 3680 530 3737 aﬁ‘ectant
577 3683 783 3750 media,
840 3683 936 3739 sed
993 3683 1178 3754 magis
1229 3684 1336 3740 sub
1394 3685 1498 3740 hoc
1541 3684 1728 3740 colore
1781 3685 1949 3740 vitia.

263 3771 414 3826 Deus
470 3771 542 3826 ad
600 3774 706 3828 mei
738 3774 1142 3830 exaltatiouem
1200 3775 1335 3844 ipsis
1392 3775 1555 3830 vobis
1595 3775 1841 3831 ostendit
1877 3776 1958 3831 ef-

261 3857 521 3926 fectibus,
582 3862 735 3930 quod
780 3862 836 3916 in
893 3877 983 3918 me
1039 3863 1362 3919 contineam
1417 3864 1653 3932 bonum,
1710 3873 1763 3920 et
1802 3865 1954 3935 quod

263 3946 383 4001 sine
415 3962 795 4015 supernorum
841 3951 1046 4006 notitia
1093 3951 1147 4006 in
1202 3953 1362 4008 vobis
1402 3967 1515 4006 non
1568 3952 1776 4007 habeat
1819 3967 1956 4008 vera

262 4035 418 4088 salus
447 4035 670 4103 locum;
703 4043 756 4090 ct
783 4037 994 4092 multos
1026 4038 1288 4108 populos,
1329 4040 1664 4094 innumeras
1697 4039 1956 4096 videlicet

259 4120 387 4176 illas
414 4121 742 4177 insolentias
772 4123 948 4178 animi
989 4126 1326 4196 subjugaret
1355 4141 1453 4196 per
1482 4127 1953 4196 Spiritualitatum

258 4223 516 4276 saporem
548 4209 860 4266 salubriter
887 4212 1015 4267 sibi.
1059 4213 1137 4268 De
1169 4214 1258 4269 his
1289 4215 1517 4284 populis
1540 4216 1639 4271 Job
1672 4216 1950 4286 loquitur.

258 4298 338 4351 Ne
378 4298 696 4365 protrahas,
734 4299 942 4368 inquit,
983 4307 1186 4356 noctem
1217 4308 1276 4356 ut
1315 4304 1610 4358 ascendant
1629 4306 1824 4374 populi
1848 4321 1949 4374 pro

258 4387 332 4438 eis
360 4386 494 4455 (Job.
530 4400 724 4454 xxxvr,
755 4389 861 4456 20).

255 4491 264 4532 ξ
328 4475 499 4530 Vens.
553 4477 642 4528 21.
697 4507 764 4514 -
815 4477 992 4532 Nolite
1037 4483 1288 4532 metuere.
1350 4481 1462 4548 Ego
1501 4494 1725 4549 pascam
1763 4495 1856 4535 vos
1901 4486 1951 4535 et

251 4563 512 4632 parvulos
577 4570 801 4619 vestros.
863 4567 1287 4637 Consolatusque
1339 4573 1416 4622 est
1482 4583 1587 4634 eos,
1639 4568 1834 4623 blande
1885 4585 1950 4624 ac

254 4653 443 4705 leniter
485 4657 563 4706 est
614 4653 845 4710 locutus.
906 4655 988 4710 Ne
1052 4655 1259 4726 inquit,
1318 4656 1522 4712 fucatae
1570 4664 1624 4712 et
1672 4658 1948 4727 pestiferae

253 4739 408 4794 illius
451 4741 859 4796 mediocritatis
906 4743 1137 4798 nomine
1188 4744 1304 4800 alta
1356 4745 1566 4801 divinae
1596 4747 1948 4816 speculatio—

251 4828 341 4882 nis
371 4829 651 4898 attingere
699 4830 1033 4898 vereamini,
1072 4832 1212 4901 quia
1243 4833 1299 4887 in
1340 4847 1427 4889 me
1465 4843 1519 4890 et
1549 4849 1669 4901 vos,
1704 4849 1834 4905 quae
1883 4843 1948 4891 ut

249 4917 533 4972 virtutum
581 4919 958 4974 constantiam
1005 4919 1279 4986 habeatis,
1326 4935 1360 4976 a
1409 4937 1498 4978 me
1528 4923 1842 4992 accepistis,
1891 4931 1947 4980 et

249 5004 481 5060 inﬁrma
523 5020 770 5076 quaeque
809 5007 867 5061 in
927 5008 1089 5063 vobis
1137 5024 1268 5078 quae
1317 5009 1458 5066 lacte
1500 5011 1943 5078 primordiorum

249 5093 505 5164 indigent
561 5096 815 5152 alemini.
892 5097 1232 5154 Consolatur
1282 5107 1337 5155 et
1406 5100 1602 5154 blande
1660 5101 1940 5170 loquitur,

247 5196 380 5236 cum
426 5197 525 5251 per
553 5185 844 5253 sapientiae
873 5186 1146 5242 salutaris
1196 5188 1486 5257 illapsum,
1521 5189 1807 5260 quidquid
1848 5205 1940 5245 ar-

247 5270 432 5326 duum
479 5279 534 5326 et
583 5273 1156 5342 incomprehensibile
1224 5276 1550 5346 videbatur,
1602 5277 1836 5348 levigat,
1887 5285 1942 5334 et

247 5366 584 5415 nectareum
610 5361 729 5431 jam
761 5363 1100 5420 mstimatur.

323 5447 486 5504 Vens.
550 5451 638 5502 22.
691 5480 757 5492 -
814 5455 882 5505 Et
941 5453 1212 5506 habitavit
1240 5455 1297 5506 in
1327 5455 1562 5523 Egypto
1618 5469 1738 5508 cum
1795 5457 1941 5508 omni

247 5536 402 5590 domo
455 5540 636 5604 patris
683 5543 804 5604 sui;
857 5542 1102 5609 vixitque
1143 5548 1348 5595 centum
1396 5542 1571 5596 decem
1617 5558 1806 5598 annos.
1863 5544 1938 5598 Et

2078 502 2204 554 Filii
2234 517 2443 571 quoque
2481 501 2712 560 Machir,
2753 502 2860 570 ﬁlii
2903 503 3154 555 Manasse
3199 504 3322 554 nati
3363 507 3488 555 sunt
3519 503 3578 555 in
3623 503 3769 569 geni-

2074 590 2170 644 bus
2195 592 2409 658 Joseph.
2457 589 2524 643 In
2552 593 2786 658 £gypto
2836 591 3074 658 habitat,
3117 590 3163 645 si
3195 591 3458 660 quandiu
3491 591 3548 644 in
3587 603 3768 645 mun-

2073 679 2144 734 do
2189 678 2350 746 vivit,
2407 679 2465 733 in
2512 693 2773 745 maerore,
2821 679 3212 745 tribulatione,
3267 686 3444 749 atque
3494 677 3767 749 angustia

2074 767 2319 836 positum
2368 781 2426 822 se
2479 767 2800 837 intelligens
2873 767 3120 837 quisque
3173 767 3377 822 doleat.
3435 768 3565 822 Cum
3615 768 3765 819 omni

2073 864 2264 910 autem
2291 857 2473 925 patris
2516 856 2669 910 domo
2715 856 2790 911 ibi
2841 856 3078 921 habitat,
3135 870 3265 910 cum
3307 856 3462 910 omni
3512 854 3763 909 rationa-

2072 943 2214 999 lium
2279 953 2534 1000 statuum
2592 944 2938 1015 frequentia,
3008 943 3295 1013 quidquid
3353 943 3410 997 in
3465 943 3572 997 hac
3613 942 3765 997 valle

2073 1031 2458 1101 lacrymarum
2497 1033 2840 1088 illecebrosae
2907 1030 3314 1087 consolationis
3381 1038 3483 1098 est,
3527 1030 3760 1100 refugit,

2070 1121 2609 1191 exsecrandumque
2637 1121 2894 1190 deputat.
2941 1120 3226 1190 Egyptus
3262 1120 3414 1174 enim
3456 1127 3512 1174 et
3560 1134 3764 1174 moero-

2071 1225 2201 1276 rem,
2262 1217 2316 1264 et
2397 1211 2800 1264 tribulationem
2863 1212 3306 1276 coangustantem
3387 1215 3441 1262 et
3515 1209 3764 1260 tenebras

2070 1305 2253 1352 sonat.
2286 1297 2352 1351 In
2397 1297 2486 1352 his
2525 1311 2660 1368 ergo
2701 1297 2912 1366 degens
2959 1310 3184 1351 necesse
3225 1304 3309 1350 est
3355 1295 3506 1351 dicat
3539 1311 3550 1350 :
3603 1297 3764 1349 Diem

2071 1386 2306 1439 hominis
2353 1401 2457 1439 non
2498 1388 2780 1454 concupiui
2824 1383 2922 1457 [al.
2958 1385 3311 1454 desideravi],
3363 1394 3422 1438 tu
3468 1388 3573 1439 scis
3626 1386 3760 1452 (Jer.

2070 1489 2206 1542 xvu,
2245 1477 2354 1543 16).
2408 1475 2690 1530 Denarius
2736 1473 3152 1544 multiplicatus
3198 1473 3594 1528 centenarium
3637 1471 3764 1528 efﬁ-

2070 1564 2161 1618 cit.
2198 1564 2303 1618 Per
2351 1564 2651 1638 denarium
2703 1577 2957 1633 namque
3007 1563 3216 1617 divinae
3263 1561 3422 1633 legis,
3467 1576 3598 1617 cum
3629 1576 3763 1616 cen-

2071 1653 2358 1708 tenarium
2407 1653 2665 1722 perfectae
2711 1651 3127 1708 observationis
3172 1651 3442 1722 attigerit,
3490 1650 3764 1719 sapientis

2075 1743 2268 1797 anima
2298 1741 2458 1807 vivit,
2492 1749 2545 1796 et
2589 1742 2644 1796 in
2676 1755 2740 1796 eo
2774 1742 2892 1796 dies
2936 1741 3235 1795 luminosae
3281 1739 3522 1794 actionis
3569 1740 3625 1793 in
3651 1752 3764 1792 an-

2073 1845 2178 1886 nos
2225 1830 2619 1900 integritatem
2667 1844 2734 1884 ac
2783 1829 3132 1884 soliditatem
3173 1827 3452 1897 provehit.
3487 1827 3762 1896 Ephraim

2073 1918 2286 1974 dicitur
2312 1921 2668 1987 fructiﬁcans.

2145 2007 2391 2062 Fructus
2441 2015 2632 2062 autem
2686 2006 2760 2076 pii
2827 2005 3005 2060 nostri
3057 2003 3317 2060 exercitii
3376 2004 3521 2058 ﬁlios
3568 2003 3760 2069 habet,

2073 2096 2211 2165 quia
2241 2097 2358 2166 spei
2404 2111 2522 2150 suae
2570 2094 2821 2165 praemiis
2859 2109 2973 2149 non
3037 2101 3209 2148 caret.
3267 2095 3392 2161 Ipsa
3443 2093 3594 2147 enim
3640 2106 3766 2161 spes

2074 2184 2226 2239 ﬁlius
2301 2192 2403 2240 est.
2477 2183 2636 2239 Unde
2686 2183 2933 2238 dicitur:
3013 2182 3212 2236 Videas
3266 2183 3502 2249 ﬁliorum
3549 2187 3764 2234 tuorum

2074 2274 2250 2344 (Psal.
2295 2287 2500 2336 cxxvu,
2553 2273 2625 2341 6),
2676 2271 2729 2326 id
2769 2279 2852 2326 est
2901 2271 3138 2340 prmmia
3185 2284 3445 2339 operum,
3502 2269 3590 2324 vel
3627 2269 3762 2324 eﬁ‘e-

2069 2371 2196 2416 ctus
2222 2361 2735 2430 exspectationum.
2766 2359 2955 2414 Prima
2997 2361 3189 2428 itaque
3219 2359 3510 2429 generatio
3542 2359 3760 2413 bonum

2070 2465 2216 2519 opus
2274 2459 2394 2518 est;
2455 2450 2729 2516 secunda,
2797 2449 2912 2518 spei
2983 2448 3194 2503 ﬁducia
3242 2461 3313 2503 ex
3360 2448 3558 2502 eodem
3612 2447 3760 2502 bono

2070 2553 2237 2607 opere
2263 2547 2378 2607 est;
2428 2537 2612 2604 tertia,
2656 2537 2950 2607 perventio
3005 2536 3124 2606 spei
3172 2536 3350 2605 ipsius
3389 2535 3460 2590 ad
3503 2549 3620 2590 rem
3655 2543 3758 2590 est.

2071 2627 2256 2682 Potest
2284 2635 2338 2682 et
2369 2627 2522 2682 trina
2561 2627 2682 2682 haec
2725 2626 3016 2696 generatio
3063 2625 3262 2693 accipi,
3306 2625 3479 2693 juxta
3517 2625 3764 2693 Aposto—

2072 2715 2213 2783 lum,
2274 2713 2435 2783 prius
2493 2713 2734 2780 vocatio,
2786 2713 2988 2767 deinde
3041 2713 3393 2783 justiﬁcatio,
3437 2711 3509 2766 ad
3555 2718 3765 2780 postre-

2071 2817 2229 2858 mum
2287 2802 2640 2874 gloriﬁcatio.
2697 2804 2840 2867 Quos
2889 2804 3049 2876 enim,
3110 2802 3206 2868 ait,
3269 2804 3498 2866 vocavit,
3542 2803 3660 2854 illos
3713 2805 3764 2853 et

2062 2891 2408 2961 justiﬁcavit,
2462 2896 2512 2944 et
2577 2904 2708 2958 quos
2757 2892 3105 2958 justiﬁcavit,
3166 2891 3286 2943 illos
3335 2894 3386 2942 et
3432 2889 3764 2956 gloriﬁcavit

1999 2993 2038 3050 ο
2072 2981 2250 3049 (Rom.
2289 2995 2407 3044 vni,
2441 2980 2544 3047 30).
2591 2979 2705 3033 Hos
2755 2992 2892 3048 ergo
2945 2977 3264 3032 intellectus
3313 2976 3458 3031 ﬁlios
3498 2977 3759 3042 attendit,

2069 3069 2222 3123 unde
2277 3075 2332 3123 et
2380 3067 2675 3122 ardentius
2719 3065 3064 3121 fructiﬁcare
3119 3065 3431 3120 contendit.
3503 3063 3661 3130 Quod
3713 3066 3760 3119 si

2070 3157 2345 3226 Ephraim
2379 3157 2525 3211 ﬁlios
2571 3155 2690 3210 sola
2721 3167 2788 3210 ea
2838 3153 3158 3219 commoda,
3210 3167 3342 3223 quae
3379 3167 3450 3207 ex
3489 3153 3761 3222 operibus

2070 3253 2410 3311 nascuntur,
2457 3259 2571 3300 non
2615 3253 2808 3299 autem
2856 3257 3026 3312 opera
3072 3241 3194 3312 ipsa
3244 3241 3637 3312 intelligimus,
3667 3241 3760 3295 di-

2068 3349 2192 3390 cere
2246 3347 2551 3403 possumus
2599 3332 2819 3388 fructus
2866 3345 3122 3400 operum,
3170 3344 3297 3400 spes
3350 3330 3757 3400 praemiorum;

2067 3423 2184 3492 spei
2245 3423 2487 3487 fructus,
2558 3419 2941 3476 beatitudines
3008 3421 3356 3485 animarum,
3417 3418 3619 3475 deinde
3676 3432 3762 3474 re-

2067 3505 2448 3568 surrectiones
2477 3524 2804 3580 corporum.
2835 3509 2995 3565 Unde
3040 3509 3315 3577 psalmus.
3359 3510 3500 3573 Dies,
3545 3507 3756 3577 inquit,

2065 3617 2227 3670 super
2269 3601 2385 3654 dies
2422 3603 2565 3667 regis
2612 3597 2862 3668 adjicies,
2919 3612 3088 3651 annos
3137 3599 3256 3666 ejus
3300 3611 3468 3665 usque
3509 3599 3567 3649 in
3615 3596 3761 3649 diem

2065 3691 2450 3756 generationis,
2527 3686 2740 3742 scilicet
2816 3686 3147 3755 spirituum,
3233 3690 3282 3737 et
3373 3686 3756 3750 generationis,

2065 3776 2323 3831 videlicet
2355 3789 2661 3845 corporum
2699 3775 2866 3844 (Psal.
2901 3788 2990 3838 1.x,
3039 3773 3116 3842 7).
3167 3773 3314 3827 Hinc
3341 3779 3396 3826 et
3439 3785 3473 3826 a
3516 3771 3759 3826 Domino

2063 3863 2277 3920 dicitur
2324 3863 2698 3936 regeneratio,
2726 3865 2798 3916 In
2828 3865 3245 3930 regeneratione.
3299 3876 3416 3915 cum
3463 3860 3563 3926 ait,
3599 3858 3759 3913 sede-

2061 3956 2138 4006 rit
2164 3953 2317 4018 ﬁlius
2349 3954 2575 4005 hominis
2617 3952 2831 4020 (Matth.
2856 3965 2974 4016 x1x,
3006 3949 3119 4018 28),
3151 3957 3255 4004 etc.

2136 4041 2313 4096 Filius
2351 4041 2629 4107 Manasse,
2666 4039 2766 4110 qui
2797 4039 3008 4094 dicitur
3039 4039 3377 4106 obliviscens,
3407 4044 3492 4092 est
3513 4035 3751 4101 Machir,

2061 4131 2163 4200 qui
2186 4130 2592 4198 interpretatur
2627 4128 2834 4182 videns.
2885 4126 3108 4193 Quanto
3143 4127 3296 4180 enim
3336 4125 3520 4195 magis
3552 4123 3751 4179 visibi-

2060 4218 2198 4273 lium
2230 4217 2644 4282 obliviscimur,
2696 4223 2854 4272 tanto
2884 4215 3066 4285 magis
3109 4214 3180 4269 ad
3224 4212 3473 4269 videnda
3502 4212 3752 4268 coelestia

1990 4292 2032 4345 Ι)
2059 4305 2519 4361 intellectualiter
2565 4304 2878 4374 aperimur.
2928 4303 3178 4358 Genibus
3224 4316 3361 4356 vero
3404 4315 3522 4356 sese
3561 4300 3754 4355 foven-

2059 4396 2204 4451 tium
2236 4395 2417 4451 solent
2447 4394 2717 4450 infautuli
2762 4393 3027 4448 insidere.
3073 4399 3128 4447 et
3173 4404 3373 4446 eorum
3429 4390 3630 4459 utique
3659 4403 3749 4444 se-

2058 4483 2335 4540 dentium.
2371 4485 2502 4538 Filii
2520 4497 2656 4553 ergo
2680 4484 2890 4536 Machir
2919 4483 2977 4534 in
3002 4480 3248 4550 gentibus
3270 4478 3464 4548 Joseph
3492 4492 3751 4533 nascun-

2059 4581 2173 4639 tur,
2229 4573 2369 4641 quia
2417 4571 2642 4627 tructus
2701 4569 3066 4639 speculativae
3127 4567 3386 4634 visionis,
3456 4565 3612 4635 quod
3664 4573 3751 4622 est

2057 4662 2283 4716 interna
2311 4659 2526 4726 laetitia,
2568 4665 2623 4714 et
2655 4657 2857 4714 salutis
2885 4666 3112 4712 aeternae
3153 4655 3416 4726 quaedam
3448 4654 3749 4720 securitas,

2057 4750 2112 4804 in
2145 4764 2360 4817 amore,
2420 4756 2474 4804 et
2521 4763 2592 4804 ex
2649 4761 2843 4803 amore
2891 4746 3172 4816 prodeunt
3221 4741 3746 4799 intellectualitatis.

2054 4838 2172 4893 Nisi
2232 4837 2384 4893 enim
2457 4835 2723 4892 funditus
2787 4833 3178 4902 intelligentiae
3235 4839 3462 4886 ametur
3505 4829 3749 4899 puritas,

2053 4942 2157 4982 uec
2187 4925 2680 4994 contemplationis
2726 4922 3072 4987 sublimitas,
3115 4935 3218 4975 nec
3267 4920 3562 4975 fructuum
3608 4932 3753 4987 prae-

2052 5015 2334 5071 dictorum
2365 5021 2641 5082 sequetur
2671 5012 2909 5067 utilitas.
2953 5010 3133 5065 Sessio
3165 5022 3301 5063 sane
3343 5006 3747 5074 humilitatem,

2053 5118 2310 5174 genuum
2352 5102 2606 5165 inﬂexio,
2639 5101 2739 5156 ubi
2767 5100 2836 5155 ad
2872 5097 3240 5168 excipiendos
3271 5096 3416 5150 ﬁlios
3461 5095 3748 5165 gremium

2051 5192 2344 5259 dilatatur,
2395 5189 2692 5246 charitatis
2760 5187 3049 5258 signiﬁcat
3114 5183 3571 5248 visceralitatem,
3622 5183 3748 5238 sine

2050 5279 2268 5348 quibus
2315 5279 2508 5334 valere
2552 5293 2666 5334 non
2716 5278 3020 5340 credimus,
3065 5287 3169 5330 nec
3219 5281 3481 5328 constare
3519 5270 3592 5326 ad
3637 5270 3746 5326 ista

2049 5367 2442 5423 contrahenda
2493 5364 3077 5429 intellectualitatem;
3129 5361 3362 5417 scientia
3404 5372 3608 5429 nempe
3647 5359 3744 5414 in-

2047 5455 2167 5523 ﬂat,
2201 5455 2452 5510 charitas
2479 5455 2722 5510 aediﬁcat
2753 5455 2802 5522 (Ι
2833 5455 2962 5506 Cor.
2996 5466 3113 5517 vin,
3153 5452 3229 5521 1).

2116 5544 2287 5600 Vens.
2330 5546 2416 5598 23.
2452 5574 2516 5580 -
2567 5544 2768 5608 Quibus
2809 5542 3121 5603 transactis,
3164 5541 3369 5593 locutus
3419 5540 3498 5590 est
3541 5539 3740 5603 fratri-
