3924 6088
173 245 279 298 337

1141 246 1232 299 AD
1271 243 1751 302 TROPOLOGIAS
1788 245 1863 302 IN
1901 247 2103 310 OSEE,
2145 246 2292 301 ETC.
2338 245 2751 302 PROCEMIUM.

3577 249 3678 302 338

173 374 275 428 bus
324 377 440 430 suis
477 389 490 428 :
527 376 654 430 Post
703 380 926 429 mortem
971 390 1144 429 meam
1190 377 1327 429 Deus
1371 375 1621 430 visitabit
1661 391 1775 445 vos,
1826 381 1878 430 et
1913 380 1956 433 Α
1987 377 2034 447 (Ι
2063 378 2182 433 Cor.
2232 391 2292 443 Χ,
2334 375 2439 446 l3).
2481 377 2558 429 De
2587 377 2696 430 toco
2743 377 2846 430 isto
2875 390 2998 429 ossa
3026 390 3143 429 mea
3185 381 3478 446 asportata,
3513 375 3568 431 id
3596 383 3681 432 est

171 463 465 517 ascendere
508 479 601 518 vos
655 463 824 530 faciet
873 463 939 517 de
989 469 1135 518 terra
1183 466 1294 518 ista
1335 464 1410 517 ad
1458 469 1657 518 terram
1713 481 1876 533 quam

166 553 390 620 juravit
428 552 736 616 Abraham,
785 553 938 606 Isaac
967 556 1017 606 et
1061 552 1244 606 Jacob.
1296 553 1439 608 Dum
1474 559 1553 608 tot
1605 553 1872 620 ﬁliorum,

173 637 229 693 id
269 645 358 694 est
407 639 893 694 incrementorum
946 639 1355 695 numerositate
1405 640 1676 706 tenditur,
1729 640 1877 696 inter

174 726 570 792 miseriarum,
615 727 771 797 quod
813 734 897 783 est
943 728 1245 798 2Egyptus,
1283 728 1744 784 circumstantias
1773 744 1872 798 po-

173 815 302 870 sitis
351 815 664 871 virtutibus
719 821 854 870 ISI
912 817 1161 886 propriis
1202 817 1504 873 discretive
1558 817 1869 886 eloquitur.

171 906 301 958 Post
348 910 591 971 mortem,
626 905 835 974 inquit,
881 920 1072 970 meam,
1121 919 1253 960 cum
1300 905 1513 962 scilicet
1562 907 1874 962 carnalita-

171 1001 300 1048 tum
349 992 1124 1063 surculosintelligibilitatis
1172 1008 1310 1049 mea:
1355 994 1659 1050 vivacitate
1696 995 1876 1050 succi-

170 1081 334 1146 dero,
373 1089 494 1136 tum
540 1095 574 1134 a
622 1081 735 1136 Deo
790 1081 1167 1136 visitabimini
1216 1082 1452 1152 superni
1492 1084 1704 1138 amoris
1732 1099 1873 1139 con-

171 1177 342 1238 ceptu
379 1169 657 1238 plenario,
690 1174 745 1224 et
790 1169 859 1223 de
893 1169 1133 1225 terrenis
1179 1170 1268 1226 his
1311 1170 1526 1240 quibus
1570 1171 1872 1226 irretimini

173 1256 530 1327 imaginibus
559 1271 656 1327 per
700 1257 1020 1326 Abraham,
1053 1258 1208 1327 quod
1235 1266 1320 1314 est
1352 1259 1669 1328 paternitas
1697 1258 1872 1329 spiri-

174 1353 286 1412 tus,
339 1354 394 1401 et
443 1348 620 1412 Isaac,
679 1346 834 1416 quod
886 1354 970 1402 est
1025 1347 1140 1416 spei
1201 1347 1394 1418 gloria:
1448 1347 1618 1414 risus,
1673 1349 1769 1403 sed
1818 1355 1872 1403 et

171 1434 366 1502 Jacob,
417 1435 940 1504 supplantationem
981 1436 1245 1492 videlicet
1293 1437 1464 1492 totius
1497 1437 1651 1492 noxii
1686 1445 1870 1504 actus,

172 1522 623 1578 sublevabimini
672 1523 743 1578 ad
801 1525 958 1580 illam
1006 1539 1136 1595 quae
1191 1540 1306 1581 non
1355 1525 1725 1596 dejectionem
1775 1526 1870 1580 sed

170 1611 516 1667 soliditatem
556 1612 843 1683 signiﬁcat
891 1621 1123 1682 terram,
1177 1628 1354 1684 quam
1404 1616 1680 1684 promittit
1723 1616 1873 1670 Deus

169 1715 203 1756 a
252 1700 491 1756 mitibus
555 1701 955 1770 possidendam
1020 1703 1235 1772 (Matth.
1292 1719 1345 1769 v,
1410 1704 1508 1771 4),
1559 1705 1869 1773 puritatem

168 1786 382 1842 scilicet
412 1788 484 1842 ad
533 1789 710 1844 Deum
742 1791 1132 1846 contuendum
1160 1790 1418 1846 stabilem
1462 1797 1517 1847 et
1565 1792 1870 1847 inconvul-

167 1890 312 1930 sam.
367 1876 641 1946 Superbis
690 1878 859 1948 plane
904 1880 1052 1935 Deus
1099 1880 1327 1944 resistit,
1382 1879 1618 1936 mitibus
1674 1889 1867 1936 autem

167 1964 266 2019 dat
320 1966 566 2034 gratiam
631 1967 767 2035 (Jac.
821 1983 897 2033 ιν,
967 1969 1042 2037 6).
1093 1971 1239 2025 Cum
1302 1982 1557 2038 namque
1615 1968 1868 2026 vivimus

169 2053 398 2122 spiritu,
445 2062 499 2110 et
552 2069 653 2124 per
701 2055 968 2125 spiritum
1014 2055 1205 2126 ipsum
1254 2057 1326 2112 ad
1355 2071 1605 2126 superna
1653 2058 1868 2128 gaudia

168 2139 289 2209 spei
345 2140 525 2196 beatae
576 2141 948 2198 ambulamus
1004 2143 1232 2198 incessu
1289 2143 1432 2213 (Gal.
1483 2159 1538 2210 v,
1587 2145 1698 2211 25),
1745 2143 1867 2199 sine

169 2227 347 2283 dubio
430 2227 871 2298 supplantandae
935 2230 1206 2300 nequitiae
1278 2244 1549 2300 prospero
1614 2232 1869 2299 potimur

168 2315 400 2385 effectu,
429 2331 465 2371 a
497 2319 712 2388 quibus
740 2319 926 2375 tribus
957 2333 1024 2374 ac
1065 2319 1112 2373 si
1145 2320 1400 2388 patronis
1431 2319 1863 2388 principalibus,

169 2405 375 2461 merito
413 2407 670 2479 exigitur
719 2408 1040 2463 sanctitatis
1084 2409 1272 2479 gratia
1299 2421 1333 2463 a
1381 2409 1516 2475 Deo,
1572 2409 1865 2478 quondam

169 2494 355 2550 divini
382 2496 529 2566 juris
575 2495 822 2565 objectu.
855 2495 961 2563 Qui
1008 2497 1160 2552 enim
1191 2496 1249 2551 in
1287 2511 1346 2552 se
1378 2497 1486 2564 piis
1515 2497 1739 2552 actibus
1779 2498 1864 2552 di-

170 2583 370 2639 vinam
421 2585 693 2654 resculpit
742 2586 1086 2656 imaginem,
1121 2587 1289 2655 .justa
1335 2593 1390 2641 et
1436 2600 1671 2656 prorsus
1720 2585 1864 2642 felici

170 2671 443 2727 violentia
487 2673 586 2728 Dei
635 2674 1058 2743 quodammodo
1106 2674 1214 2729 sibi
1247 2675 1604 2744 promissam,
1655 2681 1708 2730 et
1731 2675 1865 2745 jure

169 2759 420 2815 debitam
507 2762 762 2817 vindicat
821 2763 1286 2818 sanctitudinem.
1352 2762 1576 2828 Sancti,
1636 2762 1859 2832 inquit,

166 2856 365 2915 estote,
399 2849 673 2918 quoniam
704 2859 938 2906 sanctus
968 2866 1095 2906 sum
1132 2850 1281 2922 (Leu.
1311 2867 1369 2918 ιι,
1401 2852 1489 2917 44,
1519 2866 1631 2918 x1x,
1660 2851 1732 2919 2).

239 2937 412 2991 νεεδ.
462 2938 549 3001 24,
600 2939 684 2991 25.
735 2967 808 2980 —
873 2940 1109 3008 Cumque
1165 2941 1479 3007 adjurasset
1537 2955 1640 3004 eos,
1701 2944 1863 3008 atque
1901 2972 1941 3026 ϐ

164 3026 398 3078 dixisset
432 3041 444 3078 :
487 3031 622 3081 Deus
668 3029 916 3082 visitabit
957 3045 1070 3088 vos.
1121 3035 1398 3098 asportate
1440 3044 1562 3082 ossa
1603 3044 1720 3081 mea
1767 3045 1858 3082 vo-

165 3113 370 3166 biscum
399 3114 466 3167 de
495 3116 620 3171 .toco
665 3119 788 3183 isto,
825 3122 1066 3170 mortuus
1113 3123 1209 3182 est,
1242 3119 1470 3186 expletis
1519 3122 1728 3171 centum
1766 3117 1858 3170 de-

163 3218 276 3256 cem
305 3206 433 3256 vita:
462 3219 570 3258 sua:
601 3207 777 3258 annis.
823 3207 901 3259 Et
930 3206 1174 3260 conditus
1207 3206 1559 3272 aromatibus,
1594 3208 1862 3273 repositus

164 3297 242 3344 est
273 3295 332 3344 in
363 3293 473 3345 loco
503 3295 561 3346 in
603 3295 854 3360 Egypto.
909 3294 1175 3364 Adjurat,
1217 3309 1349 3350 cum
1382 3295 1454 3350 ad
1503 3293 1864 3350 rectitudinis

159 3379 298 3450 jura
347 3381 644 3437 interiores
697 3387 879 3438 status
924 3383 1168 3439 instituit
1213 3391 1268 3439 et
1311 3384 1569 3450 advocat,
1618 3391 1682 3439 ut
1729 3398 1863 3438 cum

165 3469 548 3524 tentationum
625 3470 956 3526 inﬁrmitate
1003 3479 1367 3540 torquentur,
1410 3473 1580 3540 Deus,
1649 3471 1859 3540 inquit,

164 3571 268 3612 vos
333 3557 546 3626 visitat,
601 3566 665 3614 ut
726 3573 862 3615 cum
930 3561 1238 3616 tentatione
1288 3567 1632 3631 proventum
1693 3560 1864 3615 faciat

1985 465 2053 521 de
2103 464 2363 534 praesenti
2414 464 2624 520 saeculo
2657 478 2934 534 nequam,
2982 465 3138 534 quod
3190 464 3565 534 spiritualiter
3599 472 3682 521 est

1985 551 2226 608 Sodoma
2269 556 2326 608 et
2351 554 2656 624 JEgyptus,
2706 553 2992 623 quidquid
3027 552 3424 609 intellectualis
3452 553 3680 610 virtutis

1985 639 2205 695 habetis
2234 641 2304 695 ad
2339 641 2708 696 intentionem
2740 655 3007 710 superna:
3040 641 3375 696 mternitatis
3407 642 3676 711 attollite;

1983 742 2087 782 nec
2126 728 2384 783 habeatis
2429 728 2526 783 hic
2553 734 2880 782 manentem
2922 726 3232 794 civitatem,
3268 728 3365 782 sed
3399 728 3675 795 futuram,

1983 815 2153 885 cujus
2208 817 2355 872 Deus
2383 825 2467 872 est
2499 816 2826 882 fabricator,
2879 816 3153 885 inquirite
3189 817 3373 886 (Hebr.
3407 831 3527 882 xm,
3565 819 3674 883 14).

1982 904 2122 961 Ossa
2152 905 2398 974 profecto
2444 905 2615 960 habet
2644 907 2700 958 in
2735 905 2985 972 Egypto
3034 905 3302 974 quisquis
3351 904 3516 959 fortia
3545 919 3676 974 quae

1981 996 2100 1065 agit
2129 1010 2243 1050 non
2279 1010 2379 1065 pro
2413 997 2522 1050 Deo
2552 1002 2842 1064 operatur,
2877 994 2973 1050 sed
3007 1008 3107 1064 pro
3137 994 3360 1049 saeculo.
3399 996 3477 1050 De
3501 995 3592 1051 his
3619 996 3676 1050 in

1981 1083 2202 1153 psalmo
2254 1099 2266 1138 :
2328 1087 2484 1151 Deus,
2545 1083 2756 1153 inquit,
2827 1084 3123 1151 dissipabit
3166 1098 3286 1136 ossa
3339 1099 3520 1137 eorum
3581 1087 3678 1152 qui

1983 1172 2285 1226 hominibus
2323 1174 2542 1242 placent
2569 1172 2737 1241 (Psal.
2773 1187 2900 1237 exc,
2933 1171 3006 1241 7).
3042 1170 3183 1226 Ossa
3211 1185 3466 1240 namque
3499 1172 3677 1227 robur

1982 1259 2233 1328 virtutis,
2265 1268 2320 1316 et
2349 1274 2550 1316 carnes
2577 1260 2907 1330 signiﬁcant
2936 1259 3158 1328 pondus
3187 1259 3531 1329 fragilitatis.

2053 1347 2418 1403 Postmodum
2449 1362 2588 1418 ergo
2629 1348 2751 1416 jam
2782 1360 2884 1416 per
2928 1345 3353 1401 observantiam
3389 1345 3672 1416 Decalogi,

1982 1443 2046 1492 ut
2071 1436 2429 1505 praemissum
2463 1444 2567 1501 est,
2600 1436 2671 1490 ad
2694 1435 3093 1490 certitudinem
3125 1441 3352 1490 aeterna:
3383 1434 3675 1503 perfectio-

1982 1525 2070 1580 nis
2103 1525 2410 1595 attingens,
2447 1524 2623 1580 totius
2646 1523 2989 1579 terrenitatis
3014 1523 3488 1593 concupiscentiae
3510 1523 3678 1579 mori-

1981 1619 2095 1669 tur.
2131 1613 2508 1669 Centenarius
2537 1613 2706 1683 plane
2735 1627 2767 1667 a
2788 1611 3021 1668 sinistra
3045 1613 3249 1667 transit
3277 1611 3333 1666 in
3355 1614 3672 1677 dexteram,

1977 1702 2116 1772 quia
2150 1702 2444 1772 plenitudo
2479 1701 2713 1757 interior
2744 1701 2954 1756 divinae
2976 1701 3353 1770 multiplicata
3382 1700 3522 1771 legis
3541 1699 3674 1755 effe-

1977 1792 2182 1859 ctibus,
2215 1805 2248 1846 a
2280 1791 2546 1861 praesenti
2588 1790 2795 1846 szeculo
2826 1790 2900 1844 ad
2945 1789 3228 1856 futurum,
3258 1789 3388 1844 totis
3415 1795 3674 1843 contem-

1977 1879 2190 1951 plando
2214 1880 2492 1936 altissima
2515 1880 2718 1936 transit
2746 1878 3064 1934 affectibus.
3089 1878 3407 1948 Reponitur
3427 1877 3674 1931 conditus

1976 1969 2312 2024 aromatibus
2332 1972 2388 2022 in
2407 1971 2515 2023 loco
2537 1971 2592 2022 in
2617 1971 2872 2039 Egypto,
2895 1969 3035 2037 quia
3057 1974 3256 2022 contra
3271 1966 3460 2022 carnis
3480 1980 3674 2022 corru-

1974 2058 2212 2127 ptiones,
2261 2060 2542 2113 virtutum
2571 2056 2827 2112 custodia
2875 2056 3154 2122 munitus,
3198 2055 3349 2110 inter
3378 2054 3674 2125 praesentis

1975 2145 2172 2202 saeculi
2204 2146 2480 2215 procellas
2509 2147 2618 2201 sub
2647 2145 2988 2201 humilitatis
3011 2144 3320 2200 stabilitate
3343 2143 3669 2214 deponitur.

1974 2237 2272 2303 Reponitur
2313 2234 2482 2289 etiam
2514 2233 2654 2289 solet
2696 2233 2804 2287 dici
2851 2246 2954 2302 pro
2982 2247 3046 2287 eo
3085 2232 3239 2302 quod
3287 2239 3388 2297 est,
3440 2232 3669 2285 abscon-

1975 2323 2147 2378 ditur.
2187 2324 2259 2379 Et
2301 2322 2567 2392 quisquis
2609 2319 2844 2377 humilis
2871 2335 2991 2377 esse
3029 2320 3205 2390 cupit,
3247 2319 3318 2375 ab
3343 2321 3498 2374 omni
3533 2332 3670 2388 pro-

1974 2411 2118 2468 fecto
2165 2411 2578 2481 spectabilitate
2623 2425 2681 2465 se
2721 2409 2948 2465 occulit.
3001 2409 3194 2477 Ipsum
3249 2421 3484 2477 quoque
3514 2406 3670 2476 posi-

1973 2501 2145 2556 tionis
2174 2515 2380 2555 nomen
2417 2490 2536 2554 hoc
2567 2498 2774 2553 innuit.
2810 2497 2970 2555 Unde
3001 2497 3254 2566 psalmus
3285 2511 3298 2550 ε
3334 2498 3439 2563 Qui
3460 2498 3666 2565 posuit,

1976 2589 2182 2658 inquit,
2240 2588 2295 2643 id
2345 2595 2430 2643 est
2486 2586 2770 2656 deposuit,
2835 2588 3076 2638 animam
3131 2600 3302 2637 meam
3363 2583 3436 2636 ad
3498 2586 3668 2637 vitam

1973 2679 2140 2748 (Psat.
2164 2692 2292 2743 va,
2322 2678 2403 2745 9);
2433 2676 2596 2731 multi
2618 2675 2772 2730 enim
2793 2673 3092 2729 elevantur
3113 2673 3182 2728 ad
3203 2680 3460 2728 mortem.
3487 2671 3667 2727 Locus

1973 2780 2174 2834 nempe
2215 2766 2525 2820 electorum
2577 2763 2634 2818 in
2680 2761 2943 2832 praesenti
2992 2761 3302 2816 humilitas.
3357 2761 3516 2817 Unde
3562 2767 3662 2815 est.

1971 2856 2123 2909 Auro
2173 2856 2315 2908 locus
2368 2859 2465 2918 est,
2523 2855 2583 2906 in
2628 2867 2732 2921 quo
2786 2854 3042 2919 conﬂatur
3101 2850 3237 2920 (Job.
3286 2849 3504 2918 xxvut).
3550 2849 3661 2902 Et:

1973 2945 2036 2997 In
2089 2945 2230 2997 valle
2294 2943 2662 3012 lacrgmarum
2723 2943 2782 2994 in
2858 2942 2968 2996 loco
3033 2955 3190 3006 quem
3239 2940 3423 3007 posuit
3491 2938 3661 3007 (Psat.

1968 3047 2200 3094 Lxxxm,
2266 3034 2341 3098 7).
2383 3030 2528 3085 Licet
2574 3044 2711 3101 ergo
2747 3029 2918 3084 totius
2980 3028 3302 3096 fragremus
3347 3025 3666 3080 sanctitatis

1967 3120 2341 3186 aromatibus,
2373 3135 2445 3174 ne
2492 3117 2757 3174 favorum
2790 3117 3125 3187 vulgarium
3170 3128 3315 3170 aura
3355 3115 3659 3184 jactemur,

1967 3208 2072 3264 loci
2107 3208 2284 3278 hujus
2316 3207 2637 3262 modicitate
2689 3207 3067 3276 stringamur,
3115 3203 3255 3274 quia
3301 3202 3401 3257 etsi
3432 3201 3659 3270 Joseph,

1969 3295 2022 3350 id
2059 3303 2142 3352 est
2207 3295 2712 3350 intellectualitatis
2773 3293 3084 3349 auctoritas
3131 3292 3202 3346 ad
3269 3292 3382 3346 alta
3422 3290 3659 3355 feratur,

1968 3398 2131 3440 nosse
2160 3391 2350 3438 tamen
2395 3383 2739 3438 omnimodis
2774 3382 2957 3448 debet,
2992 3382 3130 3451 quia
3163 3381 3352 3435 adhuc
3381 3379 3437 3434 in
3470 3378 3661 3435 saeculi

1968 3473 2147 3543 hujus
2183 3473 2429 3542 JEgypto
2487 3478 2764 3538 moratur,
2815 3470 2915 3526 ubi
2964 3469 3146 3538 facile,
3203 3468 3312 3524 nisi
3361 3468 3471 3523 sibi
3515 3469 3664 3522 Deus

1966 3559 2284 3630 provideat,
2319 3559 2378 3614 in
2413 3559 2692 3615 deteriora
2727 3558 3008 3614 ﬂectatur.

1819 3729 2010 3773 FINIS.

156 3906 3652 3936 ψ

1304 4065 1650 4167 VEN.
1749 4062 2521 4168 GUIBERTI

1701 4267 2106 4339 ABBATIS

416 4459 574 4594 AD
663 4460 1442 4597 TROPOLOGIAS
1515 4461 1633 4596 IN
1718 4459 2400 4596 PROPHETAS
2485 4459 2772 4594 OSEE
2866 4459 3008 4594 ET
3091 4460 3398 4595 AMOS

1057 4707 1194 4791 AC
1277 4707 1639 4791 LAMEN
1657 4705 2061 4790 TATION
2078 4707 2202 4789 ES
2267 4703 2762 4789 JEREMI/E

1529 4903 2280 4994 PROCEMIUM.

235 5232 382 5284 εει
412 5226 824 5283 Amantissimo
849 5226 1005 5283 Patri
1033 5234 1088 5283 et
1105 5226 1422 5283 venerabili
1449 5226 1700 5294 domino,
1736 5226 1862 5282 uni-
1899 5226 1942 5279 D
1971 5233 2232 5296 peccator
2262 5228 2552 5299 operibus,
2583 5225 2870 5299 prOSperis
2898 5225 2987 5282 sui
3017 5239 3377 5297 suorumque
3409 5227 3661 5298 gaudere

158 5330 330 5373 versa
360 5315 660 5372 cbaritatis
688 5313 985 5372 affectione
1009 5315 1260 5380 colendo,
1287 5316 1463 5372 totius
1490 5323 1701 5371 sanctae
1722 5314 1864 5370 inte-

158 5405 436 5461 rioritatis
465 5417 606 5460 vero
649 5404 854 5460 cultori
892 5418 960 5460 ac
988 5418 1140 5460 verte
1184 5404 1540 5460 discretionis
1587 5403 1862 5474 magistro

159 5494 484 5562 Noneaa'ro,
550 5493 730 5551 frater
801 5493 1114 5550 Gmsnnrus
1137 5533 1152 5559 ,
1209 5493 1528 5549 monachus
1591 5493 1820 5549 nomine
1842 5532 1859 5559 ,

1971 5315 2349 5371 successibus.

2042 5403 2307 5460 Arduum
2331 5405 2504 5461 nimis
2518 5409 2573 5462 et
2592 5404 2880 5477 magistris
2898 5401 3189 5461 veteribus
3210 5403 3555 5462 horrescend
3565 5419 3662 5462 um

1970 5493 2265 5562 praesentis
2312 5494 2626 5565 prophetiae
2665 5494 2904 5566 pelagus
2953 5493 3304 5566 aggressuri,
3360 5494 3432 5550 ad
3483 5501 3556 5564 te,
3589 5494 3662 5551 li-
