3904 6066
231 186 333 237 339

1178 182 1240 233 V.
1283 180 1617 237 GUIBERTI
1654 181 1945 236 ABBATIS
1981 181 2037 236 S.
2081 179 2318 235 MARle
2357 181 2445 236 DE
2485 179 2879 235 NOVIGENTO

3621 180 3725 234 340

229 312 582 370 beralissime
633 310 849 376 doctor,
900 311 1045 367 tanti
1086 325 1266 367 ausus
1309 324 1514 366 causas
1567 318 1677 367 tuze
1707 311 1919 367 conscii
1954 312 1999 367 Α
2029 319 2236 381 praeter
2278 311 2557 368 rationem
2588 317 2691 367 aut
2728 310 2995 381 exempla
3023 309 3456 381 Scripturarum
3488 308 3731 366 investi—

233 401 576 458 humilitatis
604 400 925 456 inferimus.
966 400 1148 470 Cujus
1176 400 1354 455 verba
1391 400 1781 455 excusationis
1813 415 1929 455 non

152 564 153 567 η
233 490 463 561 ambigo
493 490 648 559 quod
681 489 954 545 modestia
986 496 1086 543 tua
1114 503 1182 544 ea
1221 496 1410 544 mente
1440 489 1717 558 suscipiat
1744 503 1862 558 qua
1896 503 1930 543 a

233 593 323 635 me
357 579 666 634 intentione
692 578 846 647 apud
871 586 1000 632 tuas
1025 578 1249 633 sobrias
1281 592 1452 632 aures
1483 578 1664 647 promi
1688 585 1925 633 constat.

308 666 715 722 Difﬁcultatem
749 667 916 735 plane
948 666 1129 736 hujus
1166 666 1479 721 voluminis
1511 666 1711 720 beatus
1743 667 1933 720 Hiero-

232 768 446 824 nymus
491 756 735 819 (Prae/at.
770 756 829 807 in
862 754 1014 821 Osee)
1047 762 1205 809 tanta
1247 755 1649 823 mysteriorum
1691 740 1928 809 nebulo-

232 843 399 897 sitate
458 842 803 910 multiplicat
865 849 929 897 ut
990 842 1314 913 Origenem,
1370 851 1494 911 post
1553 842 1834 910 apostolos
1874 843 1930 897 in

232 930 495 986 doctrina
547 943 908 999 supremum,
970 939 1024 985 et
1079 931 1464 1000 Apollinarem
1525 930 1929 995 Laodicenum,

234 1019 484 1075 Pierium
517 1031 771 1087 quoque,
826 1018 1137 1073 Eusebium
1180 1018 1351 1073 etiam
1398 1018 1823 1085 Caesariensem,
1860 1019 1932 1074 ad

233 1114 560 1163 extremum
609 1106 781 1162 etiam
838 1106 1145 1177 Dydimum
1206 1108 1516 1171 videntem,
1561 1107 1772 1176 quibus
1827 1122 1932 1162 suo

238 1202 490 1265 tempore
521 1194 671 1250 inter
718 1195 944 1250 divinos
986 1202 1240 1250 oratores
1273 1195 1542 1250 famosior
1577 1196 1773 1250 nullus
1804 1195 1930 1262 fuit,

235 1284 345 1340 hoc
376 1284 562 1353 ipsum
610 1284 860 1339 fateatur
890 1297 1193 1353 aggressos
1225 1297 1294 1339 ex
1307 1298 1532 1353 ponere,
1562 1290 1616 1338 et
1646 1283 1932 1339 neminem

235 1372 571 1429 eorumdem
598 1371 847 1427 valuisse
873 1380 1057 1441 empta
1089 1371 1374 1441 perﬁcere.

310 1462 375 1516 In
403 1476 519 1530 quo
542 1461 679 1516 mihi
699 1468 910 1516 conatu
941 1461 1170 1516 videtur
1193 1460 1504 1515 simultatis
1533 1460 1685 1529 apud
1710 1468 1936 1516 exteros

239 1550 536 1621 quidpiam
566 1551 845 1622 generari,
883 1549 985 1618 qui
1011 1550 1179 1619 longe
1211 1551 1323 1605 alia
1345 1564 1520 1620 quam
1554 1558 1714 1605 tanta
1742 1563 1935 1605 sacra—

238 1644 434 1694 menta
491 1640 766 1709 exigunt,
828 1639 949 1694 haec
994 1640 1278 1695 aestimant
1328 1639 1635 1695 intentione
1690 1638 1929 1709 patrari.

243 1726 347 1783 Sed
388 1727 445 1782 hi
479 1727 578 1797 qui
613 1727 749 1782 talia
784 1727 1113 1795 opinantur,
1147 1727 1194 1782 si
1225 1742 1416 1797 aequa,
1450 1728 1603 1796 quod
1640 1727 1717 1782 illi
1753 1727 1937 1782 facere

240 1815 575 1878 voluerunt,
606 1823 659 1870 et
690 1816 844 1885 quod
877 1830 979 1869 nos
1005 1815 1248 1870 subinde
1283 1816 1547 1885 prosequi
1582 1815 1684 1869 nisi
1710 1829 1929 1879 sumus,

240 1902 386 1958 libra
436 1904 872 1973 perpenderent,
923 1904 995 1958 ab
1033 1904 1189 1958 omni
1230 1904 1425 1972 procul
1461 1903 1636 1958 dubio
1670 1903 1937 1959 vecordia

240 1991 419 2061 hujus
473 1991 705 2061 injustze
770 1992 1111 2060 suspicionis
1161 1993 1529 2057 absisterent,
1597 2006 1729 2047 cum
1781 1993 1937 2047 enim

241 2080 443 2150 legunt
470 2080 735 2135 eumdem
783 2080 1011 2135 beatum
1059 2081 1470 2149 Hieronymum
1520 2081 1703 2151 magis
1730 2081 1937 2136 obscu-

243 2169 511 2225 ritatibus
540 2168 804 2223 involuta
853 2169 1031 2238 hujus
1060 2169 1188 2224 libri
1222 2169 1434 2225 dixisse
1476 2171 1793 2239 sequentia.
1840 2170 1941 2223 In-

241 2265 490 2323 tantum,
525 2256 737 2326 inquit,
769 2265 832 2312 ut
861 2265 915 2312 et
946 2272 1048 2312 nos
1078 2257 1180 2327 qui
1211 2258 1526 2327 explanare
1554 2271 1853 2324 conamur,
1886 2265 1942 2313 et

242 2346 498 2415 prudens
526 2345 699 2400 lector
729 2346 899 2400 simul
933 2347 1209 2413 attendat,
1244 2346 1381 2415 quia
1407 2346 1585 2401 sinon
1621 2345 1937 2411 veritatem,

244 2433 395 2505 quod
428 2433 829 2490 difﬁcillimum
869 2442 972 2501 est,
1013 2435 1213 2489 saltem
1242 2434 1620 2503 suspicionem
1654 2433 1943 2489 verisimi-

245 2522 386 2577 lium
420 2523 768 2592 investigare
802 2523 1116 2586 valeamus,
1166 2523 1403 2577 forsitan
1433 2524 1572 2578 mihi
1608 2536 1798 2578 naevos
1827 2538 1942 2578 non

246 2611 499 2666 minimae
532 2611 866 2665 temeritatis
905 2612 1157 2676 inurent,
1190 2611 1289 2680 qui
1325 2611 1593 2666 materias
1620 2610 1760 2665 viris
1790 2613 1943 2666 exti-

246 2698 581 2752 mescendas
613 2697 938 2767 insignibus
966 2697 1167 2752 videar
1200 2698 1354 2754 velut
1386 2699 1747 2767 impudenter
1776 2699 1946 2753 ador-

246 2800 364 2840 sus.
414 2785 518 2840 Sed
565 2786 613 2841 si
674 2793 897 2854 quanta
943 2785 1015 2840 sit
1062 2786 1213 2840 inter
1263 2786 1584 2856 allegorias.
1634 2786 1747 2841 imo
1796 2787 1946 2842 inter

2038 414 2176 470 gare
2205 415 2449 457 coneris.

2108 489 2281 545 Porro
2312 490 2355 545 si
2404 490 2471 545 de
2503 496 2794 544 tantarum
2829 501 3023 543 rerum
3057 486 3502 557 praesumptione
3537 500 3628 542 me
3656 487 3731 542 ab

2038 577 2234 647 aliquo
2282 578 2587 649 dijudicari
2647 578 2964 647 contingat,
3016 577 3247 632 indubie
3295 577 3436 632 sciat
3477 590 3565 631 me
3613 576 3733 633 solo

2037 668 2135 721 Dei
2188 668 2465 723 instinctu
2523 665 2837 722 certissime
2886 665 3006 719 haec
3063 671 3387 733 penetrasse
3435 660 3727 732 mysteria.

2037 757 2108 811 Et
2139 763 2312 810 testor
2341 756 2542 821 Deum,
2577 755 2678 824 qui
2709 754 2966 822 aspirare
2994 767 3110 808 non
3139 752 3383 817 distulit,
3416 751 3577 806 nullo
3607 763 3734 805 meo

2040 844 2392 913 praecedente
2420 843 2711 909 exercitio,
2736 842 2897 897 nulla
2921 840 3297 911 providentia,
3314 839 3419 894 nisi
3443 846 3731 909 quantum

2039 933 2188 989 inter
2217 932 2581 987 scribendum
2606 931 3057 1000 dictandumque
3078 929 3397 999 exceptoris
3420 927 3526 983 mei
3544 927 3736 983 brevis

2039 1022 2349 1076 admodum
2383 1020 2708 1089 patiebatur
2736 1033 2915 1073 mora.
2952 1019 3240 1073 Hactenus
3270 1017 3423 1072 enim
3469 1030 3582 1071 non
3614 1023 3732 1070 tam

2039 1110 2418 1180 perpetuitate
2448 1107 2673 1178 legendi
2715 1121 2891 1177 quam
2922 1107 3101 1162 nimia
3135 1106 3564 1160 continuatione
3595 1104 3734 1158 scri-

2042 1199 2230 1265 bendi,
2265 1205 2457 1266 utpote
2486 1197 2587 1266 qui
2618 1210 2732 1250 non
2772 1196 2955 1250 solum
2987 1196 3229 1250 dictator
3253 1195 3606 1260 exstiteram,
3637 1192 3732 1247 sed

2040 1295 2095 1343 et
2167 1285 2375 1340 laboris
2441 1284 2701 1339 indefessi
2766 1283 3064 1349 notarius,
3124 1284 3425 1338 oculorum
3478 1294 3735 1336 meorum

2042 1376 2221 1432 aciem
2275 1374 2662 1443 undecunque
2720 1372 3081 1437 obtuderam,
3127 1372 3282 1426 unde
3330 1371 3402 1425 ad
3452 1370 3558 1424 hoc
3609 1382 3739 1424 mea

2044 1463 2481 1520 immoderantia
2538 1477 2628 1517 me
2675 1460 2911 1531 redegit,
2980 1468 3044 1516 ut
3092 1467 3393 1529 exceptore
3457 1458 3736 1521 adhibito,

2045 1552 2196 1623 quod
2232 1552 2371 1606 mihi
2434 1564 2740 1620 nunquam
2787 1549 2962 1605 moris
3009 1548 3215 1614 fuerat,
3266 1548 3386 1603 sola
3438 1547 3738 1611 memoria,

2043 1641 2164 1696 sola
2188 1654 2345 1705 voce,
2378 1639 2502 1694 sine
2534 1652 2731 1705 manu,
2765 1638 2885 1693 sine
2903 1636 3084 1692 oculis
3116 1650 3363 1705 praesens
3392 1634 3740 1705 opusculum

2042 1736 2266 1798 cogeret
2294 1726 2590 1796 explicari.
2625 1728 2689 1780 In
2717 1741 2832 1795 quo
2860 1726 2935 1795 pii
2968 1725 3282 1780 moderatio
3309 1724 3532 1779 lectoris
3563 1730 3746 1777 atten-

2044 1817 2140 1872 dat
2163 1825 2244 1881 ut,
2277 1817 2321 1871 si
2358 1816 2582 1870 insolito
2608 1815 2749 1869 mihi
2783 1814 2948 1869 modo
2977 1814 3288 1869 dictantem
3320 1813 3513 1867 minus
3541 1811 3744 1880 aliqua

2043 1911 2429 1974 competenter
2474 1903 2686 1959 dixisse
2739 1902 3032 1972 repererit,
3094 1916 3160 1956 eo
3201 1900 3339 1955 mihi
3394 1899 3608 1955 intuitu
3654 1900 3741 1953 in-

2044 1992 2281 2061 dulgere
2320 2006 2432 2046 non
2488 1989 2733 2057 differat,
2785 2004 2901 2059 quo
2953 1988 3145 2044 minus
3188 1987 3390 2043 alienae
3420 1988 3559 2043 dum
3616 2001 3746 2042 mea

2044 2080 2239 2135 scribit
2287 2079 2505 2143 manui,
2539 2092 2713 2149 quam
2764 2092 2905 2132 meae
2938 2077 3233 2147 quondam
3284 2077 3467 2131 facere
3495 2090 3746 2132 consue-

2044 2183 2240 2223 veram
2293 2168 2561 2223 institisse
2617 2166 2929 2238 cognoscit.
2990 2167 3136 2221 Dum
3187 2165 3339 2219 enim
3390 2177 3517 2218 mea
3567 2177 3746 2218 manu

2047 2258 2284 2327 propria
2334 2257 2737 2325 scriptitarem,
2765 2263 2821 2310 et
2867 2254 3069 2309 crebro
3116 2253 3380 2309 contuitu
3412 2253 3561 2307 inter
3602 2252 3746 2306 scri-

2048 2346 2297 2401 bendum
2354 2346 2552 2401 eadem
2611 2344 2764 2400 dicta
2813 2343 3140 2409 reviserem,
3211 2340 3547 2396 facillimum
3606 2338 3747 2394 mihi

2048 2443 2169 2490 erat
2206 2442 2261 2490 et
2301 2435 2512 2489 omissa
2541 2442 2820 2497 retexere,
2851 2439 2906 2486 et
2939 2431 3076 2486 dum
3128 2429 3335 2484 notarii
3383 2428 3488 2483 mei
3523 2428 3749 2484 fastidia

2050 2522 2213 2578 nulla
2242 2537 2309 2577 ex
2353 2536 2513 2577 mora
2550 2534 2833 2586 reVereor,
2868 2520 3174 2575 verborum
3209 2517 3517 2574 curialitati
3550 2530 3749 2573 secure

2052 2612 2311 2667 mihimet
2361 2611 2467 2680 ipsi
2513 2624 2772 2666 morosus
2812 2609 3065 2664 intendo.
3113 2608 3295 2662 Tanto
3327 2607 3477 2662 enim
3514 2606 3751 2661 liberius

2051 2700 2123 2755 ad
2168 2701 2427 2755 animum
2487 2706 2628 2755 nam
2674 2698 2916 2754 dicenda
2968 2697 3255 2767 recolligo,
3306 2703 3526 2765 quanto
3555 2695 3751 2750 minus

2054 2804 2156 2860 pro
2202 2787 2713 2857 circumspicienda
2746 2786 3029 2841 sententia
3057 2783 3314 2841 dictandi
3344 2784 3748 2839 lentitudiuem

246 2873 400 2941 ipsas
428 2872 624 2927 litterae
653 2872 1099 2941 explanationes,
1131 2881 1186 2929 et
1219 2874 1614 2940 moralitatem,
1648 2888 1778 2943 quze
1808 2873 1943 2929 inde
1982 2901 2024 2957 ο
2058 2877 2195 2933 mihi
2224 2878 2327 2933 soli
2358 2890 2580 2932 vacuus
2603 2875 2899 2930 erubesco.

246 2962 495 3029 elicitur,
528 2962 913 3031 discrepantia
938 2964 1315 3028 attenderem,
1346 2964 1594 3033 profecto
1623 2977 1730 3019 sua
1750 2964 1945 3019 adver-

248 3064 376 3105 sum
425 3064 528 3104 nos
550 3050 771 3120 judicia
824 3052 1200 3107 continerent.
1255 3052 1447 3121 Longe
1481 3052 1633 3106 enim
1684 3052 1944 3108 securius

248 3140 316 3194 de
350 3146 675 3194 nostrarum
711 3141 1063 3208 passionum,
1098 3155 1245 3211 quas
1274 3141 1609 3211 experimur
1639 3141 1791 3196 intra
1815 3156 1941 3208 nos,

249 3236 461 3282 natura
519 3235 863 3293 tractamus,
935 3242 1113 3298 quam
1165 3229 1235 3283 de
1288 3230 1571 3299 mysteriis
1627 3230 1833 3285 Christi
1889 3237 1945 3285 et

249 3316 534 3383 Ecclesiae,
586 3316 640 3372 in
673 3317 909 3387 quibus,
956 3317 1062 3371 nisi
1118 3317 1299 3372 simus
1329 3318 1747 3389 circumspecti,
1784 3318 1946 3374 facile

248 3405 575 3460 exorbitare
611 3406 891 3461 valemus.
934 3407 996 3461 In
1028 3406 1345 3476 tropologia
1371 3410 1525 3461 enim
1550 3421 1615 3461 eo
1657 3407 1776 3462 solo
1809 3421 1946 3476 pro-

248 3491 375 3546 viso
398 3500 461 3547 ut
486 3492 688 3548 litterae
712 3494 1035 3549 obscuritas
1053 3495 1125 3551 ad
1154 3495 1442 3565 integrum
1469 3495 1677 3550 nostris
1699 3495 1946 3565 ingeniis

249 3580 569 3648 elucescat,
639 3580 925 3637 interioris
988 3584 1236 3639 hominis
1309 3592 1494 3640 status
1550 3584 1945 3653 prosecutione

249 3669 537 3723 tutissima
584 3670 705 3725 sine
735 3672 946 3726 erroris
978 3672 1176 3727 timore
1216 3672 1583 3742 disquiritur,
1618 3672 1665 3727 si
1707 3678 1942 3727 cautum

249 3764 442 3812 tamen
495 3758 648 3825 apud
682 3773 786 3812 nos
835 3767 1074 3827 constet,
1123 3775 1193 3814 ne
1240 3768 1434 3815 noster
1464 3761 1725 3816 videlicet
1773 3760 1943 3816 intel-

249 3844 429 3900 lectus
450 3857 484 3898 a
508 3844 707 3900 litterze
730 3848 1033 3902 concordia
1058 3848 1334 3904 violenter
1358 3850 1673 3918 intorqueri
1696 3849 1941 3905 sinatur.

248 3931 365 3989 Nisi
405 3932 559 3987 enim
618 3934 864 3990 litteram
912 3944 1169 4005 patenter
1210 3952 1508 4007 agnoscas,
1548 3937 1761 3992 frustra
1800 3937 1943 3993 tein

250 4022 440 4078 studio
458 4022 745 4093 allegoriae
766 4023 1142 4093 exquirendae
1162 4025 1252 4079 vel
1272 4024 1635 4080 mortalitatis
1651 4038 1939 4090 exerceas,

248 4117 304 4165 et
336 4110 584 4165 multum
630 4111 688 4165 in
721 4111 831 4168 hac
862 4112 1212 4168 discussione
1260 4113 1496 4181 falleris,
1545 4111 1591 4167 si
1619 4111 1942 4182 quidquam

2124 2963 2213 3017 Ex
2257 2963 2343 3017 his
2390 2975 2546 3029 ergo,
2598 2975 2729 3029 quae
2769 2960 2827 3013 in
2876 2957 3003 3014 aliis
3051 2956 3386 3012 difﬁcilibus
3418 2956 3750 3026 quibusque

2050 3066 2180 3107 sum
2226 3050 2535 3119 Scripturis
2562 3055 2855 3117 expertus,
2904 3046 3118 3102 divinis
3160 3045 3530 3101 adminiculis
3558 3052 3611 3100 et
3640 3044 3750 3100 hoc

2049 3154 2195 3209 opus
2226 3139 2476 3205 adorior,
2530 3151 2641 3192 non
2683 3136 2898 3191 dubius
2945 3135 3103 3205 quia,
3139 3135 3241 3204 qui
3290 3134 3347 3188 in
3402 3132 3606 3188 minori
3655 3133 3747 3188 sui

2050 3227 2262 3284 amoris
2307 3226 2507 3289 notitia
2550 3232 2630 3281 tot
2674 3224 2955 3295 praestitit,
2991 3223 3046 3278 in
3099 3238 3219 3278 suze
3265 3221 3747 3290 contemplatione

2050 3317 2190 3387 legis
2217 3330 2354 3371 mea)
2387 3314 2684 3370 intentioni
2717 3312 2993 3377 subsidia,
3027 3312 3232 3367 melius
3254 3310 3374 3380 jam
3406 3309 3743 3375 intendenti,
3764 3364 3777 3370 ε

2051 3414 2106 3461 et
2151 3406 2415 3460 devotius
2467 3403 2738 3472 aspirato,
2789 3417 2903 3457 non
2958 3400 3190 3471 negabit
3237 3399 3433 3454 animo
3480 3399 3747 3468 majestas

2052 3495 2251 3550 divina
2282 3492 2501 3562 potiora
2528 3492 2598 3547 de
2630 3506 2689 3547 se
2734 3489 3019 3547 tractandi
3062 3496 3238 3559 atque
3284 3486 3574 3559 cogitandi
3602 3501 3747 3543 cou-

2051 3581 2197 3636 silia.
2592 3596 2595 3599 λ

2121 3668 2267 3735 Quia
2289 3668 2465 3739 igitur
2489 3683 2605 3738 quo
2626 3666 2856 3723 nomine
2878 3672 3178 3722 censeatur
3196 3664 3539 3734 opusculum
3562 3665 3747 3734 quaeri

2051 3765 2236 3828 potest
2266 3756 2408 3811 mihi
2450 3757 2696 3817 videtur,
2750 3753 3222 3825 quandoquidem
3252 3752 3751 3808 commentariolos

2053 3861 2205 3903 meos
2238 3847 2295 3900 in
2346 3844 2626 3900 Geneseos
2654 3844 2800 3898 libro
2848 3843 2926 3898 ita
2952 3840 3301 3907 vocaverim,
3349 3841 3586 3896 Moralia
3632 3856 3751 3897 nou

2050 3937 2256 3993 debere
2301 3934 2517 3999 vocari,
2549 3933 2647 3989 sed
2698 3932 2787 3988 vel
2835 3938 3105 3987 manente
3153 3942 3346 3995 sensu,
3404 3927 3605 3998 lingua
3636 3929 3751 3983 im-

1999 4068 2009 4077 .
2050 4031 2292 4091 mutata,
2338 4021 2706 4093 Tropologias
2747 4021 2805 4076 in
2839 4019 3130 4091 prophetis
3164 4033 3326 4089 posse
3367 4018 3609 4087 conjicio
3646 4030 3749 4087 ap-

2054 4112 2275 4182 pellari.

1644 4379 1928 4422 EXPLICIT
1975 4377 2351 4422 PROCEMIL'M.
