3904 6066
116 226 211 277 341
830 225 1285 282 TROPOLOGIE
1321 226 1393 281 IN
1430 228 1638 286 OSEE.
1681 229 1865 284 AMOS
1902 230 1991 284 ET
2028 230 2181 283 JER.
2239 258 2301 266 —-
2343 227 2472 281 LIB.
2517 228 2564 281 Ι.

2028 230 2181 283 JER.

2239 258 2301 266 —-
2343 227 2472 281 LIB.
2517 228 2564 281 Ι.
2615 225 2682 279 ΙΝ
2720 223 2918 281 OSEE.
3526 222 3628 276 312

867 571 1441 743 VEN.
1614 561 2883 742 GUIBERTI

1564 878 2191 959 TROPOLOGI/E

481 1097 663 1223 IN
769 1095 1815 1227 PROPHETAS

1923 1095 2366 1223 OSEE
2475 1094 2693 1219 ET
2780 1090 3264 1219 AMOS

1834 1342 1926 1397 AC

890 1522 2099 1627 LAMENTATIONES
2165 1521 2857 1626 JEREMUE.

1531 1870 1816 1944 LIBER
1872 1870 2237 1943 PRIMUS

1128 2047 1655 2114 TROPOLOGIE
1707 2048 1787 2112 IN
1843 2046 2336 2113 PROPIIETAM
2386 2046 2613 2112 OSEE.

682 2310 916 2368 CAPUT
947 2310 1248 2367 PRIMUM.

180 2400 360 2456 Vsus.
394 2402 442 2453 t.
472 2428 544 2440 —
579 2420 601 2449 ι
635 2399 888 2455 Verbum
924 2398 1150 2453 Domini
1190 2398 1342 2469 quod
1377 2397 1589 2453 factum
1629 2403 1713 2453 est
1742 2396 1813 2452 ad

116 2509 136 2535 ι
168 2487 312 2544 Osee
348 2487 552 2543 tiliium
611 2488 792 2543 Beeri.
845 2508 867 2535 ι
911 2488 1140 2541 Verbum
1176 2488 1279 2543 hoc
1334 2501 1447 2542 non
1502 2487 1811 2542 elementa-

109 2579 283 2642 rium,
315 2590 421 2632 nec
452 2576 693 2632 interius
722 2576 920 2646 aliqua
956 2575 1327 2632 intellectuali
1385 2574 1815 2630 ratiocinatione

111 2676 211 2733 per
279 2666 697 2720 sententiarum
755 2663 1015 2719 membra
1083 2662 1420 2718 distinctum
1501 2662 1816 2734 intelligere

107 2751 409 2817 debemus,
441 2752 594 2821 quod
630 2766 742 2807 non
766 2752 840 2807 sit
865 2751 1020 2806 aliud
1053 2764 1229 2820 quam
1260 2750 1454 2805 lumen
1487 2750 1624 2805 illud
1657 2749 1814 2820 quod

111 2839 404 2894 illuminat
432 2853 660 2896 omnem
695 2840 983 2895 hominem
1018 2839 1337 2895 venientem
1368 2838 1423 2892 in
1469 2839 1622 2894 hunc
1653 2852 1818 2893 mun-

108 2926 248 2981 dum
275 2928 450 2994 (Joan.
474 2942 510 2994 ι,
533 2927 906 2996 9),‘quodque
926 2927 1271 2982 aPsalmista
1291 2926 1503 2981 dicitur
1525 2941 1538 2979 :
1568 2948 1589 2974 ι
1621 2924 1816 2995 Signa-

112 3021 236 3069 tum
276 3021 364 3069 est
391 3028 569 3083 super
600 3030 704 3071 nos
750 3015 946 3070 lumen
981 3015 1063 3070 tui
1108 3013 1309 3068 vultus
1343 3013 1511 3079 (Psul.
1569 3026 1644 3078 iv,
1678 3013 1756 3081 7).
1787 3033 1809 3059 ι

113 3103 215 3158 Est
252 3111 448 3158 autem
505 3103 745 3158 rationis
804 3110 993 3158 motus
1042 3100 1113 3156 ad
1172 3100 1269 3155 Dei
1338 3100 1812 3170 dignoscentiam.

114 3191 373 3261 bonique
396 3191 649 3261 malique
682 3191 1077 3247 discretionem
1127 3189 1263 3245 solis
1307 3196 1429 3258 post
1474 3189 1653 3243 Deum
1703 3201 1814 3242 au-

112 3280 256 3350 gelis
288 3279 738 3349 hominibusque
784 3280 1009 3339 insitus.
1051 3282 1165 3335 lloe
1189 3281 1408 3333 virbum
1452 3279 1665 3332 Domini
1708 3285 1810 3340 est,

114 3367 255 3436 quia
322 3365 397 3441 ab
445 3365 568 3435 ipsa
633 3365 920 3436 Sapientia
965 3367 1258 3431 creatrice,
1314 3379 1445 3436 quae
1507 3364 1809 3434 loquitur:

115 3475 141 3505 α
175 3457 301 3527 Ego
333 3455 392 3509 in
437 3455 729 3510 altissimis
764 3456 956 3511 habito
984 3457 1175 3521 (Eccli.
1207 3470 1365 3521 xxw,
1395 3460 1467 3522 7).
1510 3477 1531 3502 ι
1580 3455 1666 3510 Ab
1696 3454 1814 3509 ini-

110 3541 184 3596 tio
215 3549 274 3595 et
303 3548 439 3595 ante
469 3542 677 3596 saecula
727 3543 876 3596 intra
913 3542 1147 3612 angelos
1191 3550 1248 3597 et
1302 3540 1558 3597 homines
1585 3548 1640 3596 et
1691 3541 1811 3610 ipsa

112 3628 266 3682 dicta
325 3627 612 3695 sapientia
636 3636 827 3684 creata
873 3637 957 3684 est
1007 3629 1188 3695 (Ibid,
1248 3631 1351 3695 14).
1408 3629 1527 3683 Hoc
1567 3629 1808 3683 verbum

112 3716 194 3779 lit,
256 3729 392 3770 cum
455 3715 597 3771 illud
657 3717 865 3773 interni
920 3724 1198 3773 tractatus
1261 3716 1562 3787 diligentia
1616 3716 1813 3771 subtili

111 3801 519 3857 distributione
547 3805 712 3874 quasi
748 3818 847 3873 per
881 3818 1152 3874 corporea
1201 3803 1547 3859 lineamenta
1591 3802 1815 3873 disper-

112 3892 193 3946 tit.
232 3892 325 3946 Fit
359 3906 593 3961 quoque
632 3894 709 3947 ad
746 3895 895 3958 Osee,
927 3908 1058 3949 eum
1104 3893 1174 3947 ad
1220 3893 1398 3948 solam
1441 3891 1810 3961 capacitatem

111 3977 623 4034 iutellectualitatis
648 3982 917 4051 pertingit
941 3982 1229 4036 humanae.
1254 3979 1350 4033 Ad
1370 3980 1515 4042 Osee,
1549 3979 1811 4049 inquam,

112 4067 193 4130 fit,
229 4067 371 4122 dum
400 4068 470 4122 ad
504 4069 768 4138 spiritum
805 4078 1085 4135 nostrum,
1114 4071 1171 4125 in
1206 4084 1323 4140 quo
1348 4068 1627 4125 salutiferi
1673 4083 1815 4123 con-

112 4154 221 4209 silii
253 4169 485 4211 summa
512 4164 615 4223 est,
661 4158 1043 4213 erudiendum
1092 4158 1374 4229 singulari
1423 4156 1701 4227 dignitate
1756 4171 1814 4211 se

113 4242 356 4314 colligit.
407 4243 543 4300 Osee
602 4245 754 4301 enim
810 4247 1052 4300 salvator
1110 4248 1327 4301 Domini
1384 4247 1812 4314 interpretatur.

119 4331 182 4385 Et
225 4332 321 4386 cui
370 4332 554 4403 magis
604 4348 732 4403 spes
774 4334 1044 4390 humanae
1083 4335 1287 4390 salutis
1331 4342 1453 4404 post
1506 4334 1813 4389 Dominum

120 4418 442 4475 intenditur
496 4435 673 4491 quam
724 4421 801 4476 illi
854 4423 1049 4486 verbo,
1096 4423 1249 4493 quod
1299 4423 1539 4491 pedibus
1584 4423 1811 4489 nostris,

118 4508 287 4577 juxta
318 4509 628 4578 psalmum.
677 4512 839 4581 quasi
887 4512 1123 4568 lucerna
1167 4512 1601 4582 praescribitur?
1647 4515 1810 4578 (Psal.

120 4613 315 4663 cxvm,
349 4598 490 4666 103).
525 4599 683 4654 Unde
713 4609 767 4655 et
809 4600 853 4655 D
876 4601 1029 4655 tmini
1075 4601 1310 4665 dicitur,
1343 4601 1483 4670 quia
1519 4601 1672 4671 quod
1714 4616 1818 4656 nos

118 4687 375 4742 docendo
414 4689 619 4753 salvat,
670 4691 770 4745 soli
829 4689 1178 4746 illuminanti
1214 4692 1399 4761 potius
1438 4704 1611 4761 quam
1660 4689 1815 4747 lunte

117 4773 820 4843 illuminatmimputatur.
854 4778 908 4832 Is
949 4777 1088 4834 Osee
1136 4778 1288 4834 filius
1336 4785 1420 4833 est
1467 4778 1644 4844 Beeri,
1678 4779 1818 4848 quia

1856 2311 1905 2364 A
1932 2306 2021 2362 vel
2048 2309 2323 2377 perfectio,
2369 2307 2554 2362 Achaz
2583 2309 2780 2373 virtus,
2833 2308 3101 2363 Ezechias
3150 2310 3465 2378 imperitum
3516 2312 3628 2364 Do-

1920 2398 2060 2450 mini
2088 2400 2310 2450 sonant.
2348 2396 2603 2452 Verbum
2645 2410 2781 2466 ergo
2812 2410 2912 2466 per
2968 2397 3126 2452 bonae
3179 2397 3493 2453 voluntatis
3538 2410 3623 2452 re-

1924 2485 2317 2541 tractationem
2396 2484 2564 2554 quasi
2657 2484 3031 2540 substantiale
3086 2484 3350 2540 enectum
3434 2501 3623 2553 regum

1921 2572 2091 2650 Iuda,
2129 2572 2182 2626 id
2211 2580 2295 2626 est
2324 2571 2692 2626 confessionis
2737 2571 2856 2625 dies
2901 2571 3093 2637 efticit,
3151 2572 3291 2627 dum
3339 2586 3439 2641 per
3490 2586 3626 2641 pec-

1922 2661 2031 2717 cati
2063 2660 2421 2716 emissionem
2458 2659 2774 2715 virtutibus
2813 2659 3078 2714 admissis
3123 2662 3295 2715 menti
3339 2661 3628 2716 claritates

1921 2748 2186 2805 ostendit.
2226 2747 2574 2816 Principium
2601 2748 2751 2802 enim
2795 2748 3076 2803 bonorum
3111 2747 3388 2803 confessio
3443 2749 3627 2803 malo-

1925 2852 2084 2905 rum;
2116 2838 2161 2892 si
2191 2839 2342 2892 enim
2375 2836 2536 2892 Ozias
2571 2838 2782 2891 Domini
2803 2845 2887 2891 est
2907 2837 3193 2901 fortitudo.
3231 2835 3371 2907 quid
3423 2836 3626 2892 fortius

1923 2940 2100 2997 quam
2158 2925 2466 2995 injustitias
2522 2924 2579 2980 in
2638 2924 2854 2994 quibus
2914 2925 3310 2981 erubescimus
3369 2924 3625 2981 confiteri

1924 3014 2231 3070 adversum
2263 3028 2366 3068 nos
2401 3012 2685 3068 Domino?
2714 3014 2894 3067 (Psal.
2925 3027 3086 3077 xxxu
3119 3015 3197 3083 5.)

1995 3101 2227 3168 Deinde,
2251 3102 2425 3172 juxta
2454 3102 2605 3171 quod
2634 3100 2878 3156 Joathau
2934 3101 3141 3168 innuit,
3184 3100 3459 3171 quoniam
3507 3091 3621 3158 non

1923 3191 2106 3247 solum
2130 3191 2345 3246 bonum
2399 3198 2481 3245 est
2526 3189 2806 3255 confiteri,
2849 3188 2944 3244 sed
2989 3189 3159 3244 etiam
3211 3197 3625 3259 consequenter

1926 3279 2166 3350 psallere
2195 3280 2500 3348 (Psat.xm,
2552 3278 2623 3346 2).
2660 3277 2704 3332 si
2754 3276 2813 3332 in
2864 3276 2993 3332 boni
3039 3277 3393 3333 exh‘bitione
3436 3278 3624 3347 operis

1923 3380 2399 3424 consummamur
2435 3375 2610 3435 atque
2651 3364 3002 3434 perlicimur,
3044 3366 3216 3436 juxta
3246 3367 3401 3436 quod
3433 3368 3621 3420 Achar.

1924 3471 2028 3511 suo
2056 3456 2247 3525 signat
2278 3455 2526 3510 nomine.
2568 3456 2754 3508 Virtus
2782 3454 3101 3509 necessaria
3139 3461 3244 3519 est,
3293 3453 3433 3523 quia
3479 3454 3619 3509 dum

1924 3545 2077 3600 bona
2098 3544 2152 3599 in
2183 3543 2346 3599 nobis
2371 3543 2715 3606 exuberant,
2750 3542 3035 3597 honorum
3066 3542 3304 3597 ambitio
3327 3549 3382 3598 et
3431 3541 3620 3597 laudis

1924 3631 2271 3701 appetentia,
2311 3644 2443 3700 quae
2475 3639 2614 3685 tunc
2659 3629 2985 3698 importune
3020 3630 3246 3700 ingerit,
3289 3643 3517 3685 summa
3566 3630 3617 3684 vi

1921 3719 2290 3790 propellenda
2318 3726 2419 3774 est.
2448 3717 2570 3785 Quo
2601 3717 2765 3784 facto,
2814 3717 2987 3787 juxta
3020 3717 3177 3787 quod
3218 3717 3488 3772 Ezechias
3524 3718 3617 3772 in-

1922 3815 2270 3878 terpretatur
2303 3806 2465 3876 plene
2511 3807 2771 3861 Dominus
2815 3808 3066 3873 imperat,
3117 3805 3256 3874 quia
3312 3805 3411 3874 qui
3447 3804 3530 3860 sic
3559 3820 3617 3861 se

1921 3900 2109 3964 habet,
2155 3903 2539 3965 competenter
2568 3894 2719 3950 valet
2764 3894 2999 3949 dicere:
3039 3917 3057 3942 ι
3110 3894 3271 3949 Tuus
3315 3908 3443 3949 sum
3489 3909 3613 3965 ego,

1919 3987 2147 4043 salvum
2197 3999 2285 4040 me
2343 3983 2430 4039 fac
2484 3984 2647 4043 (Psal.
2704 3997 2902 4044 cxvm,
2935 3983 3048 4050 94),
3081 4004 3101 4030 ι
3140 3982 3449 4051 praesertim
3482 3996 3615 4037 cum

1918 4075 2164 4131 sinistrae
2199 4073 2376 4143 partis
2405 4072 2482 4127 nil
2520 4073 2575 4126 in
2608 4086 2666 4126 se
2699 4072 2852 4141 quod
2884 4071 3211 4126 dominetur
3259 4070 3542 4125 admittat.

1992 4164 2162 4219 Vens.
2212 4165 2264 4216 2.
2315 4192 2384 4201 -—-
2441 4182 2462 4208 α
2519 4162 2586 4215 Et
2636 4161 2692 4215 in
2741 4160 2944 4216 diebus
2995 4160 3291 4215 Jeroboam
3338 4158 3435 4213 IIIII
3488 4159 3617 4213 Joas

1925 4274 1946 4300 ι
1974 4251 2123 4323 regis
2152 4250 2345 4306 Israel.
2369 4248 2720 4316 Principium
2759 4248 3032 4317 loquendi
3066 4247 3304 4302 Domino
3326 4247 3379 4300 in
3403 4246 3560 4302 Osee.
3591 4267 3610 4292 ι

1920 4340 2247 4397 Notandum
2299 4338 2450 4408 quod
2503 4339 2772 4406 superius
2821 4336 3039 4389 verbum
3081 4336 3227 4391 dixit
3281 4338 3491 4401 factum
3543 4335 3617 4387 ad

1924 4431 2075 4491 Osee,
2134 4428 2298 4482 modo
2335 4428 2669 4495 principium
2714 4425 2968 4493 loqumdi
3022 4429 3158 4477 181
3206 4438 3319 4478 non
3354 4424 3428 4477 ad
3452 4424 3611 4492 :Osee,

1921 4518 2014 4572 sed
2043 4520 2101 4569 in
2131 4517 2273 4572 Osee.
2311 4515 2403 4568 Αιι
2435 4517 2564 4571 Osee
2592 4513 2868 4568 Dominus
2899 4512 3177 4581 loquitur,
3210 4526 3344 4567 cum
3387 4520 3487 4567 aut
3517 4525 3615 4581 per

1921 4605 2119 4660 divina
2148 4604 2396 4673 eloquia,
2426 4610 2523 4658 aut
2565 4615 2664 4671 per
2705 4601 2965 4670 aliquam
3002 4600 3257 4656 exterius
3298 4599 3611 4655 exhibitam

1920 4693 2273 4749 occasionem
2306 4706 2467 4748 mens
2496 4698 2691 4745 nostra
2720 4688 3130 4759 compungitur
3159 4704 3173 4754 ;
3215 4691 3273 4741 in
3303 4689 3451 4753 Osee,
3477 4702 3613 4742 vero

1922 4797 2055 4838 cum
2107 4795 2213 4836 sua
2269 4780 2449 4850 ipsius
2489 4777 2965 4847 contemplatione
3003 4784 3058 4831 et
3100 4776 3204 4846 pia:
3252 4776 3614 4847 cogitationis

113 4861 453 4916 salvationis
480 4877 598 4918 suae
632 4864 868 4932 gloriam
918 4880 1033 4921 non
1084 4867 1276 4922 haurit
1324 4867 1467 4921 alias
1515 4880 1692 4936 quam
1750 4867 1818 4922 de
1860 4879 2242 4946 Cspontanea
2305 4866 2771 4937 augmentatione
2854 4865 3241 4920 succenditur.
3316 4864 3611 4919 Jeroboam

113 4949 237 5018 ipso
276 4949 508 5018 proprio
552 4950 705 5007 fonte
749 4953 869 5020 Dei,
914 4954 1074 5009 Beeri
1122 4968 1375 5025 namque
1420 4960 1614 5025 puteus
1669 4971 1815 5009 meus

112 5037 349 5092 dicitur.
421 5036 682 5094 Salvator
729 5041 925 5111 itaque
973 5042 1126 5097 filius
1180 5044 1334 5113 putei
1386 5043 1478 5099 sui
1524 5050 1629 5109 est,
1674 5046 1814 5114 quia

115 5124 406 5196 quidquid
449 5126 690 5182 interius
727 5130 1093 5199 suggerendo
1123 5130 1354 5186 salubre
1404 5132 1691 5187 ministrat
1740 5147 1813 5188 ex

114 5215 415 5270 affluentia
446 5228 732 5285 aquarum
762 5218 1083 5275 viventium
1116 5234 1246 5290 quae
1277 5220 1469 5276 ﬂuunt
1501 5221 1717 5292 impetu
1745 5222 1814 5278 de

118 5303 338 5358 Libano
362 5311 448 5358 est
480 5303 659 5369 (Cant.
691 5319 766 5370 tv,
801 5307 907 5372 15).

189 5418 214 5445 ι
249 5394 317 5448 In
348 5393 555 5449 diebus
581 5393 744 5462 023m,
777 5396 1043 5462 Joathan,
1071 5397 1278 5464 Achaz,
1325 5399 1578 5455 Ezechize
1613 5412 1814 5469 regum

112 5483 288 5540 Juda.
326 5501 355 5533 υ
385 5481 552 5538 Ozias
578 5484 844 5549 fortitudo
886 5488 1118 5541 Domini.
1147 5486 1390 5542 Joathan
1432 5488 1817 5542 consummatio

1924 4959 2255 5028 temporalis,
2302 4957 2432 5012 Joas
2470 4971 2693 5025 sperans
2744 4955 3177 5025 interpretatur,
3235 4952 3407 5008 Israel
3462 4956 3614 5022 prin-

1918 5062 2039 5117 ceps
2058 5055 2142 5103 est
2172 5048 2292 5108 Deo.
2323 5044 2413 5099 vel
2444 5045 2680 5099 directus
2708 5047 2824 5098 Dei.
2858 5043 2963 5098 Per
2996 5041 3166 5097 israel
3208 5056 3346 5112 ergo
3376 5040 3613 5097 an‘ectus

1919 5141 2115 5191 noster
2162 5133 2409 5190 carnalis
2474 5132 2771 5201 accipitur,
2812 5130 2911 5201 qui
2959 5143 3262 5200 nunquam
3314 5128 3422 5183 nisi
3478 5143 3611 5184 cum

1923 5222 2054 5289 Deo,
2088 5220 2142 5276 id
2177 5227 2261 5275 est
2288 5220 2507 5276 ratione
2535 5220 2736 5275 comite
2766 5218 3146 5288 principatur,
3178 5230 3483 5287 nunquam
3516 5230 3614 5285 per

1921 5324 1979 5365 se
2010 5309 2298 5380 dirigitur,
2349 5309 2489 5377 quia
2517 5322 2620 5363 nec
2650 5307 2721 5361 ab
2769 5306 3032 5377 Apostolo
3078 5306 3294 5363 bonum
3334 5305 3391 5360 in
3442 5319 3614 5360 carne

1922 5398 2157 5468 propria
2186 5397 2471 5466 reperitur
2497 5398 2680 5469 (Rom.
2713 5412 2812 5463 vti,
2848 5397 2957 5463 19).

1996 5486 2100 5542 Hie
2122 5486 2421 5542 Jeroboam
2455 5492 2510 5540 et
2536 5486 2666 5541 Joas
2698 5483 2870 5541 habet
2897 5498 3079 5555 reges,
3112 5485 3252 5555 quia
3289 5481 3616 5552 temporalis
