3924 6088
287 261 391 317 343
1171 257 1238 312 V.
1284 256 1616 312 GUIBERTI
1654 257 1834 311 ABBA

2240 257 2327 311 UE
2366 257 2458 312 DE
2501 255 2900 312 NOVIGENTO
3679 256 3784 310 344

285 388 566 446 commodi
592 396 648 445 et
675 387 796 458 spei
844 384 1174 450 mundanae,
1230 398 1361 454 quae
1396 397 1469 439 ex
1518 398 1584 440 eo
1639 397 1860 453 semper
1902 383 1981 454 gi-
2017 383 2245 440 Astum
2312 398 2459 453 opus
2515 390 2599 439 est
2654 381 2938 453 quidquid
2996 396 3070 439 ex
3131 381 3478 438 humilitatis
3531 385 3787 438 semente

285 478 504 548 gnitur,
539 474 793 532 dominio
819 473 1151 542 frequenter
1178 470 1266 527 vel
1289 471 1588 526 exactione
1613 470 1977 540 deprimitur.
2091 479 2339 529 creatur.
2364 473 2479 528 Nec
2500 472 2652 528 enim
2673 471 2861 527 virtus
2888 470 3120 539 dicitur,
3145 485 3277 540 quae
3308 484 3422 526 non
3463 469 3788 526 humilitate

285 565 393 632 Qui
422 565 536 621 duo
581 563 793 618 habent
835 560 974 626 dies,
1021 559 1160 630 quia
1217 574 1335 614 non
1389 559 1498 615 nisi
1558 559 1735 629 hujus
1785 557 1979 614 saeculi
2090 561 2371 617 conditur.
2396 560 2773 631 Reddensque
2816 573 3043 622 causas,
3099 559 3297 625 adhuc,
3345 558 3556 629 inquit,
3603 558 3789 613 modi-

282 652 587 723 explorant
619 648 1040 720 prosperitates.
1090 645 1351 712 Quatuor
1392 661 1527 717 ergo
1570 647 1733 702 Judze
1797 661 1977 718 reges,
2091 667 2231 716 cum,
2292 654 2344 704 et
2410 650 2640 704 visitabo
2703 651 3022 713 sanguinem
3074 647 3321 702 Jezrahel
3360 663 3524 717 super
3571 647 3791 701 domum

286 748 343 796 et
371 740 485 795 duo
536 737 758 794 lsraelis
807 745 962 804 sunt,
1007 736 1148 806 quia
1199 735 1351 791 unde
1406 736 1551 791 ratio
1600 735 1843 807 regitur,
1891 735 1981 791 vel
2089 740 2243 804 Jehu,
2288 738 2343 793 id
2391 745 2475 793 est
2507 750 2688 807 parva
2718 739 2826 792 erit
2878 738 3116 792 internae
3158 750 3319 791 mora
3369 735 3598 806 quietis,
3651 749 3791 791 cum

287 828 440 899 quod
472 826 616 882 ratio
644 831 821 895 reget,
856 824 1147 894 quadrum
1181 831 1235 879 et
1275 823 1412 894 {ideo
1468 824 1713 879 solidum
1751 831 1869 891 est;
1924 824 1981 878 in
2092 825 2290 883 ulcisci
2335 840 2558 895 coepero
2596 825 2964 895 sanguinem.
3015 824 3171 895 quod
3211 832 3293 879 est
3341 831 3639 893 peccatum
3686 824 3787 878 vi-

286 930 404 987 quo
432 922 625 972 autem
654 913 1029 970 af’fectualiter
1057 912 1516 978 intumescimus,
1544 912 1776 983 [quanto
1816 920 1985 968 extra
2094 915 2243 971 tiatae
2273 914 2632 980 humilitatis,
2682 920 2738 968 et
2782 913 2889 969 hoc
2926 927 3090 981 super
3134 913 3350 967 domum
3398 914 3552 979 Jehu,
3604 912 3662 967 id
3708 920 3797 968 est

286 1002 565 1060 unitatem
593 1010 697 1070 est,
730 1009 888 1057 tanto
934 1001 1202 1057 divisioni
1245 1009 1300 1056 et
1345 1000 1675 1056 invidentiaa
1736 1014 1983 1069 pronum
2091 1002 2457 1059 stabilitatem
2487 1000 2863 1066 conscientiae,
2892 1014 3023 1070 quae
3047 1014 3119 1055 ex
3155 1000 3250 1055 Dei
3281 1000 3559 1069 desiderio
3590 1014 3793 1070 quam-

284 1100 387 1148 est.
415 1090 684 1158 Quandiu
712 1090 906 1161 itaque
936 1088 1294 1159 temporalia,
1321 1095 1376 1144 et
1409 1102 1535 1157 spes
1581 1088 1998 1158 temporalium.
2092 1091 2224 1147 dam
2241 1089 2471 1146 molitur
2495 1087 2963 1155 immobilitatem,
2990 1088 3047 1143 in
3089 1102 3206 1158 qua
3227 1087 3328 1143 diu
3363 1088 3472 1143 sibi
3508 1102 3623 1143 non
3664 1087 3798 1144 licet

285 1179 805 1249 animoimperant,
839 1172 1107 1248 quamvis
1126 1184 1377 1247 quatuor
1410 1176 1854 1247 praecedentium
1890 1191 1984 1233 re-
2092 1179 2418 1237 consistere.
2452 1178 2539 1234 Fit
2559 1177 2714 1234 enim
2756 1176 3048 1233 silentium
3097 1177 3156 1232 in
3201 1177 3364 1244 coelo,
3404 1176 3499 1232 sed
3548 1177 3648 1233 vix
3684 1190 3797 1233 me-

287 1283 428 1336 gum
451 1281 662 1338 magna
688 1267 942 1337 potentia
980 1266 1073 1326 sit,
1109 1272 1301 1322 tamen
1341 1265 1550 1320 mentis
1593 1272 1777 1321 status
1820 1272 1984 1320 utro-
2092 1269 2188 1325 dia
2210 1268 2373 1323 hora.

287 1356 463 1427 hique
509 1355 858 1411 alternantes
904 1355 1133 1410 duobus
1179 1352 1484 1424 aliquoties
1529 1353 1772 1409 molliter
1819 1352 1985 1408 obse-
2162 1355 2489 1412 Notandum
2511 1360 2702 1409 autem
2730 1352 2885 1423 quod
2916 1367 3034 1408 non
3064 1352 3222 1409 aliud
3254 1352 3327 1409 sit
3356 1366 3563 1409 vocare
3606 1353 3794 1409 ﬁlium

288 1444 563 1501 cundant.
625 1443 786 1500 Unde
828 1444 1166 1512 principium
1213 1441 1383 1498 habet
1427 1440 1705 1497 Dominus
1751 1443 1810 1495 in
1859 1443 1987 1498 Osee
2082 1459 2274 1516 quam
2302 1443 2584 1499 mstimare
2629 1455 2775 1511 opus
2820 1440 3140 1511 proprium.
3174 1441 3453 1509 Verbum,
3504 1442 3660 1511 quod
3714 1449 3801 1498 est

288 1532 564 1601 loquendi,
621 1546 755 1587 cum
806 1532 865 1586 in
908 1530 1164 1587 interiori
1212 1530 1443 1587 homine
1471 1529 1685 1585 habent
1731 1537 1987 1600 quatuor
2094 1533 2347 1600 visitare,
2380 1546 2514 1588 cum
2555 1531 2628 1586 sit
2682 1530 3192 1601 frequentativum,
3240 1529 3508 1585 bifariam
3551 1531 3612 1585 in
3651 1529 3802 1586 Scri-

290 1628 492 1676 contra
528 1620 672 1676 duos
720 1619 937 1689 primas
978 1633 1052 1675 ex
1101 1618 1301 1690 aliqua
1343 1633 1406 1675 re
1449 1620 1770 1674 occasiones
1811 1618 1985 1674 alter—
2034 1665 2072 1718 Β
2104 1622 2290 1693 pturis
2335 1620 2635 1690 accipitur,
2689 1625 2754 1675 ut
2783 1625 2905 1675 est:
2948 1639 2970 1667 ι
3029 1618 3282 1674 Visitabo
3322 1618 3381 1674 in
3420 1618 3588 1690 virga
3622 1619 3798 1688 (Psal.

291 1708 482 1765 candi.
516 1709 661 1764 Hinc
689 1715 774 1764 est
804 1708 958 1779 quod
988 1708 1272 1777 sequitur.
2034 1704 2071 1718 "
2102 1725 2379 1774 Lxxxvut,
2408 1708 2519 1775 33).
2560 1728 2581 1755 ι
2618 1706 2691 1762 Et
2724 1721 2736 1760 :
2766 1723 2796 1759 α
2852 1704 3035 1764 Visita
3075 1720 3182 1761 nos
3231 1706 3292 1762 in
3347 1706 3587 1763 salutari
3631 1706 3801 1778 (Psal.

369 1818 391 1846 ι
429 1797 497 1853 Et
529 1795 678 1853 dixit
734 1797 1016 1853 Dominus
1069 1797 1139 1851 ad
1195 1796 1374 1852 Osee:
1433 1795 1610 1863 Vade,
1666 1809 1829 1851 sume
1888 1794 1992 1851 tibi
2101 1814 2194 1867 cv,
2227 1799 2299 1869 4),
2333 1818 2360 1850 ››
2391 1804 2445 1853 et
2470 1795 2864 1853 assiduitatem
2893 1795 3107 1851 divinae
3133 1794 3449 1851 introrsum
3492 1794 3805 1851 correctio-

300 1908 321 1934 ι
358 1899 600 1941 uxorem
626 1885 1090 1952 fornicationum,
1118 1892 1172 1941 et
1202 1884 1291 1940 fac
1331 1883 1476 1939 ﬁlios
1523 1883 1989 1952 fornicationum,
2104 1890 2191 1945 nis
2217 1888 2491 1944 insinuat.

300 1995 320 2022 ›
360 1976 501 2044 quia
530 1972 819 2029 fornicans
864 1972 1249 2029 fornicabitur
1288 1980 1438 2029 terra
1467 1986 1501 2027 a
1528 1971 1785 2027 Domino.
1828 1992 1849 2020 ι
1903 1973 1996 2026 Ad
2174 1974 2346 2031 Israel
2379 1987 2482 2044 pro
2512 1971 2720 2029 affectu
2748 1971 2968 2028 carnali
2998 1972 3317 2042 posuimus,
3360 1972 3483 2042 qui,
3515 1971 3638 2028 sine
3668 1973 3804 2040 Deo,

298 2063 428 2120 Osee
464 2063 721 2116 Dominus
749 2062 903 2129 dicit,
956 2075 1089 2117 cum
1134 2074 1338 2117 causas
1367 2059 1652 2116 interioris
1699 2068 1863 2115 actus
1922 2060 1996 2115 ab
2104 2064 2404 2133 seductor;
2437 2076 2571 2117 cum
2603 2062 2737 2129 Deo,
2777 2060 3039 2131 princeps
3061 2068 3115 2116 et
3144 2060 3395 2116 directus
3416 2068 3520 2116 est.
3566 2063 3809 2127 Regnum

294 2149 564 2206 exteriori
595 2149 824 2220 ingerit.
864 2149 1034 2218 Vade,
1070 2148 1280 2219 inquit,
1314 2162 1387 2204 ne
1414 2149 1635 2219 majora
1672 2148 1739 2203 de
1775 2157 1825 2204 te
1861 2162 1998 2203 sen—
2105 2156 2373 2223 quiescere
2397 2150 2530 2207 facit
2576 2151 2744 2216 Deus,
2787 2163 2921 2204 cum
2967 2148 3219 2205 mitiores
3268 2149 3456 2204 reddit
3500 2149 3805 2205 turbulen-

296 2240 406 2295 liaS
436 2253 615 2310 quam
643 2238 929 2309 οοωρθῑίι,
974 2238 1158 2295 SCienS
1193 2239 1352 2310 (ιιιίει,
1393 2238 1532 2293 dum
1582 2237 1825 2304 adVlViS.
1864 2252 1997 2293 caro
2105 2243 2245 2299 tiam
2271 2248 2447 2311 atque
2473 2238 2803 2308 superbiam
2821 2237 3079 2308 ejusdem
3110 2236 3359 2293 carnalis
3387 2234 3647 2293 aﬁ‘ectus.
3678 2236 3808 2293 Non

299 2326 576 2383 adversus
604 2327 875 2397 spiritum
907 2326 1260 2397 concupiscit
1289 2326 1431 2397 (Gal.
1481 2340 1536 2392 v,
1582 2326 1692 2395 l7),
1726 2326 1823 2382 sed
1851 2341 2000 2380 sume
2105 2331 2259 2388 enim
2324 2329 2471 2385 dixit
2521 2326 2780 2390 deﬁcere,
2836 2326 2933 2381 sed
2991 2328 3284 2394 quiescere,
3346 2332 3411 2381 ut
3456 2332 3542 2382 est
3590 2325 3734 2381 illud
3791 2340 3805 2380 :

300 2416 401 2470 tibi
419 2430 642 2470 umorem
681 2415 1125 2481 fornicationum,
1173 2414 1231 2470 id
1258 2421 1342 2470 est
1388 2412 1608 2469 ascribe
1639 2413 1744 2469 tibi
1790 2414 1998 2470 volun-
2115 2442 2136 2470 ι
2176 2420 2479 2475 Peccatum
2502 2416 2559 2471 in
2579 2415 2744 2471 vobis
2764 2428 2879 2470 non
2907 2414 3303 2471 dominabitur
3327 2416 3499 2483 (Rom.
3527 2429 3606 2471 v1.
3640 2414 3749 2484 14),
3779 2435 3803 2462 ι

300 2512 495 2573 tatem,
552 2504 674 2559 sine
723 2517 843 2573 qua
888 2516 994 2559 nec
1043 2503 1259 2559 bonum
1313 2516 1418 2558 nec
1456 2501 1672 2557 malum
1717 2502 1799 2565 ﬁt,
1842 2502 2002 2559 lasci-
2111 2509 2280 2580 plane
2305 2505 2502 2562 nolens
2527 2504 2734 2571 dicere,
2765 2520 2874 2558 non
2900 2506 3024 2557 erit.

303 2593 553 2648 vientem
599 2606 702 2661 per
750 2590 1059 2648 volutabra
1100 2591 1564 2658 delectationum,
1622 2596 1674 2646 et
1720 2593 1812 2658 fac
1853 2592 2002 2660 ﬁlios
2181 2596 2352 2654 Vens.
2386 2598 2437 2648 5.
2465 2623 2534 2632 —
2566 2614 2593 2642 ‹‹
2626 2592 2773 2648 Etin
2797 2591 2894 2647 illa
2917 2591 3308 2647 dieconteram
3331 2605 3532 2659 arcum
3551 2590 3724 2647 Israel
3749 2592 3814 2648 iu

302 2682 751 2746 fornicationum,
807 2693 981 2750 opera
1044 2679 1309 2736 videlicet
1374 2678 1735 2735 diversorum
1807 2694 2000 2736 exces-
2111 2684 2260 2741 valle
2284 2681 2558 2739 Jezrahel.
2584 2701 2613 2731 ››
2651 2681 2829 2735 Initia
2861 2680 2968 2747 die,
3002 2680 3108 2735 hoc
3138 2688 3223 2736 est
3255 2680 3315 2736 in
3341 2680 3437 2735 illa
3482 2680 3813 2737 visitatione

305 2782 498 2824 suum.
2114 2772 2312 2830 divina
2343 2784 2513 2827 arcus
2557 2768 2729 2825 Israel
2758 2767 3094 2835 conteritur,
3129 2768 3269 2838 quia
3297 2768 3553 2825 subdola:
3572 2768 3819 2825 affectus

378 2856 511 2912 Haec
540 2863 624 2912 εει
652 2869 802 2912 uxor
830 2870 962 2926 qua?
1001 2855 1061 2910 in
1084 2855 1382 2927 Evangelii
1413 2855 1688 2925 parabola
1715 2869 1850 2911 cum
1876 2855 2009 2911 ﬁliis
2114 2861 2295 2917 nostri
2335 2856 2731 2928 suggestiones
2777 2854 3011 2925 superni
3054 2854 3267 2910 amoris
3303 2854 3601 2925 diligentia
3641 2854 3820 2911 deco-

307 2945 429 3001 suis
450 2944 690 3015 jubetur
728 2944 901 3000 vendi
952 2944 1172 3013 (Matth.
1221 2958 1381 3009 xvui,
1427 2944 1539 3015 25),
1573 2944 1681 2999 hoc
1728 2951 1811 3000 est
1842 2951 2005 3000 extra
2043 2966 2081 3021 ο
2117 2954 2404 3020 quuntur.
2448 2946 2519 3000 Et
2553 2945 2659 3000 hoc
2690 2944 2834 2999 litin
2863 2943 3006 2998 valle
3051 2943 3318 3005 Jezrahel,
3372 2941 3431 2996 in
3488 2940 3853 2999 humilitate.

308 3033 627 3090 libertatem
695 3032 919 3089 arbitrii
983 3032 1043 3088 in
1111 3033 1418 3102 reprobum
1480 3046 1715 3089 sensum
1764 3033 2006 3099 abduci.
2115 3030 2378 3087 videlicet
2408 3037 2549 3086 I85
2579 3045 2711 3101 quae
2740 3044 2815 3087 ex
2870 3029 3179 3086 seminario
3220 3029 3321 3086 Dei
3366 3029 3585 3087 timoris
3623 3029 3819 3087 solum

310 3123 488 3189 Sume,
549 3121 760 3192 inquit,
811 3137 1056 3189 umorem,
1103 3126 1153 3175 et
1192 3122 1287 3188 fac
1319 3122 1489 3190 ﬁlios,
1538 3121 1594 3176 id
1638 3129 1722 3177 est
1773 3120 2012 3177 ﬁrmiter
2118 3118 2284 3175 modo
2304 3119 2583 3190 originem
2615 3119 2804 3186 habet,

316 3209 415 3266 tibi
448 3223 698 3279 propone
729 3224 842 3266 non
883 3210 1035 3266 bona
1081 3224 1214 3280 quae
1264 3210 1482 3281 cogitas
1517 3217 1572 3266 et
1615 3224 1864 3278 exerces,
1912 3209 2010 3266 sed
2187 3207 2332 3263 Nota
2390 3207 2790 3277 propheticum
2858 3221 3095 3275 morem,
3155 3206 3312 3277 quod
3391 3207 3593 3262 crebro
3664 3219 3825 3276 repe-

314 3297 727 3368 cogitationum
773 3297 1039 3354 libidines
1096 3305 1151 3354 et
1197 3297 1374 3354 luxus
1437 3306 1731 3368 externos;
1782 3313 1887 3354 nec
1953 3299 2011 3355 id
2122 3303 2251 3351 tunt
2307 3295 2366 3350 in
2413 3295 2504 3350 die
2565 3294 2679 3363 illa,
2728 3295 3179 3351 demonstrativo
3226 3295 3568 3364 pronomine
3617 3301 3822 3349 osten-

319 3387 552 3457 injuria,
582 3388 864 3452 fornicans
892 3387 1046 3443 enim
1079 3386 1341 3453 interius,
1371 3393 1426 3442 et
1465 3386 1634 3457 quasi
1683 3390 2014 3456 apostatans
2121 3385 2316 3440 dentes
2336 3398 2510 3454 quam
2544 3383 2818 3454 frequens
2845 3383 3030 3439 inesse
3068 3383 3242 3439 menti
3291 3383 3490 3439 debeat
3534 3383 3682 3439 lucis
3722 3382 3825 3438 in-

316 3474 841 3541 consuetudinarie,
900 3474 1157 3531 exterius
1217 3475 1389 3530 etiam
1457 3474 1774 3530 fornicatur
1829 3475 2007 3545 (Prov.
2121 3481 2297 3530 terna:
2362 3471 2685 3542 praesentia.
2740 3472 3326 3529 Consuetudinarium
3375 3485 3612 3542 quoque
3662 3470 3824 3527 Scri-

318 3579 396 3630 γι,
458 3562 564 3633 l2),
613 3578 728 3631 ore,
789 3570 854 3619 ut
902 3562 1169 3619 Salomon
1227 3562 1324 3630 ait,
1385 3562 1654 3634 gradiens
1724 3577 2010 3633 perverso.
2122 3562 2309 3633 pturis
2337 3568 2422 3617 est
2450 3577 2637 3616 arcum
2668 3575 2772 3631 pro
2796 3561 3016 3616 insidiis
3052 3575 3281 3631 ponere.

325 3654 509 3719 Ten-a,
537 3651 594 3707 id
622 3658 703 3709 est
729 3651 1044 3722 corporalis
1068 3652 1375 3722 appetitus,
1409 3668 1446 3706 α
1487 3655 1727 3708 Domino.
2191 3651 2365 3709 Vens.
2397 3652 2450 3704 6.
2472 3679 2541 3691 —
2575 3670 2597 3699 ι
2632 3649 2702 3705 Et
2722 3649 2978 3719 concepit
3021 3650 3214 3706 adhuc
3263 3658 3318 3706 et
3360 3650 3574 3720 peperit
3617 3648 3822 3704 ﬁliam.

392 3739 564 3797 Vens.
607 3742 660 3794 3.
706 3769 767 3779 -—
816 3760 845 3789 «
893 3739 965 3795 Et
1012 3739 1172 3806 abiit,
1219 3747 1274 3795 et
1320 3739 1534 3808 accepit
1573 3739 1781 3795 Gomer
1837 3739 2014 3795 ﬁliam
2128 3761 2148 3788 ι
2183 3740 2256 3795 Et
2287 3738 2434 3795 dixit
2461 3738 2532 3794 ei.
2579 3737 2733 3795 Voca
2778 3752 2987 3793 nomen
3032 3738 3159 3808 ejus
3214 3738 3445 3809 Absque
3494 3737 3828 3793 misericor-

330 3850 351 3877 ο
376 3828 684 3896 Debelaim,
725 3835 781 3884 et
823 3828 1098 3896 concepit,
1148 3835 1204 3884 et
1250 3828 1465 3897 peperit
1507 3827 1707 3884 tilium.
1761 3849 1783 3877 ι
1833 3829 2012 3894 Abiit,
2129 3848 2150 3878 ι
2184 3828 2306 3895 dia;
2337 3827 2476 3898 quia
2506 3840 2621 3882 non
2643 3826 2851 3882 addam
2881 3826 3035 3882 ultra
3083 3826 3340 3883 misereri
3382 3826 3574 3882 domui
3627 3825 3829 3889 Israel.

325 3931 457 3972 cum
490 3917 637 3972 asui
676 3916 811 3972 boni
850 3923 1014 3972 actus
1051 3916 1522 3981 consideratione,
1568 3916 1896 3986 fiduciaque
1925 3930 2013 3972 re-
2129 3939 2151 3967 ο
2205 3916 2302 3973 sed
2350 3914 2641 3971 oblivione
2689 3914 2996 3971 obliviscar
3024 3928 3244 3970 eorum.
3276 3935 3304 3966 η
3328 3915 3520 3970 Adhuc
3555 3914 3828 3983 concipit,

325 4005 494 4060 cedit.
551 4004 757 4060 Gomer
811 4003 1224 4073 interpretatur
1274 4006 1443 4069 lacus,
1498 4004 1554 4059 id
1609 4012 1694 4059 est
1745 4004 2012 4069 cisterna,
2126 4005 2420 4074 ﬁliamque
2448 4005 2615 4074 parit,
2648 4018 2780 4059 cum
2814 4012 2936 4073 post
2974 4003 3301 4074 rigidiorem
3349 4010 3563 4059 statum
3609 4003 3683 4058 ad
3738 4002 3832 4058 in-

329 4090 619 4148 Debelaim
660 4091 861 4160 palata:
902 4106 1102 4145 eorum.
1154 4090 1299 4147 Sunt
1344 4098 1535 4147 autem
1583 4091 1783 4162 palatae
1815 4092 2017 4148 carica:
2127 4094 2380 4149 ﬁrmiora
2412 4107 2526 4149 non
2558 4091 2763 4149 solum:
2795 4091 3100 4161 cogitanda
3139 4093 3237 4147 sed
3284 4091 3455 4147 etiam
3503 4092 3835 4161 peragenda

330 4187 599 4242 recentes.
634 4178 782 4235 inter
812 4179 958 4235 duas
987 4179 1147 4249 palas
1171 4180 1479 4249 premendo
1510 4179 1570 4235 in
1609 4180 1843 4236 modum
1874 4180 2019 4236 late-
2128 4196 2248 4238 sese
2279 4180 2545 4237 deflectit.
2578 4180 2626 4235 A
2670 4180 2785 4235 Deo
2817 4188 3008 4236 tamen
3054 4180 3371 4250 imperatur
3397 4187 3461 4234 ut
3493 4195 3684 4234 nomen
3712 4179 3835 4250 ejus

329 4283 463 4326 rum
491 4274 820 4337 compactae.
856 4268 1047 4324 Gomer
1075 4268 1299 4338 accipit,
1334 4282 1469 4323 cum
1516 4268 1695 4324 solam
1730 4268 2024 4323 lasciviam
2065 4261 2107 4315 Ι)
2134 4271 2353 4340 Absque
2383 4268 2758 4325 misericordia
2788 4276 3040 4335 vocetur,
3090 4268 3229 4338 quia
3273 4282 3498 4339 semper
3540 4281 3613 4323 ex
3662 4268 3838 4324 ratio-

333 4356 497 4427 quasi
528 4355 774 4424 laticem,
813 4370 944 4425 qum
994 4356 1150 4413 intra
1197 4371 1256 4413 se
1305 4356 1459 4425 latet,
1505 4357 1764 4413 attendit.
1799 4358 1871 4413 Et
1905 4357 2027 4413 haec
2135 4360 2226 4415 nis
2245 4359 2352 4415 sibi
2382 4357 2787 4414 deliberatione
2833 4357 3137 4427 ingeritur,
3188 4371 3259 4412 ne
3302 4371 3440 4427 erga
3486 4356 3678 4412 carnis
3706 4370 3834 4413 ma-

330 4443 551 4502 estﬁlia
581 4443 895 4513 Debelaim,
928 4444 1069 4514 quia
1094 4458 1437 4501 venenosam
1464 4445 1825 4501 dulcedinem
1848 4460 2022 4500 mun-
2136 4448 2478 4503 cerationem
2534 4446 2731 4516 aliqua
2793 4445 2935 4501 falsa
3010 4445 3216 4515 pietate
3274 4445 3563 4501 moliatur.
3637 4444 3837 4501 Solent

332 4530 518 4599 dialis,
559 4546 690 4602 quae
719 4546 821 4602 per
850 4533 1008 4603 palas
1038 4533 1322 4605 signatur,
1358 4533 1628 4604 voluptas
1652 4534 1724 4590 ob
1756 4534 1845 4589 sui
1875 4533 2025 4589 dila-
2136 4535 2288 4590 enim
2333 4535 2435 4604 qui
2482 4534 2727 4605 vigilant
2778 4534 3011 4590 cerebro
3067 4548 3172 4590 suo
3230 4534 3461 4603 timere;
3518 4534 3619 4603 qui
3669 4533 3834 4598 ﬂent,

334 4619 604 4676 tationem
636 4619 841 4692 gignit.
887 4621 1143 4692 Concipit
1176 4628 1467 4689 tamen,et
1498 4622 1648 4692 parit
1684 4636 1800 4678 non
1826 4622 2024 4691 ﬁliam,
2135 4623 2342 4689 oculis;
2371 4623 2472 4694 qui
2512 4622 2798 4693 jejunant,
2860 4623 3084 4693 corpori
3144 4621 3435 4677 universo.
3490 4622 3617 4678 Non
3675 4621 3837 4691 quod

335 4709 433 4766 sed
468 4710 666 4783 ﬁlium,
698 4709 837 4781 quia
868 4710 1007 4767 dum
1039 4710 1097 4766 in
1131 4710 1253 4766 suis
1288 4710 1395 4767 sibi
1439 4709 1661 4767 vilescit
1705 4711 2024 4778 obtutibus,
2139 4712 2345 4767 horum
2373 4711 2638 4767 nimietas
2658 4710 2971 4767 inhibenda
3006 4725 3122 4767 non
3153 4710 3244 4778 sit,
3290 4711 3386 4766 sed
3435 4710 3590 4782 quod
3638 4709 3688 4765 si
3737 4710 3839 4765 ni-

337 4812 453 4854 non
481 4799 855 4869 consequitur
882 4798 1208 4855 effeminata
1236 4799 1519 4868 mollities,
1551 4799 1646 4856 sed
1686 4799 2025 4865 masculina,
2139 4801 2318 4857 mium
2368 4800 2713 4871 levigentur,
2749 4800 2913 4856 obsit.
2959 4799 3059 4855 Cui
3110 4798 3377 4856 concinit‘
3402 4798 3600 4869 illudi:
3641 4819 3662 4848 ι
3708 4798 3841 4854 Pel—

338 4886 511 4944 utsic
541 4887 784 4943 dixerim
823 4888 1029 4944 virtus.
2140 4889 2240 4956 les,
2300 4889 2510 4959 inquit,
2577 4888 3087 4944 tabernaculorum
3143 4894 3377 4943 tuorum
3421 4886 3686 4952 extende,
3726 4900 3840 4941 ne-

406 4976 579 5034 Vnns.
635 4978 689 5031 4.
720 5006 788 5019 -
818 4999 841 5027 ‹
897 4978 968 5033 Et
997 4976 1144 5033 dixit
1190 4976 1467 5033 Dominus
1516 4976 1590 5033 ad
1647 4990 1830 5033 eum:
1876 4977 2032 5034 Voca
2139 4991 2341 5048 parcas
2389 4978 2544 5048 (Isai.
2606 4991 2718 5044 LIV,
2760 4976 2835 5044 2).
2878 4997 2898 5024 ι
2934 4974 3096 5042 Quod
3147 4982 3232 5031 est
3259 4975 3495 5031 dicere:
3551 4974 3842 5043 Exempla

340 5086 366 5113 »
398 5079 609 5121 nomen
639 5066 766 5137 ejus
791 5066 1067 5132 Jezrahel,
1109 5065 1382 5136 quoniam
1412 5066 1611 5121 adhuc
1641 5065 1949 5131 modicum,
1976 5073 2033 5122 et
2138 5073 2490 5133 sanctorum,
2552 5079 2804 5134 quorum
2878 5063 3218 5120 auctoritate
3287 5063 3551 5130 muniris,
3624 5063 3683 5117 in
3736 5070 3841 5118 tuo

341 5172 370 5201 »
398 5153 641 5210 visitabo
670 5153 1014 5225 sanguinem
1045 5153 1318 5221 Jezrahel,
1362 5167 1537 5224 super
1579 5153 1816 5210 domum
1859 5154 2027 5221 Jehu,
2138 5168 2307 5223 opere
2352 5153 2475 5210 sine
2524 5152 2644 5209 ulla
2692 5153 3093 5210 retractatione
3119 5165 3395 5222 propaga.
3449 5151 3575 5207 Non
3613 5165 3674 5207 se
3734 5151 3843 5206 ad-

346 5262 367 5290 ι
402 5248 459 5297 et
483 5243 774 5311 quiescere
808 5242 1008 5299 faciam
1042 5256 1288 5315 regnum
1319 5242 1526 5298 domus
1550 5242 1743 5298 Israel.
1782 5264 1804 5292 ι
1841 5243 2030 5297 Domi-
2138 5241 2398 5298 diturum
2457 5242 2610 5298 Deus
2664 5240 2918 5297 misereri
2964 5240 3140 5296 Israel
3187 5239 3507 5310 pollicetur,
3553 5239 3693 5295 dum
3736 5253 3842 5309 per

338 5345 441 5384 nus
469 5330 542 5384 ad
570 5346 688 5385 eum
719 5331 876 5398 dicit,
905 5346 1039 5388 cum
1070 5332 1227 5402 quod
1258 5346 1431 5401 super
1457 5346 1562 5387 suo
1605 5337 1758 5386 statu
1790 5343 2030 5400 pensare
2140 5329 2520 5409 instinctuum
2542 5343 2717 5386 suum
2765 5335 2965 5393 contra
2991 5342 3050 5384 se
3078 5316 3339 5384 indurari
3361 5327 3557 5384 edocet
3585 5341 3702 5393 eos,
3729 5327 3836 5396 qui

340 5418 563 5484 debeat,
619 5419 882 5476 ostendit.
929 5420 1179 5477 Jezrahel
1230 5422 1641 5490 interpretatur
1685 5434 1862 5473 semen
1907 5421 2029 5474 Dei.
2140 5432 2244 5488 pro
2272 5433 2332 5474 se
2385 5425 2658 5474 aeternam
2690 5416 3113 5487 'parcimoniam
3148 5416 3511 5486 proﬁtentur,
3546 5415 3644 5471 sed
3700 5416 3841 5470 obli-

340 5509 546 5565 Semen
574 5522 711 5581 ergo
740 5508 840 5566 Dei
869 5509 1062 5566 vocari
1088 5509 1243 5565 ﬁlius
1277 5507 1627 5580 prmoipitur,
1664 5506 1805 5579 quia
1863 5506 2034 5564 robu~
2139 5509 2294 5562 vione
2316 5505 2571 5563 oblivisci
2593 5521 2795 5572 eorum,
2827 5506 2967 5563 dum
3009 5506 3165 5576 quod
3195 5505 3253 5561 in
3281 5519 3401 5561 sua:
3443 5504 3838 5561 conversionis
