3904 6066
165 222 285 276 345

910 218 1369 277 TROPOLOGle
1409 218 1476 273 IN
1513 217 1714 274 OSEE.
1756 216 1941 272 AMOS
1979 216 2065 272 ET
2104 217 2251 273 JER.
2294 240 2363 259 —
2402 216 2532 271 LIB.
2573 215 2619 270 Ι.
2660 217 2728 270 ΙΝ
2769 216 2973 271 OSEE.

3583 216 3686 269 346

164 345 365 403 initiis
408 346 578 404 semel
616 345 996 403 obliterarunt
1038 361 1073 403 a
1101 346 1391 409 cordibus,
1430 352 1709 417 perpetua
1736 345 1875 401 sub-
1912 348 1960 399 Α
1989 346 2170 402 divini
2201 346 2417 402 timoris
2461 353 2566 414 est,
2611 354 2668 402 et
2720 346 3082 403 condimento
3131 345 3342 403 divinae
3390 344 3685 416 sapientia:

166 435 457 491 ductione
500 436 842 492 dimoveant.
898 435 1204 492 Sciendum
1252 442 1446 491 autem
1487 434 1641 505 quod
1693 433 1879 505 gemi-

167 523 450 580 nationes
495 525 824 591 verborum,
874 532 940 580 ut
987 530 1090 592 est,
1121 526 1236 578 vita
1281 525 1482 591 vivere,
1511 528 1679 577 morte
1716 523 1874 586 mori,

168 621 231 669 et
258 620 474 669 catera
506 612 596 667 his
623 613 848 679 similia,
905 612 1218 669 vernacula
1253 612 1624 669 Hebraeorum
1670 611 1880 667 locutio

171 702 375 771 magis
406 715 584 771 quam
615 708 786 771 typus
814 701 1025 771 aliquis
1053 700 1144 756 sit.

250 790 430 846 Vsus.
461 795 517 842 7.
561 819 631 828 —
683 812 704 839 ι
758 791 828 845 Ει
876 790 1073 845 domui
1114 789 1265 845 Juda
1316 787 1645 855 miserebor,
1690 795 1745 844 et
1775 787 1882 844 sal-

179 900 202 927 ι
242 878 399 933 vabo
422 893 518 934 eos
546 877 605 932 iu
638 878 878 932 Domino
938 879 1050 934 Deo
1093 892 1218 944 suo,
1254 884 1307 933 et
1354 892 1471 933 non
1506 877 1741 933 salvabo
1786 890 1882 932 eos

177 989 202 1015 ι
246 968 311 1022 in
342 981 507 1032 arcu,
541 974 596 1022 et
653 965 860 1037 gladio,
895 974 951 1022 et
998 968 1055 1021 in
1104 964 1276 1035 bello,
1321 973 1376 1022 et
1421 965 1476 1021 in
1507 966 1691 1036 equis,
1725 973 1780 1021 et
1823 965 1880 1020 in

180 1076 204 1103 ι
251 1054 628 1124 equitibus.»
684 1054 876 1121 [srael,
928 1063 983 1109 et
1026 1054 1175 1109 Juda
1219 1055 1432 1110 habent
1477 1055 1700 1121 domus,
1743 1052 1882 1123 quia

176 1142 447 1199 diversos
475 1143 548 1198 ab
582 1142 825 1198 invicem
858 1142 1071 1198 habent
1100 1150 1303 1199 status.
1337 1146 1529 1198 Domui
1566 1157 1703 1212 ergo
1731 1142 1883 1198 Juda

176 1231 510 1297 miseretur,
562 1230 702 1301 quia
749 1245 862 1298 eos,
926 1230 1143 1302 quibus
1200 1231 1307 1301 pia;
1373 1231 1742 1287 confessionis
1786 1231 1882 1286 in-

178 1319 388 1390 dulget
417 1318 684 1390 gratiam,
718 1327 1033 1375 reveretur.
1087 1318 1279 1376 Salvat
1307 1335 1391 1374 eos
1422 1323 1480 1374 in
1520 1323 1748 1375 Domino
1778 1322 1882 1373 Deo

175 1423 299 1473 suo,
333 1408 492 1477 quod
520 1416 575 1463 et
623 1408 815 1478 ipsum
859 1407 1138 1464 Hebraica
1187 1408 1395 1464 locutio
1443 1416 1545 1475 est,
1592 1408 1746 1478 quod
1798 1414 1883 1462 est

176 1495 241 1551 in
269 1496 479 1564 seipse,
527 1495 666 1552 dum
714 1510 786 1552 ex
838 1510 903 1551 eo
951 1496 1107 1567 quod
1154 1497 1441 1552 dominari
1484 1511 1617 1552 eum
1669 1497 1878 1563 sciunt,

176 1584 427 1655 timent;
456 1599 528 1640 ex
556 1599 622 1640 eo
664 1584 819 1655 quod
850 1585 1032 1641 Deum
1064 1593 1298 1653 norunt,
1332 1600 1392 1642 se
1417 1600 1551 1641 eum
1583 1585 1881 1641 habituros

178 1672 241 1728 in
272 1646 512 1743 praemio
540 1687 615 1729 ex
654 1646 845 1728 amore
894 1681 1144 1743 sperant.
1190 1646 1354 1740 Quod
1393 1678 1575 1730 totum
1606 1673 1685 1729 nil
1720 1673 1880 1729 aliud
1921 1646 1960 1699 Β

175 1770 264 1818 est
292 1775 474 1831 quam
507 1762 710 1817 timore
742 1762 1015 1830 primum,
1047 1761 1257 1817 dehinc
1286 1776 1483 1818 amore
1512 1762 1744 1817 salvari.
1778 1763 1884 1818 Do-

182 1849 347 1905 mino
404 1849 559 1905 enim
611 1848 796 1911 timor,
831 1857 891 1905 ut
938 1850 1208 1920 Aggeus:
1258 1871 1285 1900 «
1319 1850 1375 1906 Si
1424 1865 1530 1922 ego
1578 1850 1877 1919 Dominus,

182 1939 284 1995 ubi
313 1938 487 1994 timor
518 1938 731 1994 meus?
771 1940 928 2008 (Mal.
954 1954 990 2007 ι,
1022 1939 1106 2009 6.)
1132 1961 1153 1988 ι
1192 1940 1305 1995 Deo
1332 1947 1521 1995 autem
1556 1954 1622 1996 ac
1650 1941 1696 1996 si
1731 1942 1881 2011 patri

180 2038 351 2080 amor
394 2024 616 2080 attinet.
656 2023 819 2080 Unde
868 2024 1086 2080 isdem:
1139 2046 1167 2074 «
1200 2025 1255 2080 Si
1287 2040 1412 2095 ego,
1463 2025 1671 2097 inquit,
1722 2035 1885 2097 pater

180 2113 287 2170 ubi
319 2113 504 2168 honor
536 2112 745 2168 meus?
766 2112 964 2179 tlbid.)
997 2134 1017 2160 ι
1075 2114 1145 2169 Ει
1174 2129 1278 2168 non
1316 2114 1501 2169 salvat
1530 2131 1615 2169 eos
1641 2119 1699 2171 in
1730 2133 1880 2184 arcu,

182 2202 327 2272 quia
355 2201 517 2256 nullo
562 2215 683 2256 sure
711 2200 913 2271 rigidae
938 2201 1273 2257 intentionis
1306 2202 1499 2259 labore
1525 2204 1880 2276 consolidat;

180 2304 290 2345 nec
340 2288 533 2360 gladio
598 2288 955 2345 discretionis
1020 2289 1309 2358 observat,
1366 2306 1556 2362 neque
1610 2296 1670 2347 in
1728 2293 1881 2360 bello,

183 2377 328 2447 quia
358 2391 490 2432 cum
522 2377 677 2433 vitiis
724 2378 994 2448 frequens
1051 2379 1307 2447 dimicat,
1349 2396 1455 2434 non
1507 2384 1562 2435 in
1596 2384 1768 2450 equis,
1824 2384 1884 2438 in

186 2479 304 2534 quo
338 2464 552 2521 scilicet
580 2466 772 2521 carnis
808 2466 1187 2536 petulantiam
1230 2468 1451 2534 fraanat,
1505 2485 1612 2524 non
1641 2473 1700 2524 in
1725 2474 1885 2540 equi-

184 2555 354 2621 tibus,
384 2554 478 2609 ubi
508 2555 665 2609 omni
714 2556 999 2625 superbiae
1041 2571 1108 2612 ac
1154 2557 1495 2613 animalitati
1545 2560 1883 2630 superequi-

185 2650 289 2707 tat,
325 2643 649 2712 quidquam
684 2644 1045 2700 salutiferam
1091 2646 1173 2701 eis
1211 2655 1461 2715 praestat.
1507 2647 1666 2714 Quod
1704 2656 1883 2704 totum

184 2737 307 2784 est:
346 2752 366 2777 ι
418 2729 543 2784 Non
584 2730 845 2797 volentis,
881 2745 1069 2801 neque
1109 2732 1416 2797 currentis,
1461 2734 1559 2789 sed
1606 2735 1885 2790 miseren-

187 2817 259 2873 tis
278 2826 365 2873 est
399 2819 493 2873 Dei
530 2818 697 2890 (Rom.
734 2834 808 2880 ix.
862 2821 965 2888 10),
1004 2841 1025 2869 ι
1064 2827 1129 2878 ut
1159 2836 1275 2876 non
1315 2823 1448 2892 quis
1495 2823 1555 2878 in
1584 2823 1878 2891 exercitio,

186 2906 284 2961 sed
316 2906 411 2961 Dei
438 2906 657 2963 nitatur
677 2907 916 2963 auxilio.

258 2995 432 3050 Vens.
483 2997 535 3057 8,
568 2997 619 3048 9.
678 3026 747 3036 —
802 3017 823 3045 ι
884 2997 958 3051 Ει
1002 2996 1310 3053 ablactavit
1364 3012 1511 3066 eam,
1572 3014 1705 3069 quin
1764 3007 1886 3057 erat

191 3104 215 3133 ι
250 3084 490 3154 Absque
550 3084 960 3140 misericordia.
1010 3087 1081 3141 Et
1125 3087 1405 3157 concepit,
1447 3096 1503 3143 et
1553 3088 1769 3157 peperit
1812 3088 1882 3144 fi-

187 3196 215 3221 »
252 3172 415 3227 lium.
449 3172 520 3227 Et
557 3172 739 3228 dixit:
786 3173 941 3229 Voca
992 3188 1198 3229 nomen
1256 3176 1419 3245 ejus:
1468 3177 1594 3233 Non
1637 3177 1884 3247 populus

192 3282 213 3310 ι
245 3275 431 3325 meus,
465 3261 607 3330 quia
635 3275 735 3316 vos
771 3275 883 3316 non
918 3262 1165 3332 populus
1211 3277 1393 3331 meus,
1424 3272 1479 3321 et
1508 3279 1612 3336 ego
1643 3281 1757 3321 non
1786 3280 1884 3322 ero

191 3369 213 3396 ι
251 3356 440 3404 vester
482 3350 649 3404 Deus.
703 3369 731 3398 »
783 3350 924 3404 Filia
972 3350 1316 3419 ablactatur,
1362 3367 1494 3408 cum
1528 3368 1561 3408 a
1606 3354 1885 3411 lenocinio

187 3450 383 3506 pravae
432 3437 782 3493 remissionis
829 3439 1145 3494 absistitur.
1209 3439 1440 3496 Nosmet
1500 3455 1752 3512 namque
1795 3443 1885 3498 la-

186 3532 433 3591 ctamus,
484 3540 618 3581 cum
667 3540 769 3581 nos
817 3526 981 3583 nobis
1020 3528 1185 3583 bonis
1228 3529 1375 3585 male
1405 3531 1689 3599 parcendo
1723 3531 1885 3587 labo-

187 3611 351 3668 ribus
377 3613 530 3668 intra
574 3627 679 3668 nos
708 3613 1039 3670 adulamur.
1081 3615 1338 3686 Concipit
1389 3617 1611 3683 deinde,
1642 3624 1696 3673 et
1737 3619 1885 3688 parit

184 3700 387 3771 ﬁlium,
433 3715 566 3757 cum
624 3702 1097 3773 deexperientia
1150 3707 1398 3776 propriae
1447 3705 1777 3778 fragilitatis
1824 3708 1883 3762 in

187 3790 477 3846 fortiorem
528 3790 768 3861 emergit
822 3799 1059 3848 statum.
1115 3794 1317 3850 Vocari
1360 3809 1550 3849 nomen
1600 3796 1717 3864 ejus
1767 3798 1885 3852 Non

181 3880 421 3949 populus
442 3893 586 3933 meus
616 3878 799 3949 jubet,
833 3881 973 3950 quia
1002 3882 1429 3951 quantumlibet
1449 3883 1506 3937 in
1537 3884 1686 3940 bono
1714 3899 1885 3955 opere

185 3978 547 4033 exerceatur,
579 3969 749 4022 etiam
776 3982 909 4024 cum
939 3983 1167 4025 summa
1199 3972 1434 4041 gesserit
1473 3972 1700 4029 inutilia
1725 3975 1885 4045 apud

187 4056 500 4112 secenseri
555 4056 736 4124 docet,
793 4071 866 4112 ne
944 4058 1157 4115 scilicet
1232 4060 1597 4116 securitatem
1658 4062 1885 4132 piorum

187 4143 513 4200 studiorum
542 4145 594 4199 ei
626 4144 875 4214 populus
904 4147 1111 4215 pariat,
1141 4147 1247 4203 etsi
1275 4149 1347 4204 ad
1370 4149 1476 4205 hoc
1504 4150 1687 4206 multa
1711 4151 1885 4207 etiam

189 4229 794 4298 irreprehensibililate
840 4233 1100 4291 desudat.
1162 4236 1322 4292 Unde
1368 4244 1488 4293 est:
1524 4260 1545 4287 ι
1599 4238 1756 4295 Servi
1791 4239 1882 4295 in-
1924 4221 1967 4275 D

189 4317 360 4373 utiles
392 4332 614 4386 sumus,
668 4320 822 4391 quod
871 4321 1179 4379 debuimus
1226 4323 1411 4381 facere
1459 4325 1700 4383 fecimus
1729 4327 1881 4394 (Luc.

187 4420 326 4470 xvu,
364 4409 474 4475 10).
516 4428 537 4455 ι
569 4409 673 4464 Ει;
709 4429 737 4459 α
769 4410 956 4466 Nescit
987 4411 1159 4467 homo
1184 4420 1382 4469 utrum
1429 4427 1622 4470 amore
1651 4429 1725 4470 an
1755 4415 1885 4471 odio

186 4494 260 4552 sit
288 4495 505 4565 dignus
552 4496 756 4566 (Eccle.
798 4514 876 4565 ix,
930 4500 1004 4567 l).
1062 4522 1083 4549 ι
1136 4499 1471 4558 Affectando
1501 4511 1695 4559 autem
1742 4518 1885 4559 con-

188 4583 456 4652 cipimus,
516 4584 815 4643 efficiendo
856 4587 1132 4657 parimus.
1168 4592 1274 4644 Vos
1309 4605 1417 4643 non
1458 4592 1695 4660 populus
1736 4607 1883 4646 meus

188 4672 347 4737 dicit,
383 4673 524 4742 quia
572 4675 781 4731 mentis
843 4676 1144 4733 obtutibus
1209 4679 1425 4748 peccati
1473 4683 1711 4750 semper‘
1741 4695 1885 4736 con-

185 4759 535 4818 sideratione
569 4763 803 4833 praelata
850 4779 922 4821 ne
967 4767 1246 4837 reprobus
1290 4767 1643 4833 inveniatur,
1685 4768 1883 4840 cujus-

187 4864 302 4920 que
333 4857 619 4907 tumorem
673 4853 878 4909 reflare
911 4868 1025 4910 non
1077 4854 1301 4912 desinit.
1359 4856 1520 4913 Unde
1564 4862 1616 4912 et
1659 4873 1766 4912 non
1795 4873 1883 4912 ero

184 4943 362 4992 vester
392 4940 529 4993 Deus
575 4940 974 5013 subjungitur,
1006 4950 1070 4999 ut
1117 4958 1339 5014 semper
1385 4945 1571 5001 omnis
1613 4945 1884 5016 quaelibet

186 5025 342 5082 bona
371 5040 550 5098 agens
580 5028 650 5085 de
686 5043 793 5086 sua
824 5039 975 5088 sorte
1018 5031 1217 5088 futura
1247 5033 1451 5089 debere
1498 5041 1753 5091 metuere
1782 5035 1883 5091 do-

186 5124 409 5173 ceatur.

259 5203 437 5261 Vens.
473 5204 557 5259 lO.
588 5233 662 5247 —
712 5228 734 5256 α
789 5208 859 5263 Et
905 5208 1013 5264 erit
1067 5223 1348 5266 numerus
1411 5210 1660 5268 filiorum
1704 5213 1882 5269 Israel

187 5313 217 5346 ιι
248 5292 421 5365 quasi
447 5306 625 5350 arena
662 5296 856 5363 maris,
901 5311 1033 5368 qua
1079 5298 1203 5355 sine
1234 5313 1509 5356 mensura
1535 5307 1637 5369 est,
1683 5309 1738 5358 et
1765 5317 1881 5359 non

194 5404 215 5430 ι
248 5381 677 5439 numerabitur.
740 5406 763 5433 ι
821 5386 1088 5441 Filiorum
1166 5389 1346 5443 Israel
1396 5404 1651 5443 numerus
1723 5393 1886 5460 quasi

190 5487 361 5526 arena
402 5473 574 5526 maris
610 5479 712 5541 est,
752 5487 887 5530 cum
916 5473 1234 5533 affectualis
1261 5476 1463 5534 levitas
1492 5477 1602 5534 sub
1631 5479 1886 5550 pondere

1988 435 2222 491 fatuitas
2264 435 2491 491 interna
2549 435 2772 492 salitur.
2833 435 2941 491 Sed
2992 434 3166 501 enim,
3225 442 3291 491 ut
3340 434 3560 499 dicunt,
3612 446 3685 488 ex

1987 522 2277 579 maritima
2306 537 2482 578 arena
2510 521 2851 593 conficitur;
2885 538 3004 593 quae
3055 530 3246 577 tamen
3290 523 3405 574 sine
3432 534 3686 574 mensura

1987 616 2086 676 est,
2143 617 2194 666 et
2242 627 2348 667 non
2402 618 2738 678 numeratur,
2818 612 2958 681 quia
3036 624 3388 680 quocunque
3445 607 3682 677 superni

1988 708 2175 757 metus
2218 700 2460 756 artificio
2511 700 2923 771 cogitationum
2967 698 3229 755 inanium
3279 697 3536 752 minutiae
3580 696 3681 751 de-

1988 790 2337 859 primantur,
2372 802 2677 858 nunquam
2714 796 2903 843 tamen
2955 788 3027 843 ad
3074 787 3362 857 integrum
3409 783 3679 851 cohiberi,

1988 885 2091 932 aut
2144 876 2550 946 comprehendi
2603 884 2840 947 possunt
2895 876 2969 932 ab
3028 890 3093 931 eo
3145 875 3262 943 ipso
3311 873 3413 943 qui
3446 872 3677 942 patitur.

1988 966 2317 1022 Mensuram
2374 973 2568 1021 autem
2614 964 2808 1034 accipe
2864 965 2935 1020 ad
2993 978 3307 1020 excursum
3377 960 3678 1030 appetitus,

1990 1068 2298 1110 numerum
2327 1067 2463 1109 vero
2512 1053 2584 1108 ad
2631 1053 2861 1109 crebras
2899 1050 3283 1108 revolutiones
3331 1048 3542 1105 interni
3579 1036 3679 1118 qui

1989 1144 2051 1199 fit
2078 1142 2383 1214 cogitando
2416 1150 2655 1198 rotatus.
2689 1165 2709 1190 ι
2762 1144 2830 1198 Ει
2876 1142 3002 1206 erit,
3053 1140 3111 1195 in
3161 1140 3281 1196 loco
3319 1139 3419 1195 ubi
3460 1138 3683 1193 dicetur

1991 1253 2019 1281 ι
2047 1232 2148 1299 eis,
2180 1231 2306 1287 Non
2351 1230 2603 1300 populus
2635 1244 2796 1286 meus
2834 1244 2956 1295 vos,
3002 1229 3224 1284 dicetur
3254 1228 3368 1284 eis:
3423 1226 3549 1281 Filii
3580 1224 3679 1280 Dei

1994 1319 2308 1375 :viventis.
2345 1340 2364 1366 ι
2431 1320 2574 1382 Erit,
2631 1317 2841 1387 inquit,
2898 1316 3047 1370 idem
3105 1315 3260 1385 quod
3316 1314 3522 1380 dicam,
3582 1328 3682 1382 pro

1990 1413 2131 1464 certo
2176 1407 2462 1462 constabit.
2520 1408 2618 1461 Est
2657 1413 2851 1461 autem
2901 1403 3161 1461 Hebraici
3210 1404 3402 1470 moris,
3453 1402 3601 1457 sicut
3627 1408 3683 1457 et

1989 1497 2137 1554 illud
2160 1496 2314 1566 quod
2342 1495 2691 1566 quibusdam
2728 1492 3073 1565 propheticis
3123 1491 3316 1547 verbis
3364 1488 3680 1561 praescribi-

1990 1594 2108 1651 tur,
2174 1601 2400 1654 semper,
2454 1591 2518 1639 ut
2581 1583 2796 1639 scilicet
2842 1596 2903 1638 se
2947 1586 3168 1647 eterna,
3229 1593 3345 1634 non
3401 1574 3685 1632 volubilia

1991 1676 2311 1729 denuntiare
2364 1672 2705 1743 significent.
2781 1671 2965 1726 Locus
3045 1676 3237 1724 autem
3317 1672 3527 1731 noster,
3583 1661 3686 1717 Dei

1992 1764 2160 1819 timor
2190 1769 2292 1818 est.
2337 1762 2495 1817 Sicut
2540 1761 2694 1817 enim
2751 1759 3033 1831 gaudium
3087 1756 3289 1813 effusio
3328 1754 3534 1810 mentis
3579 1759 3683 1816 est,

1990 1852 2068 1908 ita
2102 1851 2273 1907 timor
2329 1850 2628 1905 restrictio.
2682 1848 2843 1906 Unde
2895 1851 3016 1904 est:
3082 1868 3104 1897 ι
3161 1847 3293 1902 Haec
3352 1841 3687 1899 recordatus

1989 1954 2140 2007 sum,
2177 1947 2232 1996 et
2265 1945 2409 1995 196
2474 1938 2649 1995 effudi
2712 1937 2770 1993 in
2831 1952 2923 1993 me
2979 1935 3233 1992 animam
3286 1946 3474 1989 meam
3518 1930 3683 2001 (Psal.

1988 2045 2102 2095 xu,
2136 2031 2213 2095 5),
2246 2047 2274 2081 »
2307 2035 2414 2083 etc.
2448 2028 2553 2083 Et:
2592 2049 2614 2077 ι
2650 2028 2715 2082 in
2747 2026 2916 2092 valle,
2949 2025 3161 2095 inquit,
3212 2024 3597 2092 lacrymarum
3626 2018 3683 2073 in

1990 2117 2111 2173 loco
2160 2131 2333 2187 quem
2383 2116 2547 2186 posui
2601 2116 2770 2187 (Psal.
2828 2129 3059 2180 Lxxxui,
3111 2112 3188 2181 7),
3236 2133 3257 2161 ι
3301 2109 3405 2182 qui
3444 2122 3559 2165 non
3602 2114 3687 2163 est

1990 2205 2141 2261 alius
2196 2219 2376 2275 quam
2436 2205 2607 2260 timor
2651 2211 2707 2260 et
2756 2203 3072 2259 humilitas.
3128 2202 3193 2256 In
3238 2200 3363 2267 hoc,
3417 2197 3682 2267 inquam,

1990 2293 2132 2358 loco,
2182 2293 2280 2349 ubi
2302 2292 2619 2363 spiritualis
2662 2300 2908 2348 mentem
2939 2288 3289 2361 populositas
3320 2302 3460 2358 pene
3489 2299 3684 2342 exsor-

1991 2390 2133 2439 tesa
2163 2383 2275 2439 Deo
2326 2396 2429 2438 nos
2480 2382 2644 2439 nobis
2692 2380 2874 2436 videri
2924 2379 3116 2435 efficit.
3146 2378 3282 2431 Filii
3313 2377 3409 2429 Dei
3454 2373 3684 2427 viventis

1991 2472 2286 2539 dicuntur,
2341 2471 2483 2542 quia
2542 2485 2617 2526 ex
2683 2469 2862 2526 nostri
2932 2464 3455 2536 recompensatione
3510 2473 3685 2531 quem

1990 2561 2248 2630 patimur
2277 2559 2335 2614 in
2365 2558 2726 2616 observanda
2776 2556 3099 2613 humilitate
3139 2553 3369 2619 laboris,
3405 2551 3453 2606 is
3484 2548 3685 2619 saepis-

1992 2648 2132 2704 sime
2163 2648 2384 2704 fructus
2415 2646 2649 2714 accedit,
2684 2652 2750 2702 ut
2796 2653 3088 2701 tantarum
3122 2641 3276 2698 nube
3302 2647 3521 2696 remota
3562 2645 3687 2694 tur-

1992 2738 2198 2794 barum
2233 2736 2457 2791 infinita
2484 2736 2697 2803 redeat,
2729 2742 2785 2790 et
2816 2733 3126 2804 plusquam
3170 2729 3390 2801 sperari
3438 2726 3686 2782 valuerit

1993 2824 2292 2895 placiditas
2321 2824 2673 2889 animorum,
2706 2830 2769 2879 ut
2796 2824 2916 2893 jam
2957 2836 3118 2877 mens
3148 2820 3216 2876 de
3259 2827 3475 2875 aeterna
3501 2815 3686 2871 salute

1920 2920 1960 2975 C
1992 2912 2303 2984 periclitari
2334 2927 2448 2969 non
2479 2913 2693 2980 timeat,
2727 2911 2824 2968 sed
2848 2911 2968 2982 jam
3001 2925 3100 2980 spe
3142 2908 3201 2964 in
3227 2919 3482 2977 superna
3515 2906 3686 2962 homo

1990 3003 2254 3059 sublatus
2294 3000 2518 3058 Christo
2592 3015 2725 3057 cum
2788 2999 3051 3070 Apostolo
3126 3002 3437 3067 conregnet
3510 3000 3686 3063 atque

1992 3092 2294 3148 consedeat
2336 3092 2557 3159 (Ephes.
2613 3106 2673 3158 ii,
2720 3088 2793 3157 6).
2860 3089 2979 3144 Hoc
3026 3087 3189 3142 modo
3254 3093 3437 3141 status
3483 3081 3681 3149 nostri,

1991 3180 2095 3250 qui
2120 3180 2293 3250 juxta
2326 3178 2635 3248 psalmum,
2658 3178 3071 3234 descenderant
3100 3176 3157 3230 in
3184 3174 3435 3245 abyssos,
3480 3185 3686 3226 ascen-

1991 3268 2138 3324 dunt
2186 3281 2368 3338 usque
2416 3267 2488 3322 ad
2536 3266 2706 3323 ccelos
2745 3266 2914 3337 (Psal.
2976 3280 3089 3331 cvi,
3134 3264 3248 3332 26).
3293 3261 3429 3316 Filii
3458 3261 3550 3314 Dei
3592 3256 3685 3313 di-

1992 3365 2227 3425 cuntur,
2274 3357 2373 3412 sed
2414 3358 2664 3421 viventis,
2716 3355 2871 3425 quod
2921 3354 3229 3424 vigilanter
3276 3359 3359 3408 est
3401 3349 3681 3415 additum,

1994 3453 2057 3502 ut
2083 3446 2184 3516 qui
2220 3452 2456 3501 mortem
2488 3445 2556 3500 de
2586 3443 2874 3499 interioris
2921 3456 3132 3513 pugnae
3183 3437 3683 3510 praestolabantur,

1990 3543 2220 3598 eventu,
2257 3535 2370 3590 Deo
2400 3532 2747 3589 adhmrendo
2782 3533 2851 3588 de
2890 3530 3231 3587 immortalis
3258 3528 3390 3584 vita:
3435 3539 3533 3596 spe
3562 3523 3684 3594 jam

1990 3624 2380 3680 certificentur
2412 3635 2664 3678 accessu.

2062 3712 2228 3769 Vens.
2262 3714 2341 3765 ll.
2393 3739 2466 3750 —
2508 3731 2529 3759 ‹
2576 3711 2647 3766 Ει
2687 3707 3203 3780 congregabuntur
3264 3704 3367 3760 filii
3428 3702 3579 3759 Juda
3629 3709 3685 3758 et

1998 3822 2019 3851 ι
2057 3800 2156 3856 filii
2201 3798 2374 3856 Israel
2407 3799 2636 3870 pariter,
2679 3806 2735 3855 et
2764 3805 2975 3868 ponent
3009 3796 3233 3852 sibimet
3262 3801 3436 3864 caput
3474 3806 3682 3857 unum,

1996 3909 2018 3937 ι
2053 3895 2107 3943 et
2135 3887 2443 3943 ascendent
2468 3888 2538 3943 de
2568 3895 2742 3953 terra,
2775 3886 2915 3957 quia
2945 3899 3194 3956 magnus
3224 3884 3342 3939 dies
3359 3880 3631 3938 Jezrahel.
3657 3901 3677 3927 ι

1990 3978 2121 4031 Filii
2139 3976 2303 4041 Iuda,
2336 3980 2387 4030 et
2438 3976 2543 4046 ﬁlii
2583 3977 2754 4030 Israel
2792 3977 3005 4045 pariter
3055 3979 3503 4045 congregantur,
3550 3983 3684 4025 cum

1994 4066 2101 4136 piae
2148 4065 2519 4129 confessionis
2545 4064 2829 4131 alacritas,
2872 4071 2928 4120 et
2977 4062 3368 4119 affectualium
3421 4067 3684 4115 motuum

1993 4152 2273 4210 stoliditas
2301 4153 2408 4210 sub
2442 4154 2619 4209 unius
2662 4153 2762 4208 Dei
2812 4153 3034 4208 timoris
3079 4150 3311 4208 vinculo
3360 4150 3680 4220 glomeran-

1993 4251 2108 4308 tur,
2140 4242 2282 4297 dum
2314 4242 2603 4312 quidquid
2652 4241 2813 4313 vulgi
2858 4240 3119 4313 nugacis,
3170 4239 3327 4311 quod
3366 4238 3685 4294 introrsum

1993 4331 2314 4401 perstrepit.
2378 4330 2726 4387 scurrilitate
2768 4330 3138 4401 dispergitur,
3201 4334 3412 4384 sancta;
3472 4324 3686 4382 confes-

1992 4420 2168 4477 sionis
2223 4419 2568 4476 cohibitione
2637 4420 2915 4476 frenatur.
2987 4419 3168 4473 Unum
3209 4420 3374 4486 caput
3411 4414 3519 4472 sibi
3580 4428 3685 4484 po-

1994 4516 2164 4575 nunt,
2213 4509 2448 4579 quando
2490 4508 2600 4565 sub
2635 4523 2755 4564 una
2791 4508 3012 4564 ratione
3057 4507 3334 4578 magistra
3371 4519 3429 4560 se
3471 4517 3684 4572 conge-

1994 4604 2150 4664 runt,
2180 4596 2334 4653 unde
2367 4604 2423 4653 et
2469 4597 2790 4653 ascendunt
2833 4597 2904 4653 de
2954 4604 3124 4662 terra,
3167 4595 3306 4665 quia
3361 4592 3684 4649 illustrante

1991 4686 2189 4743 eadem
2242 4699 2277 4741 a
2318 4685 2430 4741 Deo
2489 4686 2745 4757 primum
2799 4685 2920 4756 ipso
2973 4686 3217 4741 lustrata
3266 4690 3450 4743 terrae.
3499 4679 3556 4735 id
3600 4685 3685 4734 est

1991 4776 2201 4841 carnis,
2235 4775 2522 4831 excedunt
2569 4775 2867 4831 desideria.
2904 4774 2976 4830 Et
3016 4773 3126 4829 hoc
3153 4772 3236 4834 fit,
3271 4772 3403 4841 quia
3426 4768 3686 4823 Jezrahel

1992 4864 2109 4919 dies
2156 4878 2386 4931 magnus
2431 4863 2644 4930 existit,
2698 4877 2911 4935 magna
2964 4862 3174 4918 scilicet
3227 4858 3456 4916 claritas
3500 4855 3684 4912 divini

1990 4952 2243 5019 seminis,
2286 4952 2343 5008 id
2378 4959 2463 5008 est
2492 4952 2901 5021 inspirationis,
2945 4965 3048 5021 per
3093 4962 3270 5021 quam
3300 4960 3437 5003 vera
3485 4943 3685 5001 humi-

1991 5041 2120 5097 litas
2144 5040 2434 5096 mentibus
2472 5039 2823 5107 insinuatur,
2870 5039 3149 5111 ignoscit;
3202 5051 3318 5094 non
3367 5037 3521 5091 enim
3564 5047 3685 5090 sese

1992 5127 2277 5199 quispiam
2311 5128 2423 5185 nisi
2447 5143 2521 5185 ex
2549 5142 2759 5199 magno
2790 5127 2890 5183 Dei
2924 5141 3118 5183 amore
3160 5126 3219 5181 in
3249 5123 3516 5195 praesenti
3546 5136 3685 5178 con-

1991 5217 2213 5274 temnit.

2662 5286 2890 5344 CAPUT
2939 5286 3008 5342 ΙΙ.

2062 5394 2234 5451 Vens.
2287 5396 2335 5448 l.
2381 5423 2451 5435 -—
2501 5412 2529 5443 α
2578 5392 2757 5450 Dicite
2811 5393 3090 5450 fratribus
3141 5390 3381 5450 vestris:
3428 5387 3687 5460 Populus

1998 5504 2017 5530 ι
2053 5496 2235 5551 meus,
2266 5489 2320 5539 et
2349 5482 2528 5539 sorori
2551 5489 2794 5540 vestrae:
2828 5482 3278 5542 Misericordiam
3306 5486 3634 5538 consecuta.
3660 5500 3680 5525 ι
