3924 6088
203 110 306 164 347

1106 115 1166 168 ν.
1207 115 1540 173 GUIBERTI
1575 118 1865 174 ABBATIS
1902 119 1958 173 S.
1998 120 2237 174 MARUE
2276 120 2368 175 DE
2410 117 2817 175 NOVlGENTO

3589 120 3697 172 348

200 239 314 295 Vos
337 245 422 295 est
450 239 674 297 Israelis
698 242 770 297 ad
798 241 942 298 filios
964 244 1113 299 Juda
1133 244 1252 314 jam
1297 260 1413 301 non
1460 245 1886 316 desperantium
1927 254 1972 304 A
2004 249 2558 319 incorrigibilitatem
2623 249 3012 306 affectualium
3083 259 3370 316 motuum,
3431 250 3527 320 qui
3578 250 3699 305 Deo

202 331 331 398 post
363 336 553 384 motus
594 329 721 385 illos
758 331 1081 401 superiores
1131 332 1201 387 de
1246 333 1429 389 salute
1472 349 1599 403 sua,
1646 337 1763 392 acsi
1805 338 1898 392 di-

204 425 436 473 cerent:
473 417 776 485 Quoniam,
819 434 852 473 ο
889 420 987 475 ﬁlii
1020 422 1189 488 Juda,
1248 430 1440 478 motus
1476 424 1690 481 scilicet
1726 426 1895 496 spiri-

204 506 406 575 tuales,
440 506 539 575 qui
588 521 692 561 nos
727 507 799 562 ad
838 508 1204 565 confessionis
1250 512 1629 568 cohortamini
1674 516 1894 584 purita-

209 601 338 659 tem,
368 608 549 649 unum
577 595 685 650 sub
718 610 832 651 uno
858 598 1040 666 capite
1078 598 1196 668 jam
1229 599 1527 669 sentimus,
1570 603 1734 657 dicite
1773 607 1894 670 fra-

207 682 378 735 tribus
418 686 631 751 vestris,
686 684 740 739 id
782 692 866 740 est
919 686 1229 743 affectuum
1263 689 1514 745 motibus
1563 691 1687 761 jam
1735 693 1898 748 vobis

205 771 618 836 consentaneis,
650 778 714 827 ut
738 781 866 842 pote
907 788 979 829 ex
1010 775 1207 831 eadem
1262 785 1444 833 matre
1488 780 1710 835 ratione
1744 781 1898 851 geni-

206 857 296 923 tis,
325 857 465 926 quia
494 859 603 915 sub
653 861 850 917 eadem
900 862 1023 933 ipsa
1061 866 1500 935 compopulares
1546 868 1698 934 estis,
1742 877 1797 924 et
1848 870 1897 925 si

204 957 323 1014 qua
354 945 599 1001 subinde
621 947 922 1017 fragilitas,
944 958 1236 1020 tanquam
1280 968 1460 1022 soror,
1507 955 1670 1011 vobis
1710 957 1896 1013 inces-

203 1031 292 1095 sit,
350 1033 619 1104 sine‘spe
667 1038 1072 1097 misericordiae
1126 1040 1294 1096 fortia
1344 1044 1735 1113 repetentibus
1781 1061 1895 1101 non

204 1119 296 1175 sit.

276 1208 447 1265 Vens.
478 1211 537 1265 2.
569 1242 638 1250 —
670 1233 691 1261 ε
729 1213 989 1271 Judicate
1034 1223 1274 1273 matrem
1313 1224 1583 1286 vestram,
1618 1220 1892 1290 judicate,

209 1317 231 1344 ι
266 1298 539 1367 quoniam
569 1298 692 1370 ipsa
716 1316 831 1358 non
861 1318 1012 1360 uxor
1036 1319 1182 1372 mea,
1209 1314 1264 1362 et
1286 1322 1392 1379 ego
1422 1322 1536 1364 non
1574 1309 1668 1364 vir
1694 1309 1840 1379 ejus.
1869 1332 1890 1357 ι

205 1384 357 1442 Licet
403 1394 564 1443 tanta
606 1389 965 1461 indulgentia
995 1396 1175 1450 sorori
1211 1402 1265 1451 et
1314 1396 1591 1453 fratribus
1636 1399 1896 1467 praebca-

204 1480 321 1541 tur,
347 1482 536 1532 tamen
557 1477 873 1548 judicanda
912 1490 996 1538 est
1036 1490 1219 1539 mater
1253 1485 1397 1541 ratio
1436 1485 1508 1541 ab
1534 1486 1898 1542 inferioribus

205 1564 325 1620 suis
373 1567 641 1635 motibus,
696 1576 976 1640 tanquam
1012 1587 1145 1642 qum
1196 1588 1393 1645 regere
1448 1590 1544 1631 eos
1600 1576 1894 1643 debuerit;

204 1660 260 1708 et
311 1653 546 1725 insuper
589 1657 924 1727 judicanda,
973 1661 1142 1729 plane
1189 1663 1527 1733 judicanda,
1572 1665 1726 1735 quod
1782 1680 1898 1721 non

207 1742 523 1811 primordia
576 1745 965 1804 delectationis
1004 1750 1361 1819 obstruserit,
1413 1767 1517 1808 nec
1570 1753 1763 1809 minus
1795 1756 1899 1825 ju-

206 1830 472 1897 dicanda,
515 1832 631 1889 imo
678 1836 868 1905 potius
909 1839 1067 1909 quod
1109 1840 1366 1910 ineptum
1410 1841 1714 1912 aliquoties
1755 1856 1901 1912 opus

207 1918 517 1988 admiserit,
554 1926 829 1992 quoniam
872 1926 931 1981 in
962 1942 1026 1983 eo
1070 1929 1225 1999 quod
1252 1938 1510 1998 externo,
1563 1931 1618 1986 id
1658 1938 1742 1987 est
1771 1932 1898 1986 dia-

208 2007 390 2064 bolico
416 2012 632 2067 semine
679 2017 1017 2085 conceperit.
1058 2019 1174 2071 Non
1203 2034 1345 2072 umor
1391 2025 1528 2086 mea,
1575 2025 1626 2074 et
1672 2036 1767 2089 ego
1795 2036 1900 2074 non

208 2097 338 2152 talis
367 2100 644 2168 germinis
689 2102 972 2159 infusione
1021 2108 1116 2160 vir
1167 2108 1304 2174 ejus.
1359 2106 1537 2163 Omne
1562 2108 1714 2163 enim
1745 2109 1900 2178 quod

209 2186 469 2242 nascitur
495 2202 569 2244 ex
602 2190 713 2246 Deo
744 2192 921 2248 nescit
954 2192 1077 2265 (aL,
1106 2196 1294 2266 vincit]
1330 2196 1612 2252 mundum
1645 2198 1699 2266 (l
1728 2198 1897 2250 Joan.

208 2289 265 2340 v,
301 2274 374 2343 4).
424 2297 445 2325 α
492 2278 732 2334 Auferat
783 2280 1187 2338 fornicationes
1237 2298 1374 2340 suas
1424 2298 1459 2339 a
1508 2285 1646 2340 facie
1689 2300 1815 2352 sua,
1847 2293 1901 2341 et

211 2379 240 2411 η
272 2362 555 2419 adulteria
581 2380 687 2422 sua
711 2368 780 2423 de
809 2370 996 2425 medio
1026 2371 1266 2426 uberum
1298 2386 1558 2428 suorum.
1592 2374 1790 2443 (Vnus.
1825 2374 1900 2441 3.)

216 2470 237 2496 ι
271 2450 353 2507 Ne
388 2451 530 2509 forte
578 2456 886 2524 exspolicm
931 2472 1057 2513 eam
1103 2461 1341 2523 nudam,
1393 2468 1448 2516 et
1484 2470 1734 2517 statuam
1774 2476 1899 2517 eam

218 2558 238 2584 ι
269 2540 587 2596 secundum
645 2543 792 2599 diem
835 2546 1152 2601 nativitatis
1177 2561 1315 2602 suae.
1352 2571 1371 2595 ι
1423 2549 1622 2604 Aufert
1652 2552 1902 2615 fornica-

215 2628 381 2682 tiones
412 2645 447 2682 a
485 2630 635 2695 facie
691 2648 813 2699 sua,
851 2648 983 2689 cum
1015 2649 1047 2689 a
1079 2649 1186 2690 sua
1214 2636 1623 2706 imaginatione
1651 2646 1904 2694 removet

213 2724 441 2783 peccata
489 2720 820 2789 praeterita;
872 2736 1004 2777 cum
1052 2725 1204 2779 enim
1257 2726 1515 2793 turpium
1573 2734 1899 2781 nostrorum

215 2804 587 2861 recordamur
623 2816 881 2875 actuum,
935 2811 991 2865 in
1029 2812 1234 2880 vapido
1276 2814 1449 2867 animi
1503 2822 1656 2870 statu
1703 2815 1904 2870 consti-

219 2893 346 2957 tuti,
384 2906 632 2950 errorcm
675 2897 838 2952 nobis
876 2897 1140 2956 facillime
1189 2900 1527 2958 refricamus
1572 2903 1902 2973 antiquum,

216 2980 369 3035 Inter
418 2983 597 3038 ubera
646 2999 744 3041 cor
789 2987 1061 3043 consistit.
1124 2989 1374 3044 Dilectus
1405 2992 1556 3046 enim
1603 2991 1658 3046 in
1697 2994 1909 3048 amoris

218 3066 450 3122 Cantico
484 3069 633 3125 inter
677 3072 857 3127 ubera
901 3076 1239 3129 commorari
1272 3075 1484 3132 dicitur
1512 3079 1692 3147 (Cant.
1728 3094 1764 3141 ι,
1800 3082 1903 3146 12).

222 3156 303 3207 lle
362 3157 541 3212 medio
572 3174 709 3231 ergo
751 3162 972 3215 uberum
1001 3163 1276 3217 adulteria
1313 3165 1679 3231 auferuntur,
1709 3182 1841 3223 cum
1874 3182 1909 3223 a

215 3242 348 3312 jure
381 3248 650 3313 maritali,
702 3250 856 3320 quod
894 3251 989 3306 Dei
1024 3258 1195 3307 tenax
1244 3266 1407 3308 amor
1442 3264 1546 3320 est,
1598 3270 1729 3325 quae
1781 3272 1910 3326 pos-

220 3341 356 3387 sunt
397 3334 535 3389 falso
583 3337 740 3409 diligi
790 3340 1192 3409 corruptibilia
1243 3342 1514 3411 quaelibet
1545 3344 1909 3401 subtrahun-

220 3424 331 3482 tur,
364 3423 439 3475 Ne
465 3425 626 3491 forte,
664 3425 872 3494 inquit,
927 3428 1218 3495 ewspolicm
1260 3443 1377 3481 eum
1422 3429 1648 3493 nudum,
1680 3446 1750 3486 ne
1798 3446 1909 3488 usu

221 3515 435 3570 scilicet
496 3514 768 3583 peccandi
816 3516 972 3585 justo
1033 3530 1153 3571 meo
1199 3515 1418 3587 judicio
1456 3532 1557 3587 per
1599 3520 1910 3589 reprobum

221 3617 450 3659 sensum
484 3604 734 3658 ducatur
789 3604 859 3659 ad
911 3603 1347 3673 impudentiam.
1381 3605 1556 3662 Nemo
1590 3609 1743 3663 enim
1803 3609 1910 3664 nisi

221 3693 310 3747 sui
369 3692 693 3747 incuriosus
758 3692 1162 3761 aequanimiter
1220 3693 1363 3749 ferre
1427 3695 1804 3765 dignoscitur,
1866 3698 1911 3752 si

222 3794 423 3836 sensus
457 3780 786 3848 improbitas
809 3795 972 3850 aeque
1003 3782 1274 3849 pudenda
1304 3790 1367 3838 ut
1399 3783 1748 3853 impudenda
1780 3800 1913 3855 per-

223 3869 454 3937 petitur.
501 3868 598 3923 Vel
645 3868 963 3923 secundum
1012 3868 1189 3924 illud:
1233 3891 1253 3918 ι
1295 3870 1502 3926 Beatus
1535 3872 1635 3940 qui
1668 3874 1916 3929 custodit

223 3957 560 4011 vestimenta
588 3970 714 4022 sua,
769 3970 838 4010 ne
878 3956 1074 4011 nudus
1104 3956 1377 4021 ambulet,
1425 3972 1495 4013 ne
1529 3959 1759 4016 videant
1785 3969 1915 4016 tur-

224 4044 541 4114 pitudinem
578 4045 705 4113 ejus
746 4045 941 4112 (Apoc.
982 4059 1101 4105 XVI,
1155 4045 1256 4112 15;.
1286 4064 1339 4103 ,η
1387 4044 1716 4103 Secundum
1765 4049 1912 4104 diem

224 4132 542 4187 nativitatis
570 4146 690 4187 sua?
729 4145 853 4185 eam
902 4133 1054 4188 Deus
1097 4133 1315 4200 statuit,
1350 4148 1481 4189 cum
1528 4135 1833 4205 originalia
1862 4144 1915 4192 et

225 4219 476 4274 actualia
513 4220 665 4274 mala
693 4219 745 4274 ei
788 4220 848 4274 in
892 4234 1143 4276 vacuum
1189 4222 1431 4291 gratiam
1480 4222 1580 4277 Dei
1623 4224 1916 4292 recipienti

225 4321 599 4377 nequaquam
641 4307 947 4363 imminuit.
987 4330 1007 4356 α
1057 4309 1127 4363 Et
1171 4323 1379 4378 ponam
1423 4324 1546 4365 eam
1581 4313 1745 4382 quasi
1779 4313 1916 4368 soli-

231 4416 257 4449 »
290 4396 569 4463 tudinem,
602 4404 657 4452 et
687 4402 935 4451 statuam
979 4411 1105 4452 eam
1150 4398 1309 4453 velut
1355 4407 1564 4455 terram
1594 4400 1835 4466 inviam,
1862 4410 1916 4457 et

231 4508 253 4534 ι
291 4485 626 4542 interﬁciam
659 4499 785 4541 eam
837 4486 949 4541 siti.
994 4487 1195 4557 (Vens.
1254 4487 1333 4555 4.)
1366 4488 1437 4542 Et
1484 4488 1733 4544 filiorum
1791 4490 1918 4559 ejus

232 4596 255 4623 ι
283 4589 398 4630 non
429 4574 1069 4644 miserebor:quoniam
1106 4574 1665 4631 filiifornieationum
1699 4587 1851 4633 sunt.
1887 4600 1915 4627 ››

226 4665 290 4719 In
323 4663 631 4719 solitudine
683 4663 937 4733 ponitur,
970 4663 1067 4733 qui
1101 4677 1135 4718 a
1167 4665 1277 4719 Deo
1324 4664 1706 4721 inhabitatore
1752 4666 1921 4721 deso-

229 4751 400 4807 latur.
439 4750 610 4807 Velut
657 4759 809 4806 terra
872 4751 1032 4806 invia
1086 4752 1378 4813 statuitur.
1438 4753 1495 4807 in
1542 4753 1712 4825 cujus
1752 4755 1921 4811 corde

229 4839 450 4895 nullius
478 4839 771 4906 doctrinze,
804 4839 1024 4895 nullius
1053 4840 1183 4896 boni
1216 4841 1462 4910 exempli
1507 4843 1813 4912 vestigium
1841 4856 1921 4897 re-

230 4928 471 4998 peritur.
520 4928 619 4984 Siti
680 4928 1043 4997 interﬁcitur,
1105 4928 1277 4999 cujus
1325 4930 1693 4986 interioribus
1762 4930 1922 4985 nullo

232 5016 398 5073 modo
430 5018 554 5073 fons
600 5031 769 5087 aqua:
816 5017 876 5072 in
928 5018 1082 5073 viam
1127 5026 1399 5074 aeternam
1453 5019 1709 5075 salientis
1732 5020 1923 5076 illabi-

232 5112 350 5160 tur.
386 5105 658 5161 Filiorum
680 5106 808 5175 ejus
830 5120 943 5161 non
975 5107 1279 5162 miseretur
1308 5108 1480 5172 Deus,
1512 5122 1642 5163 cum
1670 5108 1921 5178 peccanti

235 5193 304 5248 ad
338 5201 575 5249 mortem
608 5195 859 5260 cuilibet,
888 5202 944 5250 et
993 5195 1237 5265 gratiam
1291 5210 1409 5264 qua
1439 5196 1649 5252 salvari
1707 5204 1924 5265 poterat

235 5281 621 5352 impugnanti.
651 5283 823 5338 etiam
865 5290 1200 5339 caeterorum
1245 5283 1500 5339 fidelium
1546 5284 1729 5339 oratio
1753 5287 1925 5354 juxta

233 5371 509 5425 Joannem
591 5370 906 5439 apostolum
981 5372 1316 5443 denegatur.
1377 5372 1538 5438 Quod
1603 5380 1785 5428 totum
1851 5373 1924 5428 ad

2006 352 2123 395 non
2175 339 2507 409 respiciente
2571 339 2880 407 durantur,
2934 339 3132 395 referri
3185 340 3467 395 convenit.
3533 336 3702 393 Unde

2005 428 2288 498 sequitur.

2077 517 2248 574 Vens.
2277 521 2325 571 5.
2368 546 2439 559 --
2487 540 2508 567 ι
2569 516 2872 584 Quoniam,
2932 517 3141 587 inquit,
3225 517 3319 572 filii
3370 513 3704 570 fornicatio-

2013 627 2032 653 ι
2064 620 2204 661 num
2235 613 2373 661 sunt
2409 606 2550 676 quia
2604 606 2881 661 fornicata
2930 614 3015 661 est
3062 614 3243 661 mater
3287 617 3507 669 eorum,
3554 616 3704 657 con-

2010 715 2031 742 ι
2067 694 2197 749 fusa
2226 701 2310 749 est
2347 700 2483 749 I87
2519 708 2650 765 quas
2678 693 2936 763 concepit
2986 708 3098 749 eos.
3130 715 3152 740 ι
3208 692 3326 748 Nisi
3372 691 3523 747 enim
3572 689 3701 759 pri-

2006 796 2164 837 mum
2191 781 2539 837 conscientia
2561 789 2799 837 matera
2832 781 2929 837 Dei
2969 795 3160 836 amore
3201 793 3495 845 exerrans,
3536 778 3702 833 velut

2004 868 2175 941 legali
2215 869 2565 925 exorbitaret
2614 883 2649 924 a
2699 870 2886 932 thoro,
2938 869 3073 938 ipsae
3123 866 3496 938 cogitationes
3533 873 3588 921 et
3620 866 3703 919 in-

2004 957 2301 1021 tentiones,
2334 971 2464 1027 quae
2494 956 2663 1027 quasi
2693 957 2792 1012 filii
2826 957 2955 1012 inde
3001 964 3414 1026 propagantur,
3465 953 3702 1009 nomine

2003 1058 2119 1099 non
2182 1044 2383 1101 fierent
2438 1045 2758 1101 inhonesto.
2827 1044 2972 1110 Quia
3019 1045 3172 1099 enim
3228 1042 3705 1098 irrationabiliter

2006 1131 2065 1186 in
2091 1133 2215 1202 ipsa
2272 1132 2572 1202 pravitatis
2623 1133 2990 1203 conceptione
3036 1131 3428 1197 confunditur,
3478 1144 3552 1185 ex
3577 1137 3701 1185 tra-

2004 1219 2150 1275 duce
2197 1219 2523 1290 generantis
2579 1220 2764 1290 proles
2826 1234 3054 1276 necesse
3104 1227 3189 1274 est
3242 1218 3545 1274 identidem
3603 1216 3703 1271 vi-

2005 1307 2199 1364 tietur.

2079 1419 2102 1446 ι
2138 1396 2284 1463 Quia
2308 1397 2476 1464 dixit,
2516 1397 2726 1467 inquit,
2776 1397 2983 1452 vadam
3018 1402 3144 1466 post
3188 1402 3471 1450 amatores
3519 1408 3699 1461 meos,

2006 1506 2034 1535 »
2067 1485 2170 1556 qui
2195 1486 2335 1542 dant
2358 1499 2535 1555 panes
2561 1485 2722 1551 mihi,
2755 1493 2810 1541 et
2839 1498 3026 1555 aquas
3049 1498 3226 1551 meas,
3272 1483 3461 1538 lanam
3488 1496 3701 1539 meam.

1939 1551 1977 1605 Β
2012 1595 2032 1622 ι
2068 1551 2123 1630 et
2148 1574 2331 1630 linum
2358 1551 2574 1640 meum,
2606 1573 2795 1629 oleum
2840 1551 3058 1641 meum,
3100 1580 3154 1628 et
3184 1579 3382 1642 potum
3426 1584 3639 1627 meum.
3672 1593 3694 1619 ι

2007 1662 2171 1716 Dixit
2201 1662 2283 1717 nil
2306 1662 2465 1717 aliud
2494 1669 2577 1718 est
2605 1675 2784 1731 quam
2821 1661 2973 1730 apud
3017 1676 3073 1715 se
3114 1661 3429 1714 destinavit.
3465 1659 3704 1713 Amato-

2007 1765 2095 1806 res
2116 1765 2228 1806 non
2285 1750 2544 1806 aliisunt
2590 1763 2767 1819 quam
2820 1756 2923 1805 aut
2979 1749 3283 1815 daemones,
3338 1746 3439 1817 qui
3488 1745 3704 1801 nostris

2006 1841 2298 1897 desideriis
2341 1854 2544 1896 causas
2589 1840 2863 1895 vitiorum
2913 1838 3334 1909 suppeditanda
3384 1835 3706 1907 suffragan-

2008 1936 2123 1995 tur,
2153 1936 2255 1984 aut
2281 1928 2522 1999 quilibet
2546 1927 2714 1983 amici
2741 1928 2858 1983 sive
2888 1935 3162 1996 potentes,
3216 1926 3317 1996 qui
3349 1924 3559 1980 talibus
3599 1937 3705 1978 as-

2006 2016 2333 2087 sequendis,
2362 2030 2464 2072 seu
2512 2016 2723 2081 favore,
2781 2030 2881 2070 seu
2932 2029 3170 2070 munere
3227 2013 3463 2069 miseros
3507 2025 3704 2082 prose-

2007 2113 2290 2176 quuntur.
2332 2105 2399 2160 Hi
2432 2105 2568 2159 dant
2616 2119 2806 2174 panes,
2851 2118 2985 2160 cum
3046 2117 3242 2159 rerum
3299 2101 3702 2171 temporalium

2008 2195 2412 2250 administrant
2459 2193 2874 2264 jucunditates.
2926 2192 3084 2249 Unde
3117 2199 3240 2246 est:
3281 2188 3700 2246 Abominabilis

2005 2284 2056 2339 ei
2090 2284 2241 2338 haud
2271 2283 2515 2338 dubium
2548 2282 2690 2352 quin
2728 2282 2885 2352 justo
2905 2280 3088 2351 panis,
3136 2280 3189 2334 id
3222 2287 3306 2335 est
3334 2279 3603 2348 voluptas
3633 2278 3696 2332 in

2009 2374 2127 2427 vita
2155 2386 2262 2427 sua
2311 2372 2444 2439 (Job.
2495 2386 2693 2437 xxxtit,
2756 2370 2866 2441 20).
2919 2373 3065 2426 Dant
3089 2384 3285 2439 aquas,
3342 2367 3578 2437 quando
3628 2366 3705 2421 ad

2008 2469 2209 2517 votum
2238 2459 2791 2530 carnalesingerunt
2812 2458 3010 2514 ﬂuxus
3032 2466 3205 2527 atque
3235 2456 3515 2512 lascivias.
3545 2454 3708 2511 Unde

2009 2562 2108 2617 per
2156 2548 2278 2604 loca
2318 2548 2597 2617 inaquosa
2650 2545 2890 2614 spiritus
2925 2545 3225 2615 egrediens
3271 2542 3570 2598 ambulare
3614 2541 3705 2597 di-

2010 2636 2367 2701 citur(Matt.
2399 2650 2498 2699 xii,
2540 2634 2656 2703 43),
2712 2641 2770 2689 et
2821 2627 3127 2688 Behemoth
3184 2631 3240 2686 in
3287 2630 3423 2687 locis
3454 2631 3706 2685 humen—

2012 2724 2166 2780 tibus
2194 2724 2449 2780 habitare
2481 2723 2817 2793 prohibetur
2856 2722 3005 2792 (Job.
3036 2735 3126 2785 xL,
3170 2721 3268 2789 16).
3305 2723 3443 2775 Dant
3470 2731 3709 2789 quoque

1943 2848 1983 2902 ο
2016 2815 2218 2881 lanam,
2247 2827 2377 2868 cum
2418 2810 2710 2867 saecularis
2755 2824 2908 2866 curae
2960 2809 3156 2878 reique
3197 2808 3515 2867 familiaris,
3548 2806 3706 2876 quod

2018 2900 2249 2968 plurimi
2311 2899 2471 2968 pretii
2530 2898 2687 2967 apud
2732 2896 2883 2967 ipsos
2955 2905 3062 2963 est,
3136 2896 3340 2951 docent
3384 2896 3702 2949 scientiam.

2015 2987 2140 3042 Non
2175 2986 2367 3042 minus
2401 2988 2572 3041 etiam
2604 2986 2776 3039 linum
2808 2985 3080 3054 praebent,
3138 2998 3271 3039 cum
3302 2989 3404 3037 aut
3447 2980 3712 3036 liberales

2015 3085 2185 3141 artes,
2219 3090 2350 3145 quae
2390 3073 2639 3144 plurimo
2694 3076 2865 3145 egent
2913 3072 3200 3136 acumine,
3251 3078 3351 3125 aut
3396 3082 3706 3124 causarum

2017 3164 2326 3219 forensium
2386 3164 2730 3219 subtilitates
2787 3162 3101 3217 insinuant.
3146 3161 3328 3216 Oleum
3358 3157 3569 3228 pariter
3600 3157 3710 3212 tri-

2020 3251 2226 3319 buunt,
2268 3266 2398 3308 cum
2436 3251 2684 3322 qualiter
2738 3250 3043 3305 ditioribus
3075 3264 3133 3304 se
3178 3248 3403 3303 adulari
3462 3246 3711 3303 debeant

2019 3342 2338 3397 instruunt.
2372 3342 2566 3394 Polum
2597 3352 2833 3408 quoque
2884 3338 2975 3392 his
3032 3338 3340 3406 propinant
3397 3350 3543 3405 quos
3584 3333 3709 3388 libi-

2018 3431 2220 3486 dinum
2273 3428 2568 3483 furoribus
2650 3425 2982 3482 malesuada
3061 3424 3567 3480 circumlocutione
3623 3423 3710 3477 in-

2018 3519 2265 3575 ebriant.
2301 3518 2418 3572 Hac
2451 3517 2584 3571 lana
2622 3529 2807 3585 eoque
2845 3514 2960 3569 lino
3006 3513 3175 3569 etiam
3213 3513 3428 3568 utiliter
3459 3511 3714 3567 Ecclesia

2022 3608 2226 3671 utitur,
2255 3620 2385 3676 quae
2410 3606 2561 3675 apud
2592 3604 2947 3660 Salomonem
2992 3610 3309 3671 utrumque
3357 3600 3629 3672 quaesisse
3657 3607 3713 3656 et

2020 3703 2255 3766 operata
2281 3694 2494 3750 dicitur
2524 3696 2705 3759 (Prov.
2740 3705 2899 3757 χχχι,
2936 3693 3040 3755 l3).
3075 3689 3525 3746 (Ioniunduntur
3575 3702 3715 3758 quo-

2022 3799 2136 3856 que
2155 3783 2402 3855 Egyptii
2434 3796 2464 3836 e
2508 3782 2757 3843 diverso,
2803 3780 2904 3850 qui
2960 3779 3352 3849 operabantur
3384 3778 3568 3833 linum
3616 3790 3712 3845 pe-

2022 3881 2252 3932 ctentes.
2314 3879 2369 3927 et
2403 3878 2659 3926 texentes
2687 3868 2921 3924 subtilia
2953 3869 3104 3939 (isai.
3138 3881 3252 3934 XIX,
3287 3869 3365 3937 9),
3408 3866 3461 3922 id
3489 3872 3572 3922 est
3602 3878 3714 3920 ma-

2022 3962 2322 4018 chinantes
2348 3966 2558 4015 astuta.

2093 4048 2419 4106 Notandum
2450 4046 2699 4116 denique
2729 4045 2905 4116 quod,
2958 4045 3096 4100 dum
3149 4044 3219 4100 de
3252 4043 3374 4099 suis
3420 4056 3479 4097 se
3508 4042 3715 4097 mulier

1956 4144 1998 4196 D
2030 4137 2314 4194 mercibus
2353 4136 2550 4206 jactat,
2585 4134 2902 4204 unicuique
2938 4132 3143 4202 speciei
3173 4131 3325 4201 quod
3362 4144 3468 4184 sua
3511 4131 3603 4192 sit,
3638 4129 3717 4183 vi-

2026 4227 2271 4297 gilanter
2307 4223 2581 4291 assignat.
2633 4222 2778 4286 Quid
2825 4220 2977 4275 enim
3018 4221 3173 4290 apud
3220 4220 3487 4288 reprobus
3533 4217 3716 4287 magis

2025 4329 2194 4371 suum
2230 4327 2404 4383 quam
2440 4311 2577 4366 illud
2612 4310 2786 4381 quod.
2829 4310 2941 4365 Deo
2981 4307 3303 4378 reprobate,
3350 4306 3483 4362 solis
3512 4306 3716 4361 militat

2027 4404 2231 4459 usibus
2260 4400 2531 4455 vitiorum
2558 4400 2587 4454 ?

2098 4492 2265 4548 Vens.
2300 4486 2456 4543 6.-
2490 4510 2510 4537 ι
2551 4488 2787 4558 Propter
2832 4487 2941 4543 hoc
2982 4500 3110 4541 ecce
3141 4499 3246 4555 ego
3294 4484 3510 4553 sepiam
3563 4482 3714 4536 viam

2033 4603 2054 4630 ι
2092 4587 2249 4636 tuam
2283 4577 2480 4647 spinis,
2503 4584 2559 4632 et
2577 4577 2791 4645 sepiam
2817 4589 2942 4631 eam
2968 4575 3236 4640 maceria,
3260 4580 3315 4628 et
3340 4573 3570 4627 semitas
3585 4584 3719 4625 suas

2027 4690 2055 4718 »
2092 4682 2207 4723 non
2256 4666 2526 4721 inveniet.
2568 4686 2589 4712 ι
2629 4663 2774 4729 Quia
2813 4675 2949 4733 ergo
2988 4661 3171 4731 magis
3212 4660 3566 4716 amatoribus
3602 4657 3720 4713 suis
3760 4684 3769 4689 -

2028 4770 2206 4826 quam
2249 4755 2362 4809 Deo
2409 4754 2753 4822 prosperitas
2815 4750 2943 4805 talis
2990 4748 3319 4814 ascribitur,
3365 4754 3419 4803 et
3478 4759 3594 4800 non
3649 4743 3718 4799 ad

2029 4845 2150 4909 Dei,
2199 4842 2297 4898 sed
2342 4842 2400 4897 in
2441 4854 2578 4896 suos
2624 4839 2872 4908 turpiter
2914 4851 3058 4894 usus
3094 4837 3463 4906 expenditur.
3500 4837 3723 4902 PrOpter

2030 4935 2144 4999 hoc,
2192 4931 2454 4999 inquam,
2500 4928 2596 4983 via
2653 4928 2781 4998 ejus
2818 4928 2995 4997 spinis
3044 4932 3273 4994 repente
3301 4923 3541 4993 sepitur,
3584 4921 3722 4976 dum

2031 5027 2147 5075 tota
2194 5017 2291 5073 illa
2345 5017 2607 5072 mollities
2648 5026 2701 5071 et
2750 5014 3067 5071 secundum
3119 5013 3224 5069 ista
3268 5009 3604 5081 proficiendi
3650 5010 3724 5064 in-

2029 5107 2205 5164 tentio
2248 5106 2305 5162 in
2339 5105 2749 5162 adversitatum
2790 5103 3037 5165 aculeos,
3071 5110 3125 5158 et
3170 5102 3227 5157 in
3264 5100 3522 5169 lapidum
3571 5098 3726 5153 duri-

2034 5196 2167 5252 tiam
2220 5203 2626 5252 commutatur.
2681 5194 2784 5251 Cui
2838 5193 3171 5263 tropologize
3230 5189 3471 5261 pulchre
3523 5187 3723 5243 alludit

2032 5286 2287 5352 Balaam,
2355 5285 2518 5340 asino
2564 5284 2787 5350 sedens,
2842 5282 2899 5338 in
2950 5279 3239 5351 angustiis
3292 5279 3546 5334 duarum
3602 5289 3721 5331 ma-

2033 5374 2321 5430 ceriarum
2360 5372 2747 5443 deprehensus
2789 5372 2968 5438 (Num.
3011 5383 3153 5433 xxii,
3193 5368 3304 5435 24).
3346 5365 3536 5423 Solent
3572 5365 3721 5421 enim
