3924 6088
116 132 240 185 319

857 128 1320 187 TROPOLOGIIE
1358 130 1429 186 IN
1469 130 1662 191 OSEE.
1703 131 1891 187 Αλιοε
1928 133 2018 188 ΕΤ
2055 132 2203 186 JER.
2261 161 2314 170 —
2354 131 2406 185 LI

1373 130 1429 186 [Ν
1469 130 1662 191 OSEE.
1703 131 1891 187 ΑΜοὸ
1928 133 2018 188 ΕΤ
2055 132 2203 186 JER.
2261 161 2314 170 —
2354 131 2479 185 LIB.
2522 130 2566 183 Ι.
2610 131 2680 185 IN
2718 130 2922 185 OSEE.

3540 132 3642 183 350

118 262 362 318 talibus
386 262 710 332 provenire,
752 269 816 317 ut
847 262 1038 318 subita
1081 262 1395 319 mutatione
1421 263 1665 319 fortuna
1696 262 1845 318 ami-
1882 266 1930 318 A
1955 263 2173 331 citium,
2205 262 2359 333 quod
2408 262 2561 318 circa
2588 262 2906 329 scientiam,
2956 276 3089 332 quae
3118 274 3219 331 per
3266 261 3479 328 lanam,
3513 275 3645 330 quae

118 365 232 407 eos
287 365 460 420 seque
511 359 576 407 ut
622 351 886 406 inimicos
936 352 1314 421 experiantur
1368 352 1637 407 infensos.
1689 352 1850 409 Unde

117 442 369 492 semitas
414 453 542 491 suas
567 439 686 508 jam
718 453 825 492 non
870 440 1098 503 invenit,
1139 438 1279 508 quia
1324 438 1667 494 diverticula
1711 452 1850 508 pra-

118 540 357 581 varum
386 526 676 580 actionum
703 533 757 581 et
783 525 1131 582 furtivorum
1154 526 1516 583 moliminum
1545 529 1851 599 angiporta

123 614 327 669 divini
352 613 555 683 judicii
587 612 858 668 incursus
888 614 1185 670 obstrusit.

204 702 394 757 Vsus.
453 706 504 755 7.
556 732 627 741 —
661 723 683 750 ι
736 703 807 756 Et
847 702 1042 758 dicet:
1084 703 1325 765 Vadam,
1374 711 1429 759 et
1474 711 1732 760 revertar
1777 704 1850 760 ad

132 808 157 832 ι·
192 787 404 843 virum
452 804 643 845 meum
691 790 961 860 priorem,
995 790 1135 860 quia
1186 791 1328 846 bene
1358 791 1501 847 mihi
1545 800 1669 848 erat
1712 801 1852 849 tunc

127 896 161 923 ››
201 877 403 947 magis
458 893 636 947 quam
687 893 865 934 nunc.
930 900 951 927 ι
1014 878 1189 946 Dicet,
1240 880 1503 936 videlicet
1556 890 1849 951 proponet.

134 967 394 1032 Vadam,
453 968 665 1023 scilicet
705 983 740 1022 a
789 968 917 1023 talis
960 969 1419 1038 prosperitatulze
1468 985 1556 1025 me
1613 985 1855 1041 occupa-

127 1052 301 1108 tione
334 1068 680 1110 removeam.
737 1057 831 1110 Ad
876 1060 1055 1111 virum
1103 1074 1277 1111 meum
1305 1061 1541 1127 priorem
1586 1068 1848 1125 revertar,

129 1155 287 1210 quia
342 1143 414 1197 ad
445 1157 599 1207 eum,
632 1144 723 1199 cui
777 1145 965 1213 prima
1012 1159 1158 1213 mea,
1209 1160 1299 1201 me
1328 1146 1562 1217 scilicet,
1600 1154 1656 1203 et
1683 1162 1853 1204 omne

128 1229 397 1286 interius
449 1246 638 1287 meum
693 1232 889 1300 debeo,
944 1247 1033 1289 me
1064 1234 1332 1302 referam,
1379 1249 1413 1289 a
1444 1249 1563 1305 quo
1608 1236 1854 1293 viriliter

131 1333 341 1380 regar.
394 1320 542 1376 Bene
572 1322 709 1374 mihi
755 1326 872 1375 erat
920 1327 1045 1375 tunc
1081 1325 1258 1390 magis
1308 1339 1472 1392 quam
1500 1339 1666 1390 nunc,
1713 1324 1854 1394 quia

129 1415 454 1477 postquam
501 1408 752 1476 primum
806 1410 1089 1477 ordinem,
1124 1419 1178 1466 et
1226 1411 1437 1467 divina:
1476 1412 1853 1469 institutionis

127 1495 411 1565 legisque
459 1505 684 1553 naturae
734 1498 981 1567 deservi,
1036 1500 1377 1556 multimodo
1428 1515 1518 1557 me
1565 1501 1746 1558 errori
1796 1509 1851 1558 et

131 1583 329 1639 dolori
366 1583 599 1640 inservi.

204 1672 389 1729 Vens.
422 1675 475 1727 8.
505 1702 578 1715 —
631 1695 652 1723 ι
706 1674 777 1729 Et
824 1674 947 1729 haec
974 1675 1239 1743 nescivit,
1288 1676 1429 1747 quia
1483 1691 1593 1748 ego
1636 1677 1763 1733 dedi
1801 1679 1854 1734 ei

136 1782 161 1809 ι
198 1760 594 1829 frumentum,
644 1770 698 1819 et
730 1764 952 1831 vinum,
1004 1773 1058 1820 et
1087 1764 1296 1820 oleum.
1337 1787 1357 1814 ι
1394 1766 1477 1821 Ac
1518 1765 1564 1820 si
1593 1765 1804 1822 diceret
1835 1782 1849 1822 :

138 1850 279 1906 Haec
334 1849 684 1906 miserabilis
728 1852 845 1917 illa,
887 1853 1025 1907 dum
1070 1862 1357 1909 amatores
1405 1863 1854 1924 prosequeretur

137 1938 403 2009 iniquos,
454 1940 608 2009 quod
657 1940 765 1997 sibi
792 1950 981 1997 essent
1026 1942 1082 1997 in
1115 1943 1421 1998 adversum
1470 1945 1856 2000 convertenda

136 2028 412 2082 nescivit.
451 2029 523 2083 At
552 2028 721 2084 modo
766 2044 881 2084 non
914 2029 1194 2086 immerito
1238 2031 1644 2099 postliminium
1675 2033 1851 2088 medi-

136 2122 327 2183 tatur,
385 2117 528 2187 quia
580 2131 686 2187 ego
716 2118 842 2173 dedi
874 2119 927 2173 ei
978 2133 1203 2187 causas,
1257 2135 1358 2189 pro
1416 2121 1632 2189 quibus
1662 2121 1732 2175 ad
1766 2136 1853 2177 me

139 2205 380 2259 avidius
424 2214 766 2262 revertatur.
820 2208 1198 2263 Frumentum
1242 2209 1359 2272 dat,
1399 2223 1531 2265 cum
1577 2209 1852 2266 doctrinm

138 2294 423 2349 salutaris
467 2295 739 2350 alimenta
784 2296 1090 2351 ministrat.
1138 2297 1208 2352 Et
1243 2298 1383 2367 quia
1433 2298 1854 2366 przedicationis

138 2383 265 2437 sive
318 2383 579 2438 lectionis
632 2385 983 2450 exercitatio,
1048 2386 1170 2439 sine
1225 2386 1424 2440 divina
1482 2386 1853 2456 inspiratione

137 2483 337 2526 vacua
384 2479 626 2538 constat,
676 2473 875 2527 vinum
911 2487 1178 2543 supernae
1227 2474 1549 2529 dulcedinis
1596 2475 1846 2541 additur,

141 2572 265 2627 quo
298 2559 510 2613 veteris
554 2560 773 2616 inertiae
803 2569 997 2630 torpor
1022 2561 1309 2617 abscedat.
1351 2563 1529 2617 Datur
1552 2571 1605 2617 et
1636 2563 1848 2629 oleum,

142 2653 210 2701 ut
262 2647 672 2716 progrediatur
722 2648 980 2703 suavitas
1023 2649 1341 2705 dilectionis
1371 2650 1442 2705 ad
1496 2650 1845 2719 proximum.

148 2756 168 2781 ι
208 2735 283 2790 Et
327 2744 635 2805 argentum
669 2737 1046 2806 multiplicavi
1084 2738 1157 2805 ei,
1191 2747 1244 2794 et
1275 2753 1506 2805 aurum,
1540 2754 1671 2809 qua:
1706 2740 1849 2796 fece-

1956 352 2251 408 crassioris
2298 360 2522 407 naturae
2552 358 2654 417 est,
2693 350 3051 421 intelligitur,
3093 351 3440 416 habuimus;
3471 357 3528 405 et
3572 349 3646 405 li-

1955 455 2098 497 num
2129 440 2442 496 subtilioris
2486 440 2893 510 intelligentize,
2926 455 3058 509 quae
3106 440 3387 509 sapientia
3416 438 3645 499 dicitur,

1957 528 2159 585 bravio
2207 527 2421 584 ccelesti
2471 528 2840 598 apponderat.
2889 528 3105 583 Lanam
3136 529 3308 583 etiam
3362 535 3418 584 et
3463 526 3646 582 linum

1956 617 2148 682 librat,
2197 616 2431 686 quando
2488 615 2773 685 quidquid
2825 616 3215 685 tcmporaliter
3270 623 3371 671 aut
3413 614 3649 679 scimus,

1956 714 2059 762 aut
2105 706 2380 775 sapimus,
2424 703 2683 760 etiamin
2719 704 2981 773 przesenti
3028 703 3100 758 ad
3149 703 3249 759 Dei
3293 701 3650 771 contempla-

1956 795 2164 851 tionem
2223 793 2522 862 suspendit
2572 798 2628 848 et
2677 792 2881 847 elevat.
2937 791 3042 847 Cui
3089 798 3362 847 consonat
3402 806 3414 845 :
3465 811 3485 838 ι
3541 788 3651 855 Qui

1958 881 2247 958 appendit,
2300 880 2509 951 inquit,
2543 880 2731 935 tribus
2773 880 2985 950 digitis,
3022 880 3074 934 id
3118 888 3202 935 est
3238 894 3430 935 amore
3457 877 3652 933 Trini-

1958 971 2109 1036 tatis,
2163 969 2366 1024 molem
2422 976 2661 1024 terrente
2709 970 2935 1029 mentis.
2983 976 3037 1024 et
3067 968 3242 1024 librat
3292 970 3351 1023 in
3404 969 3700 1053 pondere.

1958 1065 2180 1113 montes
2211 1059 2369 1127 (Isai.
2421 1072 2513 1122 xc,
2550 1058 2659 1126 1'2),
2697 1079 2718 1105 ι
2756 1065 2819 1113 ut
2866 1057 3049 1113 sancti
3095 1065 3381 1127 quantum
3433 1064 3650 1121 amant,

1958 1154 2182 1201 tantum
2233 1145 2443 1200 interni
2490 1145 2711 1214 saporis
2759 1145 3069 1215 accipiant.
3136 1145 3367 1200 Pondus
3420 1145 3573 1201 enim
3621 1158 3655 1198 a

1955 1234 2237 1303 pendendo
2282 1233 2514 1300 dicitur,
2561 1241 2617 1288 et
2646 1233 2749 1304 qui
2794 1233 3001 1302 pendet
3036 1234 3106 1289 ad
3157 1233 3374 1304 aliquid
3408 1232 3654 1287 inclina-

1960 1331 2075 1386 tur,
2124 1325 2279 1380 unde
2322 1333 2375 1380 et
2407 1325 2505 1395 qui
2554 1332 2710 1379 amat
2738 1324 2969 1393 pendere
3007 1322 3236 1378 dicitur.
3283 1322 3414 1376 Haec
3442 1324 3653 1391 operie-

1961 1413 2091 1467 bant
2129 1415 2485 1479 ignominiam
2513 1415 2652 1481 ejus,
2685 1413 2824 1483 quia
2869 1426 2985 1482 quo
3016 1410 3199 1481 major
3230 1410 3519 1480 aliquibus
3547 1423 3655 1465 ex-

1958 1501 2162 1557 uberat
2214 1501 2269 1556 in
2307 1502 2568 1570 praesenti
2619 1502 2850 1567 astutia,
2900 1514 2967 1555 eo
3006 1498 3235 1555 licentia
3283 1497 3553 1567 peccandi
3582 1512 3657 1553 ex

1964 1590 2305 1646 eruditionis
2346 1590 2631 1646 velamine
2685 1589 2868 1661 magis
2920 1589 3001 1645 eis
3048 1588 3227 1643 inesse
3275 1587 3503 1643 videtur
3550 1600 3655 1641 au-

1963 1678 2234 1735 thentica.

2032 1767 2204 1822 Vens.
2241 1770 2323 1821 l0.
2348 1796 2422 1808 —
2451 1788 2473 1815 ε
2510 1768 2579 1822 Et
2609 1774 2748 1822 tunc
2794 1765 3059 1822 revelabo
3104 1763 3404 1820 stultitiam
3443 1763 3571 1834 ejus
3600 1760 3658 1816 in

1966 1876 1987 1903 ι
2027 1855 2210 1911 oculis
2267 1863 2591 1911 amatorum
2634 1855 2781 1926 ejus,
2839 1861 2894 1911 et
2942 1854 3030 1909 vir
3059 1868 3175 1909 non
3227 1860 3389 1909 eruet
3433 1865 3558 1908 eam
3591 1850 3660 1906 de

1965 1965 1986 1991 »
2023 1958 2203 2000 manu
2240 1958 2385 2000 mea.
2447 1966 2470 1992 ι
2504 1944 2672 1999 Nunc
2703 1944 2996 2000 revelatur
3044 1941 3285 1998 stultitia
3314 1940 3461 2011 ejus,
3517 1939 3660 2010 quia

1960 2032 2017 2087 in
2048 2032 2173 2102 ipso
2203 2032 2595 2088 conversionis
2635 2032 2762 2101 ejus
2792 2046 2942 2087 novo
2978 2039 3130 2086 statu
3174 2039 3497 2085 amatorum
3532 2028 3659 2098 ejus

1958 2121 2159 2183 oculis,
2202 2121 2255 2176 id
2287 2128 2368 2176 est
2412 2121 2676 2176 sensibus
2722 2120 2958 2190 intelligi
2992 2120 3183 2184 datur,
3232 2118 3371 2188 quia
3399 2117 3656 2173 studium

1962 2210 2102 2266 illud
2146 2209 2538 2264 inordinatum
2583 2201 2637 2264 et
2668 2209 3058 2278 incompetens
3105 2214 3248 2271 erat,
3302 2206 3456 2277 quod
3499 2212 3659 2261 tanta

1959 2298 2256 2354 severitate
2308 2297 2714 2353 contemnitur.
2766 2296 2921 2352 Nulli
2973 2296 3123 2351 enim
3170 2294 3447 2365 improvis
3495 2295 3656 2347 viva-

1957 2388 2113 2442 ciora
2137 2386 2401 2456 exempla
2451 2393 2800 2455 proponunt,
2835 2399 3010 2454 quam
3044 2384 3146 2454 qui
3188 2398 3288 2453 pro
3320 2384 3431 2437 Deo
3461 2382 3533 2437 ab
3562 2396 3658 2437 eo-

1959 2490 2089 2531 rum
2139 2476 2468 2531 illecebrosa
2515 2475 2778 2530 societate
2822 2472 3163 2528 desciscunt.
3215 2470 3318 2529 Vir
3361 2471 3431 2526 de
3479 2485 3656 2525 manu

1961 2566 2057 2619 Dei
2091 2579 2214 2619 eam
2259 2579 2373 2620 non
2402 2564 2570 2625 eruit,
2619 2563 2759 2633 quia
2801 2561 3000 2617 nullus
3031 2561 3169 2616 adeo
3211 2561 3388 2615 vivax
3419 2558 3657 2614 rationis

1957 2661 2042 2709 est
2074 2661 2280 2718 motus,
2330 2652 2433 2723 qui
2479 2659 2677 2707 contra
2707 2651 3041 2721 ingruentes
3083 2649 3237 2705 cordi
3280 2649 3407 2719 ejus
3455 2647 3653 2703 aeterni

1953 2741 2157 2813 judicii
2192 2742 2378 2797 minas
2398 2739 2729 2796 excusabile
2755 2739 2972 2808 aliquid
3008 2738 3168 2807 loqui
3196 2736 3387 2805 possit.

148 2842 169 2869 ι
204 2831 349 2878 runt
386 2823 536 2877 Baal.
586 2845 605 2871 ι
643 2824 943 2891 Argentum
996 2827 1357 2896 multiplicat,
1411 2842 1542 2883 cum
1585 2828 1850 2897 Scriptu-
1889 2846 1929 2901 ρ
2032 2829 2200 2886 Vens.
2237 2833 2321 2894 lt,
2377 2832 2459 2883 t2.
2491 2858 2563 2869 —
2595 2850 2616 2877 ‹
2672 2829 2741 2882 Et
2771 2841 2991 2883 cessare
3038 2826 3243 2881 faciam
3287 2839 3455 2880 omne
3502 2837 3653 2893 gau-

143 2923 349 2965 rarum
382 2910 702 2977 scientiam,
730 2913 851 2967 sive
878 2913 1150 2969 doctrinae
1170 2914 1479 2969 efficaciam
1509 2930 1851 2987 coaugmen-

144 3006 251 3054 tat.
297 3003 513 3053 Aurum
559 3014 795 3070 quoque
822 3002 1019 3056 eadem
1070 3001 1336 3072 largitate
1382 3013 1683 3072 praerogat,
1716 3020 1851 3060 cum

146 3096 253 3142 aut
314 3102 699 3156 supernorum
765 3090 1047 3156 notitiam,
1108 3098 1207 3146 aut
1266 3091 1399 3146 vitm
1454 3092 1847 3148 excellentiam

146 3176 569 3231 subministrat.
607 3178 735 3233 Haec
764 3179 1054 3247 quondam
1090 3179 1220 3233 Baal
1271 3179 1544 3242 fecerunt,
1579 3181 1718 3250 quia
1752 3196 1851 3251 per

148 3264 382 3319 inanem
433 3264 675 3334 gloriam
710 3266 768 3319 in
802 3266 1084 3322 diabolica
1123 3268 1357 3323 servitia
1385 3268 1626 3325 abusive
1656 3277 1850 3325 trans-

151 3351 430 3407 tulerunt.

210 3439 360 3496 Nota
406 3440 806 3509 propheticum
839 3456 1072 3506 morem,
1123 3457 1300 3513 quam
1350 3444 1513 3501 facile
1543 3445 1611 3500 de
1639 3446 1848 3516 singu-

147 3528 254 3583 lari
286 3528 358 3583 ad
409 3528 713 3597 pluralem,
746 3529 815 3585 de
858 3529 1067 3599 plurali
1111 3531 1181 3585 ad
1212 3532 1587 3602 singularem,
1621 3535 1689 3590 de
1730 3549 1849 3602 per-

145 3631 288 3673 sona
317 3632 554 3686 quoque
585 3619 654 3673 ad
704 3632 1003 3685 personam
1036 3619 1355 3675 delabatur.
1392 3621 1552 3677 Unde
1580 3622 1851 3690 superius

144 3706 342 3761 dicens
398 3707 615 3772 Sepiam
683 3708 854 3759 vitam
910 3712 1080 3770 tuam,
1141 3708 1386 3778 subjecit
1442 3722 1572 3763 mox
1627 3714 1848 3764 semitas

144 3809 274 3847 suus
319 3810 425 3846 non
471 3796 723 3847 inueniet.
779 3795 849 3848 Et
901 3796 990 3850 hic
1043 3811 1175 3851 cum
1233 3812 1292 3851 se
1344 3802 1391 3851 ei
1444 3797 1848 3867 multiplicasse

144 3897 357 3937 aurum
416 3882 666 3949 diceret,
737 3883 1203 3954 subdiditzquaz
1262 3886 1558 3955 fecerunt,
1619 3887 1844 3957 inquit,

148 3971 307 4026 Baal.

215 4059 391 4114 Vens.
426 4061 479 4111 9.
510 4089 579 4097 —
613 4079 639 4104 α
670 4058 886 4115 Idcirco
913 4068 1235 4126 convertar,
1264 4069 1318 4116 et
1346 4076 1571 4116 sumam
1600 4062 1850 4118 frumen-

1960 2939 1982 2965 ι
2021 2918 2182 2973 dium
2230 2919 2376 2988 ejus,
2424 2916 2840 2973 solemnitatem
2894 2916 3040 2984 ejus,
3090 2913 3450 2969 neomeniam
3501 2913 3647 2981 ejus,

1961 3027 1983 3054 ιι
2018 3006 2326 3062 Sabbatum
2377 3005 2522 3076 ejus,
2572 3014 2627 3060 et
2658 3004 2852 3059 omnia
2904 3004 3043 3058 festa
3090 3011 3345 3071 tempora
3395 3000 3545 3071 ejus.
3586 3001 3650 3054 Et

1960 3115 1981 3142 ι
2020 3108 2383 3162 corrumpam
2431 3094 2655 3148 vineam
2689 3093 2832 3162 ejus,
2865 3100 2920 3147 et
2966 3091 3134 3145 ﬁcum
3167 3091 3292 3160 ejus
3336 3088 3405 3143 de
3435 3087 3650 3156 quibus

1962 3204 1982 3231 ι
2020 3183 2165 3237 dixit
2207 3197 2219 3236 :
2268 3182 2548 3237 Mercedes
2605 3182 2711 3246 hae,
2766 3195 2904 3235 mea;
2948 3186 3102 3245 sunt,
3162 3192 3309 3248 quas
3367 3176 3648 3232 dederunt

1962 3292 1983 3319 ι
2022 3270 2159 3325 mihi
2205 3278 2489 3325 amatores
2537 3270 2665 3323 mei.
2706 3290 2725 3315 ι
2785 3273 2945 3324 Omne
2987 3268 3248 3336 gaudium
3298 3264 3414 3335 ejus
3444 3279 3650 3319 cessare

1956 3360 2110 3422 facit,
2171 3373 2301 3414 cum
2350 3357 2634 3428 quidquid
2687 3357 2891 3426 ineptae
2940 3357 3144 3411 laetitiae
3183 3369 3255 3410 ex
3304 3353 3650 3409 instantibus

1956 3447 2242 3516 prosperis
2285 3454 2523 3501 eatenus
2572 3446 2876 3515 colligebat
2927 3445 3045 3499 solo
3093 3444 3481 3514 Iacrymarum
3541 3456 3650 3511 ap-

1957 3534 2137 3603 petitu
2177 3535 2404 3603 despuit
2436 3548 2448 3589 :
2491 3556 2512 3581 σι
2548 3535 2827 3599 Fuerunt,
2872 3533 3160 3602 inquiens,
3190 3532 3458 3601 lacrymze
3488 3542 3645 3595 meae,

1956 3636 2134 3692 panes
2180 3622 2269 3677 die
2317 3636 2384 3678 ac
2430 3631 2593 3677 nocte
2623 3622 2789 3688 (Psal.
2826 3636 2940 3687 xu,
2973 3621 3047 3686 4).
3103 3642 3123 3667 ι
3156 3619 3495 3674 Solemnitas
3523 3617 3650 3686 ejus

1955 3720 2156 3777 cessat,
2201 3725 2333 3766 cum
2366 3711 2544 3779 hujus
2574 3710 2776 3765 mundi
2806 3708 3136 3779 spectacula
3165 3709 3285 3778 jam
3310 3715 3366 3762 et
3393 3706 3648 3761 celeber-

1956 3799 2151 3865 rimos,
2189 3799 2291 3869 qui
2340 3799 2536 3854 oculos
2569 3799 2855 3867 praecipue
2896 3810 3126 3867 pascere
3155 3795 3359 3860 solent,
3390 3806 3647 3849 conven-

1956 3898 2048 3943 tus
2080 3889 2324 3958 ignorat.
2352 3887 2663 3943 Neomenia
2693 3900 2946 3956 quoque,
2984 3899 3114 3954 quae
3145 3898 3296 3938 nova
3337 3883 3474 3937 luna
3503 3880 3650 3936 dici-

1955 3983 2071 4042 tur,
2105 3975 2480 4045 conquiescit,
2530 3974 2671 4044 quia
2721 3974 2882 4028 nulla
2924 3982 3245 4041 temporum
3296 3970 3539 4027 mutatio
3581 3970 3651 4025 de

1955 4064 2211 4120 adversis
2256 4064 2489 4128 scilicet,
2531 4077 2664 4133 quae
2694 4076 2873 4132 supra
2917 4060 3239 4126 retulimus,
3276 4060 3331 4115 in
3376 4072 3651 4128 prospera

152 4170 174 4196 ι
208 4155 332 4203 tum
387 4161 577 4202 meum
610 4148 666 4201 in
723 4154 974 4217 tempore
1030 4162 1152 4214 suo,
1204 4156 1259 4204 et
1304 4150 1503 4205 vinum
1557 4164 1746 4206 meum
1789 4151 1845 4206 in
1887 4142 2204 4209 l)mentem
2267 4152 2394 4223 ejus
2453 4152 2511 4207 in
2586 4166 2743 4221 spem
2810 4150 3041 4205 inanem
3098 4149 3284 4220 erigit.
3337 4147 3649 4204 Sabbatum

155 4258 176 4284 ι
208 4245 462 4305 tempore
508 4250 631 4302 suo,
684 4243 740 4291 et
773 4236 1025 4292 liberabo
1080 4238 1273 4292 lanam
1328 4252 1534 4304 meam,
1565 4247 1620 4294 et
1664 4239 1846 4295 linum

154 4345 175 4371 ι
211 4338 425 4389 meum,
459 4338 589 4393 quae
616 4325 948 4393 operiebant
980 4326 1358 4395 ignominiam
1391 4329 1537 4397 ejus.
1576 4350 1597 4377 ι
1635 4330 1850 4382 Idcirco

151 4413 477 4479 revertitur,
526 4413 666 4482 quia
693 4428 764 4469 ex
797 4422 1088 4470 tantorum
1122 4430 1454 4482 munerum,
1493 4432 1624 4487 quaa
1651 4417 1701 4473 ei
1737 4417 1847 4473 im-

148 4500 439 4570 penderat,
482 4501 937 4558 consideratione
981 4503 1315 4559 reﬂectitur.
1369 4504 1529 4560 Unde
1560 4506 1763 4560 crebro
1794 4506 1846 4560 ei

152 4588 475 4657 obiicimus,
522 4598 586 4645 ut
625 4595 765 4645 Ius
795 4606 912 4656 eos,
964 4607 1066 4662 pro
1096 4593 1311 4662 quibus
1362 4608 1592 4663 passum
1638 4609 1695 4648 se
1723 4608 1846 4649 me-

151 4677 333 4744 minit,
390 4678 670 4734 diabolica
717 4694 831 4735 non
892 4680 1043 4736 sinat
1096 4681 1298 4737 fraude
1348 4682 1605 4737 lacerari.
1662 4682 1848 4738 Sumit

150 4768 479 4832 frumentum
510 4781 667 4819 suum
714 4769 771 4819 in
802 4773 1037 4836 tempore
1061 4783 1177 4829 suo,
1210 4783 1341 4824 cum
1374 4769 1631 4824 divinam
1664 4770 1844 4825 scien-

151 4854 309 4917 tiam,
342 4868 455 4908 non
504 4869 622 4923 qua
667 4856 1036 4923 abutebatur,
1083 4858 1177 4911 sed
1223 4872 1389 4913 suam
1440 4866 1757 4926 conservat,
1792 4868 1848 4915 et

153 4942 356 4997 retinet
404 4945 887 4999 remunerandam
920 4945 1285 5012 aeternaliter,
1325 4946 1477 5015 quod
1508 4954 1592 5001 est
1620 4949 1678 4999 in
1712 4953 1848 5000 tem—

151 5045 276 5098 pore
305 5045 419 5083 suo.
461 5031 536 5084 De
581 5046 698 5100 quo
729 5032 939 5088 dicitur
971 5047 985 5087 :
1028 5056 1048 5081 ι
1084 5034 1333 5102 Tempus
1364 5048 1555 5089 meum
1589 5035 1848 5090 nondum

157 5119 384 5173 advenit
435 5121 605 5186 (Joan.
670 5136 765 5183 vn,
820 5122 889 5187 6).
956 5144 976 5170 ι
1042 5123 1139 5177 Est
1193 5131 1385 5177 autem
1449 5129 1671 5192 tempus
1726 5124 1849 5179 sine

158 5215 416 5277 tempore,
468 5222 569 5276 pro
615 5209 844 5273 smculo,
900 5209 991 5265 vel
1053 5217 1207 5265 statu
1255 5224 1370 5265 non
1421 5225 1524 5280 pro
1574 5212 1849 5267 varietate

157 5296 417 5365 positum.
452 5296 528 5351 De
562 5297 695 5352 vino
728 5305 784 5353 et
823 5306 1077 5368 tempore
1106 5298 1235 5369 ejus
1266 5299 1413 5354 idem
1442 5299 1704 5354 sentitur.
1744 5302 1848 5354 La-

156 5401 277 5439 nam
299 5398 466 5440 suam
496 5393 550 5441 et
582 5388 753 5440 tinum
784 5401 956 5443 suum
983 5388 1134 5443 Deus
1164 5387 1385 5454 liberat,
1419 5388 1654 5458 quando
1683 5403 1848 5444 exer-

1953 4242 2156 4298 deinde
2200 4242 2539 4308 destruitur,
2589 4240 2824 4311 quando
2864 4243 3060 4308 torpor
3101 4246 3157 4294 et
3188 4239 3368 4294 otium
3407 4238 3481 4293 ab
3525 4238 3653 4308 ejus

1952 4329 2294 4400 cogitatione
2324 4329 2622 4385 recutitur.
2647 4328 2868 4384 Etenim
2895 4327 3422 4384 Nabuchodonosor
3445 4326 3648 4387 otium.

1948 4419 2122 4489 juxta
2170 4417 2449 4483 Ezechiel,
2505 4416 2883 4472 Sabbatorum
2938 4416 3198 4471 imitatur
3242 4416 3468 4483 (Ezech.
3529 4429 3649 4479 χχι,

1950 4510 2061 4570 23).
2094 4506 2298 4563 Omnia
2330 4505 2469 4560 festa
2503 4512 2762 4574 tempora
2789 4503 2915 4573 ejus
2943 4505 3272 4574 sopiuntur,
3306 4504 3444 4558 dum
3479 4503 3648 4573 quid-

1953 4594 2095 4664 quid
2147 4593 2206 4648 in
2254 4593 2359 4649 hoc
2391 4592 2600 4648 saecqu
2642 4592 2964 4662 jocundum
3016 4599 3072 4647 et
3100 4592 3349 4662 optabile
3398 4590 3651 4647 suboriri

1954 4690 2136 4753 potest
2188 4682 2245 4736 in
2296 4682 2424 4751 ejus
2478 4681 2792 4735 intentione
2840 4680 3232 4735 commoritur.
3295 4680 3479 4736 Vinea
3524 4680 3652 4750 ejus

1953 4770 2368 4840 corrumpitur,
2427 4769 2662 4839 quando
2706 4782 2866 4824 amor
2907 4767 3124 4832 saeculi,
3166 4783 3239 4824 ex
3279 4783 3396 4839 quo
3444 4769 3650 4824 vinum

1958 4860 2129 4915 totius
2159 4858 2461 4915 dementire
2494 4859 2782 4924 hauserat,
2832 4858 2889 4911 in
2917 4859 3043 4928 ejus
3087 4857 3417 4927 przecordiis
3445 4857 3649 4913 exstir-

1956 4956 2145 5018 patur.
2195 4947 2352 5003 Sicut
2399 4947 2551 5002 enim
2585 4947 2790 5001 domus
2838 4946 3009 5001 Israel
3041 4946 3210 5001 vinea
3267 4947 3365 5001 Dei
3414 4946 3650 5011 dicitur,

1956 5036 2035 5091 ita
2075 5051 2106 5091 e
2149 5036 2375 5091 diverso
2414 5035 2583 5090 vinea
2614 5034 3015 5097 Sodomorum,
3064 5041 3119 5089 et
3149 5034 3291 5088 alias
3330 5035 3501 5091 vinea
3532 5043 3655 5090 ter-

1955 5140 2034 5182 rae
2067 5125 2409 5195 appellatur.
2446 5125 2615 5181 Ficus
2642 5138 2874 5195 quoque
2911 5123 3322 5192 corrumpitur,
3356 5137 3487 5193 qua;
3516 5137 3657 5179 suc-

1956 5230 2051 5270 cos
2098 5214 2323 5279 lacteos,
2379 5228 2686 5284 ramosque
2738 5221 2961 5269 teneros
3007 5211 3219 5266 habere
3271 5211 3649 5282 dignoscitur,

1955 5315 2087 5357 cum
2124 5316 2305 5371 prava
2333 5316 2504 5372 penes
2533 5301 2830 5365 saeculum,
2863 5301 2952 5356 vel
2987 5307 3270 5370 parentes,
3304 5316 3436 5371 quae
3469 5302 3653 5357 Deum

1956 5390 2218 5460 postponi
2267 5391 2447 5458 docet,
2497 5389 2720 5446 affectio
2751 5403 2786 5445 a
2828 5389 3000 5446 corde
3048 5389 3326 5459 rejicitur.
3378 5390 3540 5447 Hanc
3578 5389 3653 5445 ῆι
