3904 6066
286 233 381 287 351
1186 232 1249 285 V.
1291 228 1619 285 GUIBERTI
1659 228 1953 283 ABBATIS
1990 230 2045 284 S.
2090 226 2326 282 MARM‘J
2365 229 2458 283 DE
2496 227 2887 284 NOVIGENTO

3688 230 3798 281 352

287 377 420 419 cum
449 361 603 433 apud
633 361 811 418 alium
840 360 1196 431 prophetam,
1224 373 1284 415 se
1315 360 1466 415 Deus
1490 357 1974 415 decorticaturum
2014 359 2061 411 A
2090 370 2319 414 aversos
2346 372 2486 429 ergo
2513 358 2552 415 it
2581 358 2682 429 qui
2702 358 2801 415 Dei
2823 358 3203 427 obliviscitur,
3227 358 3369 429 quia
3397 357 3582 429 pudor
3606 357 3799 413 omnis

289 451 441 523 (Joel.
493 469 530 518 ι,
562 451 638 522 '7),
674 451 729 506 id
754 457 837 506 est
869 449 1047 505 robur
1076 448 1127 505 ei
1175 448 1547 504 sublaturum
1576 447 1981 503 comminatur.

290 540 576 597 Mercedes
622 540 726 595 has
756 552 891 594 suas
929 537 1172 605 dixerat,
1206 551 1354 607 quas
1383 552 1416 592 a
1463 536 1585 592 suis
1631 536 1987 592 amatoribus

290 635 606 698 acceperat,
649 626 788 697 quia
822 626 981 681 hunc
1009 626 1263 681 fructum
1293 640 1413 681 suae
1448 624 1865 692 saecularitatis,
1896 624 1986 680 vel

291 732 325 773 a
353 716 730 780 daemonibus,
770 730 872 771 seu
902 714 1121 780 amicis,
1172 723 1236 770 ut
1267 714 1375 769 sibi
1408 714 1735 781 videbatur,
1766 714 1986 769 habue-

289 813 397 872 rat,
447 804 599 874 quod
644 804 1103 873 opportunitates
1136 803 1405 873 peccandi
1451 802 1813 872 frequentius
1843 816 1988 871 sup-

291 889 683 963 peditantibus
738 889 873 959 ipsis
920 890 1237 945 invenerat.
1293 912 1314 937 ε
1371 890 1441 945 Et
1491 903 1700 960 ponam
1755 902 1882 944 eam
1928 888 1987 943 in

298 1002 320 1029 ι
352 979 526 1044 saltu,
577 986 633 1033 et
664 978 920 1033 comedet
948 992 1075 1034 eam
1123 978 1304 1034 bestia
1352 977 1497 1048 agri.
1537 998 1558 1025 ι
1594 977 1659 1032 In
1708 974 1858 1031 saltu
1889 990 1987 1045 po-

258 1068 465 1132 'nitur,
503 1081 636 1122 cum
666 1066 723 1121 in
747 1066 987 1134 fervore,
1016 1066 1116 1135 qui
1148 1066 1219 1121 ad
1240 1067 1609 1122 tentationem
1633 1065 1682 1120 ei
1716 1063 1795 1131 fit,
1816 1063 1989 1133 juxta

287 1149 640 1220 Apostolum,
701 1150 1103 1219 peregrinatur
1153 1148 1205 1219 (Ι
1249 1151 1393 1203 Petr.
1448 1149 1500 1212 4,
1552 1148 1658 1218 12).
1714 1148 1761 1201 Α
1806 1146 1988 1202 bestia

288 1239 413 1311 agri
454 1238 556 1294 tibi
605 1238 944 1305 comeditur,
1001 1238 1237 1309 quando
1296 1237 1635 1294 multimoda
1679 1251 1712 1291 a
1758 1236 1987 1291 diabolo

287 1328 654 1399 suggestione
697 1326 1040 1383 corroditur.
1093 1327 1260 1383 Recte
1308 1326 1488 1382 bestia
1534 1325 1679 1397 agri,
1714 1325 1853 1396 quia
1897 1331 1985 1394 ty-

287 1430 509 1472 rannus
534 1423 617 1472 est
650 1416 874 1471 mundi.

359 1504 532 1561 Vnus.
566 1503 653 1558 13.
686 1533 754 1543 —
791 1524 812 1552 ι
850 1503 921 1558 Et
949 1503 1191 1559 visitabo
1217 1517 1393 1573 super
1420 1517 1548 1559 eam
1586 1503 1706 1558 dies
1743 1500 1981 1565 Baalim,

294 1613 316 1641 ι
348 1592 563 1663 quibus
606 1592 951 1648 accendebat
995 1592 1313 1660 incensum,
1348 1599 1402 1647 et
1432 1592 1753 1647 ornabatur
1782 1590 1985 1646 inaure

293 1703 315 1730 ι
352 1695 476 1747 sua,
511 1688 567 1736 et
609 1680 807 1737 monili
855 1695 981 1749 suo,
1013 1688 1069 1737 et
1117 1681 1236 1736 ibat
1268 1688 1391 1750 post
1420 1688 1707 1736 amatores
1746 1694 1900 1747 suos,
1929 1686 1985 1734 et

296 1789 317 1819 ι
352 1769 460 1826 mei
493 1769 957 1836 obliviscebatur,
998 1769 1135 1825 dicit
1181 1770 1480 1825 Dominus.
1518 1791 1538 1818 ι
1592 1769 1719 1824 Dies
1765 1767 1982 1824 Baalim

289 1872 465 1927 super
493 1872 619 1914 eam
660 1858 993 1926 visitantur,
1022 1873 1153 1914 cum
1188 1858 1309 1929 jam
1339 1858 1607 1927 lacrymis
1647 1856 1853 1927 punire
1885 1871 1986 1911 co—

291 1946 467 2017 gitur,
500 1946 657 2016 quod
691 1946 984 2016 quondam
1026 1946 1223 2001 multis
1252 1946 1527 2001 innutriri
1559 1960 1618 2001 se
1643 1945 1795 2000 vitiis
1822 1945 1984 2001 laeta-

290 2034 485 2091 batur.
533 2037 657 2090 Dies
711 2035 862 2090 enim
918 2049 1022 2105 pro
1056 2033 1408 2105 jucunditate
1454 2034 1708 2104 ponitur,
1751 2040 1815 2089 ut
1854 2040 1982 2089 est:

296 2144 317 2172 ι
355 2124 418 2177 In
449 2123 559 2179 hac
608 2123 720 2190 die,
771 2137 903 2193 quae
950 2123 1023 2178 ad
1072 2137 1266 2193 pacem
1315 2123 1417 2178 tibi
1468 2124 1619 2191 (Luc.
1652 2138 1768 2189 XIX,
1810 2123 1917 2191 42).
1960 2145 1979 2169 ιο

290 2210 508 2266 Baalim
559 2227 658 2281 pro
708 2212 871 2267 idolis
918 2212 1171 2281 ponitur,
1221 2220 1275 2268 et
1306 2220 1390 2267 est
1421 2213 1537 2267 acsi
1589 2211 1822 2277 diceret,
1872 2211 1985 2266 dies

288 2299 575 2354 idolorum.
613 2301 1030 2370 Interpretatur
1058 2315 1295 2372 quoque
1338 2301 1536 2355 habens
1565 2316 1665 2369 me,
1714 2300 1803 2355 vel
1834 2304 1988 2354 viro-

288 2405 410 2443 rum
442 2405 698 2444 meorum.
744 2390 816 2445 Et
845 2404 976 2460 quae
1008 2397 1144 2446 sunt
1184 2390 1335 2445 idola
1381 2389 1601 2460 majora
1643 2402 1818 2460 quam
1869 2389 1987 2445 cri-

292 2478 470 2545 mina,
530 2478 599 2534 dc
655 2478 871 2548 quibus
918 2478 1277 2548 Apostolus:
1326 2501 1346 2526 α
1398 2478 1677 2543 Avaritia,
1713 2492 1844 2548 quae
1901 2484 1987 2532 est

291 2566 572 2623 idolorum
595 2566 1067 2637 servitus(Colos.
1102 2582 1180 2633 ιιι,
1203 2566 1276 2637 5).
1304 2588 1331 2616 ››
1363 2568 1434 2622 Et
1458 2566 1595 2621 alibi
1630 2582 1643 2621 :
1682 2588 1703 2615 ι
1729 2565 1986 2633 Quorum

293 2654 446 2709 Deus
476 2662 677 2710 venter
702 2662 806 2723 est,
849 2662 904 2710 et
948 2654 1131 2724 gloria
1172 2654 1231 2710 in
1263 2655 1547 2725 pudendis
1572 2669 1772 2711 eorum
1818 2654 1982 2722 (Phil.

291 2756 370 2807 ιιι,
406 2745 516 2809 19).
564 2763 585 2789 ι
625 2741 690 2797 Hi
722 2749 858 2797 sunt
887 2742 1016 2809 viri,
1051 2742 1153 2812 qui
1184 2757 1288 2798 nos
1322 2757 1437 2798 non
1468 2750 1696 2814 regunt,
1730 2743 1823 2798 sed
1857 2743 1988 2798 abi-

292 2837 458 2901 gunt,
491 2830 559 2885 de
589 2830 804 2900 quibus
829 2830 921 2885 ille
953 2839 1036 2886 est
1067 2845 1079 2884 :
1116 2853 1136 2879 ι
1170 2831 1235 2886 Et
1266 2831 1357 2886 hic
1376 2846 1545 2901 quem
1576 2830 1753 2887 babes
1770 2846 1882 2887 non
1902 2838 1987 2886 est

292 2926 430 2974 tuus
483 2918 575 2973 vir
625 2920 801 2986 (Joan.
855 2934 931 2986 1v,
970 2918 1095 2989 18);
1150 2940 1172 2968 ι
1217 2924 1272 2975 et
1320 2919 1585 2989 quandiu
1631 2934 1734 2975 nos
1776 2920 1990 2975 habent
2027 2913 2068 2969 C

291 3021 408 3062 non
439 3014 557 3063 tam
607 3007 897 3077 possident
926 3022 1100 3078 quam
1150 3008 1429 3064 obsident.
1480 3008 1703 3075 Quibus
1732 3016 1871 3064 tunc
1901 3009 1986 3064 in-

294 3110 531 3151 censum
582 3096 936 3164 accenditur,
986 3111 1118 3152 cum
1158 3112 1231 3152 ex
1263 3097 1427 3168 pravi
1476 3098 1696 3154 fervore
1725 3098 1988 3153 desiderii

294 3185 446 3241 intra
488 3193 756 3251 mentem,
786 3200 917 3256 quae
951 3201 1055 3242 nos
1084 3187 1231 3242 male
1263 3187 1530 3255 obcaecat,
1564 3187 1778 3244 nebula
1808 3188 1988 3243 susci-

294 3282 468 3330 tatur.
505 3275 623 3329 Hoc
667 3282 768 3342 est,
803 3275 959 3345 quod
994 3276 1148 3345 apud
1177 3276 1526 3332 Ezechielem
1561 3291 1738 3347 vapor
1766 3277 1991 3333 nebulae

294 3368 363 3423 de
418 3368 586 3423 thure
634 3382 982 3438 consurgere
1026 3368 1236 3424 dicitur
1294 3369 1506 3440 (Ezech.
1559 3385 1674 3438 vin,
1734 3372 1834 3439 11).
1877 3371 1993 3427 Nec

294 3456 455 3512 nobis
483 3456 675 3523 oflicit,
712 3457 865 3526 quod
912 3457 1152 3512 libenter
1176 3457 1480 3527 aliquoties
1523 3458 1786 3513 ardentia
1818 3459 1993 3514 thura

293 3545 603 3613 sentimus,
650 3545 790 3616 quia
841 3545 1154 3615 saepissime
1210 3560 1312 3615 per
1360 3547 1799 3619 imaginationes
1849 3553 1992 3602 189

294 3648 412 3690 non
454 3634 649 3689 minus
688 3649 866 3705 quam
898 3635 1333 3706 praesentialiter
1366 3637 1509 3705 visa,
1550 3644 1606 3693 et
1636 3637 1836 3693 audita
1865 3652 1993 3710 gra-

294 3731 482 3780 tanter
509 3723 828 3781 olfacimus.

363 3813 565 3868 Iuaure
613 3828 715 3867 sua
762 3821 1025 3878 ornatur,
1074 3814 1179 3883 qui
1228 3814 1296 3869 de
1345 3814 1690 3871 claritudine
1745 3816 1992 3887 propriae

296 3898 685 3971 intelligentiae
750 3901 1029 3957 elevatur.
1090 3902 1297 3958 Monile
1360 3910 1552 3959 autem
1609 3904 1681 3959 ad
1735 3913 1994 3961 extrema

297 3988 426 4043 colli
472 3988 835 4057 appenditur.
869 3991 1062 4045 Manili
1111 4005 1249 4061 ergo
1293 3998 1555 4059 ornatur,
1607 3993 1709 4063 qui
1738 3993 1808 4048 de
1856 4008 1990 4064 pro-

299 4075 583 4131 funditate
614 4077 836 4132 consilii
865 4077 1164 4148 gloriatur.
1198 4079 1415 4135 Habent
1446 4080 1597 4136 enim
1628 4080 1727 4151 qui
1758 4090 1994 4151 peccant

298 4164 472 4219 verba
521 4164 825 4235 cujusdam
878 4166 1035 4236 apud
1078 4181 1134 4223 se
1177 4167 1649 4237 ratiocinationis,
1699 4170 1772 4225 ad
1821 4185 1994 4227 excu-

2094 447 2395 515 recutitur,
2452 446 2550 504 ubi
2581 446 2870 519 quidquid
2914 447 3015 503 Dei
3056 454 3160 516 est,
3211 462 3245 504 a
3274 447 3409 503 sinu
3451 446 3658 502 mentis
3698 459 3799 501 ar-

2095 543 2278 592 cetur.

2166 669 2338 726 Vsus.
2389 671 2472 735 14,
2509 673 2593 725 15.
2626 699 2695 711 —
2743 693 2764 719 ι
2807 671 3046 739 Propter
3093 669 3219 736 hoc,
3262 682 3391 725 ecce
3433 683 3537 739 ego
3568 667 3800 725 iactabo

2101 782 2122 808 ι
2157 773 2304 827 eam,
2346 765 2402 814 et
2428 758 2636 814 ducam
2684 772 2811 815 eam
2862 758 2918 813 in
2953 756 3337 825 solitudinem,
3388 764 3442 812 et
3471 756 3677 827 loquar
3719 756 3801 811 ad

2096 868 2124 896 »
2159 861 2258 903 cor
2285 847 2429 918 ejus.
2479 848 2548 903 Et
2577 847 2725 903 dabo
2770 846 2823 902 ei
2856 845 3129 903 vinitores
3157 845 3285 915 ejus
3316 859 3389 900 ex
3419 844 3614 901 eodem
3645 844 3798 910 loco,

2099 957 2121 984 ι
2156 944 2212 992 et
2254 935 2464 991 vallem
2515 935 2701 991 Achor
2748 935 2818 991 ad
2866 933 3233 1004 aperiendam
3288 947 3482 1002 spem,
3526 942 3581 989 et
3626 941 3802 988 canet

2099 1046 2121 1074 ι
2160 1026 2235 1081 ibi
2263 1025 2435 1094 juxta
2464 1024 2585 1079 dies
2607 1024 2933 1095 juventutis
2976 1037 3115 1090 suae,
3148 1030 3202 1077 et
3236 1022 3409 1093 juxta
3440 1021 3559 1077 dies
3588 1035 3803 1077 ascen-

2099 1135 2121 1163 ι
2157 1113 2333 1169 sionis
2364 1127 2481 1168 suae
2520 1112 2589 1167 de
2619 1121 2772 1168 terra
2813 1111 3061 1181 Egypti.
3101 1130 3123 1159 ι
3157 1112 3384 1179 Propter
3425 1110 3538 1177 hoc,
3576 1109 3794 1180 inquit,

2094 1196 2304 1251 lactabo
2350 1214 2488 1266 eam,
2525 1198 2582 1253 id
2618 1206 2703 1255 est
2731 1199 3003 1255 dulcibus
3048 1198 3313 1269 eloquiis,
3348 1205 3413 1254 ut
3460 1198 3569 1255 mei
3616 1197 3796 1253 remi—

2094 1284 2372 1355 niscatur,
2403 1294 2458 1343 et
2486 1287 2801 1344 desertores
2844 1301 2957 1343 non
2988 1295 3377 1358 prosequatur
3410 1287 3692 1343 erudiam.
3725 1289 3799 1342 In

2092 1374 2442 1430 solitudinem
2472 1392 2590 1430 eam
2636 1376 2849 1444 ducam,
2884 1376 3025 1446 quia
3050 1391 3084 1432 a
3114 1378 3359 1445 strepitu
3404 1376 3696 1441 vitiorum,
3732 1382 3797 1431 et

2093 1463 2266 1519 etiam
2309 1464 2382 1519 ab
2436 1463 2699 1521 inanium
2744 1464 3161 1537 cogitationum
3214 1479 3342 1521 eam
3394 1464 3595 1532 turbis,
3646 1465 3797 1534 quia

2095 1552 2204 1608 sibi
2254 1552 2374 1609 sola
2424 1567 2545 1608 esse
2597 1568 2736 1634 non.
2767 1561 2967 1623 potest,
3016 1568 3147 1624 quae
3200 1553 3376 1609 tantis
3421 1552 3796 1609 exactoribus

2024 1637 2307 1694 Bsubest.
2355 1640 2449 1694 Ad
2493 1655 2583 1693 cor
2610 1639 2727 1711 ejus
2760 1640 2836 1697 ibi
2892 1642 3036 1695 Deus
3085 1640 3366 1710 loquitur,
3419 1640 3559 1696 dum
3610 1653 3795 1696 sacrae

2092 1727 2326 1799 paginae
2372 1729 2613 1784 verbum
2663 1743 2766 1799 per
2793 1729 3249 1799 compunctionis
3280 1728 3525 1799 gratiam
3565 1728 3623 1783 in
3663 1730 3796 1800 ejus

2094 1816 2287 1871 animo
2335 1816 2694 1872 dulcoratur.
2750 1817 2852 1874 Vel
2882 1817 3054 1873 etiam
3099 1817 3174 1871 ad
3218 1832 3310 1871 cor
3345 1816 3461 1887 ejus
3506 1815 3792 1886 loquitur,

2094 1919 2227 1959 cum
2255 1919 2342 1973 ea,
2379 1919 2509 1975 quae
2540 1905 2639 1961 vix
2668 1919 2897 1961 summa
2934 1919 3076 1961 aure
3102 1904 3384 1970 attingere
3414 1904 3792 1976 dignabatur,

2093 1994 2219 2064 ejus
2267 1994 2593 2063 praicordiis
2636 1995 2970 2051 medullitus
3015 1994 3358 2051 illabuntur.
3436 1996 3704 2051 Vinitores
3743 1998 3799 2047 ei

2094 2098 2163 2136 ea:
2209 2082 2388 2137 eodem
2447 2083 2555 2137 loco
2603 2083 2839 2150 dantur,
2891 2096 3023 2139 cum
3074 2081 3383 2138 rationales
3432 2088 3642 2147 motus,
3687 2080 3795 2151 qui

2095 2172 2388 2240 quondam
2440 2172 2563 2241 ipsa
2608 2185 2717 2227 sua
2759 2172 2985 2227 interna
3032 2172 3449 2241 disperserant,
3499 2170 3572 2226 ad
3617 2169 3796 2239 spiri-

2098 2259 2267 2316 tualis
2297 2259 2541 2315 culturae
2568 2260 2908 2323 exercitium
2941 2260 3177 2316 fideliter
3207 2260 3622 2331 glomerantur.
3655 2258 3797 2316 Val-

2095 2347 2164 2405 lis
2219 2349 2413 2406 Achor
2456 2348 2671 2418 pariter
2715 2349 3013 2414 tribuitur,
3060 2349 3295 2419 quando
3352 2348 3588 2404 humilis
3629 2362 3796 2404 mens

2096 2437 2440 2507 paenitentiae
2478 2437 2786 2493 acerbitate
2834 2438 3134 2507 turbatur;
3181 2438 3370 2493 Achor
3396 2437 3547 2493 enim
3579 2436 3796 2492 dicitur

2097 2526 2357 2579 tumultus
2407 2525 2527 2580 sive
2574 2525 2881 2580 turbarum.
2924 2526 3086 2583 Unde
3134 2525 3429 2595 psalmus:
3464 2544 3492 2577 α
3530 2526 3792 2581 Commo-

2095 2613 2247 2681 visti,
2306 2615 2562 2680 Domine,
2616 2621 2860 2682 terram,
2922 2621 2977 2670 et
3026 2614 3383 2670 conturbasti
3439 2628 3565 2670 eam
3620 2613 3788 2684 (Psal.

2096 2717 2207 2770 Lix,
2240 2703 2318 2772 4),
2347 2722 2368 2750 ο
2404 2709 2511 2757 etc.
2544 2701 2682 2769 Quae
2700 2703 2851 2757 enim
2884 2703 3055 2759 turba
3077 2702 3331 2772 gravior,
3354 2702 3486 2772 quis
3507 2702 3797 2759 tumultus

2096 2806 2274 2863 quam
2304 2792 2710 2847 conscientiam
2743 2792 2851 2848 sub
2895 2792 3008 2846 Deo
3032 2791 3228 2861 judice
3258 2791 3326 2847 de
3366 2790 3612 2861 propriis
3641 2802 3798 2844 mor-

2097 2880 2214 2935 deri
2262 2888 2316 2935 et
2346 2881 2536 2936 dolere
2587 2880 2974 2936 criminibus?
3025 2880 3131 2936 Sed
3170 2895 3286 2936 non
3334 2894 3481 2935 vane
3511 2880 3631 2935 haec
3678 2878 3795 2933 hu-

2097 2970 2306 3025 militas
2344 2970 2740 3040 perturbatur,
2777 2968 2867 3025 cui
2900 2969 3144 3025 subinde
3174 2984 3289 3039 quo
3326 2969 3518 3024 acrius
3547 2966 3796 3023 voluerit

2095 3072 2219 3127 spes
2247 3058 2427 3113 venite
2453 3058 2731 3127 aperitur.
2756 3060 2928 3111 Juxta
2946 3057 3254 3127 juventutis
3286 3058 3399 3111 dies
3435 3057 3508 3112 ibi
3540 3054 3795 3120 canitur,

2097 3148 2236 3218 quia
2290 3148 2608 3204 secundum
2648 3146 2964 3203 claritatem
3014 3147 3301 3201 innovatae
3354 3145 3580 3201 virtutis
3634 3157 3798 3199 mens

2096 3236 2365 3304 lzetatur;
2400 3252 2516 3307 quo
2565 3236 2718 3291 enim
2751 3236 3001 3305 amplius
3030 3235 3181 3290 diem
3210 3234 3421 3289 divinae
3451 3232 3797 3304 cognitionis

2097 3325 2371 3396 attigerit,
2418 3334 2472 3381 et
2521 3326 2760 3380 internae
2808 3323 3109 3380 soliditatis
3156 3323 3335 3379 robur
3387 3322 3562 3393 (quod
3611 3322 3795 3392 signi-

2099 3413 2229 3469 licat
2254 3413 2552 3484 juventus)
2603 3412 2872 3479 induerit,
2922 3419 3076 3467 tanto
3106 3412 3473 3483 gratiosiores
3505 3411 3561 3465 in
3608 3410 3791 3465 Deum

2093 3503 2309 3574 jubilos
2361 3503 2566 3558 fundit.
2609 3501 2784 3556 Juaitu
2830 3501 3001 3556 etiam
3058 3501 3171 3555 dies
3218 3502 3545 3555 ascensionis
3576 3515 3686 3553 sua
3729 3497 3797 3552 dc

2098 3599 2245 3648 terra
2271 3594 2498 3661 Egypti
2529 3590 2704 3653 canit,
2737 3590 2877 3660 quia
2907 3604 3023 3660 quo
3058 3589 3241 3661 magis
3273 3589 3636 3644 illuminante
3665 3601 3798 3658 gra-

2100 3682 2179 3738 tia
2207 3689 2464 3737 terrenos
2503 3679 2811 3749 appetitus,
2852 3678 3008 3749 quod
3037 3679 3321 3749 zEgyptus
3365 3676 3575 3748 signat,
3609 3690 3799 3731 exces-

2098 3770 2251 3838 serit,
2306 3776 2461 3825 tanto
2509 3769 2581 3834 ei,
2628 3782 2731 3838 pro
2778 3782 2895 3837 quo
2936 3780 3005 3823 ea
3055 3769 3533 3833 contemnuntur,
3579 3763 3799 3835 glorifi-

2098 3859 2286 3915 cando
2312 3866 2367 3914 et
2397 3857 2643 3914 amando
2673 3855 2991 3926 expeditior
3019 3856 3148 3912 erit.

2166 3992 2339 4049 Vens.
2375 3991 2459 4045 16.
2493 4019 2563 4030 —
2595 4012 2616 4038 ι
2647 3989 2717 4045 Et
2758 3990 2867 4045 erit
2896 3989 3025 4060 (hoc
3067 4002 3246 4057 supra
3286 3987 3683 4057 exposuimus)
3736 3986 3797 4042 in

2106 4102 2127 4130 ι
2162 4080 2253 4137 die
2305 4080 2403 4135 illa
2454 4078 2628 4149 (quod
2688 4085 2743 4134 et
2793 4091 2971 4148 supra
3018 4077 3348 4145 expositum
3394 4080 3520 4144 est),
3567 4075 3799 4131 vocabit

2107 4191 2126 4217 ι
2162 4183 2252 4224 me
2285 4182 2297 4222 :
2331 4166 2435 4225 Vir
2469 4178 2651 4234 meus,
2702 4174 2758 4222 et
2785 4181 2900 4221 non
2943 4165 3171 4221 vocabit
3210 4179 3299 4220 me
3346 4164 3498 4220 ultra
3548 4163 3728 4219 Baali.
3771 4184 3793 4213 ι

298 4251 509 4307 sandas
552 4252 765 4309 scilicet
813 4254 1214 4311 excusationes
1260 4257 1318 4311 in
1351 4257 1596 4326 peccatis
1638 4257 1811 4329 (Psal.
1856 4273 1984 4323 exn,
2030 4267 2070 4321 ο
2099 4257 2226 4313 Vox
2267 4263 2353 4312 est
2400 4254 2659 4311 mulieris
2708 4256 2777 4309 de
2822 4253 3116 4323 praemissa
3161 4253 3259 4308 Dei
3309 4253 3614 4322 sponsione
3662 4252 3794 4323 glo-

296 4339 372 4407 4).
406 4339 524 4397 Sub
572 4341 801 4398 nomine
845 4343 998 4399 enim
1027 4343 1172 4414 ejus,
1214 4359 1345 4415 quze
1389 4346 1556 4416 quasi
1589 4347 1685 4403 vix
1735 4346 1985 4404 cohiberi

300 4436 494 4498 possm,
552 4429 929 4486 humanitatis
957 4434 1219 4489 securius
1260 4433 1441 4489 solent
1483 4434 1757 4491 inservire
1788 4450 1993 4506 pecca-

300 4517 390 4573 tis.
437 4518 553 4574 Nec
582 4519 794 4576 mirum
840 4520 888 4576 si
920 4521 979 4576 in
1025 4521 1174 4577 malo
1223 4536 1292 4578 ea
1323 4523 1613 4592 ponimus,
1662 4538 1793 4580 cum
1825 4538 1992 4593 repe-

300 4608 528 4662 riantur
556 4606 615 4663 in
654 4608 802 4664 bono
845 4607 1225 4679 frequentius,
1259 4611 1399 4681 quia
1429 4611 1487 4666 in
1537 4611 1682 4668 libro
1724 4613 1990 4669 Judicum

300 4695 615 4751 lsmaelitas
681 4697 911 4754 inaures
970 4706 1024 4755 et
1093 4699 1347 4755 armillas
1415 4700 1683 4757 habuisse
1749 4701 1993 4773 legimus

302 4783 450 4854 (Jud.
500 4801 619 4851 vni,
653 4787 738 4854 24)
762 4802 778 4856 ;
828 4787 977 4843 sicut
1010 4787 1068 4842 in
1109 4802 1286 4843 manu
1328 4789 1635 4859 Babylonis
1672 4790 1991 4846 secundum

300 4872 700 4945 Apocalypsim
731 4875 880 4931 calix
915 4883 1000 4931 est
1028 4890 1242 4932 aureus
1288 4878 1481 4946 (Apoc.
1530 4892 1644 4945 xv1,
1683 4877 1788 4949 19).
1830 4878 1992 4935 Unde

299 4970 355 5017 et
403 4964 483 5017 ire
510 4969 633 5031 post
679 4970 947 5019 amatores
977 4979 1135 5021 nunc
1175 4965 1408 5032 dicitur,
1458 4965 1599 5035 quia
1651 4965 1993 5036 plerumque

300 5064 406 5105 nec
449 5051 698 5118 homine,
732 5066 836 5108 nec
883 5052 1109 5109 diabolo
1140 5052 1432 5109 incentore
1464 5067 1704 5123 pravam
1743 5068 1992 5109 consue-

299 5137 557 5195 tudinem
602 5149 802 5210 sponte
832 5142 1221 5211 prosequitur.
1277 5141 1439 5198 Unde
1467 5142 1698 5197 cuidam
1729 5142 1942 5198 dicitur
1975 5157 1988 5197 :

307 5250 327 5274 σι
362 5226 580 5284 Mittam
612 5236 666 5284 te
706 5229 874 5299 quasi
905 5231 962 5285 in
1001 5230 1174 5299 pilam
1206 5231 1265 5286 in
1309 5238 1518 5286 terram
1564 5229 1738 5285 latam
1768 5237 1823 5285 et
1855 5244 1993 5300 spa-

302 5311 504 5369 tiosum
553 5316 710 5384 (Isai.
764 5331 906 5384 χχιι,
963 5319 1071 5388 18).
1128 5340 1148 5367 ι
1193 5318 1315 5373 Pila
1353 5318 1509 5374 enim
1562 5316 1696 5388 plus
1741 5317 1994 5375 volvitur

303 5416 480 5471 quam
514 5403 643 5459 velit
672 5404 722 5458 is
751 5418 785 5459 a
814 5420 930 5475 quo
954 5406 1191 5477 jacitur.
1240 5405 1404 5463 Multi
1442 5406 1596 5462 enim
1624 5421 1739 5462 non
1780 5414 1846 5463 ut
1873 5406 1995 5463 affi-

302 5492 533 5549 ciantur
576 5501 926 5564 exspectant,
969 5496 1066 5552 sed
1095 5494 1336 5552 affectus
1378 5496 1436 5551 in
1468 5510 1528 5553 se
1555 5495 1830 5553 excitant.
1862 5497 1991 5553 Post

2106 4345 2326 4401 riantis.
2378 4345 2520 4401 Cum
2578 4343 2747 4410 hanc,
2811 4342 3023 4412 inquit,
3070 4341 3211 4397 mihi
3267 4342 3420 4397 Deus
3466 4340 3798 4411 praestiterit

2104 4436 2310 4500 lucem,
2340 4432 2574 4499 vocabit,
2626 4431 2679 4486 id
2710 4438 2794 4487 est
2820 4429 3124 4487 aestimabit
3162 4445 3252 4486 me
3281 4444 3546 4496 uxorem,
3587 4436 3651 4485 ut
3678 4428 3796 4485 sci-

2102 4524 2235 4580 licet
2291 4522 2408 4591 ipse
2481 4521 2708 4576 dicatur
2760 4523 2850 4574 vir
2902 4535 3083 4587 meus,
3152 4533 3257 4575 nec
3321 4526 3553 4588 peccata
3600 4525 3800 4574 vetera

2102 4613 2386 4677 oberunt,
2444 4610 2585 4679 quia
2658 4608 2851 4665 cultus
2904 4608 3160 4677 pristinaa
3232 4607 3565 4663 idololatriae
3629 4606 3798 4677 sopiti

2103 4707 2259 4757 sunt.
2301 4699 2501 4769 (Vsus.
2556 4696 2664 4767 17.)
2700 4719 2721 4746 ι
2780 4698 2853 4752 Ει
2880 4695 3141 4753 auferam
3186 4696 3422 4751 nomina
3466 4694 3682 4751 Baalim
3726 4695 3799 4752 de

2108 4810 2129 4837 ι
2164 4801 2263 4843 ore
2313 4786 2459 4856 ejus,
2503 4792 2558 4841 et
2613 4799 2728 4840 non
2777 4783 3174 4841 recordabitur
3224 4783 3380 4840 ultra
3424 4783 3675 4839 nominis
3713 4797 3801 4839 eo-

2104 4896 2132 4926 »
2168 4889 2319 4932 rum.
2359 4895 2379 4923 ι
2416 4872 2580 4929 Redit
2623 4871 2902 4929 Dominus
2929 4871 3000 4927 ad
3029 4870 3085 4927 id
3129 4872 3281 4942 quod
3312 4870 3581 4942 superius
3609 4870 3799 4927 dicere

2102 4969 2370 5033 coeperat.
2418 4962 2577 5026 Quod
2627 4968 2809 5016 totum
2839 4967 2922 5016 est
2953 4975 2965 5014 :
2997 4959 3122 5016 Non
3168 4959 3356 5016 solum
3406 4959 3664 5029 antiquae
3692 4959 3800 5015 cri-

2103 5050 2446 5109 minositatis
2490 5050 2712 5106 cultum
2757 5048 2864 5106 sibi
2920 5049 3281 5117 subtraham,
3312 5049 3413 5106 sed
3458 5048 3635 5105 etiam
3672 5049 3800 5120 ipsa

2102 5140 2339 5197 nomina
2363 5138 2657 5207 vitiorum,
2701 5138 2856 5209 quod
2902 5138 3209 5209 Apostolus
3243 5160 3265 5187 ι
3312 5136 3737 5208 turpiloquium
3769 5160 3791 5187 ι

2102 5230 2361 5286 nominat
2417 5229 2649 5300 (Ephes.
2697 5243 2754 5295 v,
2796 5227 2873 5297 4),
2912 5227 2981 5283 de
3024 5241 3121 5283 ore
3168 5226 3297 5298 ejus
3340 5226 3637 5294 abradam,
3690 5240 3798 5283 nec

2102 5319 2287 5375 solum
2337 5317 2650 5374 verborum
2702 5316 2981 5372 foeditates
3032 5316 3405 5382 subtraham,
3465 5314 3564 5370 sed
3618 5314 3794 5370 etiam

2101 5408 2287 5465 omnis
2331 5405 2561 5465 obsoleti
2595 5411 2759 5462 actus
2795 5404 2868 5461 ab
2918 5404 3046 5475 ejus
3093 5404 3285 5461 animo
3331 5402 3648 5461 obliterabo
3687 5416 3797 5460 me-

2101 5495 2363 5553 moriam.
2403 5494 2563 5552 Unde
2593 5493 2899 5566 Apostolus
2930 5507 2943 5547 :
2978 5515 3006 5544 ‹‹
3036 5493 3153 5550 Nec
3180 5492 3509 5549 nominetur
3540 5492 3598 5547 in
3627 5491 3795 5547 vobis
