3904 6066
88 288 189 343 353

817 281 1283 341 TROPOLOGIzE
1322 283 1387 338 IN
1426 282 1621 345 OSEE,
1660 281 1852 338 AMOS
1893 281 1980 338 ET
2016 282 2164 337 JER.
2218 309 2276 320 -
2316 279 2444 334 LIB.
2485 281 2509 335 l
2570 279 2639 334 IN
2672 278 2870 335 OSEE.

3489 280 3591 333 354·

85 424 278 493 (Ibid.,
335 424 415 493 3).
474 445 496 472 ι
560 424 672 479 Et:
709 444 729 471 ι
792 422 1029 487 Qualem
1087 421 1344 476 fructum
1394 419 1676 476 habuistis
1716 418 1775 474 in
1815 418 2103 474 Adendas
2159 432 2248 473 res
2303 417 2363 472 in
2407 416 2577 472 corde
2636 416 2817 472 ﬁdelis
2865 424 3025 472 tanta
3083 417 3256 473 faciat
3305 417 3591 473 soliditate

83 513 299 584 quibus
322 527 480 569 nunc
499 510 880 568 erubescitis?
904 510 1084 581 (Rom.
1114 525 1189 576 vr,
1223 508 1337 578 2t.)
1370 530 1391 556 ν
1436 564 1443 570 ,

84 623 104 650 ι
140 603 310 658 Vens.
348 606 432 657 18.
464 634 533 641 —
567 624 586 650 ι
619 602 687 656 Et
718 600 1036 670 percutiam
1077 599 1158 654 eis
1189 598 1374 654 foedus
1417 598 1478 652 in
1511 598 1603 653 die
1656 596 1773 664 illa,

86 713 106 739 ι
139 706 272 747 cum
330 690 511 747 bestia
553 688 699 761 agri,
743 695 800 744 et
855 703 987 744 cum
1045 687 1278 742 volucre
1332 686 1477 753 cceli,
1533 694 1587 741 et
1642 700 1774 741 cum

82 800 108 828 »
141 779 332 849 reptili
382 788 566 845 terrae,
627 786 681 833 et
736 790 960 842 arcum,
1011 783 1066 831 et
1118 775 1398 845 gladium,
1457 783 1512 831 et
1560 774 1775 829 bellum

78 890 99 915 ι
133 877 428 923 conteram
493 867 563 921 de
605 874 787 932 terra;
839 872 893 919 et
947 863 1199 918 dormire
1249 877 1344 917 eos
1391 862 1601 916 faciam
1633 861 1778 916 ﬁdu-

85 973 105 999 ι
139 951 381 1007 cialiter.
444 973 466 999 ι
499 952 562 1005 1η
609 950 699 1004 die
753 952 852 1004 illa
891 949 1070 1015 foedus
1116 950 1191 1002 eis
1239 948 1389 1003 Deus
1430 964 1550 1002 cum
1609 948 1778 1000 bestia

78 1042 226 1110 agri,
262 1040 368 1095 hoc
396 1048 479 1095 est
507 1053 680 1109 super
708 1037 890 1095 bestia
913 1037 1039 1110 agri
1071 1037 1336 1108 percutit.
1372 1051 1503 1093 cum
1576 1036 1634 1091 in
1683 1036 1778 1091 illo

80 1128 339 1184 interiori
387 1128 605 1184 lumine
652 1142 724 1183 ex
775 1128 937 1183 bona:
987 1126 1317 1183 intentionis
1377 1125 1644 1180 ﬁrmitate
1699 1124 1780 1180 eis

80 1217 441 1287 pasciscitur,
479 1218 633 1287 quod
665 1217 843 1273 bestia
873 1217 1018 1287 agri,
1052 1216 1107 1271 id
1146 1223 1229 1271 est
1258 1215 1449 1272 feralis
1495 1214 1779 1285 cupiditas

78 1305 137 1361 in
172 1306 338 1361 nullo
358 1305 440 1361 eis
472 1306 751 1361 dominari
786 1305 1170 1375 permittatur,
1205 1319 1310 1359 nec
1348 1303 1581 1359 volucre
1627 1303 1774 1370 cceli,

80 1394 236 1464 quod
300 1402 387 1450 est
442 1394 736 1464 superbia,
790 1408 895 1449 nec
960 1393 1177 1463 reptilae
1234 1401 1419 1460 terrae,
1487 1392 1641 1462 quod
1697 1399 1781 1448 est

78 1483 339 1539 luxuria.
372 1482 516 1538 Nota
545 1481 898 1549 distantiam,
933 1481 1089 1551 quod
1120 1480 1330 1537 scilicet
1376 1480 1573 1550 reptile
1616 1480 1779 1535 humi

77 1585 319 1641 prorsus
363 1570 658 1637 inhaereat,
712 1570 945 1625 volucre
995 1583 1096 1639 per
1146 1569 1263 1624 alta
1308 1568 1545 1635 feratur,
1599 1567 1781 1623 bestia

76 1669 132 1709 se
162 1655 587 1725 aliquantisper
619 1669 653 1709 a
683 1661 836 1709 terra
876 1653 1207 1723 suspendat.
1266 1657 1473 1706 Arcum
1519 1652 1779 1721 conterit,

76 1757 208 1798 cum
245 1742 634 1811 subripientes
680 1743 873 1797 animo
916 1741 1350 1812 suggestionum
1401 1739 1637 1795 insidias
1694 1754 1780 1794 re-

76 1831 298 1901 primit,
348 1830 616 1898 gladium,
667 1844 801 1885 cum
846 1829 1244 1885 delectationes
1292 1828 1483 1883 carnis
1526 1841 1560 1882 a
1601 1828 1781 1882 ratio-

75 1919 165 1973 nis
197 1920 442 1988 imperio
476 1918 815 1974 dissidentes
840 1918 1055 1973 obruit.
1094 1919 1295 1972 Bellum
1337 1917 1599 1982 destruit,
1649 1930 1782 1971 cum

78 2008 458 2076 cogitationes
532 2020 651 2063 sese
733 2006 938 2062 oblatae
1012 2005 1298 2075 voluptati
1383 2005 1786 2075 immergentes

79 2108 313 2150 summa
351 2094 591 2163 spiritus
633 2093 973 2150 auctoritate
1021 2092 1242 2149 recidit.
1291 2092 1653 2147 Fiducialiter
1700 2106 1784 2145 eos

79 2181 320 2235 dormire
344 2180 495 2245 facit,
529 2194 662 2235 cum
707 2180 1089 2235 tentatiouum
1138 2179 1347 2233 harum
1396 2177 1593 2243 trium,
1654 2190 1785 2246 quae

81 2278 423 2325 czeterarum
449 2268 700 2338 origines
728 2275 883 2335 sunt,
915 2267 1110 2336 sopitis
1145 2266 1493 2331 incursibus,
1526 2278 1561 2319 a
1605 2278 1786 2319 mun-

82 2357 247 2411 danis
298 2370 395 2411 eos
432 2355 705 2424 permittit
752 2368 960 2410 vacare
1009 2354 1374 2409 tumultibus.
1419 2353 1578 2409 Unde
1642 2359 1726 2408 est
1768 2367 1781 2407 :

83 2467 102 2493 ι
140 2447 265 2515 Ego
307 2443 548 2509 dormio,
582 2449 637 2498 et
695 2456 793 2497 cor
819 2456 1008 2497 meum
1062 2441 1265 2511 vigilat
1310 2442 1491 2510 (Cant.
1538 2456 1592 2507 v,
1645 2441 1719 2511 2).
1755 2459 1783 2492 »

77 2532 243 2599 Quod
275 2532 429 2587 enim
462 2530 555 2586 hic
584 2531 799 2586 dicitur
838 2530 1074 2585 dormire
1100 2532 1307 2596 faciam
1342 2529 1691 2598 ﬁducialiter,
1728 2529 1787 2584 iu

76 2623 191 2678 alia
224 2619 606 2677 translatione
630 2619 839 2675 dicitur
867 2636 879 2674 :
911 2621 1177 2674 Habitare
1205 2634 1290 2674 eos
1316 2621 1523 2684 faciam
1565 2621 1623 2672 in
1662 2634 1783 2688 spe;

75 2706 236 2778 quod
287 2713 408 2761 est:
467 2704 576 2771 Qui
625 2705 681 2759 iu
747 2704 1204 2773 impassibilitate
1273 2702 1503 2770 dormit,
1576 2702 1633 2757 in
1690 2716 1789 2772 spe

75 2804 272 2851 tamen
317 2793 536 2864 vigilat,
564 2800 619 2848 et
660 2793 764 2848 hos
793 2792 1152 2857 ﬁducialiter,
1188 2790 1327 2861 quia
1367 2792 1489 2861 jam
1517 2790 1586 2846 de
1646 2796 1790 2844 mo

77 2879 427 2939 certitudine
457 2880 850 2937 retributionis
875 2880 1147 2936 exsultat.

1886 507 2216 571 subsistere,
2243 513 2305 561 ut
2339 506 2547 561 certius
2576 519 2635 560 se
2665 506 2903 560 aestimet
2935 518 3047 572 eas,
3092 519 3268 576 quam
3320 506 3591 576 quaelibet

1886 595 2206 652 tractabilia
2236 601 2291 649 et
2315 607 2618 663 corporosa
2665 601 2873 649 tenere.
2922 595 2980 647 In
3027 594 3134 663 ﬁde
3162 608 3298 664 ergo
3345 608 3591 664 sponsa-

1884 691 2002 750 tur,
2048 697 2181 739 cum
2230 682 2301 737 ad
2342 682 2793 737 immobilitatem
2842 681 3021 736 animi
3067 683 3422 738 credulitatis
3471 697 3591 739 sua

1883 772 2088 828 crebra
2125 770 2600 840 contemplatione
2647 769 2944 825 fundatur.
2989 771 3129 826 Inde
3173 779 3256 826 est
3306 771 3461 841 quod
3510 784 3591 826 se-

1886 860 2220 932 quitur:Et
2248 863 2384 914 scies
2435 861 2567 928 quia
2618 874 2711 925 ego
2757 861 3034 913 Dominus.
3100 859 3220 914 Etsi
3270 860 3423 914 enim
3484 873 3591 914 nec

1885 948 2165 1014 doctrina,
2216 962 2322 1002 nec
2372 946 2517 1002 liber
2572 948 2811 1013 adesset,
2883 946 2983 1016 qui
3043 946 3371 1016 instrueret,
3435 955 3584 1003 certe

1886 1038 2068 1092 Deum
2115 1050 2236 1091 esse
2279 1049 2352 1090 ex
2390 1035 2509 1090 sola
2564 1033 2922 1105 experientia
2978 1035 3299 1091 dulcedinis
3348 1036 3590 1091 internae

1886 1123 2196 1195 colligeret.
3115 1127 3125 1194 ι

1958 1213 2131 1270 Vens.
2164 1216 2252 1279 2t,
2283 1215 2371 1266 22.
2405 1242 2473 1250 -—
2508 1231 2534 1262 α
2568 1211 2765 1267 Eterit
2811 1211 3010 1267 iu'die
3043 1212 3176 1267 illa:
3233 1212 3583 1281 Exaudiam,

1895 1324 1915 1351 ι
1951 1301 2085 1357 dicit
2124 1301 2421 1366 Dominus,
2459 1300 2771 1356 exaudiam
2822 1300 3007 1365 caelos,
3050 1308 3104 1355 et
3149 1298 3229 1354 illi
3278 1300 3590 1356 exaudient

1893 1413 1914 1440 ι
1948 1399 2181 1447 terram.
2213 1390 2279 1445 Et
2322 1397 2475 1445 terra
2525 1388 2795 1444 exaudiet
2839 1388 3112 1456 triticum,
3163 1397 3219 1443 et
3260 1389 3486 1455 vinum,
3535 1395 3591 1444 et

1894 1500 1914 1527 ι
1947 1479 2156 1533 oleum.
2196 1498 2217 1525 ι
2261 1478 2339 1531 Et
2386 1480 2510 1543 erit,
2548 1476 2762 1532 scilicet
2804 1476 2961 1546 quod
3000 1475 3305 1531 dicendum
3352 1483 3455 1543 est,
3515 1477 3594 1529 in-

1889 1566 2051 1619 dubie
2112 1566 2397 1619 constabit.
2466 1564 2572 1619 Sed
2641 1564 2698 1618 iu
2765 1563 2874 1619 hoc
2932 1562 3115 1632 primo
3178 1562 3592 1618 attendendum

1892 1654 2031 1724 quid
2057 1653 2349 1719 exaudiat,
2388 1667 2519 1708 cum
2549 1652 2696 1707 nihil
2726 1652 3082 1719 subinferat;
3112 1652 3265 1706 unde
3294 1650 3593 1706 sciendum

1888 1750 1991 1811 est,
2034 1743 2189 1813 quod
2219 1743 2387 1798 ﬁdem
2421 1742 2598 1809 illam,
2635 1756 2812 1812 quam
2858 1742 3151 1811 prmmisit,
3186 1741 3478 1796 exaudiat.
3527 1741 3594 1795 Iu

1892 1830 2000 1885 hac
2024 1845 2161 1900 ergo
2194 1829 2323 1885 ﬁdei
2349 1830 2474 1885 luce
2519 1829 2771 1899 primum
2819 1829 3080 1894 exaudit,
3120 1828 3261 1898 quia
3303 1842 3376 1884 ex
3425 1828 3595 1883 corde

1891 1926 2105 1985 nostro,
2164 1919 2336 1973 etiam
2393 1926 2637 1973 vacante
2688 1932 2879 1987 opere,
2944 1917 3023 1971 nil
3081 1918 3304 1987 gratius
3366 1916 3591 1986 accipit.

1894 2007 2260 2063 Postmodum
2290 2006 2692 2061 exaudiuntur
2719 2006 2864 2072 caeli,
2893 2006 3033 2076 quia
3064 2005 3225 2060 nulla
3254 2020 3368 2060 non
3404 2005 3592 2059 virtus

1895 2104 2060 2167 grata
2090 2102 2192 2160 est,
2219 2109 2350 2165 quas
2383 2103 2539 2150 tanto
2569 2095 2907 2151 fundamine
2938 2095 3143 2149 innixa
3189 2101 3292 2159 est,
3326 2108 3457 2164 quae
3488 2107 3589 2163 per

1893 2198 1951 2240 se
1979 2184 2152 2239 etiam
2198 2182 2489 2239 sufﬁciens
2526 2190 2627 2238 est.
2687 2182 2867 2238 leos
2925 2181 3080 2236 enim
3112 2182 3304 2236 vocari
3350 2183 3595 2237 virtutes

1894 2287 2009 2327 nou
2031 2272 2134 2328 abs
2162 2286 2223 2327 re
2268 2280 2370 2337 est,
2419 2272 2561 2341 quia
2592 2271 2648 2325 in
2704 2271 2792 2326 his
2845 2270 3205 2341 potissimum
3252 2271 3422 2340 {Deus
3474 2277 3592 2338 est;

1892 2361 2048 2415 omni
2078 2361 2233 2415 enim
2265 2359 2655 2415 benedictione
2701 2358 2989 2429 spirituali
3038 2357 3095 2412 in
3138 2358 3225 2413 his
3271 2357 3596 2413 coelestibus

1895 2448 2216 2503 benedictos
2258 2461 2362 2502 nos
2401 2447 2541 2502 dicit
2592 2447 2894 2516 Apostolus
2942 2448 3163 2515 (Ephes.
3201 2459 3237 2499 l.
3289 2446 3366 2513 3).
3402 2448 3472 2500 Et
3511 2446 3598 2499 illi

1893 2536 2218 2592 exaudiunt
2246 2540 2466 2603 terram,
2495 2534 2636 2605 quia
2667 2535 2905 2589 virtutes
2937 2549 3052 2589 non
3078 2533 3349 2589 desinunt
3396 2541 3597 2589 contra

1895 2618 2248 2695 emergentia
2278 2624 2421 2678 vitia
2460 2623 2711 2692 corporis
2758 2623 2935 2678 nostri
2988 2622 3136 2677 tueri
3188 2622 3593 2678 substantiam.

1894 2712 2071 2768 Terra
2092 2712 2327 2767 exaudit
2359 2713 2619 2778 triticum,
2667 2725 2800 2766 cum
2830 2724 2962 2780 pars
3003 2718 3199 2766 nostra
3241 2710 3476 2766 inferior
3524 2710 3597 2765 ad

1896 2800 2170 2856 doctrina:
2201 2798 2515 2870 spiritualis
2556 2798 3026 2869 irrefragabiliter
3045 2799 3236 2854 obedit
3268 2797 3589 2867 imperium.

1896 2889 2150 2945 Exaudit
2178 2896 2233 2944 et
2268 2891 2455 2942 vinum
2488 2902 2620 2944 cum
2651 2895 2705 2943 et
2756 2887 2881 2956 ipsa
2925 2901 3057 2943 caro
3102 2901 3207 2942 suo
3247 2887 3600 2957 respondens

146 2971 324 3027 VERS-
362 2973 447 3024 19·
503 3000 569 3009 -
605 2990 626 3018 ι
688 2970 756 3025 Εἴ
814 2968 1098 3038 sponsabo
1129 2974 1182 3024 ῐθ
1238 2967 1297 3023 in
1347 2967 1782 3038 sempiternum,
1825 2996 1865 3051 ο
1896 2977 2125 3048 spiritui
2156 2977 2602 3033 immortalitatis
2630 2977 2845 3046 aspirat
2862 2976 2931 3031 ad
2955 2976 3253 3046 gaudium.
3279 2976 3440 3032 Unde
3479 2982 3594 3031 est:

81 3082 104 3109 ι
139 3067 199 3115 et
248 3058 535 3129 sponsabo
579 3065 633 3113 te
676 3058 812 3113 mihi
856 3057 916 3112 in
959 3057 1204 3128 justitia,
1260 3064 1315 3113 et
1355 3056 1414 3111 in
1454 3056 1691 3126 judicio,
1733 3063 1789 3111 et

78 3170 106 3198 ι)
141 3149 207 3204 iu
249 3147 664 3215 misericordia,
704 3154 759 3202 et
807 3145 1288 3201 miserationibus.
1340 3167 1362 3193 ι
1415 3147 1478 3200 ln
1502 3147 1790 3214 sempiter-

77 3253 214 3291 num
245 3243 503 3306 sponsat,
553 3249 688 3291 cum
738 3248 900 3290 mens
947 3233 1093 3303 ejus,
1145 3233 1248 3303 qui
1295 3248 1354 3289 se
1397 3233 1511 3289 Deo
1547 3233 1788 3302 despon-

78 3325 253 3391 derit,
285 3337 663 3394 nequaquam
686 3322 803 3379 ullo
835 3322 1000 3378 modo
1040 3321 1101 3377 iu
1149 3321 1551 3391 perseverandi
1601 3320 1790 3377 studio

78 3417 318 3472 titubat.
384 3417 447 3469 In
478 3415 701 3482 justitia
757 3419 1085 3482 sponsatur,
1127 3426 1263 3467 cum
1302 3411 1375 3466 ad
1432 3410 1791 3467 reddendum

78 3503 224 3574 quid
255 3504 391 3568 Deo,
439 3502 581 3572 quid
628 3501 911 3571 proximis
949 3500 1173 3568 debeat,
1218 3499 1580 3555 tenacissime
1622 3498 1790 3554 robo-

80 3600 271 3649 ratur.
309 3590 587 3646 Difﬁnitio
613 3590 766 3646 enim
795 3588 1032 3659 justitiae
1082 3595 1165 3644 est
1201 3603 1214 3642 :
1271 3609 1292 3637 ι
1335 3587 1638 3643 Communi
1677 3587 1788 3644 uti-

78 3680 241 3736 litate
290 3686 522 3735 servata
560 3678 795 3734 reddere
826 3676 1063 3747 cuiquie
1093 3676 1250 3747 quod
1298 3676 1586 3746 competit.
1635 3695 1663 3728 ι)
1723 3677 1792 3732 Ει

78 3769 195 3824 hoc
224 3768 353 3823 sine
379 3766 617 3838 judicio,
662 3765 718 3821 id
743 3773 827 3821 est
858 3765 1195 3821 discretione
1222 3779 1337 3820 non
1366 3771 1606 3832 constat,
1652 3764 1793 3834 quia

77 3857 416 3914 cavendum
482 3863 566 3911 est
617 3869 689 3910 ue
741 3852 988 3909 nimium
1047 3852 1445 3923 prosequendo
1506 3851 1788 3923 justitiam

80 3947 163 4017 inj
176 3953 305 4002 usto
338 3944 584 4000 deterior
610 3943 726 3998 ﬁat.
762 3944 824 3997 In
853 3941 1227 3996 misericordia
1266 3954 1500 4011 quoque
1558 3940 1791 4010 despon-

83 4043 274 4101 satur,
309 4048 444 4089 cum
489 4047 592 4088 nos
634 4031 756 4088 suis
796 4045 853 4086 se
902 4030 1140 4098 meritis,
1177 4029 1274 4085 sed
1307 4029 1427 4084 sola
1462 4027 1561 4083 Dei
1608 4028 1794 4098 gratia

82 4125 157 4180 de
218 4136 413 4178 massa
470 4118 801 4191 perditionis
850 4126 1212 4189 assumptum
1270 4117 1606 4173 arbitratur.
1679 4116 1794 4173 Nec

86 4214 217 4269 sine
248 4208 729 4275 miserationibus,
764 4208 904 4279 quia
950 4207 1401 4278 quibuscuuque
1438 4205 1790 4262 vocationem

90 4301 195 4357 Dei
242 4298 410 4356 bonis
455 4298 725 4367 operibus
778 4303 1179 4367 prosequatur,
1241 4294 1588 4350 credendum
1643 4308 1799 4349 sum-

92 4403 329 4460 mopere
357 4388 468 4443 sibi
491 4393 574 4442 est
598 4386 754 4457 quod
793 4386 941 4441 inter
977 4384 1317 4441 teutationes
1367 4382 1530 4439 nulla
1577 4383 1798 4439 ratione

94 4477 451 4543 subsisteret,
483 4475 592 4530 nisi
625 4474 833 4544 pietate
875 4473 966 4529 sui
1004 4472 1326 4529 Conditoris
1355 4470 1583 4527 assidue
1622 4471 1795 4542 juva-

94 4573 282 4621 retur.

163 4652 342 4709 Vnus.
391 4652 478 4705 20.
535 4680 607 4691 —
646 4672 668 4699 ε
722 4651 791 4706 Et
838 4649 1123 4720 sponsabo
1171 4655 1225 4704 te
1257 4646 1399 4703 mihi
1442 4647 1502 4702 in
1554 4646 1681 4714 ﬁde,
1742 4654 1798 4703 et

96 4762 118 4790 ι
154 4741 304 4797 scies
333 4739 474 4810 quia
497 4752 603 4809 ego
648 4738 947 4794 Dominus.
1003 4756 1032 4789 ιο
1088 4736 1292 4793 Mirum
1340 4743 1424 4792 est
1477 4735 1633 4805 quod
1681 4742 1797 4790 tam

90 4833 445 4897 praepostere
476 4825 643 4881 ﬁdem
680 4824 886 4895 posuit,
926 4838 1060 4879 cum
1091 4823 1389 4893 praelibata
1436 4821 1631 4876 omnia
1682 4834 1796 4876 non

88 4917 219 4972 dico
239 4922 413 4982 stare,
446 4913 544 4969 sed
584 4927 690 4969 nec
720 4927 841 4969 esse
887 4912 1009 4968 sine
1066 4925 1134 4966 ea
1177 4910 1413 4981 possint.
1460 4908 1566 4965 Sed
1613 4908 1795 4965 cousi-

89 5003 419 5061 derandum
446 5008 530 5057 est
560 5000 713 5071 quod
735 4999 1213 5071 opportunissime
1244 4999 1383 5054 ﬁdes
1426 4996 1794 5067 supponitur,

90 5096 154 5149 ut
184 5104 289 5162 per
318 5089 524 5145 merita
567 5088 842 5159 simplicis
874 5087 1002 5145 ﬁdei
1050 5087 1274 5143 fructus
1321 5084 1501 5156 ipsuis
1534 5084 1664 5140 tidei
1694 5085 1797 5140 de-

92 5188 350 5237 notetur.
387 5178 635 5233 Fructus
673 5191 927 5247 namque
946 5184 998 5232 et
1033 5174 1338 5245 praemium
1367 5173 1494 5243 ejus
1537 5173 1597 5227 iu
1645 5186 1797 5242 prae-

92 5269 235 5325 senti
280 5266 604 5323 intellectus
639 5272 744 5322 est.
783 5265 837 5320 Is
884 5271 1076 5321 autem
1135 5277 1250 5319 non
1292 5271 1408 5319 tam
1454 5261 1512 5317 in
1561 5261 1800 5318 scientia

93 5371 272 5429 quam
297 5356 357 5411 iu
390 5369 585 5411 amore
624 5361 727 5421 est,
755 5354 896 5423 quia
941 5365 1106 5407 amor
1148 5351 1245 5407 illa
1303 5350 1626 5407 substantia
1691 5357 1793 5416 est,

93 5446 160 5503 de
190 5458 316 5517 qua
345 5441 655 5513 Apostolus
685 5457 698 5497 :
734 5461 763 5493 (ι
794 5441 914 5507 Est,
946 5439 1158 5511 inquit,
1202 5439 1342 5496 ﬁdes
1379 5439 1798 5509 sperandarum

92 5532 427 5592 substantia
484 5543 680 5588 rerum
725 5529 909 5598 (Hebr.
942 5543 1020 5597 XI,
1056 5527 1135 5598 l),
1171 5549 1193 5576 ι
1230 5541 1361 5598 quae
1409 5526 1622 5583 scilicet
1668 5540 1797 5583 cre-

1905 3088 1926 3115 »
1957 3066 2065 3123 Cor
2102 3080 2296 3122 meum
2340 3074 2395 3122 et
2440 3080 2573 3122 caro
2632 3079 2760 3121 mea
2811 3065 3253 3120 exsultaverunt
3299 3064 3359 3119 in
3415 3064 3598 3119 Deum

1899 3154 2100 3211 vivum
2132 3156 2294 3222 (Psal.
2327 3169 2558 3222 Lxxvm,
2597 3155 2676 3223 4).
2716 3175 2736 3202 ι
2792 3153 2909 3209 Hoc
2937 3160 3022 3209 est
3070 3152 3295 3219 viuum,
3344 3152 3498 3222 quod
3542 3151 3599 3206 in

1898 3242 2045 3299 libro
2084 3243 2353 3299 Iudicum
2410 3242 2700 3298 laetiﬁcare
2740 3242 2920 3297 Deum
2978 3247 3034 3296 et
3080 3240 3338 3297 homines
3388 3239 3601 3295 dicitur

1902 3332 2160 3402 (Jud.1x,
2198 3333 2306 3401 t3).
2348 3332 2603 3387 Exaudit
2629 3338 2684 3386 et
2730 3332 2920 3397 oleum,
2965 3343 3096 3385 cum
3145 3342 3219 3385 ex
3270 3328 3379 3383 hac
3425 3328 3603 3383 ebrie-

1900 3427 2013 3476 tate
2040 3434 2175 3476 vere
2204 3427 2432 3475 sensata
2466 3419 2640 3476 totius
2670 3418 2932 3474 beneﬁcii
2962 3417 3307 3474 suavitatem
3346 3416 3601 3473 refundit

1903 3507 1973 3563 ad
2005 3508 2356 3577 proximum.

1971 3595 2144 3651 Vens.
2176 3597 2265 3663 23,
2304 3594 2394 3649 24.
2438 3624 2511 3634 -—
2552 3614 2574 3642 ‹
2638 3593 2709 3648 Et
2760 3592 2883 3648 haec
2948 3591 3264 3648 exaudient
3319 3590 3593 3648 Jezrahel.

1907 3706 1928 3732 ι
1963 3685 2033 3739 Ει
2077 3683 2371 3739 semiuabo
2424 3695 2552 3738 eam
2601 3680 2740 3736 mihi
2792 3680 2850 3735 in
2904 3687 3139 3748 terram,
3188 3687 3242 3736 et
3288 3680 3603 3736 miserebor

1908 3794 1928 3820 ι
1962 3772 2089 3842 ejus
2114 3786 2244 3842 quae
2274 3771 2380 3827 fuit
2410 3770 2643 3840 Absque
2696 3768 3105 3824 misericordia.
3157 3768 3219 3823 Et
3268 3768 3453 3823 dicam
3488 3781 3602 3823 non

1908 3880 1930 3908 ι
1961 3859 2173 3929 populo
2211 3874 2335 3915 meo
2368 3874 2380 3913 :
2410 3858 2666 3928 Populus
2705 3871 2867 3913 meus
2903 3871 2964 3912 es
3005 3863 3097 3924 tu;
3151 3863 3206 3911 et
3246 3856 3363 3926 ipse
3411 3855 3557 3911 dicet
3588 3870 3601 3909 :

1908 3969 1929 3994 ι
1965 3947 2243 4002 Dominus
2272 3960 2434 4002 meus
2458 3960 2519 4001 es
2547 3952 2629 4001 tu.
2666 3964 2693 3995 ι)
2722 3944 2993 4011 Jezrahel,
3038 3944 3186 3999 sicut
3232 3944 3448 3999 dictum
3496 3949 3602 4007 est,

1902 4050 2095 4091 semen
2127 4035 2224 4090 Dei
2265 4035 2500 4090 dicitur.
2542 4033 2673 4088 Haec
2702 4047 2841 4103 ergo
2870 4032 3167 4101 prtelibata
3193 4031 3379 4088 omnis
3422 4032 3608 4087 Jezra—

1904 4124 1993 4179 hel
2020 4123 2362 4190 exaudiunt,
2386 4136 2517 4178 cum
2549 4136 2622 4177 ex
2652 4122 2851 4176 divina
2873 4120 3267 4191 inspiratione,
3293 4134 3423 4191 quae
3444 4121 3605 4190 origo

1902 4211 2078 4268 totius
2103 4212 2280 4282 hujus
2312 4211 2445 4267 boni
2484 4218 2589 4278 est,
2636 4210 2758 4266 haec
2788 4212 3063 4265 universa
3108 4209 3347 4265 ﬁdeliter
3393 4208 3605 4265 habere

1837 4278 1880 4332 Ῑ)
1904 4314 1963 4356 se
1987 4278 2249 4367 credunt,
2285 4313 2417 4355 cum
2447 4313 2520 4354 ex
2563 4298 2761 4354 divina
2804 4297 3207 4368 inspiratione,
3253 4312 3384 4367 quae
3443 4297 3605 4366 origo

1905 4403 2039 4445 cum
2078 4388 2251 4444 totius
2287 4395 2498 4444 sanctae
2547 4387 2895 4457 operationis
2939 4385 3341 4443 fructuositate
3391 4397 3605 4455 resper-

1906 4477 2081 4547 gitur.
2114 4477 2255 4547 Ejus
2283 4490 2415 4546 quae
2466 4476 2574 4531 fuit
2622 4475 2858 4545 Absque
2902 4474 3313 4539 misericordia,
3368 4474 3599 4528 misere-

1905 4573 2019 4631 tur,
2054 4564 2192 4635 quia
2220 4564 2395 4619 menti
2442 4563 2733 4634 quondam
2780 4563 2852 4618 ad
2906 4563 3048 4619 vitia
3099 4576 3314 4632 pronae,
3345 4562 3441 4617 sed
3478 4562 3603 4631 jam

1904 4652 2116 4708 divinis
2181 4651 2676 4721 puriﬁcationibus
2749 4650 3055 4721 defaecatae,
3119 4664 3236 4706 non
3300 4657 3383 4705 est
3448 4649 3604 4705 unde

1904 4741 2141 4812 spiritus
2171 4739 2470 4795 irascatur.
2494 4742 2614 4797 Non
2633 4740 2834 4809 populo
2863 4753 2969 4795 suo
3015 4740 3252 4808 populus
3288 4752 3430 4793 suus
3458 4736 3604 4793 dici-

1906 4836 2021 4895 tur,
2054 4843 2186 4884 cum
2216 4828 2627 4899 cogitationum
2661 4826 2988 4897 frequentia
3016 4826 3474 4882 olimlasciviens
3494 4825 3603 4881 sub

1904 4916 2004 4973 Dei
2034 4915 2247 4972 ditione
2284 4915 2562 4971 frenatur.
2597 4917 2715 4985 Ipse
2744 4914 2881 4969 dicit
2913 4929 2924 4968 :
2964 4914 3229 4968 Dominus
3260 4928 3407 4967 meus
3442 4928 3495 4967 es
3522 4918 3599 4980 tu,

1903 5019 2036 5060 cum
2067 5005 2165 5060 Dei
2193 5004 2520 5060 Dominium
2548 5003 2699 5059 intra
2722 5001 3133 5059 conscientiam
3162 5000 3383 5058 nullius
3411 5015 3607 5071 super-

1904 5093 2146 5150 stitionis
2178 5092 2483 5149 interstitio
2513 5091 2834 5148 mutilatur.

2559 5214 2795 5272 CAPUT
2834 5214 2935 5269 III.

1976 5341 2147 5398 Vnus.
2183 5345 2232 5396 t.
2264 5371 2333 5381 —-
2364 5362 2386 5390 ι
2440 5341 2510 5396 Et
2557 5339 2704 5396 dixit
2758 5337 3038 5395 Dominus
3096 5337 3168 5393 ad
3216 5350 3353 5393 me:
3397 5337 3605 5394 Adhuc

1909 5459 1937 5489 »
1967 5438 2132 5506 vade,
2160 5444 2216 5494 et
2248 5437 2420 5508 dilige
2444 5436 2742 5493 mulierem
2773 5436 3038 5492 dilectam
3068 5435 3251 5491 amico
3283 5442 3337 5490 et
3375 5434 3606 5491 adulte-

1911 5548 1932 5575 ι
1971 5540 2117 5594 ram,
2154 5526 2303 5583 sicut
2355 5524 2543 5595 diligit
2601 5524 2881 5581 Dominus
2936 5522 3084 5580 ﬁlios
3136 5521 3333 5590 Israel,
3384 5529 3438 5578 et
3496 5522 3604 5593 ipsi
