3924 6088
352 338 454 391 355

1254 327 1296 382 V
1371 325 1706 382 GUIBERTI
1744 324 2039 381 ABBATIS
2077 324 2128 379 S.
2169 324 2406 380 ΜΑΒΙΑΞ
2448 324 2538 381 DE
2578 324 2966 380 NOVIGENTO

3748 330 3849 382 356

352 487 381 520 ω
434 472 755 536 respectant
802 463 874 518 ad
931 462 1064 517 deos
1128 459 1362 524 alienos,
1420 465 1474 514 et
1531 458 1776 529 diligunt
1824 457 2050 513 vinacia
2086 460 2128 512 Α
2159 456 2366 513 affectu
2399 457 2731 527 disparatur
2758 458 3037 514 adultero.
3083 458 3187 515 Sed
3220 466 3274 515 et
3322 460 3474 515 Deus
3518 469 3849 531 exspectare

357 576 378 604 ι
411 570 681 612 uvarum.
713 576 733 601 ι
773 555 855 607 Ac
884 551 929 605 si
971 550 1182 605 diceret
1215 564 1227 602 :
1261 547 1448 603 Alicui
1506 547 1566 602 in
1606 556 1763 601 tanta
1812 546 2041 602 virtutis

353 658 483 701 arce
516 643 780 713 reposito,
826 654 958 695 cum
1014 639 1202 693 dicere
1244 637 1343 693 Dei
1382 651 1495 692 non
1542 636 1611 690 sit
1663 635 1819 691 aliud
1862 648 2038 704 quam

350 734 620 789 humanm
652 729 857 785 rationi
905 741 1233 798 suggerere.
1280 726 1478 780 Adhuc
1524 723 1680 789 vade,
1724 722 1776 777 id
1826 729 1909 777 est
1941 734 2042 790 per

348 819 857 876 considerationem
877 825 1035 873 tuam
1059 816 1131 871 ab
1152 817 1259 870 hoc
1287 824 1385 870 tuo
1416 821 1568 869 statu
1601 812 1819 867 aestima
1845 811 2040 879 aquno

348 910 661 965 infortunio
725 915 777 963 te
854 920 1016 975 posse
1082 904 1362 959 recedere.
1434 904 1711 957 Mulierem
1788 900 2041 952 dilectam

346 1002 519 1053 amico
571 996 758 1064 dilige,
815 995 868 1049 id
907 1003 988 1049 est
1035 993 1326 1049 meliorem
1370 990 1601 1046 vivendi
1648 988 1934 1055 habitum,
1981 987 2041 1042 in

346 1103 462 1158 quo
484 1097 672 1142 tamen
700 1099 815 1140 non
852 1083 1148 1151 displiceas
1189 1083 1320 1146 Deo,
1352 1094 1618 1150 propone.
1660 1078 1796 1145 Quae
1850 1084 2041 1132 tamen

345 1176 609 1232 adultera
637 1175 761 1240 erit,
798 1173 937 1244 quia
968 1172 1023 1226 in
1058 1172 1174 1241 ipsa
1198 1169 1552 1235 remissione,
1589 1183 1720 1238 qua:
1752 1168 1806 1221 in
1832 1180 2040 1234 snper-

346 1265 489 1330 ﬁcie,
523 1263 686 1333 quasi
721 1262 986 1332 quaedam
1019 1260 1167 1314 bona
1197 1258 1472 1315 deliberat
1504 1257 1738 1311 intentio
1770 1253 2039 1324 peccandi

343 1354 492 1409 male
524 1352 755 1423 palliata
791 1350 1003 1405 latebit.
1053 1351 1246 1415 Diligit
1283 1349 1546 1401 Dominus
1573 1348 1713 1414 filios
1760 1345 1949 1408 Israel,
1990 1349 2040 1398 et

344 1445 456 1512 ipsi
484 1442 557 1495 ad
585 1442 712 1495 deos
731 1441 933 1493 alienos
962 1442 1284 1507 respectant,
1318 1436 1458 1506 quia
1487 1433 1763 1501 affectum
1812 1433 2035 1500 orandi,

344 1539 401 1587 et
470 1531 640 1585 etiam
702 1526 1161 1597 compunctionis
1227 1525 1495 1595 gratiam,
1562 1522 1790 1578 all‘ectui
1847 1531 2038 1576 nostro

346 1621 499 1675 Deus
547 1618 889 1688 plerumque
920 1615 1185 1685 largitur,
1208 1623 1261 1669 et
1307 1622 1497 1669 tamen
1538 1612 1607 1666 ad
1657 1609 2034 1666 aﬂcctandam

345 1707 686 1778 nequitiam,
738 1705 852 1759 acsi
907 1719 1023 1759 non
1081 1703 1319 1769 ﬂeverit,
1388 1700 1692 1771 impudens
1748 1706 1873 1769 post
1911 1714 2039 1753 mo-

345 1804 538 1853 menta
576 1794 902 1850 revertitur.

421 1890 555 1940 non
624 1884 851 1937 Vinacia
900 1896 1126 1935 uvarum
1203 1881 1464 1947 diligunt,
1533 1878 1673 1948 quia
1724 1891 1854 1932 cum
1912 1883 2038 1945 post

342 1971 901 2030 abrenuntiationem
965 1969 1164 2025 mundi
1214 1968 1451 2038 quidam
1494 1968 1614 2036 jam
1667 1966 1771 2034 ipsi
1820 1965 2037 2020 mundo

341 2059 712 2131 despicabiles
742 2058 874 2113 facti
921 2057 1072 2112 intra
1107 2057 1294 2125 ipsum
1331 2055 1614 2111 mundum
1654 2052 1793 2107 nihil
1835 2052 2038 2107 dulce-

340 2150 489 2205 dinis
518 2157 574 2205 et
617 2147 828 2203 amoris
877 2145 1194 2209 inveniant,
1253 2152 1442 2199 tamen
1495 2142 1713 2197 mundo
1760 2139 2032 2210 colloqui,

339 2237 638 2293 mundana
664 2233 989 2305 spectacula
1022 2232 1289 2303 prosequi
1329 2231 1653 2301 importune
1690 2227 2033 2283 desiderant.

340 2326 487 2381 Hinc
517 2333 602 2381 est
627 2323 780 2393 quod
815 2324 871 2377 in
900 2322 1076 2377 veteri
1119 2321 1241 2391 lege
1282 2319 1354 2375 ab
1387 2332 1502 2373 uva
1541 2331 1707 2387 passa
1738 2329 1921 2385 usque
1964 2315 2035 2369 ad

339 2414 571 2469 acinum
631 2410 862 2467 Nazarei
908 2416 1177 2464 vetantur
1229 2408 1520 2463 comedere
1575 2406 1757 2475 (Nam.
1818 2419 1893 2468 vr,
1957 2404 2031 2471 4).

344 2505 457 2558 Uva
476 2517 641 2571 passa
668 2506 770 2562 est,
803 2513 934 2568 quae
972 2498 1280 2552 immatura
1326 2494 1687 2564 decoquitur,
1722 2500 1786 2548 ut
1815 2492 2038 2547 diutur-

340 2592 474 2645 nius
502 2590 708 2660 vigeat.
741 2586 885 2652 Quid
916 2586 1229 2655 uva'passa
1261 2584 1365 2638 nisi
1395 2597 1508 2649 eos,
1551 2582 1653 2651 qui
1688 2586 1819 2635 ante
1866 2579 2038 2649 possi-

339 2676 613 2731 bilitatem
671 2675 852 2729 astatis
923 2688 1155 2743 peccare
1206 2672 1503 2737 docentur,
1562 2668 1853 2725 insinuat?
1914 2669 2037 2724 Uva

342 2772 571 2819 matura
616 2771 719 2829 est,
768 2762 982 2832 quibus
1039 2760 1304 2831 peccandi
1354 2759 1677 2814 facultatem
1725 2767 1863 2811 mtas
1916 2757 2036 2824 ipsa

338 2852 680 2922 suppeditat.
707 2851 923 2906 Acinus
953 2857 1054 2915 est,
1084 2849 1205 2919 qui,
1228 2848 1515 2904 exhausta
1544 2846 1697 2901 omni
1723 2845 2031 2915 voluptate,

338 2941 428 2997 vel
487 2939 836 3005 infirmitate,
890 2939 978 2994 vel
1053 2938 1229 3002 senio,
1302 2936 1419 2991 solo
1483 2948 1660 3004 pravo
1718 2948 1849 2998 usu,
1915 2932 2034 2987 sola

338 3028 508 3085 etiam
588 3026 881 3084 voluntate
948 3034 1158 3097 peccat.
1219 3024 1471 3081 Vinaciis
1544 3037 1680 3093 ergo
1745 3021 2033 3092 diligendo

338 3124 607 3182 utuntur,
672 3115 774 3185 qui
850 3114 1188 3183 spectaculis
1266 3112 1466 3167 alienze
1537 3109 1837 3176 felicitatis,
1918 3108 2032 3163 ima

340 3205 543 3260 alienae
595 3203 868 3273 nequitim
927 3201 1284 3258 solummodo
1336 3198 1661 3255 contuendo
1726 3212 1859 3253 cum
1917 3197 2032 3253 sint

342 3292 530 3349 miseri
563 3292 663 3361 ipsi
704 3298 1040 3361 pascuntur.
1077 3288 1311 3344 Nazarei
1355 3287 1807 3355 interpretantur
1831 3288 2026 3353 sancti,

339 3382 554 3452 quibus
586 3379 965 3446 interdicitur,
1001 3392 1073 3434 ne
1124 3378 1255 3433 uvis
1297 3376 1747 3447 quibuscunque
1791 3388 2028 3429 vescan-

341 3476 460 3536 tur,
490 3482 625 3524 cum
683 3468 756 3523 ab
808 3480 1009 3523 eorum
1058 3465 1392 3527 imitatione.
1450 3464 1551 3533 qui
1599 3462 1894 3532 praesentis
1924 3462 2030 3519 viae

338 3556 638 3613 dulcedine
668 3562 804 3612 sunt
832 3554 1033 3619 vividi,
1069 3553 1164 3608 Dei
1198 3559 1482 3622 praecepto
1510 3558 1801 3607 arcentur.

410 3645 578 3701 Vens.
609 3648 663 3710 2,
692 3646 741 3698 3.
780 3674 849 3683 —
872 3663 899 3693 (ι
950 3644 1018 3697 Et
1051 3640 1165 3697 fodi
1208 3654 1333 3695 eam
1381 3638 1518 3694 mihi
1566 3637 1896 3709 quindecim
1929 3653 2029 3694 ar-

337 3750 368 3786 »
403 3733 641 3804 genteis,
671 3739 725 3788 et
750 3746 885 3786 coro
924 3729 1144 3794 hordei,
1176 3736 1231 3784 et
1260 3728 1497 3783 dimidio
1534 3742 1665 3783 coro
1696 3726 1919 3782 hordei.
1960 3726 2029 3781 Et

335 3843 365 3873 ››
399 3822 519 3877 dixi
545 3835 668 3877 eam
700 3835 712 3874 :
747 3819 877 3875 Dies
907 3818 1118 3874 multos
1157 3816 1646 3886 exspectabisjme,
1688 3829 1802 3870 non
1850 3813 2029 3869 forni-

337 3932 363 3959 υ
399 3908 639 3974 caberis,
674 3914 728 3961 et
783 3920 899 3961 non
949 3906 1059 3961 erit
1086 3904 1230 3971 viro,
1290 3903 1388 3959 sed
1442 3910 1498 3958 et
1533 3916 1638 3973 ego
1689 3901 2028 3970 exspectabo

338 4020 365 4046 »
398 4005 469 4053 te.
505 4018 529 4045 ι
579 3994 898 4061 Quindecim
939 3995 1206 4059 argenteis
1247 3992 1480 4058 foditur,
1526 4004 1658 4045 cum
1706 3989 1943 4045 interior
1975 3997 2029 4045 et

334 4083 589 4140 exterior
642 4082 770 4151 ejus
827 4080 1169 4137 sensualitas
1220 4078 1499 4149 Decalogo
1536 4077 1676 4148 legis
1714 4077 2025 4147 excolitur;

337 4172 505 4243 plane
562 4170 794 4236 foditur,
840 4183 972 4225 cum
1026 4168 1327 4225 terrenitas
1382 4180 1415 4221 a
1482 4174 1666 4221 mente
1724 4166 2022 4221 recutitur.

335 4259 611 4326 Quinario
691 4272 895 4327 nempe
957 4271 1233 4313 sensuum
1302 4254 1617 4324 dispertitio
1670 4253 2024 4325 designatur.

339 4351 443 4404 Per
498 4354 799 4417 argenteos
835 4352 1027 4401 autem
1070 4344 1333 4400 divinum
1377 4342 1673 4413 eloquium
1722 4342 2029 4411 figuratur.

335 4438 516 4493 Corus
557 4435 753 4491 hordei
816 4432 1305 4490 universalitatem
1380 4430 1752 4487 animalitatis
1811 4431 2028 4499 innuit;

336 4525 438 4595 qui
477 4532 669 4580 tamen
700 4523 770 4578 ad
794 4522 1096 4578 dimidium
1128 4535 1328 4577 corum
1356 4519 1520 4587 redit,
1554 4520 1694 4590 quia
1729 4518 1833 4574 etsi
1878 4519 2030 4589 Apo-

336 4613 517 4669 stolus
558 4612 749 4668 carnis
784 4624 986 4667 curam
1036 4624 1150 4665 non
1190 4608 1394 4675 vetuit,
1440 4621 1691 4673 carnem,
1739 4607 2027 4677 inquiens,

336 4713 502 4756 suam
557 4713 724 4755 nemo
773 4710 1036 4768 unquam
1080 4696 1209 4752 odio
1262 4695 1468 4751 habuit
1514 4696 1735 4764 (Ephes.
1790 4710 1845 4761 v,
1914 4697 2027 4761 29),

338 4788 460 4845 fieri
518 4795 709 4844 tamen
767 4786 825 4841 in
881 4783 1175 4841 desideriis
1231 4783 1482 4839 inhibuit
1514 4783 1690 4850 (Rom.
1741 4797 1863 4849 xm,
1920 4784 2025 4854 14).

336 4878 481 4933 Ecce
513 4876 802 4947 quomodo
839 4888 941 4944 per
984 4881 1284 4943 argenteos
1331 4872 1564 4936 foditur,
1612 4885 1745 4926 cum
1794 4871 2028 4926 univer-

336 4966 472 5022 sitas
503 4965 575 5021 ad
607 4963 1054 5020 mediocritatem
1104 4960 1488 5031 restringitur.
1540 4959 1830 5015 Hordeum
1875 4959 2029 5014 enim

337 5054 555 5109 cibaria
572 5053 967 5123 jumentorum
998 5057 1101 5105 est.
1134 5051 1266 5103 Dixi
1306 5048 1381 5103 ad
1410 5064 1545 5110 eam,
1582 5048 1635 5103 id
1669 5055 1753 5104 est
1791 5047 2028 5103 instinxi

335 5142 408 5195 ei.
448 5143 577 5195 Dies
601 5142 796 5194 multos
820 5142 994 5195 Deum
1027 5144 1334 5206 exspectat,
1367 5152 1501 5193 cum
1544 5137 1657 5191 Deo
1703 5150 1762 5192 se
1793 5136 2028 5205 dispen-

338 5229 519 5284 sative
548 5228 619 5283 ad
654 5227 1045 5297 probationem
1087 5225 1334 5281 hominis
1387 5224 1760 5280 subtrahente
1798 5225 2029 5280 animus

338 5330 372 5371 a
399 5314 860 5385 compunctionis
890 5314 1093 5385 gratia,
1142 5313 1229 5368 vel
1261 5312 1433 5368 etiam
1472 5326 1507 5368 a
1551 5312 2027 5382 contemplatione

338 5411 532 5473 vacat;
565 5410 620 5459 et
668 5411 860 5459 tamen
910 5403 1062 5457 intra
1110 5401 1492 5458 innocentiam
1533 5415 1591 5455 se
1637 5409 1907 5456 coarctat.
1958 5401 2029 5455 Et

337 5492 445 5548 hoc
504 5499 586 5547 est
643 5491 799 5561 quod
858 5490 1167 5559 sequitur:
1216 5491 1333 5545 Non
1387 5489 1771 5557 fornicaberis,
1822 5493 1873 5542 et
1920 5502 2026 5541 non

338 5583 443 5635 eris
499 5582 639 5646 viro,
684 5580 822 5635 dum
869 5578 1097 5633 interim
1153 5592 1187 5632 a
1243 5578 1408 5633 solita
1462 5576 1809 5633 continentia
1866 5576 2027 5631 nullo

2076 1742 2117 1796 Β

2074 3025 2114 3079 C

2149 560 2206 601 se
2235 546 2390 613 dicit,
2416 561 2547 601 cum
2600 561 2673 601 an
2725 562 2783 602 se
2818 547 3021 617 diligat
3073 548 3285 612 anima,
3340 563 3441 618 per
3501 550 3609 605 hoc
3662 549 3849 620 ipsum

2150 635 2390 706 intelligi
2438 635 2590 691 facit.
2643 635 2970 691 Secundum
3021 637 3126 692 hoc
3164 638 3420 707 psalmus
3454 653 3466 692 :
3504 659 3529 699 (ι
3560 639 3684 694 Non
3736 655 3846 705 me,

2148 724 2359 794 inquit,
2391 725 2761 794 derelinquas
2796 739 3222 796 usquequaque
3248 727 3420 796 (Psal.
3453 725 3657 796 fcxvm,
3692 730 3772 797 8).
3819 750 3846 777 »

2221 813 2392 868 Vens.
2449 813 2503 866 4.
2559 842 2631 853 -
2694 834 2721 862 ››
2783 812 2927 879 Quia
2976 814 3094 869 dies
3158 815 3367 870 multos
3420 816 3699 871 sedebant
3742 815 3847 871 ﬁlii

2153 922 2173 950 ι
2215 901 2386 957 Israel
2416 901 2540 957 sine
2592 916 2743 972 rege,
2792 911 2847 958 et
2889 902 3009 957 sine
3060 903 3331 972 principe,
3384 911 3438 959 et
3468 903 3589 959 sine
3636 904 3851 960 sacrifi-

2154 1011 2174 1038 ι
2212 991 2318 1056 cio,
2347 998 2401 1046 et
2439 990 2562 1046 sine
2598 990 2789 1056 altari,
2839 998 2895 1046 et
2940 992 3063 1046 sine
3111 991 3317 1061 ephod,
3379 1000 3433 1047 et
3482 993 3605 1047 sine
3654 995 3847 1049 thera-

2152 1100 2173 1127 ι
2208 1079 2384 1148 phim.
2428 1100 2448 1125 ι
2491 1081 2616 1133 Dies
2668 1082 2862 1133 multos
2917 1078 3027 1149 ﬁlii
3076 1082 3245 1134 Israel
3300 1083 3418 1135 sine
3466 1098 3587 1149 rege
3626 1082 3846 1147 sedent,

2148 1168 2288 1237 quia
2313 1168 2414 1223 diu
2446 1168 2578 1233 Deo,
2641 1175 2703 1223 ut
2753 1168 2896 1232 dixi,
2937 1169 3010 1223 ad
3060 1179 3286 1238 tempus
3325 1184 3384 1225 se
3449 1170 3846 1237 subtrahente,

2148 1252 2475 1310 aiiectuales
2522 1264 2709 1310 motus
2759 1256 2937 1311 nostri
2990 1256 3267 1326 regimine
3326 1257 3563 1312 rationis
3624 1266 3845 1313 carent.

2147 1343 2274 1397 Sine
2299 1346 2548 1415 principe
2579 1351 2733 1411 sunt,
2767 1344 3003 1414 quando
3051 1346 3223 1400 etiam
3270 1360 3303 1400 a
3351 1346 3501 1401 bona
3551 1346 3849 1401 voluntate

2146 1432 2438 1487 deliciuut.
2499 1433 2653 1487 Velle
2716 1434 2869 1488 enim
2939 1435 3206 1503 Apostolo
3268 1435 3507 1505 adjacet,
3577 1434 3849 1503 perlicere

2147 1528 2339 1575 tamen
2398 1536 2510 1576 non
2556 1521 2774 1576 invenit
2833 1523 3001 1592 (Rom.
3068 1538 3162 1587 vn,
3224 1525 3325 1587 18).
3386 1524 3517 1577 Haec
3574 1531 3657 1578 est
3680 1522 3847 1587 Sara,

2148 1623 2279 1677 qua:
2328 1610 2735 1678 intrcpretatur
2778 1613 3029 1678 princeps
3077 1611 3175 1664 sub
3219 1616 3379 1679 patre
3417 1613 3619 1665 ewcelso
3668 1613 3851 1665 Abra-

2149 1697 2295 1763 ham,
2351 1697 2406 1752 id
2461 1706 2545 1753 cst
2598 1698 2806 1767 spiritu
2860 1707 3093 1755 auctore
3136 1714 3331 1770 agens.
3382 1701 3508 1755 Sine
3551 1703 3843 1768 sacriﬁcio,

2147 1786 2199 1840 id
2233 1786 2459 1841 estsine
2494 1786 2704 1840 interni
2736 1786 3020 1853 desiderii,
3073 1787 3225 1857 quod
3278 1801 3378 1842 nos
3435 1788 3674 1843 interius
3717 1802 3843 1844 ma-

2146 1881 2278 1940 ctat,
2313 1882 2460 1929 voto.
2492 1875 2619 1930 Sine
2668 1877 2857 1939 altari,
2903 1874 2953 1929 id
2999 1884 3080 1930 est
3118 1876 3241 1931 sine
3290 1876 3510 1932 fervore
3557 1877 3713 1944 fidei;
3756 1877 3842 1931 al-

2146 1971 2266 2018 tare
2310 1964 2461 2017 enim
2513 1971 2649 2017 tunc
2702 1977 2823 2017 esse
2879 1978 2992 2018 non
3047 1972 3287 2032 poterat,
3336 1964 3435 2019 ubi
3500 1963 3669 2035 ignis,
3723 1979 3843 2034 quo

2144 2066 2346 2107 carnes
2373 2061 2789 2119 cremarentur,
2823 2067 2934 2106 non
2959 2060 3100 2120 erat,
3148 2060 3202 2107 et
3246 2052 3383 2107 ﬁdes
3423 2067 3535 2108 non
3572 2061 3656 2109 est
3706 2068 3841 2122 quae

2147 2138 2221 2207 pii
2276 2137 2481 2192 caloris
2540 2152 2746 2207 expers
2800 2146 2902 2193 est.
2964 2139 3091 2193 Sine
3146 2139 3321 2207 ephod
3375 2148 3533 2204 sunt,
3601 2140 3839 2209 quando

2143 2230 2655 2295 supereminentem
2691 2227 2939 2281 scientiae
2969 2227 3305 2282 cbaritatcm
3335 2227 3541 2283 Christi
3574 2226 3839 2298 [perdunt

2146 2316 2368 2385 (Ep/tes.
2407 2331 2483 2382 ιιι,
2523 2318 2645 2383 16);
2691 2316 2876 2385 cphod
2925 2330 3176 2385 namque
3220 2331 3394 2385 super
3432 2316 3838 2372 indumentum

2143 2404 2490 2459 sacerdotale
2528 2413 2787 2459 vocatur.
2818 2405 2949 2457 Sine
3000 2405 3307 2473 theraphim
3354 2412 3509 2472 sunt,
3559 2405 3837 2474 quoniam

2145 2493 2307 2548 nulla
2335 2493 2851 2562 exempliiicatione
2882 2492 3194 2548 ccelestium
3226 2494 3462 2560 vivunt;
3512 2494 3839 2563 theraphim

2144 2582 2296 2636 enim
2340 2581 2533 2636 formae
2577 2581 2685 2636 illae
2740 2588 2922 2646 erant,
2967 2595 3099 2650 quae
3149 2582 3256 2638 sub
3304 2581 3489 2652 specie
3525 2582 3839 2638 Cherubim

2144 2669 2316 2738 Moysi
2379 2682 2412 2722 a
2468 2670 2706 2724 Domino
2762 2670 2819 2724 in
2868 2670 3235 2725 tabernaculo
3292 2670 3408 2725 ﬁeri
3451 2670 3629 2740 jussae
3678 2676 3838 2725 sunt.

2144 2757 2280 2823 Quae
2337 2764 2455 2813 tota
2505 2757 2833 2827 signiﬁcant
2906 2758 3061 2827 quod
3114 2758 3326 2814 scilicet
3400 2766 3564 2814 terra
3620 2758 3841 2814 accline

2144 2845 2363 2914 absque
2393 2845 2566 2900 totius
2594 2844 3013 2914 spiritualitatis
3043 2856 3306 2916 respectu
3332 2862 3391 2902 se
3424 2846 3654 2903 habent.

2214 2933 2385 2990 Vens.
2419 2936 2557 2987 5.—
2593 2954 2616 2983 ι
2666 2934 2734 2988 Ει
2764 2941 2887 3003 post
2913 2933 3034 2989 haec
3081 2943 3442 2991 revertentur
3486 2934 3583 2989 ﬁlii
3638 2934 3834 3002 Israel,

2149 3043 2169 3070 ι
2204 3028 2537 3092 etquzerent
2567 3022 2872 3077 Dominum
2911 3022 3090 3077 Deum
3124 3036 3317 3090 suum,
3351 3032 3404 3078 et
3431 3022 3613 3079 David
3644 3037 3838 3094 regem

2146 3131 2167 3157 ι
2206 3124 2400 3177 suum,
2431 3117 2485 3165 et
2512 3110 2804 3178 pavebant
2861 3111 2934 3166 ad
2990 3112 3321 3180 Dominum,
3374 3121 3430 3168 et
3488 3113 3560 3168 ad
3618 3112 3837 3167 bonum

2147 3219 2168 3246 ι
2207 3197 2333 3268 ejus
2377 3198 2435 3253 in
2467 3198 2775 3253 novissimo
2828 3198 3072 3255 dierum.
3123 3219 3149 3250 ι)
3213 3201 3499 3257 Multoties
3555 3200 3839 3271 contingit

2141 3294 2207 3342 ut
2231 3300 2304 3341 ex
2335 3287 2514 3341 nimia
2543 3301 2650 3342 sua
2674 3288 3014 3358 evagatione
3060 3288 3231 3345 etiam
3255 3290 3503 3345 carnalis
3553 3297 3840 3345 terreatur

2141 3373 2395 3438 affectus.
2432 3382 2487 3431 et
2514 3374 2711 3431 indeiit
2742 3385 2803 3431 ut
2846 3376 2917 3431 ad
2943 3377 3012 3433 de
3056 3378 3167 3433 Deo
3196 3378 3628 3449 recogitandum
3658 3377 3836 3433 Israel

2140 3478 2273 3519 cum
2303 3464 2572 3529 filiorum,
2606 3464 2659 3519 id
2691 3472 2793 3533 est,
2840 3466 3251 3535 cogitationum
3288 3467 3609 3537 frequentia
3657 3467 3729 3521 ad
3778 3481 3839 3522 se

2141 3550 2529 3622 recolligatur.
2566 3552 2727 3608 Unde
2758 3560 2813 3608 et
2843 3567 2979 3609 mox
3019 3553 3199 3609 David
3235 3569 3337 3610 rex
3373 3556 3674 3625 quzeritur,
3703 3569 3836 3611 cum

2141 3639 2284 3695 ratio
2310 3653 2489 3695 manu
2532 3640 2688 3707 foris,
2734 3655 2865 3710 quae
2918 3642 3037 3697 sola
3082 3642 3301 3698 carnali
3344 3651 3398 3699 et
3431 3643 3711 3699 diabolico
3759 3658 3842 3699 re-

2141 3735 2364 3798 pugnat
2411 3729 2670 3799 impetui,
2731 3729 2804 3785 ad
2849 3738 3017 3786 vetus
3058 3730 3362 3800 imperium
3423 3734 3832 3801 reciprocatur.

2137 3815 2232 3870 Ad
2278 3819 2562 3871 Dominum
2613 3825 2837 3887 parent,
2887 3833 3021 3875 cum
3081 3820 3154 3875 ab
3219 3819 3414 3875 illicito
3468 3834 3714 3875 excursu
3761 3819 3836 3874 ad

2136 3902 2263 3973 ejus
2291 3912 2521 3973 nutum,
2553 3905 2656 3975 qui
2685 3905 2879 3961 ulcisci
2923 3914 3122 3976 potest,
3159 3914 3221 3963 ut
3280 3907 3558 3963 Dominus
3610 3908 3730 3978 jam
3776 3922 3836 3964 se

2138 3991 2424 4058 cohibent,
2459 3992 2748 4050 humiliter
2775 3994 3002 4057 scilicet,
3027 3995 3167 4064 quia
3208 3995 3365 4065 quod
3402 3996 3598 4051 servili
3636 3996 3835 4051 timore

2138 4079 2501 4136 contrahitur
2520 4082 2702 4137 multa
2730 4097 2863 4138 cum
2918 4083 3075 4139 locus
3119 4091 3204 4139 est
3247 4084 3515 4140 facilitate
3579 4084 3830 4151 laxatur,

2137 4176 2287 4225 recte
2319 4169 2579 4224 additum
2607 4177 2736 4225 est:
2780 4171 2861 4225 Et
2893 4170 2968 4225 ad
3009 4172 3201 4226 bonum
3261 4174 3379 4241 ejus
3440 4174 3498 4226 in
3548 4175 3833 4227 novalesimo

2142 4257 2381 4323 dierum;
2416 4257 2464 4312 si
2493 4258 2645 4313 enim
2671 4273 2838 4328 pinna
2874 4260 3123 4328 timetur,
3167 4260 3348 4316 multo
3411 4260 3706 4316 liberalius
3750 4269 3834 4316 est

2074 4351 2117 4404 D
2143 4354 2207 4402 ut
2232 4346 2533 4415 praemium
2554 4355 2879 4416 appetatur.
2903 4348 2997 4402 Ad
3018 4348 3211 4403 bonum
3227 4363 3364 4419 ergo
3399 4348 3499 4404 Dei
3534 4352 3591 4403 in
3623 4350 3834 4404 dierum

2137 4437 2426 4489 novissimo
2457 4443 2719 4503 pavetur,
2748 4450 2880 4490 cum
2916 4436 3057 4492 illud
3100 4437 3395 4507 singulare
3443 4437 3835 4493 retributionis

2138 4531 2408 4578 extremae
2456 4522 2673 4578 bonum
2720 4523 2921 4579 timore
2957 4525 3200 4593 paritur,
3236 4533 3292 4581 et
3339 4524 3535 4581 laetitia
3592 4534 3835 4595 praesto-

2138 4610 2337 4666 latur:
2380 4631 2400 4658 ι
2436 4611 2704 4679 Laetetur,
2731 4609 2942 4682 inquit,
2991 4626 3089 4668 cor
3134 4627 3324 4670 meum
3368 4620 3431 4669 ut
3478 4615 3674 4670 timeat
3723 4628 3837 4671 no-

2138 4710 2270 4753 men
2297 4704 2462 4754 tuum
2492 4697 2662 4769 (Psal.
2706 4713 2911 4767 Lxxxv,
2958 4702 3045 4770 11)
3078 4722 3125 4755 ι.

2797 4842 3029 4899 CAPUT
3068 4843 3165 4900 IV.

2209 4960 2378 5017 Vens.
2416 4964 2463 5015 1.
2495 4991 2568 5004 -
2602 4984 2622 5011 ι
2680 4963 2883 5020 Audite
2915 4965 3159 5021 verbum
3199 4966 3445 5033 Domini,
3500 4966 3598 5022 filii
3634 4967 3834 5035 Israel,

2139 5067 2166 5099 ››
2199 5050 2336 5118 quia
2361 5049 2626 5119 judicum
2675 5051 2917 5107 Domino
2945 5067 3079 5109 cum
3128 5055 3546 5111 habitatoribus
3585 5064 3771 5112 terrae.
3808 5078 3831 5105 ι

2144 5137 2373 5206 Verbum
2425 5140 2518 5192 Dei
2588 5140 2695 5207 ﬁlii
2751 5141 2922 5195 Israel
2982 5142 3232 5199 audiunt
3284 5157 3419 5198 cum
3480 5144 3839 5200 carnalitatis

2135 5224 2407 5281 duritiam
2460 5226 2700 5297 sagitta},
2740 5229 2913 5298 juxta
2960 5231 3265 5299 psalmum,
3325 5232 3569 5301 potentis
3626 5233 3841 5289 irrum-

2135 5321 2281 5383 punt
2310 5313 2478 5384 (Psal.
2519 5329 2676 5375 cxrx.
2710 5317 2785 5387 4).
2823 5317 2893 5372 Et
2924 5319 3141 5385 merito,
3176 5319 3383 5389 inquit,
3416 5320 3603 5375 audiri
3642 5319 3834 5389 debet,

2136 5408 2199 5457 ut
2228 5399 2605 5457 aﬂectualitas
2659 5405 3027 5475 reprimatur,
3079 5407 3216 5476 quia
3247 5422 3377 5463 cum
3437 5408 3713 5464 saeculum
3771 5410 3835 5465 in

2134 5488 2247 5543 ﬁne
2278 5502 2313 5543 a
2356 5490 2597 5546 Domino
2629 5492 2945 5562 judicatur,
3000 5508 3112 5548 non
3156 5495 3311 5550 solus
3364 5495 3482 5566 ipse
3521 5495 3832 5567 judicabit,

2133 5578 2230 5632 sed
2260 5584 2314 5631 et
2346 5577 2695 5634 habitatores
2727 5587 2913 5649 terrae,
2937 5582 3038 5651 qui
3069 5580 3213 5638 bene
3256 5583 3468 5640 scilicet
3515 5585 3834 5643 terrenitati
