3934 6086
127 324 226 376 357

830 318 1287 376 TROPOLOGIJE
1327 321 1392 373 IN
1434 319 1631 387 OSEE,
1670 320 1853 375 AMOS
1894 320 1979 374 ET
2017 320 2164 375 JER.
2208 349 2276 360 —
2314 320 2445 375 LIB.
2493 323 2537 377 l.
2590 323 2661 377 IN
2701 321 2904 379 OSEE.

3522 331 3622 383 358

125 468 245 510 sua
278 451 556 509 dominati
600 458 757 517 sunt,
808 449 1119 520 judiciaria
1170 448 1382 519 pariter
1411 449 1687 521 dignitate
1717 449 1817 505 do-
1855 452 1902 504 A
1937 471 1958 499 ι
1989 450 2279 506 tradicunt
2324 452 2621 507 sacerdoti.
2656 454 2727 508 Et
2773 468 3008 512 corrues
3056 456 3241 525 hodie,
3294 467 3348 514 et
3393 470 3625 517 corruet

126 551 381 611 nantur;
421 543 570 598 unde
600 550 653 597 et
701 541 936 595 mitibus
980 539 1255 608 possessio
1286 538 1462 608 hujus
1496 546 1658 593 terra}
1692 552 1818 607 pro-

125 632 377 687 mittitur
439 631 659 699 (Matth.
724 645 777 696 v,
847 629 926 698 4).
980 626 1254 683 Habitare
1300 636 1494 682 autem
1549 627 1620 681 ab
1681 632 1821 680 19⁸⁸

127 721 314 787 habeo,
382 722 565 786 habes,
627 717 1051 788 frequentativa
1106 716 1383 772 intortum
1444 717 1720 769 dominari
1748 714 1820 768 si-

127 810 385 881 gniticat,
431 817 494 864 ut
530 815 613 864 est
644 807 825 862 illud:
860 828 887 855 «
918 806 1187 861 Inhabita
1231 814 1460 871 terram,
1490 813 1544 859 et
1575 802 1825 874 pasceris

127 899 184 954 in
217 898 432 953 divitiis
474 898 602 968 ejus
651 897 820 963 (Psal.
870 910 1071 961 xxxw,
1127 898 1199 965 3).
1253 916 1281 944 »
1327 915 1354 942 ‹‹
1405 893 1529 949 Non
1561 901 1641 948 est
1671 891 1823 947 enim

132 1009 152 1036 ι
192 988 406 1043 veritas
432 996 488 1042 et
540 1002 654 1041 non
695 997 778 1041 est
812 985 1219 1052 misericordia,
1250 992 1303 1039 et
1334 998 1444 1038 non
1478 990 1562 1038 est
1588 982 1825 1038 scientia

132 1096 153 1123 ι
192 1077 292 1130 Dei
346 1077 402 1129 in
460 1084 632 1131 terra.
670 1097 691 1123 ι
754 1074 898 1141 Quid
957 1082 1039 1129 est
1089 1078 1312 1139 veritas,
1371 1072 1477 1127 nisi
1533 1071 1653 1126 sine
1707 1069 1825 1124 ulla

126 1163 493 1218 vacillatioue
516 1163 593 1218 rei
625 1161 800 1218 unius
833 1161 1096 1216 identitas
1121 1162 1149 1214 ?
1171 1160 1301 1214 llaec
1330 1175 1436 1213 non
1465 1164 1544 1213 est
1574 1161 1629 1210 in
1656 1163 1821 1221 terra,

127 1266 261 1321 quae
312 1260 395 1306 est
461 1234 846 1306 indesinenter
911 1249 1153 1305 vanitati
1200 1250 1479 1318 subjecta,
1525 1262 1629 1301 nec
1670 1246 1825 1300 enim

128 1340 245 1409 ipse
297 1338 604 1407 Apostolus
644 1338 866 1394 invenit
910 1337 1126 1393 bonum
1180 1336 1237 1391 in
1289 1351 1461 1391 carne
1509 1349 1616 1390 sua
1646 1335 1823 1403 (Rom.

128 1444 223 1495 vn,
290 1428 404 1497 18).
466 1428 581 1481 Non
634 1433 714 1481 est
765 1427 1162 1493 misericordia,
1222 1429 1364 1495 quia
1435 1424 1557 1479 suis
1603 1436 1827 1492 semper

128 1531 314 1588 prona
378 1517 671 1573 desideriis
734 1516 889 1571 omni
956 1515 1174 1570 alienas
1234 1513 1548 1569 anxietates
1612 1518 1828 1581 spectat

129 1605 377 1661 incuria.
435 1608 552 1660 Non
598 1611 675 1660 est
709 1608 955 1671 scientia,
989 1604 1127 1673 quia
1151 1604 1224 1658 ab
1260 1603 1511 1658 inferiori
1537 1601 1631 1657 illa
1668 1607 1827 1670 parte

126 1693 429 1749 suboritur
457 1695 629 1749 menti
666 1692 929 1748 discretio
963 1693 1141 1747 nulla.

1935 560 1955 585 ι
1989 539 2160 594 etiam
2203 541 2499 610 prophetia
2551 550 2756 598 tecum.
2810 565 2831 591 ι
2893 547 3126 615 Populus
3175 554 3318 616 tuus,
3351 563 3383 603 o
3424 550 3620 617 Israel,

1928 630 2067 682 sicut
2098 628 2157 682 hi
2204 632 2300 697 qui
2346 632 2723 685 contradicunt
2751 634 3020 687 sacerdoti
3048 643 3151 702 est,
3185 638 3323 706 quia
3357 646 3619 694 motuum

1930 722 2161 771 tuorum
2202 718 2535 780 enormitas.
2569 735 2601 773 o
2646 721 2895 775 carnalis
2940 721 3198 787 affectus,
3247 728 3406 790 sicut,
3456 725 3509 780 id
3540 734 3624 783 est

1930 818 2126 859 revera
2162 805 2218 859 hi
2248 816 2402 874 sunt,
2433 807 2534 876 qui
2564 822 2622 863 se
2667 822 2889 877 semper
2930 810 3211 879 objiciunt
3252 826 3412 867 sacro
3452 813 3625 868 duca-

1933 892 2038 958 tui,
2075 893 2129 947 id
2163 902 2247 949 est
2304 895 2531 950 rationi.
2588 900 2657 951 Et
2714 914 2925 952 corraes
2964 899 3143 967 hodie,
3199 899 3254 954 id
3310 910 3390 956 est
3448 916 3623 958 causa

1929 981 2055 1050 ejus
2088 996 2263 1051 quam
2293 982 2525 1038 atTectas
2556 985 2880 1055 temporalis
2920 986 3187 1055 lasciviae,
3219 988 3305 1043 vel
3330 990 3624 1057 praesentis

1932 1069 2130 1139 glorize
2187 1073 2408 1127 Corruct
2464 1076 2626 1126 etiam
2680 1077 2972 1143 prophetia
3030 1082 3245 1130 tecum:
3309 1076 3454 1142 Quia
3484 1078 3623 1133 dum

1932 1174 2303 1229 nequaquam
2346 1162 2417 1215 ad
2461 1163 2749 1216 anteriora
2798 1171 2846 1217 te
2873 1165 3149 1219 extendis.
3178 1166 3349 1236 (Phil.
3401 1181 3479 1232 ιιι,
3521 1169 3622 1232 13),

1932 1255 2034 1302 tua
2074 1255 2125 1302 te
2168 1249 2359 1303 reddet
2406 1249 2847 1317 improvidentia
2892 1267 3129 1307 caecum.
3169 1276 3190 1300 ι
3228 1254 3400 1309 Nocte
3442 1262 3625 1310 tacere

1936 1356 1955 1383 ι
1994 1335 2094 1391 feci
2130 1347 2367 1391 matrem
2404 1345 2580 1392 tuam.
2620 1360 2641 1386 ι
2680 1339 2858 1393 Mater
2906 1340 3083 1410 hujus
3117 1342 3314 1411 populi
3346 1343 3490 1398 ratio
3521 1352 3623 1410 est,

1934 1422 2068 1478 facit
2098 1437 2234 1493 ergo
2284 1425 2431 1479 Deus
2479 1432 2652 1479 tacere
2696 1434 2922 1481 matrem
2971 1429 3147 1499 hujus
3199 1431 3389 1499 populi
3440 1441 3624 1498 nocte,

1933 1525 2064 1566 cum
2108 1526 2211 1566 suo
2256 1511 2411 1581 justo
2455 1514 2671 1583 judicio
2731 1525 2903 1586 negat
2961 1517 3109 1571 \ires
3163 1519 3379 1587 quibus
3427 1519 3629 1574 debeat

1936 1600 2196 1655 insolenti
2250 1602 2661 1671 cogitationum
2734 1605 2919 1660 turbze
2985 1606 3265 1662 resistere.
3323 1606 3482 1662 Unde
3548 1615 3629 1662 est

1936 1689 2087 1757 quod
2120 1692 2401 1758 sequitur.

198 1782 450 1837 Vens.2.
483 1810 554 1822 —
606 1803 626 1829 ι
679 1780 1061 1842 Maledictum,
1111 1787 1165 1835 et
1206 1777 1591 1844 mendacium,
1641 1784 1695 1831 et
1726 1776 1829 1831 ho-
1864 1764 1911 1814 Α
2013 1777 2182 1833 Vens.
2216 1779 2267 1833 6.
2305 1810 2373 1817 —
2407 1801 2428 1826 «
2486 1778 2771 1835 Conticuit
2824 1781 3070 1850 populus
3130 1796 3310 1849 meus,
3360 1797 3428 1837 eo
3474 1784 3629 1853 quod

132 1893 152 1919 ι
179 1871 504 1933 micidium,
528 1877 582 1925 et
609 1870 848 1931 furtum,
881 1878 935 1925 et
973 1868 1322 1924 adulterium
1373 1867 1824 1931 inundaverunt,

131 1981 155 2007 ››
188 1968 244 2014 et
272 1958 517 2029 sanguis
548 1959 892 2028 sanguinem
940 1957 1142 2027 tetigit.
1181 1978 1201 2004 ι
1249 1955 1393 2022 Quia
1438 1970 1575 2025 ergo
1606 1970 1710 2007 non
1751 1957 1829 2006 est

130 2053 356 2114 veritas,
434 2063 543 2100 non
622 2053 699 2099 est
747 2046 1141 2111 misericordia,
1188 2061 1293 2098 non
1340 2046 1568 2106 scientia
1622 2044 1723 2095 Dei
1771 2042 1828 2096 in

128 2146 320 2193 mente
380 2146 626 2204 terrena,
676 2137 1025 2190 maledictum
1090 2144 1511 2204 consequenter
1560 2133 1822 2199 innudat,

129 2227 267 2296 quia
314 2226 409 2281 ubi
470 2224 651 2280 divini
695 2224 913 2280 timoris
967 2238 1064 2279 cor
1115 2224 1272 2279 freno
1307 2238 1421 2278 non
1476 2222 1713 2292 regitur,
1757 2221 1827 2276 ad

128 2328 325 2384 pravae
358 2313 661 2369 locutionis
709 2314 1063 2368 atrocitatem
1114 2312 1314 2382 lingua
1364 2311 1664 2380 impudens
1688 2308 1828 2364 θιγε-

126 2411 315 2467 ratur,
342 2411 556 2458 etcum
592 2402 719 2456 aliis
766 2402 1022 2472 derogat,
1075 2401 1255 2456 multo
1292 2400 1493 2469 majori
1534 2399 1706 2454 etiam
1740 2412 1824 2453 se-

127 2491 379 2546 curitate
417 2490 727 2559 mentitur;
757 2504 861 2545 nec
907 2492 1117 2544 mirum
1174 2489 1344 2558 plane
1393 2502 1525 2543 cum
1576 2487 1694 2550 vix,
1727 2493 1827 2541 aut

124 2579 462 2635 nullomodo
510 2578 786 2644 humana,
838 2578 933 2632 sed
976 2577 1094 2632 sola
1139 2576 1334 2631 divina
1384 2576 1596 2631 virtute
1642 2575 1828 2629 dome.

123 2676 239 2724 tur.
277 2668 544 2735 Cumque
590 2665 822 2720 libertas
853 2663 1235 2719 maledietioni
1288 2662 1699 2733 mendacioque
1738 2676 1828 2717 rc-

122 2756 439 2826 linqnitur,
474 2769 702 2810 necesse
732 2763 816 2808 est
847 2761 909 2809 ut
949 2753 1214 2809 facillime
1243 2754 1315 2807 ad
1349 2753 1624 2818 facinora,
1671 2750 1824 2820 quod

120 2855 203 2900 est
256 2845 610 2898 homicidium
651 2849 706 2897 et
760 2845 994 2908 furtum,
1026 2850 1081 2897 et
1134 2841 1205 2896 ad
1264 2840 1502 2911 flagitia,
1558 2840 1708 2909 quod
1743 2826 1827 2894 es't

120 2932 479 2995 adulterium,
532 2937 961 2999 proruinpatur.
1018 2928 1163 2983 Nota
1209 2928 1364 2998 quod
1408 2941 1481 2982 ex
1525 2926 1827 2995 iniquitate

118 3018 441 3074 verborum
468 3018 802 3073 excurritur
832 3016 888 3071 in
918 3016 1285 3072 crudelitates
1315 3029 1575 3085 operum.
1611 3013 1824 3069 Deinde

118 3106 316 3162 rabies
345 3119 493 3174 opus
537 3104 840 3174 despumat
872 3104 931 3159 in
970 3103 1285 3159 sordidum.
1339 3105 1576 3170 Sanguis
1605 3103 1827 3169 sangui-

116 3211 239 3248 nem
295 3192 504 3263 tangit,
554 3192 693 3247 dum
747 3199 1043 3261 peccatum
1091 3190 1447 3262 negligenter
1485 3189 1823 3255 admissum,

119 3282 278 3353 quod
312 3288 605 3337 auctorem
623 3294 818 3346 suum,
848 3279 1002 3349 quod
1028 3279 1267 3350 sanguis
1285 3278 1497 3349 signat,
1530 3277 1821 3346 interimit,

117 3372 372 3427 scienter
409 3368 478 3424 ad
531 3368 789 3438 ejusdem
836 3367 1036 3423 mortis
1084 3367 1439 3423 iterationem
1482 3366 1825 3437 plerumque

112 3458 402 3531 perducit.

189 3548 370 3604 Vens.
409 3549 460 3601 3.
494 3575 563 3586 —
600 3568 621 3595 ι
656 3545 895 3614 Propter
936 3544 1045 3600 hoc
1076 3542 1297 3616 lugebit
1347 3550 1517 3609 terra,
1571 3549 1626 3598 et
1656 3542 1825 3597 infir-

123 3659 144 3685 »
183 3635 445 3692 mabitur
465 3634 655 3689 omnis
695 3632 799 3703 qui
832 3632 1054 3689 habitat
1102 3632 1161 3687 iu
1206 3646 1295 3698 ea,
1352 3631 1410 3687 in
1456 3631 1637 3688 bestia
1675 3630 1822 3702 agri,

122 3747 143 3775 ι
179 3732 239 3780 et
270 3724 332 3779 in
366 3723 601 3778 volucre
649 3721 776 3777 οωιί
826 3729 879 3777 et
931 3721 1110 3791 pisces
1149 3719 1327 3776 maris
1378 3719 1825 3791 congregaban-

121 3835 143 3862 ι
180 3821 301 3869 tur.
340 3833 366 3861 ιι
403 3811 636 3880 Propter
680 3810 778 3864 hoc
819 3813 966 3863 terra
999 3809 1173 3879 luget,
1224 3808 1279 3863 id
1323 3815 1407 3863 est
1455 3807 1633 3877 digna
1663 3807 1825 3862 luctu

116 3901 278 3968 facit,
311 3899 455 3970 quia
485 3897 647 3955 nulla
692 3911 818 3954 eam
864 3897 1125 3953 custodia
1176 3896 1578 3952 intellectualis
1607 3895 1824 3951 astrin-

116 3989 223 4061 git.
261 3989 452 4044 Omnis
483 3989 580 4056 qui
610 3987 823 4041 habitat
850 3989 909 4039 in
955 4001 1018 4039 ea
1063 3984 1411 4051 infirmatur,
1453 3984 1595 4053 quia
1638 3982 1825 4039 omnis

114 4077 223 4148 qui
253 4077 385 4147 ejus
437 4075 689 4131 motibus
726 4074 1014 4131 contraire
1068 4072 1295 4138 nititur,
1353 4086 1579 4128 necesse
1629 4079 1713 4127 est
1759 4078 1823 4127 ut

113 4166 337 4235 saepius
364 4178 400 4219 a
430 4177 535 4219 suo
564 4170 717 4219 statu
747 4162 1161 4233 cogitationum
1199 4160 1538 4230 ingruenter
1568 4159 1824 4215 molestia

116 4251 500 4322 periclitetur.
536 4251 605 4307 Et
635 4250 744 4305 hoc
760 4252 817 4303 in
840 4250 1011 4304 bestia
1049 4250 1175 4317 agri
1202 4254 1251 4303 et
1280 4250 1493 4302 volucre
1522 4248 1659 4311 coeli,
1682 4247 1824 4317 quia

1938 1887 1966 1915 »
1996 1880 2108 1920 non
2172 1866 2435 1922 habuerit
2486 1868 2801 1923 scientiam.
2848 1891 2874 1919 »
2928 1870 3181 1940 Populus
3227 1872 3322 1926 Dei
3380 1872 3631 1927 contice—

1936 1954 2039 2009 scit
2066 1956 2301 2024 quando
2343 1958 2691 2026 emergentia
2719 1958 2877 2013 cordi
2915 1960 3087 2023 mala,
3120 1975 3378 2030 congrua
3408 1976 3633 2030 nequa-

1936 2057 2112 2113 quam
2155 2044 2458 2099 severitate
2490 2048 2807 2116 redarguit,
2840 2056 2894 2102 et
2935 2047 3042 2102 hoc
3074 2048 3196 2103 ideo
3243 2050 3396 2118 quod
3443 2049 3627 2105 scien-

1937 2129 2070 2184 tiam
2109 2146 2223 2186 non
2265 2131 2549 2199 habuerit,
2599 2133 2651 2187 id
2684 2145 2786 2196 est,
2830 2135 2941 2190 vim
2993 2136 3230 2192 internze
3272 2138 3631 2193 discretionis

1936 2218 2208 2274 amiserit.
2240 2242 2259 2267 ι
2297 2220 2443 2286 Quia
2480 2227 2543 2275 tu
2582 2222 2876 2277 scientiam
2912 2224 3193 2292 repulisti,
3241 2226 3509 2294 repellam
3543 2233 3630 2280 te-

1941 2327 1963 2354 ·
2000 2321 2069 2361 ne
2100 2307 2414 2363 sacerdotio
2465 2308 2727 2377 fungaris
2759 2310 2917 2364 mihi.
2961 2333 2981 2359 ι
3017 2311 3097 2366 Ac
3130 2311 3175 2365 si
3208 2311 3448 2367 diceret:
3486 2312 3631 2376 Quia

1938 2402 1999 2450 tu
2032 2403 2159 2450 tuos
2190 2410 2373 2450 mores
2402 2406 2575 2466 atque
2615 2407 2802 2453 motus
2835 2401 3053 2453 trutina
3076 2398 3284 2469 judicii
3317 2415 3629 2471 exaequare

1934 2484 2254 2553 negleXIsti,
2290 2484 2377 2538 vel
2409 2485 2577 2539 etiam
2627 2486 2876 2555 qualiter
2922 2495 2972 2541 te
3022 2488 3267 2544 interius
3300 2503 3497 2559 regere
3536 2490 3627 2545 de-

1934 2572 2069 2627 beas
2120 2572 2412 2626 addiscere
2461 2573 2717 2640 noluisti,
2778 2575 2848 2629 ad
2911 2574 3018 2630 hoc
3076 2575 3243 2644 plane
3293 2584 3357 2631 ut
3390 2577 3489 2632 tibi
3522 2577 3629 2646 ipsi

1934 2659 2229 2729 providere
2261 2660 2498 2724 nescias,
2548 2675 2652 2715 nec
2701 2669 2911 2716 statum
2961 2670 3126 2717 tuum
3175 2665 3358 2718 metiri
3414 2665 3625 2732 valeas,

1934 2762 2034 2818 per
2063 2762 2293 2802 sensum
2329 2756 2381 2802 te
2411 2749 2719 2817 reprobum
2748 2749 3083 2805 submisisti.
3113 2773 3132 2798 ι
3157 2752 3225 2806 Et
3248 2752 3388 2821 quia
3417 2753 3630 2808 oblitus

1935 2856 1962 2889 ››
1997 2836 2117 2907 [at.,
2165 2835 2360 2906 oblita]
2401 2851 2461 2891 es
2490 2836 2670 2907 legem
2720 2837 2818 2892 Dei
2867 2838 2970 2905 tui,
3022 2839 3331 2895 obliviscar
3380 2841 3631 2897 ﬁliorum

1935 2944 1963 2972 »
1994 2932 2225 2981 tuorum
2264 2933 2318 2980 et
2348 2938 2470 2995 ego.
2512 2946 2532 2973 ι
2580 2926 2693 2980 Lex
2735 2925 2829 2981 Dei
2861 2940 2976 2982 non
3006 2927 3062 2982 in
3096 2929 3334 2983 scientia
3373 2928 3626 2996 litterali,

1932 3013 2030 3068 sed
2078 3012 2138 3067 in
2186 3013 2542 3083 experientia
2590 3014 2842 3069 naturali
2896 3014 3255 3086 intelligitur,
3302 3030 3479 3086 quam
3527 3017 3629 3087 qui

1934 3101 2315 3168 obliviscitur,
2368 3102 2425 3157 id
2473 3109 2557 3158 est
2595 3103 2747 3158 scitae
2797 3105 3115 3173 quondam,
3173 3112 3227 3160 et
3260 3104 3469 3161 habita:
3514 3120 3630 3161 non

1934 3190 2189 3245 recolens
2218 3190 2627 3259 reminiscitur,
2679 3191 2751 3247 ad
2811 3192 2864 3247 id
2915 3206 2988 3248 ex
3022 3192 3219 3248 merito
3252 3193 3529 3262 pervenit,
3565 3201 3630 3250 ut

1934 3277 2205 3346 filiorum,
2249 3278 2302 3333 id
2346 3286 2447 3346 est,
2501 3293 2742 3349 operum
2790 3295 3032 3337 suorum
3077 3295 3389 3350 pravorum
3433 3283 3505 3338 ad
3537 3283 3627 3338 sui

1936 3366 2118 3436 ipsius
2165 3367 2574 3423 correctionem
2617 3368 2770 3425 Deus
2797 3384 2911 3424 non
2945 3377 3314 3438 memoretur,
3361 3372 3630 3441 spontiva

1934 3453 2103 3524 plane
2129 3454 2457 3525 ignorantia
2486 3471 2601 3512 non
2655 3456 2939 3526 lucratur,
2984 3456 3279 3530 ingenitize
3329 3473 3465 3515 vero
3496 3473 3630 3530 par-

1932 3541 2122 3611 citur;
2157 3542 2311 3599 unde
2339 3551 2394 3599 et
2418 3544 2720 3614 sequitur:

2005 3628 2174 3685 Vsus.
2214 3630 2271 3684 7.
2299 3660 2369 3669 —
2398 3651 2424 3679 «
2481 3631 2809 3688 Secundum
2842 3632 3271 3689 multitudinem
3290 3647 3511 3701 eorum,
3547 3634 3629 3690 sic

1935 3737 1963 3766 »
1993 3726 2381 3786 peccaverunt
2438 3718 2599 3774 mihi.
2662 3740 2685 3768 ι
2749 3719 2966 3776 Multus
3013 3728 3098 3776 est
3139 3721 3234 3776 cui
3291 3722 3628 3792 perspicacis

1933 3804 2168 3873 ingenii,
2199 3805 2305 3861 etsi
2333 3805 2593 3861 doctrina
2632 3822 2748 3863 non
2796 3814 3041 3877 supetat,
3083 3808 3249 3878 copia
3276 3818 3396 3876 est;
3428 3808 3624 3866 multi-

1934 3892 2197 3949 tudinem
2253 3907 2392 3965 ergo
2451 3894 2678 3959 habent,
2727 3895 2828 3966 qui
2876 3904 3107 3965 propter
3154 3898 3370 3953 litteras
3415 3898 3625 3955 intelli-

1932 3980 2137 4050 gentiae
2159 3980 2457 4052 originalis
2495 3982 2813 4038 acrimonia
2862 3982 3114 4053 pollent;
3145 3985 3465 4041 secundum
3514 3986 3626 4041 ita-

1932 4083 2045 4138 que
2112 4069 2488 4137 elaboratam,
2546 4070 2675 4127 licet
2741 4086 2843 4141 per
2916 4072 3201 4128 incuriam
3266 4074 3472 4130 obtusa
3531 4075 3624 4142 sit,

1931 4157 2375 4226 naturalemque
2406 4158 2773 4228 prudentiam
2802 4174 3001 4215 eorum
3029 4168 3260 4230 peccata
3286 4169 3621 4231 pensantur,

1932 4244 2073 4314 quia
2104 4245 2422 4301 secundum
2455 4247 2610 4316 quod
2650 4247 2923 4315 scierunt,
2968 4255 3069 4303 aut
3099 4249 3245 4305 scire
3293 4257 3624 4319 potuerunt,

114 4339 259 4395 hinc
287 4338 593 4408 aliquoties
622 4338 934 4407 cupiditate
955 4336 1320 4404 distenditur,
1351 4336 1507 4391 illinc
1536 4335 1820 4406 superbia;
1858 4359 1901 4412 ι)
1929 4331 2295 4403 judicantur.
2341 4356 2361 4383 ι
2398 4334 2649 4390 Gloriam
2693 4350 2891 4391 eorum
2943 4336 3003 4391 in
3043 4335 3416 4407 ignominiam
3464 4354 3623 4394 com-

116 4427 359 4484 levitate
413 4425 707 4496 jactatur;
739 4425 837 4481 sed
882 4430 931 4479 et
961 4427 1137 4494 pisces
1182 4426 1353 4478 maris
1390 4429 1822 4494 congregantur

115 4530 255 4571 cum
284 4513 637 4570 titillationes
683 4512 892 4579 carnis,
942 4526 1074 4583 qua;
1120 4510 1456 4567 deliciarum
1491 4509 1824 4566 innutriunt

112 4602 314 4673 aquis,
371 4600 651 4657 adversus
723 4599 1028 4671 fatigatum
1106 4598 1195 4654 his
1261 4597 1532 4668 spiritum
1607 4596 1820 4668 glome-

110 4699 354 4748 rantur.

185 4779 365 4836 Vens.
389 4779 443 4832 4.
467 4809 536 4817 —
561 4799 583 4827 ι
608 4777 1022 4834 Verumtamen
1044 4773 1453 4845 unusquisque
1474 4788 1588 4828 non
1604 4772 1822 4843 judicet

116 4890 137 4917 ι
175 4874 236 4924 et
266 4881 386 4922 non
422 4874 709 4937 arguatur
734 4865 846 4920 vir.
885 4886 906 4913 ι
950 4865 1034 4919 Ac
1061 4864 1108 4919 si
1135 4864 1382 4919 diceret:
1420 4862 1572 4917 Licet
1607 4860 1822 4931 ingenii

110 4954 367 5013 humani
402 4954 652 5024 potentia
680 4960 880 5009 contra
910 4959 991 5008 tot
1018 4950 1289 5007 vitiorum
1320 4950 1650 5005 examinata
1680 4963 1823 5019 pene

111 5043 485 5107 succumbat,
518 5050 711 5098 tamen
746 5041 958 5111 injuste
1000 5040 1151 5106 facit,
1181 5039 1281 5110 qui
1317 5038 1376 5094 in
1424 5038 1637 5094 talibus
1667 5037 1825 5093 infir-

114 5139 377 5189 mantem
431 5129 673 5201 judicat,
725 5137 782 5185 et
826 5142 958 5184 eum
994 5127 1097 5198 qui
1143 5131 1234 5181 vir
1279 5126 1389 5182 dici
1450 5126 1635 5193 debet,
1682 5125 1823 5196 quia

116 5221 277 5293 quod
312 5227 570 5277 tentatur
606 5227 907 5288 utcunque
939 5217 1045 5273 fert
1076 5223 1131 5272 et
1178 5216 1396 5281 tolerat,
1441 5230 1558 5271 non
1590 5221 1819 5285 arguat,

118 5325 225 5367 nec
258 5309 501 5365 modum
542 5305 892 5374 tentationis,
921 5304 1020 5361 sed
1063 5304 1330 5360 virtutem
1377 5302 1732 5359 sustinentia:
1765 5302 1823 5358 in

116 5414 180 5456 eo
230 5398 336 5470 qui
390 5403 668 5460 tentatur,
736 5393 1027 5450 attendat:
1086 5414 1108 5442 ι
1166 5390 1563 5459 Considerans,
1609 5389 1819 5461 inquit,

117 5489 395 5558 teipsum,
432 5500 504 5540 ne
534 5491 589 5539 et
621 5491 682 5539 tu
711 5481 946 5539 tenteris
975 5478 1115 5551 (Gal.
1144 5496 1219 5545 vr,
1249 5482 1317 5549 l).
1352 5501 1379 5528 ››

185 5576 363 5633 Vsus.
396 5576 449 5626 5.
486 5602 555 5612 -
590 5594 610 5621 ι
649 5570 904 5640 Populus
927 5569 1082 5624 enim
1110 5576 1249 5625 tuus
1277 5568 1425 5623 sicut
1460 5566 1516 5621 hi
1549 5564 1652 5635 qui
1682 5579 1824 5621 con-

1936 4441 1956 4467 ›
1996 4420 2250 4476 mutabo.
2287 4442 2307 4469 ι
2362 4421 2553 4477 Gloria
2592 4437 2791 4478 eorum
2829 4423 3107 4479 vivacitas
3152 4431 3235 4480 est
3284 4424 3624 4492 intellectus,

1930 4522 2062 4576 quae
2087 4508 2143 4563 in
2195 4508 2570 4580 ignominiam
2627 4520 3041 4581 commutatur,
3095 4512 3234 4569 dum
3280 4514 3437 4584 quod
3467 4513 3625 4569 laudi

1929 4609 2049 4652 suae
2076 4597 2284 4653 ascribi
2315 4606 2615 4668 appetunt,
2648 4614 2722 4655 ex
2754 4600 3079 4657 studiorum
3129 4602 3368 4657 infamia
3414 4601 3625 4673 probro

1932 4684 2275 4755 imputatur.

2000 4773 2173 4831 Vsus.
2205 4775 2255 4843 8,
2287 4777 2339 4829 9.
2371 4803 2445 4817 —
2476 4797 2504 4825 ‹‹
2536 4776 2774 4832 Peccata
2828 4776 3020 4847 populi
3062 4777 3172 4834 mei
3218 4778 3536 4848 comedent,
3570 4786 3627 4836 et

1935 4882 1956 4910 ι
1988 4862 2059 4917 ad
2093 4862 2455 4932 iniquitatem
2485 4878 2685 4920 eorum
2728 4865 3118 4921 sublevabunt
3147 4866 3372 4922 animas
3399 4881 3621 4923 eorum.

1938 4970 1958 4997 ι
1997 4950 2067 5004 Et
2095 4949 2202 5005 erit
2230 4950 2379 5006 sicut
2426 4951 2695 5021 populus,
2748 4952 2831 5008 sic
2874 4952 3153 5009 sacerdos.
3191 4974 3211 5001 ι
3261 4955 3484 5009 Peccata
3515 4971 3627 5025 po-

1925 5037 2050 5105 puli
2094 5043 2237 5092 nos
2284 5038 2385 5093 Dei
2438 5040 2768 5108 comedunt,
2826 5054 2958 5095 cum
3008 5039 3205 5110 lapsus
3256 5055 3626 5113 quorumque

1930 5125 2213 5181 bonorum
2253 5126 2324 5181 ad
2347 5126 2689 5198 sull‘ragium
2714 5128 2804 5183 sui
2825 5128 3038 5184 erroris
3067 5136 3393 5189 assumunt,
3424 5138 3481 5185 et
3505 5131 3624 5186 vel-

1932 5212 2014 5269 uti
2041 5212 2172 5269 inde
2203 5223 2543 5284 pascuntur,
2595 5215 2696 5285 qui
2742 5223 2804 5271 ut
2836 5215 2892 5270 in
2936 5216 3085 5271 malo
3131 5218 3391 5272 securius
3434 5232 3627 5286 perse-

1932 5310 2150 5368 verent,
2200 5316 2275 5358 ex
2319 5316 2517 5359 eorum
2562 5303 2826 5373 exemplo
2882 5317 3031 5372 quos
3081 5304 3259 5359 bonos
3305 5304 3625 5374 aliquando

1929 5390 2303 5458 aestimarant,
2337 5398 2402 5447 ut
2430 5391 2511 5448 sic
2540 5391 2810 5460 dixerim,
2842 5391 3198 5448 radicantur.
3231 5392 3323 5448 Ad
3353 5396 3627 5462 iniquita-

1932 5481 2035 5532 tem
2083 5494 2264 5532 eorum
2330 5480 2537 5534 anima:
2592 5493 2797 5536 eorum
2842 5480 3242 5549 sublevantur,
3294 5480 3433 5536 dum
3482 5494 3628 5550 quos

1929 5564 2262 5633 spirituales
2310 5566 2569 5630 oderant,
2622 5567 2901 5623 animales
2956 5567 3133 5625 factos
3179 5582 3295 5640 quo
3344 5567 3628 5637 nequiora
