3924 6088
314 234 415 287 359

1196 233 1255 287 V.
1300 230 1635 287 GUIBERTI
1678 228 1970 284 ABBATIS
2009 227 2068 283 S.
2110 228 2353 284 MAR”)
2389 228 2480 284 DE
2518 228 2907 285 NOVIGENTO

3706 229 3811 281 360

312 365 610 439 gesserint,
644 362 946 419 favorabili
977 361 1348 418 excusatione
1381 375 1513 416 mox
1540 360 1862 427 sublevent,
1892 357 2009 413 ani-
2046 362 2092 413 A
2123 358 2426 430 aliquoties
2472 357 2749 415 intentive
2798 358 3052 430 ponitur,
3108 364 3174 415 ut
3228 366 3332 423 est,
3377 358 3564 413 deame
3614 366 3669 415 et
3722 361 3814 413 de-

310 469 572 525 masque,
604 467 736 523 qua
768 466 881 507 non
929 451 1157 516 vivunt,
1200 450 1373 520 juxta
1420 450 1773 520 prophetam,
1811 446 2009 503 viviti-

311 552 445 600 cant
503 544 715 614 (Ezech.
756 556 876 607 xm,
930 543 1033 608 18).
1092 542 1163 594 Et
1208 542 1352 594 sicut
1404 540 1636 609 populus
1692 541 1769 593 sic
1820 551 2007 591 sacer—

310 633 405 687 dos
446 639 548 698 est,
585 645 716 686 cum
766 629 1021 700 ejusdem
1077 628 1336 684 criminis
1385 629 1431 683 si
1477 643 1592 684 non
1642 626 1878 699 majoris
1923 633 2007 681 est

307 721 423 785 ille,
455 720 557 790 qui
588 725 915 788 peccantem
952 717 1253 787 approbat,
1287 716 1458 787 cujus
1490 717 1582 772 ille
1622 719 1722 787 qui
1774 728 2001 788 peccat:

308 817 633 878 competens
682 806 834 862 enim
891 805 963 860 ad
1021 806 1110 860 sui
1176 805 1415 860 modum
1457 807 1841 864 sacerdotium
1897 811 2003 865 atl—

309 897 614 963 ministrat,
649 895 751 965 qui
776 908 949 963 super
978 894 1107 949 talis
1150 894 1495 949 defensionis
1541 895 1728 951 studio
1767 898 2004 970 dogma-

306 986 458 1041 tizat.

376 1074 548 1130 Vens.
586 1075 764 1127 lO.—
809 1095 830 1121 ι
884 1072 954 1127 Et
1000 1071 1246 1127 visitabo
1295 1086 1472 1141 super
1512 1087 1646 1129 eum
1684 1075 1809 1130 vias
1852 1075 1999 1147 ejus,

309 1184 332 1212 »
365 1170 419 1218 et
466 1162 838 1232 cogitationes
895 1162 1021 1231 ejus
1069 1161 1305 1216 reddam
1356 1161 1423 1216 ei.
1476 1162 1547 1217 Et
1600 1164 1897 1220 comedent
1948 1173 2004 1221 et

310 1273 332 1301 ι
366 1266 480 1307 non
508 1250 898 1306 satiabuntur.
938 1272 958 1298 ι
995 1251 1075 1305 De
1120 1249 1331 1318 plurali
1382 1250 1455 1305 ad
1491 1250 1844 1321 singularem
1879 1268 2003 1323 pro-

304 1339 529 1411 phetico
560 1354 717 1395 more
747 1339 952 1395 transit
983 1353 1314 1394 numerum.
1365 1339 1539 1408 Super
1583 1356 1701 1393 eum
1725 1344 1846 1395 vias
1875 1342 2003 1411 ejus

306 1429 516 1495 visitat,
569 1443 701 1483 cum
758 1428 884 1497 ejus
930 1427 1182 1483 actiones
1239 1441 1370 1483 eum
1430 1428 1807 1498 opprimendo
1862 1444 1998 1485 con—

302 1518 551 1573 demnat.
606 1519 966 1585 Cogitationes
1012 1517 1129 1584 ejus
1169 1520 1217 1569 ei
1272 1516 1478 1584 reddit,
1526 1532 1659 1571 cum
1699 1518 1999 1587 apostasia

300 1613 531 1676 peccata
592 1605 821 1661 latentis
870 1605 927 1659 in
971 1620 1105 1660 eum
1154 1613 1347 1674 aperte
1379 1605 1670 1674 puniendo
1720 1606 1992 1662 refundit.

299 1695 444 1750 Nota
495 1701 687 1750 tamen
745 1693 899 1763 quod
970 1692 1219 1763 populus
1272 1694 1643 1763 singularitas
1718 1694 1789 1749 sit
1840 1695 1999 1751 colle-

299 1782 473 1850 ctiva,
501 1789 555 1837 et
585 1782 710 1838 ideo
741 1781 966 1837 numeri
999 1782 1235 1837 fortasse
1266 1790 1590 1838 mutantur.
1626 1783 1859 1839 Dixerat
1891 1797 1996 1838 su-

298 1872 493 1940 perius
521 1870 674 1940 quod
706 1869 901 1940 populi
924 1869 1014 1925 sui
1046 1876 1277 1939 peccata
1310 1870 1689 1938 comederent,
1727 1870 1819 1927 hic
1857 1872 1993 1927 sub-

294 1959 418 2030 jicit
451 1958 602 2029 quod
636 1959 958 2026 comedant,
1010 1966 1064 2013 et
1114 1973 1228 2013 non
1277 1958 1577 2026 satientur,
1627 1959 1766 2028 quia
1794 1959 1895 2015 etsi
1922 1973 1996 2015 ex

299 2047 487 2103 aliena
511 2060 711 2116 capere
742 2046 1071 2101 desiderant
1104 2044 1407 2115 iniquitate
1444 2046 1733 2114 solatium,
1766 2046 1995 2103 nullum

296 2142 491 2191 tamen
541 2134 790 2190 mordaci
849 2134 1229 2202 conscientia,
1298 2149 1416 2205 qua
1464 2150 1688 2204 semper
1733 2144 1995 2191 conster-

297 2233 516 2280 nantur
544 2223 787 2279 interius
830 2224 1037 2292 poterit
1084 2230 1354 2293 prastare
1402 2223 1737 2279 fomentum.
1777 2246 1799 2273 ι
1852 2225 1993 2281 For-

300 2332 323 2360 ι
361 2313 533 2367 nicati
586 2320 721 2367 sunt
764 2320 819 2367 et
867 2326 983 2367 non
1051 2318 1442 2377 cessaverunt,
1496 2313 1769 2381 quoniam
1810 2312 1995 2367 Domi-

299 2421 322 2450 ι
356 2415 499 2456 num
535 2400 981 2470 reliqueruntin
1025 2414 1140 2455 non
1188 2399 1576 2455 custodiendo.
1614 2421 1636 2447 ι
1680 2400 1990 2456 Fornican-

294 2495 393 2543 tur
422 2486 523 2557 qui
560 2501 754 2542 amore
804 2486 1177 2556 praseutium
1222 2501 1255 2541 a
1301 2488 1415 2542 Deo
1461 2486 1829 2556 alienantur;
1874 2502 1991 2542 non

293 2582 537 2640 cessant,
599 2575 703 2645 qui
767 2575 1129 2631 dominantia
1190 2576 1351 2642 vitia,
1402 2576 1566 2631 nulla
1614 2575 1852 2632 rationis
1892 2590 1993 2630 au-

294 2663 552 2719 ctoritate
606 2663 1000 2719 reverberant.
1062 2664 1347 2731 Quoniam,
1425 2663 1636 2734 inquit,
1706 2666 1989 2719 Dominum

292 2753 669 2819 relinquerunt
697 2755 756 2804 in
788 2767 892 2805 non
946 2751 1318 2816 custodiendo,
1352 2751 1408 2806 id
1436 2759 1521 2807 est
1562 2751 1743 2807 divini
1793 2766 1991 2823 respe-

293 2846 421 2894 ctus
442 2838 664 2894 nullam
698 2839 957 2895 habuere
987 2839 1387 2903 reverentiam,
1420 2839 1641 2896 nullam
1674 2840 1848 2896 menti
1881 2856 1990 2897 cu-

292 2927 535 2983 stodiam
565 2927 911 2983 adhibendo.

363 3015 534 3073 Vens.
570 3018 653 3070 il.
683 3046 752 3056 -—
785 3037 805 3063 ι
842 3014 1161 3071 Fornicatio
1192 3022 1247 3071 et
1276 3015 1481 3072 vinum
1510 3019 1564 3072 et
1593 3016 1839 3072 ebrietas
1877 3030 1990 3073 au-

293 3122 322 3156 »
356 3104 463 3160 fert
495 3102 632 3177 [al.,
684 3100 977 3175 auferunt]
1029 3117 1147 3159 cor.
1181 3125 1202 3151 ι
1251 3102 1411 3170 Quod
1458 3112 1544 3161 est
1589 3104 1814 3161 dicere:
1844 3106 1987 3162 Cum

293 3192 427 3263 quis
458 3206 492 3246 a
524 3193 637 3248 Deo
688 3192 1067 3259 abscinditur,
1125 3192 1356 3262 Deoque
1409 3194 1735 3263 postposito,
1784 3193 1988 3249 mundi

291 3280 620 3350 voluptates
670 3279 917 3347 affectat,
963 3294 1038 3335 ex
1093 3280 1184 3335 his
1229 3280 1449 3337 ratione
1514 3281 1739 3350 sepulta
1789 3282 1985 3338 obrui-

295 3374 409 3436 tur,
451 3383 553 3425 cor
583 3368 868 3436 aufertur,
904 3368 1044 3439 quia
1073 3368 1215 3424 nihil
1236 3369 1456 3425 deinde
1487 3384 1660 3440 penes
1703 3385 1858 3438 eum,
1890 3378 1990 3427 aut

293 3456 455 3525 pensi
475 3464 578 3512 aut
602 3456 880 3512 moderati
906 3456 979 3511 ad
1009 3456 1254 3511 crimina
1278 3458 1579 3526 reperitur.

364 3545 535 3601 Vens.
578 3547 663 3599 12.
695 3575 765 3584 —
797 3567 818 3594 ι
877 3545 1131 3615 Populus
1171 3560 1335 3602 meus
1374 3545 1432 3600 in
1474 3546 1629 3617 ligno
1674 3561 1779 3604 suo
1819 3547 1992 3603 inter-

296 3654 317 3681 ι
353 3634 598 3705 rogavit,
632 3641 687 3689 et
732 3633 976 3690 baculus
1021 3635 1148 3705 ejus
1192 3635 1563 3690 annuntiabit
1608 3635 1701 3705 [αι.
1751 3649 1989 3690 annun—

291 3721 476 3792 tiavit]
510 3723 581 3778 ei.
627 3741 652 3774 ι)
700 3723 772 3776 1η
817 3724 963 3791 ligno
1011 3738 1108 3777 suo
1165 3724 1400 3792 populus
1468 3723 1801 3794 interrogat,
1854 3738 1987 3779 cum

292 3810 471 3865 animi
515 3810 800 3879 strepidus
848 3825 963 3866 non
1020 3811 1174 3881 aqui
1231 3810 1484 3881 rectique
1526 3811 1757 3878 lineam,
1787 3826 1821 3867 a
1870 3826 1989 3882 qua

292 3911 531 3953 aversus
559 3906 659 3964 est,
702 3898 797 3953 sed
843 3898 1209 3953 stoliditatem
1259 3907 1589 3954 consuetam
1621 3900 1712 3955 cui
1744 3900 1988 3955 univer-

291 3999 392 4041 sus
440 3992 525 4040 est
573 3985 921 4040 consulendo
972 3992 1266 4054 respectat.
1336 3986 1579 4040 Baculus
1623 3986 1740 4056 ejus
1786 3990 1836 4041 ei
1878 4002 1987 4042 an-

292 4072 545 4138 nuntiat,
591 4087 726 4128 cum
774 4072 1060 4142 quispiam
1109 4086 1225 4129 non
1277 4072 1566 4129 dissimilis
1620 4074 1904 4143 imperitia
1933 4081 1987 4130 et

290 4160 610 4216 voluntatis
639 4160 883 4230 stupida
919 4174 1095 4230 super
1141 4160 1231 4215 bis
1278 4175 1409 4231 qua
1457 4161 1614 4217 cordi
1657 4162 1784 4233 ejus
1821 4162 1989 4234 adja-

291 4255 420 4303 cent
466 4247 753 4303 funestius
791 4248 1098 4303 consilium
1173 4248 1591 4305 subministrat.
1649 4271 1669 4297 ι

297 4357 318 4384 ι
352 4335 505 4391 enim
552 4334 999 4391 fornicationum
1045 4337 1265 4407 decepit
1307 4351 1402 4393 eos
1438 4345 1493 4394 et
1537 4338 1797 4394 fornicati
1849 4348 1984 4395 sunt

292 4443 319 4476 ››
352 4437 387 4479 a
417 4423 531 4479 Deo
585 4438 708 4479 suo.
762 4445 784 4472 ι
830 4423 885 4479 Si
926 4423 1189 4493 spiritum
1229 4424 1622 4481 fornicationis
1665 4426 1984 4483 damonem

289 4510 619 4582 accipimus,
667 4526 867 4568 eorum
915 4512 1166 4582 profecto
1223 4527 1477 4570 errorem
1524 4516 1685 4571 velut
1731 4529 1982 4572 excusa-

289 4615 440 4666 mus,
479 4600 695 4671 quibus
742 4600 1095 4657 inccntorem
1136 4601 1430 4657 diabolum
1470 4602 1714 4674 damus;
1750 4604 1847 4659 sed
1890 4603 1983 4659 ali-

289 4698 376 4746 ter
405 4688 723 4760 intelligere
760 4702 1084 4759 possumus.
1126 4690 1374 4759 Spiritu:
1417 4691 1475 4745 in
1526 4691 1834 4761 Scripturis
1879 4707 1983 4762 pro

289 4777 563 4847 superbia
610 4776 865 4846 ponitur,
913 4784 977 4833 ut
1040 4784 1162 4833 est:
1223 4800 1245 4827 ι
1287 4777 1532 4835 Auferes
1588 4780 1857 4850 spiritum
1887 4794 1981 4837 eo-

289 4879 421 4921 rum
480 4872 536 4921 et
608 4864 873 4921 deﬁcient
947 4864 1115 4935 (Psal.
1177 4880 1293 4931 cm,
1371 4867 1481 4937 29).
1540 4889 1566 4917 ι
1620 4868 1739 4923 Et:
1805 4891 1826 4917 ι
1873 4868 1981 4935 Qui

288 4952 476 5009 aufert
519 4952 785 5022 spiritum
831 4952 1163 5023 principum
1219 4954 1385 5024 (Psal.
1442 4969 1609 5023 Lxxv,
1663 4954 1800 5025 l3):
1855 4975 1876 5004 ι
1912 4957 1985 5012 Et

290 5039 501 5096 Saulus
528 5054 661 5097 cum
693 5040 1017 5097 minaretur
1047 5048 1111 5097 ut
1147 5042 1408 5112 caderet,
1447 5064 1468 5091 ε
1520 5043 1750 5113 spirans
1782 5065 1803 5093 ι
1840 5044 1983 5101 dici-

290 5135 388 5183 tur
438 5129 580 5199 (Act.
625 5144 698 5196 tx,
754 5128 829 5199 2).
888 5130 1130 5199 Spiritus
1204 5145 1340 5201 ergo
1405 5133 1830 5198 fornicationum
1894 5149 1984 5188 eo:

291 5215 516 5285 decepit,
566 5217 707 5287 quia
749 5217 888 5273 dum
937 5217 1006 5274 de
1052 5232 1159 5274 sua
1207 5220 1578 5288 perversitate
1614 5221 1978 5292 superbiunt,

290 5311 345 5360 et
366 5304 423 5359 in
455 5303 628 5360 rebus
668 5304 924 5375 pessimis
969 5306 1313 5364 exsultando
1344 5309 1617 5380 gestiunt,
1649 5311 1858 5366 mentis
1886 5325 1983 5368 eos

291 5390 607 5461 reprobitas
644 5393 1080 5466 circumsepsit;
1135 5395 1356 5467 decepit
1400 5395 1552 5452 enim
1609 5394 1827 5453 dictum
1873 5405 1979 5467 est,

290 5480 458 5552 quasi
487 5480 722 5537 omnino
762 5481 931 5552 capit
979 5481 1069 5551 [f.,
1110 5483 1306 5556 cepit].
1355 5485 1613 5541 Deenim
1661 5486 1982 5556 prapositio

2117 464 2248 503 ιθνο.

2186 538 2359 593 Vens.
2410 534 2493 591 l3.
2540 566 2605 576 —
2648 559 2667 586 ι
2722 536 2905 607 Super
2942 537 3130 607 capita
3180 536 3465 592 montium
3513 536 3812 593 sacrifica-

2118 647 2139 674 ι
2176 626 2336 693 bant,
2425 632 2481 681 et
2552 640 2729 695 super
2800 625 2970 681 colles
3020 625 3412 682 accendebant
3482 626 3810 695 thimiama,

2118 737 2140 763 ι
2177 715 2386 771 subtus
2442 729 2745 785 quercum,
2826 724 2881 771 et
2934 715 3349 783 terebintbum,
3402 722 3457 771 et
3503 714 3806 785 populum,

2119 827 2138 853 ι
2176 804 2317 875 quia
2346 803 2497 859 bona
2550 812 2674 860 erat
2714 804 2923 860 umbra
2972 805 3118 875 ejus.
3151 824 3172 851 ι
3208 805 3383 873 Super
3426 807 3610 873 capita
3647 819 3809 857 mon-

2113 896 2247 948 tium
2322 892 2667 961 sacrificant,
2734 894 2835 963 qui
2896 892 3197 964 superbias
3228 893 3473 947 divitum
3510 892 3807 946 imitantes

2112 981 2371 1038 omnium
2412 989 2603 1051 strage
2633 982 2907 1038 vitiorum
2963 996 3022 1038 se
3075 988 3348 1037 mactant.
3395 982 3601 1050 Capita
3649 996 3806 1034 mon-

2112 1074 2266 1140 tium,
2318 1072 2372 1129 id
2421 1080 2507 1132 est
2560 1071 2982 1130 eervicositates
3031 1069 3347 1141 potentium
3421 1082 3657 1138 pauper,
3712 1069 3805 1124 vel

2108 1162 2411 1219 mediocris
2437 1164 2716 1227 imitatur,
2749 1169 2816 1216 ut
2847 1159 3003 1230 quod
3034 1159 3094 1213 in
3120 1157 3230 1213 illis
3258 1157 3569 1226 opulentia,
3605 1156 3711 1212 hoc
3742 1156 3805 1212 in

2109 1249 2199 1327 his
2254 1251 2372 1307 solo
2431 1252 2706 1323 nequitia
2775 1249 3031 1319 appetitu
3100 1254 3327 1317 agatur.
3399 1247 3575 1315 Super
3646 1247 3806 1300 colles

2110 1340 2398 1395 thimiama
2416 1342 2769 1407 accenditur,
2811 1352 2945 1394 cum
2992 1349 3235 1391 suorum
3275 1349 3668 1405 aquavorum
3708 1341 3804 1389 at-

2109 1442 2222 1497 que
2250 1431 2604 1499 comparium
2631 1427 2894 1497 exemplo
2925 1426 3056 1496 quis
3085 1438 3152 1480 ac
3192 1425 3240 1479 si
3290 1424 3461 1480 odore
3510 1423 3802 1493 respergi-

2109 1521 2225 1583 tur,
2276 1519 2375 1587 qui
2427 1519 2500 1574 ab
2546 1518 2748 1573 aliena
2790 1514 3077 1585 cupidinis
3124 1513 3256 1584 igne
3295 1512 3635 1582 digreditur.
3686 1513 3802 1581 Ipsi

2107 1619 2271 1674 super
2320 1608 2474 1661 colles
2506 1606 2851 1671 accendunt,
2910 1618 3041 1659 cum
3114 1602 3279 1672 pravi
3339 1600 3544 1655 caloris
3595 1607 3801 1654 astum

2105 1708 2178 1750 ex
2234 1709 2433 1751 eorum
2487 1710 2599 1752 usu
2656 1708 2777 1750 sese
2824 1691 3164 1749 concitando
3201 1688 3557 1759 concipiunt.
3598 1688 3803 1743 Subtus

2106 1799 2357 1853 quercum
2396 1784 2501 1839 hoc
2547 1783 2784 1849 faciunt,
2832 1794 2966 1837 cum
3008 1778 3162 1835 omni
3206 1778 3481 1834 vitiorum
3530 1790 3589 1832 se
3626 1776 3801 1832 volu-

2105 1872 2265 1928 tabro
2316 1872 2550 1942 porcina
2595 1870 2908 1926 imitatione
2955 1867 3311 1938 subjiciunt;
3352 1879 3604 1935 quercus
3644 1865 3801 1921 enim

2104 1960 2425 2031 glandifera
2474 1974 2674 2030 porcos
2720 1959 2839 2014 alit.
2890 1956 3088 2012 Subtus
3125 1955 3479 2009 terebinthum
3518 1953 3575 2008 id
3603 1952 3795 2021 efficit,

2103 2049 2205 2119 qui
2240 2049 2551 2104 admodum
2577 2047 2763 2117 turpis
2804 2054 2986 2111 actus,
3039 2044 3287 2099 fieditate
3311 2043 3595 2108 submota,
3631 2042 3798 2097 modo

2102 2138 2297 2208 aliquo
2342 2135 2696 2192 accuratiore
2743 2143 2798 2190 et
2856 2133 3226 2202 familiariore
3282 2131 3601 2201 delinquit;
3645 2138 3797 2187 tere-

2103 2225 2342 2282 binthus
2389 2226 2541 2281 enim
2594 2223 3061 2294 pulchre‘opaca
3121 2219 3388 2291 gratique
3445 2220 3635 2275 odoris
3686 2226 3791 2274 est.

2104 2315 2358 2385 Populus
2420 2313 2778 2368 infructuosa
2840 2310 3094 2381 quidem,
3148 2310 3244 2364 sed
3302 2309 3480 2365 ramis
3519 2307 3702 2364 effusa
3738 2311 3796 2363 et

2100 2405 2286 2460 ardua
2314 2409 2418 2469 est,
2450 2401 2647 2457 folium
2680 2415 2753 2455 ex
2788 2414 2906 2456 una
2942 2399 3274 2463 candidum,
3307 2412 3379 2453 ex
3412 2397 3591 2453 altera
3632 2406 3794 2467 parte

2100 2492 2337 2564 nigrum
2385 2491 2621 2557 habens,
2672 2489 2799 2545 illos
2846 2488 3013 2557 plane
3074 2486 3407 2557 significans
3461 2486 3564 2556 qui
3606 2487 3793 2555 specie

2100 2580 2337 2635 honesta
2368 2577 2693 2648 loquuntur
2722 2591 2757 2631 a
2786 2576 2948 2643 facie,
2998 2575 3094 2631 sed
3135 2574 3277 2630 alios
3308 2588 3486 2644 prava
3523 2574 3592 2629 ad
3622 2589 3792 2631 omne

2100 2668 2317 2724 malum
2358 2666 2625 2722 suasione
2663 2665 2906 2721 latenter
2948 2664 3247 2731 afﬁciunt;
3291 2664 3445 2719 unde
3486 2663 3788 2733 sequitur:

2100 2758 2239 2826 Quia
2265 2756 2403 2809 bona
2448 2760 2565 2808 erat
2609 2754 2805 2808 umbra
2845 2753 2984 2823 ejus,
3033 2752 3087 2807 id
3134 2760 3218 2807 est
3266 2766 3398 2807 cum
3446 2752 3660 2823 quibus
3687 2766 3791 2807 su-

2099 2859 2202 2915 per
2242 2842 2551 2913 cujuslibet
2593 2848 2844 2898 tractatu
2903 2841 3115 2896 erroris
3147 2839 3322 2909 possit
3371 2840 3466 2910 agi
3514 2839 3788 2909 quietius.

2028 2945 2068 3000 ε
2104 2955 2124 2983 ι
2170 2932 2302 2989 Ideo
2342 2930 2786 2986 fornicabuntur
2816 2928 2946 2984 filia
2978 2937 3199 2995 vestra,
3233 2935 3287 2983 et
3335 2941 3557 2997 sponsa
3587 2935 3791 2982 vestra

2101 3042 2122 3070 ι
2156 3020 2432 3077 adultera
2457 3027 2647 3075 erunt.
2690 3042 2716 3065 υ
2768 3018 2917 3073 Dum
2952 3017 3197 3073 aliorum
3250 3016 3426 3072 studii
3477 3015 3790 3071 auctoritas

2097 3109 2368 3179 pudenda
2399 3108 2722 3177 respicitur,
2763 3106 2896 3177 ﬁlia:
2935 3104 3296 3162 fornicantur
3332 3104 3474 3174 quia
3522 3117 3555 3158 a
3595 3103 3793 3158 divino

2097 3197 2300 3253 robore
2351 3196 2615 3253 mollities
2665 3208 2906 3265 prorsus
2971 3194 3197 3250 interna
3274 3193 3620 3262 deponitur;
3652 3192 3793 3261 ﬁlia

2097 3286 2478 3354 fornicantur,
2519 3299 2650 3340 cum
2688 3284 2862 3340 corda
2907 3296 3010 3353 per
3064 3296 3123 3337 se
3173 3281 3403 3352 fragilia
3448 3280 3516 3337 de
3551 3288 3793 3336 externa

2095 3375 2265 3431 etiam
2340 3372 2774 3430 labefactatione
2853 3371 3166 3427 laeduntur.
3266 3370 3486 3439 Sponsa
3531 3368 3794 3423 adulterae

2097 3462 2263 3531 fiunt,
2287 3478 2421 3519 cum
2451 3462 2778 3518 voluntates
2820 3460 2943 3531 jam
2984 3459 3125 3514 alias
3164 3457 3401 3527 vitiata,
3435 3456 3615 3513 multo
3644 3456 3807 3515 dcta.

2096 3552 2220 3609 rius
2242 3551 2383 3608 alios
2408 3550 2737 3607 amulando
2758 3556 2958 3606 ruunt.

2165 3639 2337 3695 Vens.
2373 3641 2457 3694 l4.
2488 3669 2562 3682 —
2597 3661 2618 3688 ι
2671 3638 2797 3694 Non
2847 3637 3093 3693 visitabo
3148 3650 3323 3706 super
3366 3635 3513 3690 filias
3566 3640 3793 3690 vestras

2100 3738 2281 3780 :cum
2326 3724 2542 3780 fuerint
2599 3723 2908 3792 fornicata,
2960 3732 3015 3779 et
3060 3737 3234 3793 super
3287 3736 3522 3792 sponsas
3571 3729 3795 3778 vestras

2099 3834 2119 3862 ι
2152 3827 2282 3868 cum
2323 3812 2798 3877 adulteraverint,
2858 3812 3135 3883 quoniam
3184 3812 3287 3881 ipsi
3334 3825 3467 3867 cum
3526 3809 3789 3866 meretri-

2101 3923 2124 3951 ι
2157 3902 2323 3957 cibus
2353 3904 2874 3969 conversabantur,
2921 3908 2976 3956 et
3022 3916 3155 3957 cum
3197 3898 3537 3955 effeminatis
3566 3897 3791 3953 sacriﬁ-

2099 4012 2120 4039 ι
2154 3991 2383 4056 cahant,
2433 3998 2488 4045 et
2568 3990 2813 4059 populus
2864 4004 2979 4045 non
3042 3989 3362 4060 intelligens
3416 3987 3784 4059 vapulabit.»

2093 4079 2268 4149 Super
2296 4080 2445 4137 ﬁlias
2477 4093 2608 4148 qua
2632 4076 2994 4134 fornicantur
3045 4079 3194 4134 Deus
3247 4092 3361 4133 non
3398 4076 3613 4142 visitat,
3647 4091 3787 4131 cum

2093 4175 2298 4236 status,
2329 4168 2430 4238 qui
2461 4165 2626 4237 quasi
2681 4166 2754 4222 ab
2806 4166 3134 4238 integritate
3192 4165 3650 4236 devirginantur,
3686 4178 3792 4234 per

1739 4250 1983 4321 Spiritus
2021 4246 2064 4300 Ι)
2096 4256 2553 4327 compunctionis
2593 4257 2839 4327 gratiam
2884 4270 3000 4311 non
3045 4256 3333 4322 emendat,
3382 4254 3474 4310 vel
3530 4253 3793 4324 quolibet

2092 4344 2317 4415 ﬂagello
2348 4344 2610 4415 castigat,
2667 4343 2819 4400 idem
2874 4344 2943 4400 de
2986 4344 3235 4412 filiabus,
3285 4343 3394 4399 hoc
3433 4343 3503 4397 de
3539 4341 3785 4411 sponsis.

2091 4435 2222 4490 Cum
2266 4434 2637 4488 meretricibus
2686 4442 3125 4498 conversantur,
3177 4445 3431 4502 quorum
3470 4430 3643 4485 corda
3690 4443 3784 4484 so-

2090 4522 2204 4578 lius
2230 4522 2412 4591 pretio
2438 4521 2748 4591 voluptatis
2772 4522 2843 4577 ad
2876 4535 3045 4576 omne
3073 4519 3354 4591 flagitium
3385 4524 3786 4589 exponuntur.

2090 4609 2207 4665 Aut
2263 4615 2400 4663 HM
2437 4617 2587 4665 certe
2619 4625 2739 4664 cum
2780 4609 3151 4664 meretricibus
3198 4614 3615 4664 conversantur
3645 4604 3789 4675 qui-

2090 4697 2199 4753 bus
2237 4697 2598 4766 potissimum
2630 4697 2937 4767 cupiditas,
2994 4704 3049 4753 et
3106 4696 3347 4752 luxuria
3387 4693 3786 4751 dominantur.

2090 4786 2221 4842 Cum
2276 4785 2602 4855 effeminatis
2682 4785 3029 4853 sacrificant,
3114 4785 3216 4855 qui
3285 4792 3545 4854 expertes
3598 4794 3632 4836 a
3687 4782 3788 4837 Dei

2089 4872 2251 4929 verbi
2275 4874 2510 4941 semine,
2541 4880 2597 4929 et
2616 4874 2688 4929 ad
2720 4873 3021 4930 femineam
3071 4870 3367 4928 mollitiem
3414 4867 3622 4939 ejurati
3662 4881 3790 4924 sese

2090 4960 2256 5031 quasi
2308 4960 2573 5017 victimas
2640 4960 2935 5018 diabolica
3018 4959 3304 5016 voluntati
3386 4964 3788 5014 consternunt.

2089 5050 2324 5118 Populus
2365 5065 2474 5103 non
2529 5051 2838 5118 intelligens
2882 5049 3139 5120 vapulat,
3195 5048 3337 5118 quia
3384 5044 3651 5117 cogitatio
3711 5043 3793 5099 in-

2089 5137 2330 5195 discreta
2377 5139 2584 5195 mentis
2611 5137 2972 5208 superficiem
3003 5137 3277 5193 vitiorum
3325 5135 3511 5205 plagis
3554 5132 3792 5188 exulce-

2090 5233 2199 5282 rat.

2160 5314 2332 5370 Vens.
2366 5316 2428 5368 l5
2467 5314 2558 5369 16.
2598 5344 2668 5354 —
2729 5334 2758 5364 ς
2820 5313 2877 5369 Si
2928 5312 3249 5378 fornicaris,
3303 5319 3367 5367 tu
3411 5307 3606 5375 Israel,
3667 5322 3788 5364 non

2090 5421 2119 5455 ιο
2159 5401 2457 5472 delinquat
2494 5402 2693 5458 saltem
2739 5402 2909 5458 Iuda.
2942 5422 2963 5450 ι
3001 5400 3163 5466 Quod
3202 5406 3288 5456 est
3330 5398 3552 5454 dicere:
3608 5394 3664 5451 Si
3696 5403 3785 5464 tu,

2089 5502 2122 5542 o
2152 5488 2401 5544 carnalis
2428 5487 2685 5559 aﬂecius,
2728 5503 2832 5558 per
2877 5488 3101 5545 illicitas
3138 5486 3505 5557 evagationes
3547 5484 3786 5539 thorum
