3934 6086
106 279 196 332 361
820 275 1286 334 ΤΒΟΡΟιοϐῙΛΕ
1325 276 1396 333 ΙΝ
1434 276 1629 339 OSEE,
1669 277 1803 333 ΑΜΕ

1956 279 1983 333 l‘
2021 277 2168 334 JER.
2224 309 2279 318 —
2316 278 2443 335 LIB.
2486 278 2531 333 Ι.
2573 278 2646 335 ΙΝ
2682 279 2885 336 OSEE.

3505 283 3608 339 362

102 409 311 465 divinae
357 408 675 465 dilectionis
714 409 1122 475 commaculas,
1174 410 1302 465 vide
1346 417 1538 466 tamen
1576 423 1646 465 ne
1675 409 1796 465 snf-
1837 414 1883 467 A
1914 408 2337 466 simulationem
2379 411 2506 483 ejus
2534 418 2867 481 protegunt,
2899 411 3037 469 dum
3067 409 3326 470 velamen
3357 413 3407 470 ei
3439 413 3608 469 mali—

101 498 328 567 fugium
389 507 749 567 peccatorum
822 508 1053 553 tuorum
1113 498 1482 554 confessionis
1546 499 1794 553 amittas.

107 610 127 635 ι
162 587 233 642 Ει
294 587 469 642 nolite
528 586 751 655 ingredi
808 587 865 641 in
908 585 1163 656 Galgala,
1213 594 1266 642 et
1314 602 1385 642 ne
1433 586 1800 643 ascenderitis

110 696 128 723 ι
164 676 221 731 in
273 676 586 741 Bethaven,
644 689 830 744 neque
877 674 1215 744 juraveritis
1251 691 1262 729 :
1299 676 1454 733 Vivit
1498 678 1794 732 Dominus.

108 763 445 829 nQuoniam
506 765 655 818 sicut
733 776 910 818 vacca
978 763 1283 819 lasciviens
1338 764 1645 819 declinavit
1712 765 1799 819 Is-

108 874 127 898 ι
160 851 300 907 rael.
342 874 364 898 ι
422 853 483 905 In
527 852 756 919 Galgula
804 850 1146 920 ingreditur,
1198 852 1299 920 qui
1355 852 1800 921 spurcitiis-lla—

100 939 376 1009 gitiorum
429 939 784 1006 intruditur;
855 938 1093 1008 Galgala
1169 954 1373 1009 nempe
1453 941 1799 995 volutabrum

99 1028 532 1097 interpretatur.
590 1029 653 1082 1n
707 1029 977 1082 Bethaven
1032 1028 1390 1095 ascenditur,
1449 1043 1583 1084 cum
1642 1043 1801 1084 mens

93 1117 450 1186 arrogantiae
510 1115 692 1171 titulis
763 1116 1118 1186 insignitur;
1198 1116 1489 1172 Bethaven
1547 1131 1801 1187 namque

94 1205 288 1258 domus
332 1204 546 1257 inutilis
592 1203 824 1269 dicitur,
875 1211 929 1259 et
972 1204 1113 1272 quid
1157 1203 1423 1260 inutilius
1472 1220 1647 1275 quam
1679 1220 1799 1260 suae

99 1293 285 1362 ipsius
332 1291 693 1347 conscientiae
748 1292 1166 1361 turpitudinem
1216 1306 1330 1347 non
1385 1293 1598 1360 videre,
1646 1300 1700 1348 et
1741 1307 1800 1349 se

95 1382 350 1436 aliorum
378 1379 704 1450 aspectibus
748 1379 1074 1449 spectaculo
1111 1379 1252 1436 velle
1282 1394 1401 1436 esse
1426 1381 1452 1435 ?
1508 1383 1655 1436 Vivit
1686 1396 1797 1437 au-

95 1479 207 1526 tem
253 1472 531 1535 Dominus,
561 1469 724 1539 jurat
772 1468 1041 1538 quisquis
1091 1482 1189 1538 per
1219 1469 1567 1538 hypocrisim
1600 1469 1799 1524 Domi-

97 1573 239 1613 num
288 1558 346 1612 in
378 1571 437 1612 se
484 1556 698 1623 vivere,
750 1556 1020 1611 adhibitis
1065 1556 1235 1611 etiam
1285 1557 1632 1626 quibusdam
1672 1572 1799 1626 ope-

98 1646 264 1701 ribus
309 1644 566 1714 perhibet
608 1652 663 1699 et
702 1644 1022 1699 conﬁrmat.
1066 1644 1272 1699 iurare
1322 1659 1461 1715 ergo
1502 1647 1647 1699 Viuit
1692 1648 1796 1700 Du-

93 1738 281 1788 minus
332 1733 692 1803 prohibetur,
744 1734 1001 1801 quoniam
1029 1735 1167 1786 sicut
1203 1748 1366 1786 vacca
1395 1735 1677 1787 lasciviens
1715 1735 1802 1788 Is-

90 1823 211 1875 rael
263 1820 616 1889 declinatur,
649 1819 789 1890 quia
836 1820 1039 1876 merito
1086 1828 1140 1875 et
1172 1820 1494 1889 ascendere,
1529 1827 1581 1876 et
1626 1820 1804 1876 vitam

89 1921 277 1977 quam
330 1921 444 1962 non
483 1907 649 1963 habet
695 1908 800 1963 sibi
849 1909 1178 1977 promittere
1211 1916 1456 1975 vetatur,
1503 1908 1605 1979 qui
1637 1908 1804 1963 incli-

94 2009 237 2050 nare
272 1995 425 2050 sicut
452 2010 645 2065 equus
682 2005 736 2051 et
768 1996 962 2052 mulus
993 2011 1094 2051 sua
1150 1996 1327 2052 latera
1371 1997 1798 2065 comprobatur.

95 2107 113 2131 ι
150 2083 324 2139 Nunc
373 2093 565 2152 pascet
608 2098 702 2140 eos
737 2084 1032 2151 Dominus,
1068 2084 1236 2154 quasi
1281 2099 1497 2155 agnum
1532 2086 1589 2139 in
1618 2085 1804 2140 latitu-

97 2194 115 2218 ι
154 2172 317 2227 dine.
358 2194 379 2220 ι
422 2173 685 2225 Dominus
734 2179 923 2227 tamen
970 2173 1135 2227 modo
1165 2188 1249 2226 eos
1278 2173 1473 2240 pascit,
1519 2187 1650 2228 cum
1702 2187 1803 2242 per

95 2259 431 2329 Scripturas
481 2274 577 2315 eos
622 2259 679 2314 in
729 2260 994 2329 praesenti
1043 2260 1253 2314 erudit.
1307 2258 1477 2325 Quasi
1525 2273 1713 2330 agnus
1746 2262 1803 2314 in

95 2348 396 2402 latitudine
425 2356 762 2418 pascuntur,
815 2362 949 2403 cum
980 2348 1149 2404 latam
1193 2349 1342 2402 viam
1376 2348 1802 2419 spatiosamque

98 2437 324 2501 (Matth.
374 2436 589 2503 vu,13)
633 2444 935 2499 sectantes,
982 2437 1164 2491 instar
1209 2436 1515 2491 electorum
1563 2443 1615 2491 et
1650 2436 1805 2494 inno-

93 2526 379 2593 centium,
416 2538 577 2580 sacro
618 2524 845 2595 eloquio
874 2524 1295 2593 observantur;
1348 2524 1501 2580 unde
1528 2532 1582 2580 et
1620 2523 1804 2594 sequi-

95 2622 243 2669 tur:

165 2700 344 2757 Vsus.
394 2704 476 2753 l7.
526 2730 595 2739 —
645 2718 673 2751 α
733 2699 1021 2769 Particeps
1070 2699 1351 2755 idolorum
1401 2698 1676 2769 Ephraim
1728 2698 1805 2754 di-

96 2810 122 2841 »
156 2788 323 2843 mitte
349 2802 502 2843 eum.
548 2810 567 2835 ι
603 2787 878 2856 Ephraim
923 2786 1332 2857 interpretatur
1359 2788 1645 2855 frugifer;
1676 2786 1801 2842 fru-

96 2877 286 2948 gifera
321 2884 513 2931 autem
562 2876 771 2930 dicitur
807 2875 1079 2931 voluntas
1121 2884 1334 2940 nostra,
1370 2889 1498 2945 quae
1550 2875 1799 2930 semina-

1910 499 1999 552 tite
2059 506 2379 568 opponunt,
2436 507 2491 555 et
2554 513 2893 569 componere
2962 501 3237 572 gestiunt,
3296 501 3453 572 justo
3507 502 3608 557 Dei

1901 585 2118 654 judicio
2164 587 2290 656 ejus
2349 587 2657 657 iniquitate
2705 596 2917 644 retecta
2963 596 3223 659 patenter
3268 590 3606 658 ostenditur,

1906 674 2046 743 quia
2074 690 2185 730 non
2222 675 2423 730 honori
2456 690 2604 744 eam,
2639 676 2737 732 sed
2775 677 3106 748 ignominiaa
3137 677 3463 734 coluerunt.

1978 763 2147 818 Vens.
2189 765 2270 817 l9.
2306 794 2372 803 —
2425 786 2445 812 ε
2484 765 2709 835 Ligavit
2755 780 2891 820 eum
2930 765 3170 835 spiritus
3220 766 3278 821 in
3329 766 3434 821 alis
3465 766 3606 834 suis,

1914 870 1933 897 ι
1967 862 2023 905 et
2073 851 2503 907 confundantur
2532 867 2565 907 a
2614 853 2913 909 sacriiiciis
2956 856 3095 910 suis.
3132 875 3154 902 ι
3192 854 3435 923 Spiritus
3465 870 3605 922 eum,

1908 937 1963 992 id
1993 945 2076 994 est
2123 939 2420 1008 Ephraim,
2457 943 2514 993 in
2558 943 2663 995 alis
2711 946 2826 996 suis
2860 942 3017 1013 ligat,
3050 956 3183 999 cum
3212 956 3359 998 aura
3400 956 3607 1012 super-

1907 1026 2033 1093 biae,
2067 1027 2136 1082 de
2168 1041 2287 1097 qua
2314 1042 2493 1097 supra
2539 1029 2817 1097 diximus,
2848 1030 3201 1086 voluntatem
3232 1031 3389 1086 omni
3438 1036 3608 1086 vento

1906 1113 2303 1170 circumlatam
2351 1116 2569 1172 levitati
2599 1131 2718 1172 suae
2759 1118 3077 1187 accopulat.
3111 1119 3240 1175 Non
3281 1119 3433 1175 enim
3470 1118 3608 1174 hos-

1906 1217 2005 1272 pes
2034 1217 2177 1258 suus
2207 1202 2537 1272 superbiam
2583 1203 2801 1271 ductat,
2850 1205 2949 1259 sed
2981 1205 3101 1273 ipsa
3129 1212 3605 1276 quaquaversum

1904 1291 2173 1359 voluerit,
2209 1305 2340 1346 cum
2374 1291 2498 1361 ipso
2548 1291 2948 1361 circumvolat,
3002 1302 3056 1349 et
3085 1295 3208 1350 ideo
3235 1310 3269 1348 α
3316 1294 3607 1364 sacriﬁciis

1906 1379 2365 1446 confunduntur,
2423 1380 2562 1449 quia
2592 1394 2664 1435 ex
2712 1395 2778 1435 eo
2811 1381 2964 1450 quod
3005 1395 3064 1437 se
3116 1382 3478 1438 daemonibus
3507 1395 3609 1451 per

1904 1468 2142 1523 crimina
2201 1482 2447 1538 quaeque
2504 1468 2832 1536 concidunt,
2895 1469 3033 1525 dum
3083 1470 3298 1525 elevari
3347 1485 3407 1526 se
3459 1471 3606 1525 aesti-

1908 1564 2087 1623 mant,
2118 1557 2439 1625 praecipites
2466 1556 2751 1612 feruntur.

2588 1698 2819 1754 CAPUT
2863 1698 2928 1755 V.

1986 1819 2156 1875 Vens.
2210 1823 2257 1886 l,
2300 1823 2351 1874 2.
2382 1851 2451 1858 —
2483 1842 2502 1867 ι
2540 1819 2745 1875 Audite
2794 1821 2919 1885 hoc,
2961 1821 3301 1886 sacerdotes,
3347 1829 3402 1876 et
3432 1829 3609 1877 atten-

1917 1927 1941 1954 η
1977 1906 2112 1971 dite,
2174 1906 2378 1963 domus
2428 1906 2624 1974 Israel,
2676 1916 2729 1963 et
2781 1908 2988 1963 domus
3036 1908 3205 1979 regis,
3264 1909 3605 1972 auscultate.

1919 2017 1938 2041 ι
1975 1994 2114 2064 quia
2164 1994 2324 2050 vobis
2371 1995 2658 2065 judicium
2703 2003 2805 2062 est,
2861 1997 3135 2066 quoniam
3187 1997 3431 2067 laqueus
3475 1996 3608 2053 facti

1918 2105 1938 2130 ι
1971 2084 2107 2138 estis
2133 2083 2528 2153 speculationi,
2564 2092 2619 2139 et
2645 2093 2762 2139 rete
2794 2098 3115 2153 expansum
3152 2099 3326 2155 super
3354 2086 3602 2141 Thabor.

1919 2193 1939 2219 ι
1975 2172 2045 2226 Et
2070 2171 2395 2226 declinastis
2441 2172 2699 2227 victimas
2743 2173 2799 2226 in
2835 2173 3206 2242 profundum,
3241 2183 3296 2229 et
3341 2189 3445 2244 ego
3475 2188 3607 2229 eru-

1912 2281 1940 2308 »
1973 2260 2122 2314 ditor
2164 2260 2426 2314 omnium
2458 2274 2679 2315 eorum.
2737 2281 2757 2307 ι
2797 2261 2897 2316 Dei
2931 2274 3115 2317 sermo
3152 2262 3471 2318 sacerdotes
3499 2275 3603 2317 au-

1912 2347 2033 2402 dire
2079 2354 2263 2417 rogat,
2298 2362 2410 2402 non
2460 2348 2599 2403 alios
2630 2347 2797 2416 plane
2844 2361 3018 2418 quam
3055 2360 3201 2417 quos
3230 2348 3442 2403 ironice
3466 2363 3606 2417 pro-

1914 2441 2131 2489 tectores
2161 2442 2292 2490 ante
2336 2444 2591 2501 vocarat,
2634 2450 2699 2489 eo
2729 2435 2881 2490 enim
2917 2435 3082 2490 modo
3130 2449 3245 2505 quo
3275 2443 3603 2506 protegunt,

1911 2536 2028 2577 non
2080 2536 2330 2590 sacrum,
2392 2523 2487 2579 sed
2535 2523 2948 2579 exsecrabilem
3003 2523 3185 2579 solent
3237 2523 3409 2578 etiam
3456 2537 3607 2592 prae-

1911 2610 2042 2665 bere
2102 2611 2400 2666 ducatum.
2467 2615 2661 2666 Domus
2725 2612 2898 2667 etiam
2960 2612 3141 2665 Israel
3189 2610 3499 2678 attendere,
3557 2616 3607 2666 et

1912 2698 2099 2752 domus
2127 2702 2272 2765 regis
2320 2698 2652 2754 auscultare
2678 2699 2939 2769 jubetur,
2974 2706 3038 2755 ut
3085 2697 3464 2754 allectualitas
3513 2698 3607 2753 in-

1913 2787 2221 2842 tentionem
2275 2787 2540 2857 dirigere,
2576 2795 2629 2843 et
2671 2787 2817 2842 ratio
2869 2802 2999 2842 cum
3039 2788 3160 2842 suis
3207 2786 3458 2843 motibus
3501 2788 3611 2843 ob-

1912 2881 2229 2944 temperare
2286 2884 2607 2931 moneatur.
2672 2877 2831 2930 Vobis
2885 2876 3037 2931 enim
3076 2875 3351 2945 judicium
3403 2880 3500 2943 est,
3552 2874 3608 2930 id

94 2967 250 3020 rium
283 2978 358 3019 ex
396 2964 601 3032 spiritu
644 2963 944 3032 accipiens,
981 2978 1130 3019 uxor
1163 2972 1357 3019 nostra
1407 2965 1467 3018 tit
1498 2963 1556 3017 in
1605 2963 1797 3018 lateri-
1837 2980 1879 3036 ρ
1912 2971 1996 3018 est
2044 2970 2295 3018 vestrum
2328 2963 2485 3033 quod
2527 2963 2651 3019 dico
2682 2962 3005 3019 discernere
3047 2971 3150 3019 est.
3182 2965 3432 3032 Laqueus
3478 2978 3606 3032 spe-

98 3052 210 3107 bus
254 3052 465 3107 domus
507 3060 735 3118 nostrae,
794 3059 1074 3121 tanquam
1113 3051 1243 3106 vitis
1290 3051 1595 3107 abundans
1626 3052 1793 3121 (Psal.

96 3154 317 3207 cxxvu,
370 3140 444 3209 3).
492 3141 555 3193 Is
604 3142 896 3209 Ephraim,
951 3140 1002 3194 id
1056 3148 1139 3195 est
1189 3140 1460 3196 voluntas
1512 3139 1798 3210 particeps

99 3228 391 3284 idolorum
440 3236 543 3295 est,
592 3228 731 3285 dum
763 3243 865 3298 pro
912 3228 1173 3284 ail'ectata
1221 3229 1390 3284 laude
1426 3235 1481 3284 et
1537 3227 1800 3284 saeculari

98 3315 534 3385 exspectatione
590 3315 693 3371 soli
747 3316 1109 3371 ostentationi
1162 3330 1347 3385 prona
1401 3324 1518 3385 est;
1583 3316 1799 3372 idolum

98 3418 364 3474 namque
408 3404 648 3473 speciem
696 3404 941 3460 hominis
984 3404 1172 3471 habet,
1208 3405 1302 3460 sed
1334 3405 1501 3460 homo
1532 3420 1645 3460 non
1697 3413 1797 3472 est,

98 3492 199 3548 sed
262 3501 457 3548 tamen
529 3492 710 3548 multo
765 3491 1025 3547 ornatius
1090 3492 1320 3547 homine
1366 3500 1467 3548 est.
1526 3495 1801 3562 Particeps

102 3595 243 3651 ergo
300 3580 570 3635 idolomm
601 3587 687 3636 est
734 3580 873 3635 dum
921 3581 1189 3636 voluntas
1220 3580 1271 3636 id
1319 3581 1502 3635 videri
1548 3581 1803 3636 exterius

102 3666 355 3730 affectat,
412 3668 569 3738 quod
624 3682 740 3723 non
795 3668 853 3722 in
908 3682 968 3723 re
1018 3668 1114 3724 sed
1159 3669 1215 3723 in
1270 3669 1593 3724 extrinseco
1641 3667 1803 3724 cultu

104 3763 361 3826 praestat,
411 3756 505 3813 cui
548 3756 689 3811 illud
734 3756 1021 3811 Zachariae
1070 3765 1387 3811 consonat:
1426 3779 1446 3805 ο
1500 3755 1545 3811 Ο
1588 3765 1799 3826 pastor,

102 3841 319 3912 inquit,
377 3858 412 3898 o
468 3842 681 3898 idolum
734 3842 1146 3912 derelinquens
1198 3856 1427 3912 gregem
1491 3844 1666 3910 (Zach.
1725 3856 1799 3905 x1,

108 3934 218 3995 t7).
277 3952 300 3977 ι
362 3931 585 3986 Dicitur
625 3945 761 4001 ergo
816 3930 989 3997 Juda,
1042 3929 1097 3985 id
1145 3937 1229 3985 est
1275 3930 1381 3999 piae
1436 3929 1805 3986 confessionis

104 4026 237 4073 voto
269 4025 336 4073 ut
382 4018 631 4073 dimittat
674 4035 813 4083 eum,
850 4019 989 4089 quia
1039 4017 1201 4074 valde
1253 4018 1479 4074 difﬁcile
1506 4026 1562 4073 et
1611 4018 1802 4073 insoli-

105 4113 232 4161 tum
286 4114 373 4161 est
422 4114 488 4162 ut
535 4122 707 4177 quem
758 4107 1134 4163 simulacrum
1190 4115 1362 4162 tantae
1416 4107 1805 4176 pompositatis

106 4194 431 4261 inverterit,
482 4195 765 4265 pudendae
814 4195 1062 4265 alicujus
1091 4195 1192 4262 rei,
1238 4195 1285 4251 si
1332 4195 1486 4265 apud
1518 4210 1577 4251 se
1607 4195 1801 4262 lateat,

103 4282 398 4339 confessor
425 4297 547 4339 esse
588 4284 742 4339 velit.
780 4284 997 4339 Dimitti
1028 4297 1164 4354 ergo
1191 4282 1429 4353 jubetur
1460 4284 1561 4353 qui
1593 4282 1802 4339 imitari

103 4370 476 4442 prohibetur.

176 4458 356 4515 Vens.
395 4462 478 4514 18.
525 4490 592 4499 -
624 4482 646 4509 ι
696 4459 1035 4529 Separatum
1077 4466 1162 4515 est
1204 4459 1535 4515 convivium
1581 4473 1803 4527 eorum,

108 4569 130 4595 -
167 4546 549 4603 fornicatione
620 4547 880 4603 fornicati
958 4557 1133 4616 sunt,
1208 4547 1537 4604 dilexerunt
1603 4547 1807 4603 afferre

108 4657 129 4682 ι
167 4635 548 4707 ignominiam
590 4644 935 4705 protectores
979 4637 1124 4706 ejus.
1174 4657 1195 4685 ι
1248 4638 1565 4692 Convivium
1604 4651 1802 4700 eorum,

102 4721 161 4777 id
209 4729 319 4789 est,
373 4722 799 4792 hypocritarum
860 4731 1180 4792 separatur,
1232 4723 1372 4792 quia
1424 4722 1626 4792 iniquo
1674 4736 1799 4793 per-

102 4811 365 4866 maxima
416 4811 569 4879 pasci
615 4811 816 4879 solent,
854 4811 1062 4866 favoris
1093 4810 1305 4866 scilicet
1346 4812 1565 4866 externi
1599 4811 1803 4880 gratia,

104 4913 242 4955 raro
287 4898 361 4954 ab
410 4899 743 4955 hominibus
785 4898 1256 4968 deprehenditur.
1297 4899 1368 4954 Et
1411 4898 1533 4954 ideo
1562 4902 1811 4965 fornica-

103 4992 252 5042 tione
315 4986 696 5055 fornicantur,
752 4988 892 5057 quia
945 5001 1146 5043 eorum
1208 4987 1444 5043 interior
1495 4987 1807 5057 corruptio,

107 5078 283 5146 cujus
330 5076 549 5131 duritia
596 5090 695 5144 per
747 5076 1103 5131 iterationem
1162 5075 1410 5130 nominis
1448 5075 1807 5145 designatur,

108 5172 264 5220 tanto
314 5165 509 5219 acrius
562 5164 846 5232 coalescit,
897 5172 952 5220 et
984 5172 1141 5219 tanto
1190 5163 1567 5219 incurabilior
1608 5163 1811 5218 delite-

108 5256 229 5319 scit,
260 5253 687 5323 quantominus
720 5253 989 5309 humanis
1013 5252 1280 5308 sensibus
1312 5250 1632 5306 innotescit.
1666 5250 1811 5306 Nam

111 5341 155 5395 si
209 5342 614 5410 inuotesceret,
673 5341 871 5411 aliquo
927 5340 1098 5396 citius
1153 5340 1321 5395 modo
1373 5353 1528 5394 curae
1580 5346 1816 5408 pateret.

120 5431 487 5500 ignominiam
543 5434 864 5498 protectores
928 5430 1046 5496 ejus
1094 5428 1292 5495 afferre
1346 5426 1630 5497 diligunt,
1687 5441 1819 5481 cum

105 5520 358 5578 carnalis
412 5518 541 5588 ejus
615 5516 840 5572 astutia;
899 5524 1108 5581 motus,
1190 5515 1288 5584 qui
1347 5529 1416 5569 ne
1465 5522 1821 5583 agnoscatur

474 5608 747 5672 PATnon.
804 5606 1007 5671 CLVI.

1908 3051 2169 3105 culationi
2200 3051 2366 3113 fiunt,
2414 3052 2552 3105 dum
2606 3051 2891 3121 quidquid
2924 3066 3025 3121 per
3075 3051 3460 3121 intelligentim
3509 3063 3599 3106 ra-

1905 3138 2067 3193 dium
2096 3138 2470 3207 contemplari
2513 3139 2582 3194 de
2613 3138 2854 3194 internis
2897 3146 3175 3209 poterant,
3221 3139 3436 3195 nebula
3482 3152 3603 3209 pro-

1909 3227 2140 3282 miscua)
2183 3226 2543 3297 cogitationis
2595 3227 2928 3283 occludunt.
2978 3227 3207 3283 Thabor
3255 3228 3598 3298 interpreta-

1907 3321 2004 3369 tur
2049 3317 2262 3369 veniens
2314 3316 2511 3381 lumen,
2543 3323 2597 3371 et
2646 3315 2799 3385 quod
2843 3316 3036 3378 lumen,
3072 3315 3182 3370 nisi
3227 3316 3381 3386 quod
3430 3329 3603 3385 super

1908 3417 2011 3458 nos
2037 3417 2109 3458 ex
2142 3403 2239 3458 Dei
2270 3403 2438 3458 vultu
2485 3402 2846 3473 insignitur?
2875 3405 2941 3459 Et
2987 3404 3141 3459 unde
3182 3404 3356 3470 venit,
3389 3404 3501 3460 nisi
3530 3404 3603 3460 ab

1907 3506 1972 3546 eo
2028 3491 2128 3560 qui
2186 3490 2475 3547 illuminat
2530 3505 2756 3546 omnem
2818 3490 3109 3546 hominem
3165 3492 3485 3548 venientem
3545 3492 3604 3547 in

1910 3580 2068 3635 hunc
2100 3579 2382 3634 mundum
2434 3578 2609 3647 (Joan.
2642 3595 2679 3645 ι,
2715 3580 2839 3647 9.)?
2869 3579 3044 3647 Super
3073 3579 3288 3633 Thabor
3327 3593 3464 3650 ergo
3492 3585 3606 3634 rete

1908 3667 2279 3737 expanditur,
2311 3681 2443 3722 cum
2492 3681 2667 3737 super
2700 3666 2993 3723 luciferam
3038 3667 3317 3723 rationem
3346 3668 3605 3724 humana

1910 3755 2142 3825 ingenia
2187 3762 2610 3824 praetexuntur,
2655 3763 2708 3811 et
2738 3769 2901 3810 exeo
2948 3754 3103 3824 quod
3134 3755 3360 3810 veritati
3409 3769 3606 3826 specu-

1910 3843 2094 3898 landas
2140 3842 2415 3899 inservire
2445 3842 2739 3908 debuerat,
2773 3841 3163 3914 suggillationi
3206 3842 3605 3911 proximorum

1912 3931 2173 3987 insistere
2226 3931 2393 3986 homo
2460 3939 2642 4000 parat.
2702 3931 2835 3986 Flete
2892 3931 3049 3986 enim
3105 3931 3260 4000 quod
3314 3930 3606 4001 capiendis

1912 4019 2248 4073 volucribus
2278 4032 2344 4073 ac
2389 4017 2581 4074 bestiis
2612 4018 2933 4083 coniicitur,
2984 4031 3088 4087 pro
3118 4018 3336 4074 fraudis
3366 4018 3607 4075 artificio

1912 4105 2218 4176 aliquoties
2276 4106 2528 4175 ponitur.
2585 4105 2743 4161 Unde
2790 4112 2873 4160 est
2926 4105 3081 4175 apud
3128 4105 3337 4160 Isaiam
3374 4120 3387 4159 :
3423 4128 3443 4155 ‹
3497 4106 3608 4161 Ex-

1918 4194 2229 4264 pandentes
2306 4202 2424 4250 rete
2489 4207 2663 4262 super
2727 4192 2943 4248 [lumen
3002 4201 3401 4250 emarcescent.
3469 4195 3604 4263 (Isa.

1917 4296 2032 4347 xux,
2084 4282 2159 4352 8).
2198 4304 2217 4329 ι
2255 4281 2546 4350 Expandit
2591 4288 2705 4336 rete
2756 4293 2930 4349 super
2963 4280 3177 4336 (lumen
3209 4281 3311 4351 qui
3362 4280 3421 4335 in
3453 4281 3609 4337 curis

1916 4369 2094 4439 hujus
2143 4370 2357 4436 saeculi,
2415 4382 2580 4424 suam
2629 4382 2893 4425 exercere
2944 4368 3207 4438 proponit
3260 4373 3403 4423 I95
3448 4376 3607 4425 astu-

1920 4459 2075 4515 tiam.
2138 4457 2283 4513 Nota
2341 4456 2786 4527 speculationem
2855 4470 2968 4511 non
3037 4456 3191 4512 illam
3257 4456 3436 4512 solam
3499 4457 3611 4513 dici

1919 4562 2049 4617 quae
2101 4546 2281 4601 fertur
2332 4545 2392 4600 in
2422 4545 2624 4611 Deum,
2675 4545 2771 4600 sed
2820 4545 2989 4600 etiam
3035 4558 3162 4601 eam
3193 4559 3325 4615 quae
3370 4546 3612 4614 pertinet

1918 4636 1989 4691 ad
2038 4634 2534 4703 contemplandam
2588 4632 2902 4699 veritatem,
2955 4639 3010 4689 et
3041 4633 3354 4703 spirituum
3394 4633 3612 4690 discre-

1921 4724 2149 4780 tionem.
2185 4722 2443 4778 Victimze
2472 4725 2529 4775 in
2570 4721 2907 4790 profundum
2955 4720 3337 4789 declinantur,
3373 4736 3505 4777 eum
3555 4721 3613 4777 hi

1920 4812 2021 4882 qui
2069 4826 2128 4867 se
2171 4809 2397 4865 diabolo
2445 4823 2543 4879 per
2588 4808 2807 4879 ﬂagitia
2858 4822 3107 4878 quasque
3161 4817 3611 4878 prostraverant,

1921 4899 2116 4971 pravis
2144 4897 2515 4955 suasionibus
2548 4896 2605 4952 in
2654 4895 3066 4968 desperationis
3108 4896 3469 4966 barathrum,
3512 4912 3616 4955 seu

1922 4987 2319 5044 obdurationis
2347 4987 2736 5056 deponuntur,
2771 4998 2943 5054 super
2980 4998 3126 5053 quos
3156 4985 3310 5053 putei
3336 5000 3417 5053 os,
3446 4986 3619 5057 juxta

1924 5075 2306 5141 Psalmistam,
2344 5083 2582 5145 urgetur
2612 5073 2786 5140 (Psal.
2822 5086 3013 5139 vatu,
3064 5071 3170 5142 16).
3205 5072 3275 5128 Ει
3308 5074 3458 5129 Deus
3488 5091 3619 5130 eru-

1927 5166 2071 5219 ditor
2116 5167 2352 5218 omnium
2407 5178 2589 5216 eorum
2640 5168 2742 5228 est,
2798 5161 2936 5216 dum
2985 5158 3089 5229 qui
3130 5174 3188 5216 se
3243 5161 3558 5219 abscondat
3586 5178 3620 5219 a

1927 5251 2115 5307 calore
2145 5252 2271 5321 ejus
2320 5264 2435 5305 non
2465 5257 2547 5306 est
2577 5250 2746 5315 (Psal.
2793 5262 2950 5313 xvnt,
2981 5246 3058 5318 '7),
3107 5247 3205 5304 sed
3248 5248 3524 5318 nequitia,
3563 5252 3621 5308 in

1930 5339 2070 5409 quia
2116 5337 2477 5407 impudenter
2523 5335 2752 5392 oil‘ocari
2796 5336 3082 5400 videntur,
3127 5335 3469 5393 scintillante
3510 5353 3622 5395 sre-

1933 5425 2063 5495 pius
2100 5426 2338 5489 ratione,
2372 5423 2737 5491 sibimetipsis
2777 5422 3024 5478 obscura
3052 5436 3167 5478 non
3202 5430 3304 5490 est,
3355 5438 3624 5494 quocun-

1934 5527 2045 5582 que
2092 5512 2243 5566 enim
2304 5512 2465 5565 modo
2517 5518 2875 5573 avertantur,
2937 5509 3087 5565 mala
3144 5525 3250 5567 sua
3299 5510 3354 5564 in
3408 5513 3627 5585 quibus

3181 5608 3258 5665 12
