3924 6088
298 283 399 337 363

1241 282 1304 333 V.
1347 278 1681 336 GUIBERTI
1719 280 2009 336 ABBATIS
2045 279 2100 334 S.
2146 277 2382 334 MARUE
2423 279 2510 334 DE
2549 275 2944 334 NOVIGENTO

3683 273 3788 326 364

296 421 432 470 sunt
461 411 634 470 menti
681 412 852 469 etiam
885 412 1057 468 invite
1102 410 1359 467 crebrius
1403 411 1787 481 ingeruntur;
1830 410 1985 466 unde
2021 415 2068 467 A
2097 409 2318 466 dudum
2343 408 2651 475 voluerint,
2685 407 2942 477 quidque
2979 405 3080 461 diu
3114 403 3432 461 affectando
3461 402 3791 468 nutrierint,

299 501 582 572 sequitur.

369 591 541 646 Vnns.
574 592 623 644 3.
660 621 714 628 —
782 610 801 636 α
850 589 965 658 Ego
1021 587 1135 643 seio
1194 587 1490 657 Ephraim,
1544 595 1599 642 et
1646 586 1823 642 Israel
1875 600 1990 640 non

301 698 327 725 ι
358 684 441 732 est
470 674 837 731 absconditus
884 688 919 728 a
951 689 1058 729 me.
1098 695 1118 721 ι
1155 672 1267 729 Scit
1313 674 1464 728 Deus
1513 673 1811 742 Ephraim,
1858 686 1991 727 cum

298 771 550 819 nostram
602 762 974 829 voluntatem,
1036 776 1167 831 qnze
1197 760 1477 831 frugifera
1532 768 1813 831 tanquam
1862 760 1993 815 vitis

297 851 604 907 abundans
649 865 769 905 esse
800 851 1093 915 debuerat,
1150 850 1370 905 ratione
1409 849 1800 919 instinguente
1850 848 1994 903 scire

296 954 401 995 nos
445 939 595 995 facit.
658 940 826 993 Israel
882 952 915 992 a
963 939 1075 992 Deo
1122 953 1228 991 non
1277 942 1357 992 est
1422 937 1791 1004 absconditus,
1860 950 1993 992 cum

297 1034 488 1083 noster
537 1027 774 1083 affectus
801 1040 875 1081 ex
924 1025 1086 1081 radio
1120 1026 1420 1081 illustratae
1459 1025 1697 1080 rationis
1739 1039 1863 1080 esse
1892 1038 1992 1079 no-

296 1114 381 1170 bis
411 1128 526 1169 non
571 1113 721 1169 valet
772 1113 1069 1180 occultus;
1125 1112 1269 1168 ratio
1308 1113 1489 1180 enim,
1542 1126 1672 1182 quae
1706 1112 1992 1182 principa-

296 1201 425 1257 liter
453 1202 634 1257 Deum
681 1201 893 1257 habere
930 1201 1287 1270 dignoscitur
1329 1199 1687 1267 insessorem,
1735 1213 1836 1269 pro
1879 1200 1996 1254 Deo

297 1290 599 1361 aliquoties
661 1289 911 1360 ponitur,
971 1292 1033 1344 ut
1086 1296 1168 1344 est
1223 1288 1364 1343 illud
1418 1288 1487 1343 de
1542 1288 1832 1343 conservis
1892 1286 1996 1357 qui

297 1379 438 1448 regi,
472 1378 629 1433 haud
681 1377 924 1433 dubium
957 1377 1102 1447 quin
1160 1377 1291 1445 Deo,
1340 1376 1409 1432 de
1440 1390 1606 1432 servo
1657 1376 1750 1432 cui
1799 1375 1995 1431 decem

296 1468 479 1522 millia
526 1467 738 1522 talenta
782 1467 1113 1533 donaverat,
1145 1474 1200 1521 et
1238 1479 1581 1521 conservum
1613 1479 1715 1535 pro
1763 1474 1994 1521 centum

296 1555 549 1612 denariis
608 1554 935 1616 suﬁ‘ocarat.
1023 1555 1298 1609 nuntiant
1354 1554 1574 1624 (Matth.
1648 1569 1809 1620 xvnt,
1877 1554 1992 1623 2i).

296 1643 443 1710 Quid
473 1643 624 1698 enim
669 1652 752 1698 est
780 1643 937 1698 aliud
979 1656 1155 1713 quam
1209 1643 1364 1713 quod
1410 1643 1562 1697 visas
1610 1641 1996 1712 malignitates

298 1732 412 1787 Deo
465 1745 584 1787 suae
622 1731 831 1787 rationi
886 1731 1221 1800 praesidente
1267 1731 1620 1785 retractant?
1677 1729 1991 1800 Sequitur:

305 1840 327 1868 ι
363 1817 512 1886 Quia
540 1833 698 1875 nunc
745 1819 1061 1874 fornicatus
1104 1826 1189 1874 est
1231 1818 1525 1887 Ephraim.
1575 1818 1999 1874 contaminatus

305 1931 326 1955 ι
364 1916 448 1963 est
496 1907 687 1964 Israel.
730 1929 751 1956 ι
796 1909 879 1962 Ac
929 1907 976 1962 si
1025 1907 1281 1963 diceret:
1329 1907 1586 1962 Statuam
1618 1907 1895 1976 prraim
1945 1913 2000 1961 et

300 1996 472 2052 Israel
497 2004 698 2052 contra
729 1996 926 2051 faciem
964 2009 1155 2063 suam,
1198 2005 1253 2051 et
1284 1997 1429 2050 scire
1461 2009 1594 2051 eum
1625 1995 1829 2050 faciam
1860 1994 2001 2064 quia

297 2100 441 2139 nunc
467 2087 774 2151 fornicatus
819 2090 897 2138 est
925 2084 1215 2155 Ephraim,
1266 2091 1322 2139 et
1360 2084 1530 2137 Israel
1577 2085 1996 2145 contaminatus,

300 2173 359 2229 id
399 2181 483 2229 est
523 2173 788 2229 voluntas
837 2172 896 2228 in
936 2186 1130 2227 amore
1184 2172 1574 2241 praesentium,
1627 2170 1783 2241 quod
1835 2169 2003 2241 signi-

302 2260 452 2328 ﬁcat,
482 2276 659 2328 nunc,
703 2274 735 2316 a
768 2261 918 2316 linea
948 2262 1052 2330 piae
1098 2259 1429 2315 intentionis
1476 2273 1709 2329 prorsus
1739 2257 1999 2325 excessit,

300 2349 399 2420 qui
432 2347 669 2405 affectus
699 2350 858 2419 pejor
886 2362 945 2404 se
982 2348 1041 2403 in
1077 2348 1277 2404 fetores
1318 2347 1599 2404 scelerum
1647 2346 2003 2403 devolvendo

303 2451 440 2492 mox
470 2437 833 2507 impudenter
864 2436 1113 2492 incessit.

374 2524 545 2580 Vnns.
579 2525 633 2577 4.
688 2553 757 2564 —-
806 2547 826 2572 ε
881 2524 1004 2579 Non
1060 2523 1284 2579 dabunt
1342 2523 1714 2594 cogitationes
1763 2538 1899 2580 suas
1940 2532 2006 2580 ut

310 2634 330 2659 ι
367 2619 780 2667 convertantur
823 2611 895 2666 ad
926 2612 1107 2667 Deum
1139 2624 1332 2677 suum,
1384 2611 1524 2680 quia
1552 2612 1788 2681 spiritus
1820 2611 2002 2668 forni-

310 2721 332 2746 ι
363 2699 656 2755 cationum
686 2698 744 2753 in
794 2698 979 2753 medio
1026 2712 1247 2761 eorum,
1294 2704 1348 2753 et
1394 2698 1704 2754 Dominum
1755 2714 1870 2754 non
1904 2715 2006 2755 co-

311 2809 332 2835 ι
369 2793 716 2858 gnoverunt.
754 2808 775 2834 ι
817 2788 881 2841 Ut
910 2787 985 2840 ad
1020 2789 1188 2841 Deum
1231 2791 1612 2840 convertantur
1654 2790 2003 2854 cogitationes

305 2891 433 2930 suas
478 2890 592 2930 non
645 2874 804 2941 dant,
862 2874 1002 2944 quia
1058 2889 1161 2945 pro
1215 2875 1314 2930 Dei
1364 2888 1558 2930 amore
1601 2889 1636 2929 a
1691 2876 2007 2932 delectatio-

2101 512 2174 554 ex
2232 512 2402 553 casus
2456 496 2811 566 ignobilitate
2871 494 3193 565 conjicient.
3262 490 3461 548 Eheu!
3517 499 3571 548 et
3623 490 3799 545 Iudas

2101 601 2220 640 cum
2260 588 2337 640 eis
2367 584 2503 652 ruit,
2539 585 2679 655 quia
2720 585 2893 655 juxta
2938 584 3153 638 dictum
3192 581 3301 636 viri
3334 581 3605 650 sapientis
3638 595 3650 632 :
3690 600 3710 626 ε
3751 580 3800 633 Α

2100 682 2329 729 mortuo
2410 673 2688 729 confessio
2760 672 2902 741 perit
2975 672 3165 740 (Eccli.
3234 685 3369 732 xvn,
3431 670 3539 738 27).
3601 690 3619 715 γ
3692 666 3801 724 Cui

2097 764 2249 818 enim
2284 776 2517 832 peccare
2560 760 2805 817 vertitur
2852 760 2909 815 in
2946 758 3379 828 impudentiam,
3430 756 3659 812 difﬁcile
3696 762 3802 808 ant

2101 863 2231 905 raro
2263 848 2541 919 resipiscit
2567 849 2635 902 ad
2658 846 2966 903 conﬁtendi
2997 846 3264 916 gratiam.

2170 938 2341 995 Vnus.
2376 940 2428 991 6.
2456 968 2524 977 -—
2562 958 2583 986 ι
2620 937 2685 991 In
2715 935 2990 1006 gregibus
3021 933 3160 1000 suis,
3193 941 3246 988 et
3292 932 3349 987 in
3379 931 3653 988 armentis
3679 931 3805 986 suis

2103 1048 2131 1077 »
2162 1027 2374 1082 vadent
2403 1026 2475 1081 ad
2502 1025 2883 1096 quaerendum
2917 1024 3225 1078 Dominum
3250 1029 3304 1077 et
3335 1037 3447 1077 non
3479 1020 3798 1085 invenient,

2107 1140 2129 1167 ι
2164 1117 2393 1173 ablatus
2443 1123 2526 1171 est
2574 1114 2647 1169 ab
2702 1114 2803 1169 eis.
2859 1135 2880 1161 ι
2937 1114 3007 1165 In
3064 1110 3317 1178 gregibus
3370 1112 3486 1164 suis
3535 1108 3798 1172 vadunt,

2101 1221 2234 1263 cum
2285 1206 2601 1260 incorrecta
2641 1202 2901 1257 fatuitate
2926 1200 3173 1265 interna,
3205 1198 3277 1253 ad
3304 1199 3487 1253 Deum
3516 1212 3575 1252 se
3606 1210 3803 1252 recur-

2102 1309 2227 1352 rere
2256 1294 2401 1349 velle
2445 1292 2751 1362 aliquotics
2786 1289 3136 1358 ostendunt;
3187 1301 3322 1342 oves
3348 1287 3502 1342 enim
3551 1298 3653 1355 pro
3704 1285 3803 1339 in-

2104 1383 2232 1439 utili
2287 1381 2600 1451 aliquando
2660 1378 3024 1451 simplicitate
3078 1382 3395 1447 ponuntur.
3446 1374 3609 1430 Unde
3665 1381 3799 1429 est:

2111 1492 2132 1519 ε
2168 1470 2324 1525 Sicut
2351 1483 2486 1525 oves
2517 1468 2572 1523 in
2606 1467 2826 1522 inferno
2853 1466 3015 1535 positi
3047 1472 3180 1519 sunt
3206 1465 3383 1529 (Psal.
3419 1477 3612 1529 xnvur,
3641 1462 3748 1531 5t).
3776 1482 3803 1508 ››

2106 1559 2177 1614 Ει
2216 1558 2398 1613 David
2430 1558 2498 1612 de
2529 1555 2802 1627 gregibus
2830 1554 3028 1609 ovium
3062 1553 3325 1609 sublatus
3353 1559 3456 1619 est,
3498 1559 3551 1607 et
3580 1551 3648 1606 de
3680 1557 3809 1619 post

2107 1647 2368 1703 testantes
2395 1653 2662 1715 acceptus
2705 1643 2875 1715 (Psal.
2908 1656 3120 1707 Lxxvn,
3157 1644 3265 1708 70).
3304 1640 3373 1695 Hi
3409 1647 3547 1694 sunt
3586 1646 3799 1703 motus,

2107 1735 2208 1804 qui
2256 1733 2413 1789 omni
2457 1740 2628 1789 vento
2687 1730 3014 1787 tentationis
3058 1728 3400 1785 efferuntur.
3438 1729 3501 1782 In
3546 1729 3806 1781 armentis

2108 1835 2342 1891 quoque
2388 1820 2630 1886 vadunt,
2675 1833 2811 1875 cum
2862 1819 3085 1873 solitam
3128 1816 3334 1872 mentis
3376 1815 3803 1880 hebetudinem,

2107 1920 2162 1965 et
2194 1910 2265 1965 ad
2295 1922 2497 1964 curam
2550 1908 2742 1963 studia
2790 1906 3111 1976 ponderosa
3155 1905 3317 1960 nulla
3368 1904 3647 1973 spirituali
3680 1903 3807 1957 ala-

2115 1997 2315 2054 critate
2362 1997 2674 2053 recutiunt.
2730 1995 2799 2050 Et
2831 1994 2954 2050 ideo
2986 1997 3267 2049 Dominum
3318 2008 3432 2049 non
3482 1992 3805 2057 inveniunt,

2109 2089 2252 2158 quia
2281 2087 2435 2158 quod
2470 2085 2851 2142 intellectuale
2882 2092 2985 2151 est,
3017 2082 3354 2153 corpulenta
3401 2096 3517 2137 non
3548 2080 3804 2150 capiunt,

2110 2190 2216 2232 nec
2247 2176 2304 2230 in
2344 2189 2581 2245 corpore
2629 2173 2873 2243 peccatis
2916 2170 3145 2227 subdito
3196 2171 3437 2237 habitat,
3483 2169 3623 2240 quia
3666 2182 3810 2223 aco.

2112 2263 2509 2336 gitationibus,
2561 2276 2693 2332 quae
2746 2268 2883 2317 sunt
2932 2262 3055 2315 sine
3107 2259 3417 2325 intellectu,
3473 2272 3531 2313 se
3586 2271 3810 2325 semper

2112 2352 2391 2408 absentat.
2429 2350 2518 2404 Ab
2550 2353 2627 2403 eis
2662 2349 2815 2404 Deus
2845 2348 3128 2414 aufertur,
3159 2361 3291 2401 cum
3335 2346 3432 2401 illa
3469 2344 3806 2415 qualiscun-

2112 2452 2226 2508 que
2259 2438 2526 2493 voluntas
2572 2451 2702 2506 qum
2738 2436 2870 2491 boni
2913 2435 3134 2505 aliquid
3167 2434 3454 2504 parturire
3479 2419 3806 2498 videbatur,

2111 2526 2411 2582 amittitur.
2449 2525 2654 2596 (Vnus.
2677 2524 2749 2594 7.)
2785 2546 2810 2572 «ι
2847 2525 2910 2578 In
2942 2524 3248 2578 Dominum
3282 2520 3637 2590 praevaricati
3670 2527 3810 2574 sunt

2115 2638 2141 2661 ι»
2176 2614 2279 2684 qui
2324 2612 2475 2670 ﬁlios
2515 2614 2734 2669 alienos
2780 2619 3127 2683 genuerunt.
3168 2633 3188 2657 ι
3242 2613 3323 2666 Ac
3362 2610 3410 2665 si
3452 2609 3661 2665 diceret
3694 2623 3706 2661 :
3743 2609 3812 2662 In

2115 2703 2220 2758 hoc
2266 2702 2381 2771 ipso
2412 2703 2566 2772 quod
2598 2702 2725 2756 licet
2762 2699 3081 2755 indiscreta}
3119 2697 3508 2755 conversionis
3555 2696 3815 2765 auspicia

2114 2791 2267 2847 bona
2316 2798 2665 2860 proponunt,
2721 2796 2862 2844 etse
2895 2802 2928 2843 a
2962 2787 3271 2857 proposito,
3323 2786 3591 2842 facilitate
3637 2786 3811 2840 desti-

2112 2886 2307 2946 tuunt,
2377 2892 2545 2948 penes
2606 2877 2788 2933 Deum
2846 2874 3317 2945 praevaricatores
3391 2874 3587 2929 haberi
3648 2872 3811 2943 digni

306 2963 480 3020 nibus
518 2962 996 3034 imaginationum
1045 2976 1284 3018 suarum
1318 2961 1605 3018 abstinere
1636 2963 1852 3019 durum
1896 2978 2003 3034 pu-
2045 2989 2086 3044 ρ
2115 2975 2286 3035 sunt;
2340 2975 2395 3023 et
2444 2966 2549 3021 hoc
2591 2966 2715 3021 ideo
2747 2964 2829 3033 fit,
2877 2965 3017 3032 quia
3048 2963 3191 3031 ﬁlios
3237 2964 3437 3017 alienos
3485 2965 3808 3030 gmuerunt.

308 3059 450 3118 tant,
494 3065 596 3106 nec
657 3050 802 3106 tanti
846 3050 1011 3120 pretii
1064 3050 1246 3105 Deum
1302 3050 1607 3119 aestimant,
1667 3060 1731 3107 ut
1788 3066 1894 3121 pro
1942 3068 2008 3109 eo

311 3139 638 3209 impendere
683 3137 854 3193 velint
886 3138 1041 3207 quod
1086 3138 1329 3195 interius
1366 3138 1707 3208 voluptuose
1739 3147 2003 3196 tractant.

310 3226 433 3282 Tali
483 3226 735 3295 cuipiam
786 3225 1042 3280 dicitur:
1084 3243 1113 3277 α
1163 3224 1452 3295 Projecisti
1504 3240 1592 3281 me
1625 3234 1748 3295 post
1799 3241 2009 3297 corpus

312 3324 479 3371 tuum
528 3316 632 3385 (III
676 3315 805 3381 Reg.
856 3328 970 3380 xw,
1021 3316 1119 3382 9);
1170 3333 1197 3363 »
1249 3321 1303 3369 et
1351 3314 1457 3369 hoc
1486 3316 1566 3381 fit,
1602 3318 1733 3383 quia
1778 3318 2009 3385 spiritus

310 3406 734 3471 fornicationum
785 3405 844 3456 in
881 3402 1054 3457 medio
1109 3418 1290 3456 eorum
1336 3408 1433 3469 est,
1484 3403 1538 3458 id
1587 3411 1688 3472 est,
1743 3404 2011 3473 superbia

314 3507 445 3562 quae
489 3492 810 3562 specialiter
839 3505 873 3546 a
909 3493 1019 3547 Deo
1066 3505 1171 3547 nos
1213 3492 1576 3558 exterminat,
1609 3507 1724 3548 non
1768 3492 2012 3548 latenter

313 3581 371 3635 in
412 3581 627 3651 angulo
688 3580 858 3651 quasi
913 3579 1263 3648 subripiens,
1312 3580 1407 3635 sed
1451 3583 1510 3633 in
1557 3580 1749 3647 medio,
1799 3580 2012 3637 scilicet

313 3669 477 3738 quasi
565 3683 663 3724 rex
728 3668 1023 3724 evidenter
1090 3670 1380 3737 imperans
1454 3668 1555 3723 toti
1625 3668 2012 3740 intelligentiae

309 3764 531 3826 praeest.
584 3759 654 3811 Et
704 3756 828 3812 ideo
889 3757 1166 3811 Dominum
1217 3770 1333 3811 non
1365 3764 1737 3827 cognoscunt,
1801 3757 1857 3811 id
1905 3764 2009 3837 est,

314 3860 515 3915 sapore
562 3846 788 3901 interno
846 3845 1200 3914 concipiunt,
1252 3845 1394 3913 quia
1435 3844 1603 3913 cujus
1645 3845 1901 3914 palatum
1939 3858 2013 3901 ex

315 3934 567 3990 febribus
643 3932 961 3997 amarescit,
1050 3945 1315 4001 nunqam
1401 3931 1461 3986 in
1535 3946 1602 3986 eo
1668 3932 2008 4003 quidpiam,

314 4022 534 4079 etiamsi
565 4021 637 4076 sit
665 4021 1006 4075 naturaliter
1031 4020 1220 4082 dulce,
1252 4019 1549 4075 dulcescit.

386 4109 557 4164 Vens.
593 4111 644 4162 5.
672 4138 739 4146 ——
775 4129 795 4154 ε
835 4109 905 4162 Et
953 4106 1318 4177 respondebit
1367 4107 1702 4178 arrogantia
1748 4109 1921 4165 Israel
1955 4109 2010 4165 in

324 4218 346 4244 ι
381 4196 523 4251 facie
567 4195 730 4265 ejus;
781 4203 834 4250 et
865 4196 1036 4250 Israel
1086 4203 1141 4251 et
1172 4195 1449 4264 prraim
1494 4204 1665 4251 ruent
1713 4196 1771 4251 in
1806 4197 2016 4267 iniqui-

2116 3055 2171 3109 Si
2220 3054 2413 3120 alieni,
2467 3054 2754 3124 quomodo
2818 3051 2966 3106 ﬁlii?
3014 3052 3111 3107 sed
3165 3051 3263 3105 ﬁlii
3308 3059 3363 3106 et
3417 3051 3607 3105 alieni.
3662 3048 3811 3114 Filii,

2119 3157 2292 3212 opera
2341 3150 2497 3210 sunt,
2541 3141 2696 3197 unde
2725 3148 2809 3197 est
2843 3156 2855 3194 :
2894 3162 2915 3189 ι
2966 3141 3175 3195 Videas
3222 3139 3366 3195 ﬁlios
3410 3124 3660 3194 ﬁliorum
3698 3146 3817 3193 tuo-

2117 3243 2249 3285 rum
2281 3230 2450 3297 (Psal.
2507 3242 2720 3293 cxxvn,
2768 3226 2844 3297 6).
2897 3247 2918 3273 ι
2956 3226 3011 3281 id
3041 3234 3123 3281 est
3169 3224 3486 3295 experiaris
3529 3224 3817 3279 mercedes

2117 3331 2393 3388 operum;
2421 3324 2475 3372 et
2508 3317 2628 3372 hac
2656 3329 2829 3385 opera
2863 3321 2998 3370 sunt
3025 3314 3230 3380 aliena,
3268 3313 3321 3368 id
3357 3320 3441 3368 est
3466 3311 3814 3379 adulterina,

2118 3421 2235 3462 non
2281 3420 2346 3462 eo
2377 3406 2589 3461 scilicet
2619 3420 2733 3475 quo
2764 3404 2972 3461 debent
3011 3404 3244 3471 semine,
3284 3403 3339 3457 id
3387 3394 3473 3459 est
3503 3400 3820 3458 intentione

2119 3502 2435 3565 procreata,
2467 3502 2567 3550 aut
2598 3502 2754 3550 metu
2795 3493 3009 3549 scilicet
3052 3492 3262 3549 terreni
3311 3491 3559 3562 alicujus
3609 3490 3821 3544 incom-

2119 3583 2294 3650 modi,
2335 3582 2488 3653 quod
2534 3581 2595 3638 ﬁt
2625 3581 2951 3652 saepissime,
2985 3589 3186 3650 erepta,
3221 3588 3321 3636 aut
3352 3580 3474 3635 sine
3521 3578 3823 3633 voluntate

2120 3671 2524 3740 perseverandi
2554 3670 2938 3740 perfunctorie
2969 3678 3070 3725 aut
3095 3669 3282 3739 tepide
3303 3668 3570 3737 appetita.
3605 3687 3625 3713 α
3650 3665 3827 3721 Nunc

2126 3780 2147 3807 ι
2184 3758 2479 3815 devorabit
2533 3773 2631 3814 eos
2686 3759 2898 3814 mensis
2958 3773 3091 3814 cum
3155 3757 3531 3827 participibus
3583 3755 3726 3810 suis.
3797 3777 3818 3801 ι

2120 3847 2305 3915 Nunc,
2354 3862 2486 3902 cum
2539 3859 2789 3916 praesens
2822 3854 3049 3915 tempus
3079 3845 3379 3915 signiﬁcet,
3430 3844 3522 3899 hic
3561 3855 3821 3898 momen-

2121 3942 2356 3991 taneum
2394 3935 2670 4005 quiddam
2724 3934 2962 4004 intelligi
3011 3942 3216 3989 monet.
3259 3933 3427 3988 Nunc
3454 3947 3609 4002 ergo,
3646 3930 3698 3984 id
3736 3937 3826 3985 est

2121 4023 2193 4078 ad
2225 4024 2479 4079 subitum
2528 4022 2739 4078 mensis
2785 4036 2882 4077 eos
2928 4023 3183 4089 devorat,
3237 4035 3369 4076 cum
3413 4028 3708 4075 menstrua
3737 4031 3827 4074 re-

2120 4110 2276 4181 ligio,
2328 4125 2458 4180 quie
2521 4111 2770 4165 multum
2825 4122 2860 4165 a
2912 4109 3011 4164 Dei
3062 4109 3427 4181 benignitatis
3482 4122 3633 4163 anno
3675 4112 3825 4165 I96

2121 4198 2444 4262 discordat,
2516 4197 2573 4252 in
2629 4198 2794 4268 pejus
2868 4197 3267 4254 recrudescere
3338 4204 3584 4252 mentem
3642 4195 3822 4264 facit,

321 4303 350 4337 π
382 4292 495 4340 tate
539 4297 683 4349 sua;
737 4290 864 4339 ruet
893 4286 1063 4338 etiam
1100 4284 1128 4340 Ι
1138 4284 1279 4339 udas
1306 4298 1438 4339 cum
1477 4283 1575 4339 eis.
1619 4305 1638 4331 ι
1674 4285 2013 4352 Arrogantia
2055 4291 2096 4343 Ι)
2124 4299 2299 4357 quam
2331 4284 2555 4350 fuerat;
2608 4300 2711 4341 nec
2741 4285 2992 4341 absurde
3025 4285 3239 4341 dictum
3271 4291 3355 4340 est
3391 4284 3644 4351 devorat,
3678 4288 3826 4354 quia

318 4373 488 4428 Israel
516 4374 573 4425 in
602 4374 745 4439 facie
782 4373 900 4440 ejus
933 4372 1255 4442 respondet,
1307 4373 1447 4442 quia
1495 4371 1732 4428 allectus
1782 4372 2015 4427 interior
2121 4374 2268 4430 nihil
2298 4381 2383 4429 est
2430 4374 2584 4443 quod
2616 4380 2913 4442 tantopere
2954 4374 3001 4428 si
3033 4373 3185 4443 quod
3219 4373 3291 4428 sit
3325 4372 3384 4427 in
3426 4373 3657 4428 homine
3686 4377 3828 4430 resi-

319 4473 423 4530 per
464 4459 661 4515 illicita
702 4473 975 4530 evagans,
1026 4460 1097 4515 ad
1143 4462 1401 4516 exterius
1448 4460 1855 4515 inconveniens
1893 4467 2015 4514 tur-
2123 4461 2304 4517 duum
2345 4460 2480 4516 boni
2529 4468 2849 4516 consumat.
2883 4460 2962 4515 De
3008 4459 3248 4515 crimine
3276 4460 3428 4514 enim
3458 4458 3703 4514 audacia
3734 4473 3830 4514 su-

320 4548 547 4618 pissime
594 4562 968 4618 prorumpere
1011 4548 1174 4603 solet.
1222 4548 1543 4617 Respondet
1592 4550 1651 4601 in
1688 4550 1833 4614 facie
1875 4547 2015 4603 dum
2121 4550 2318 4616 mitur,
2377 4548 2610 4618 quando
2669 4556 2862 4617 aperte
2924 4549 3074 4604 bona
3127 4547 3290 4602 initia
3346 4554 3827 4602 contemnuntur.

323 4651 447 4693 sero
500 4637 786 4693 erubescit
833 4637 1107 4704 exterius,
1144 4650 1311 4692 exeo
1349 4636 1500 4707 quod
1536 4636 1636 4692 diu
1677 4643 2019 4706 arroganter
2123 4636 2434 4707 Participes
2509 4636 2599 4692 sui
2665 4635 2882 4706 pariter
2936 4636 3296 4691 devorantur
3348 4649 3480 4690 eum
3531 4634 3832 4691 naturalia

322 4725 463 4782 fovit
492 4727 550 4780 in
600 4732 807 4781 mente.
841 4727 921 4780 Et
966 4727 1138 4779 Israel
1178 4730 1230 4779 et
1272 4725 1548 4794 Ephraim
1580 4725 1680 4795 qui
1714 4724 1770 4779 in
1820 4724 2016 4794 magni
2126 4728 2294 4793 bona,
2329 4726 2374 4781 si
2407 4739 2538 4795 quae
2576 4733 2730 4791 sunt,
2776 4724 3140 4795 rejiciuntur,
3189 4738 3320 4794 quae
3350 4723 3431 4778 illi
3481 4722 3829 4778 transitoria:

321 4813 624 4884 supercilio
685 4815 882 4881 fastus,
934 4813 1039 4870 sibi
1093 4821 1243 4869 stare
1293 4814 1603 4868 introrsum
1647 4812 2015 4877 videbantur,
2123 4813 2483 4873 conversioni
2515 4814 2883 4884 participium
2912 4813 3058 4868 ferre
3087 4813 3455 4869 videbantur.

323 4917 397 4958 ex
432 4901 632 4958 merito
681 4916 800 4958 suae
847 4901 1168 4972 iniquitatis
1208 4905 1388 4968 ruent,
1432 4909 1487 4956 et
1526 4909 1665 4957 tunc
1695 4900 1837 4970 quid
1861 4902 2018 4972 jam-

1667 5079 1952 5122 EXPLICIT
1997 5079 2174 5123 LIBER
2222 5078 2471 5123 PRIMUS.
