3934 6086
106 258 208 311 365

817 255 1272 314 TROPOLOGUE
1310 259 1377 313 IN
1416 257 1613 326 OSEE,
1652 259 1836 315 AMOS
1874 260 1960 314 ET
1997 260 2145 316 JER.
2187 289 2257 301 —-
2292 260 2425 315 LIB.
2467 261 2543 317 Il.
2591 262 2666 317 IN
2704 259 2908 318 OSEE.

3500 266 3601 319 366

1452 554 1735 626 LIBER
1793 554 2317 629 SECUNDUS.

371 748 1615 854 TROPOLOGIARUM
1687 753 1836 853 IN
1909 750 2267 855 OSEE
2340 753 3343 863 CONTINUATIO.

1726 959 1969 971 ———_._.

179 1142 271 1197 Ad
302 1142 532 1197 beatum
559 1139 696 1195 Osee
734 1138 1023 1194 moraliter
1051 1139 1456 1208 exponendum
1487 1153 1602 1194 non
1630 1139 1806 1195 seien-
1842 1142 1887 1194 A
1918 1140 2204 1209 quidquid
2256 1141 2313 1195 in
2370 1150 2561 1197 nostra
2608 1144 2903 1201 voluntate
2946 1146 3101 1218 frugi
3151 1156 3254 1215 est,
3314 1150 3612 1208 absentata

108 1230 202 1285 tiae
232 1243 373 1284 meae
405 1241 605 1295 ausus,
639 1228 736 1282 sed
769 1228 896 1282 ﬁdei
930 1228 1152 1296 puritas
1184 1241 1274 1282 me
1304 1229 1534 1296 invitat;
1570 1235 1805 1297 praeter-

109 1320 326 1373 itorum
354 1318 506 1372 enim
536 1315 890 1385 experientia
916 1316 1202 1383 laborum,
1235 1316 1291 1370 in
1327 1317 1543 1386 quibus
1575 1318 1809 1387 dignata

105 1415 191 1461 est
221 1405 423 1461 divina
471 1404 742 1474 aspiratio
782 1403 922 1458 mihi
964 1404 1140 1459 bonos
1187 1404 1441 1473 praebere
1475 1413 1807 1474 proventus,

110 1493 285 1548 ﬁdem
318 1493 457 1547 mihi
485 1507 597 1547 non
630 1491 853 1546 minora
883 1491 1255 1562 aggrediendi
1298 1492 1579 1558 attribuit,
1611 1491 1811 1546 scienti

109 1581 255 1651 quia
289 1581 392 1650 qui
420 1579 575 1634 dedit
614 1585 820 1647 praeter
851 1587 1122 1633 naturam
1157 1578 1383 1634 insolita
1414 1579 1590 1633 asinae
1622 1580 1808 1647 (Num.

112 1682 259 1734 xxu,
317 1665 431 1733 30),
482 1665 698 1734 potiora
748 1664 906 1719 dabit
958 1664 1013 1718 in
1048 1664 1298 1719 homine.
1340 1665 1585 1735 Agimus
1636 1664 1814 1735 igitur

108 1754 381 1809 eumdem
416 1767 531 1823 quo
567 1754 791 1809 locutus
820 1761 904 1809 est
935 1754 1204 1823 spiritum
1243 1760 1581 1822 repetentes,
1617 1761 1681 1808 ut
1712 1753 1811 1822 qui

113 1846 172 1899 in
226 1844 326 1899 illa
369 1843 581 1898 eoelesti
626 1842 819 1899 ﬁstula
851 1843 1192 1898 mirabiliter
1236 1843 1492 1911 erupisse
1523 1843 1815 1913 dignosci-

109 1943 227 1999 tur,
264 1932 430 1988 nobis
459 1947 525 1987 eo
566 1947 682 2002 quo
727 1932 1023 2002 quondam
1069 1932 1204 1985 Elia)
1235 1931 1398 1987 sibilo
1424 1946 1630 1987 auram
1663 1932 1814 1986 into—

113 2036 255 2077 nare
288 2021 558 2091 dignetur
588 2020 846 2090 (IHReg.
882 2033 1006 2085 xix,
1038 2018 1139 2089 l2).

188 2110 359 2165 Vens.
397 2111 448 2163 8.
483 2138 556 2149 —
607 2131 627 2156 ι
665 2108 920 2178 Clangite
950 2107 1196 2163 buccina
1228 2109 1287 2163 in
1326 2106 1539 2176 Gabaa,
1588 2117 1643 2164 et
1678 2108 1815 2163 tuba

122 2222 141 2247 ›
190 2199 248 2253 in
284 2198 485 2263 Rama,
518 2197 735 2252 ululate
775 2197 833 2251 in
885 2196 1169 2251 Bethaven
1202 2204 1326 2265 post
1371 2204 1595 2266 tergum
1626 2203 1814 2262 tuum,

122 2309 144 2333 -
210 2286 532 2356 Benjamin.
584 2306 612 2337 ι)
673 2287 797 2342 Vox
843 2294 927 2342 est
973 2287 1042 2340 ad
1096 2286 1513 2355 praedicatores,
1566 2299 1818 2354 quorum

118 2373 377 2428 ofﬁcium
418 2383 499 2428 est
542 2373 614 2428 ad
658 2374 912 2429 diversos
944 2373 1293 2428 dissimiliter
1344 2374 1608 2427 insonare
1656 2386 1820 2427 erro-

117 2475 232 2516 res.
271 2462 335 2513 In
386 2461 575 2515 Gabaa
622 2462 844 2515 buccina
884 2462 1194 2531 clangitur,
1239 2461 1471 2531 quando
1510 2460 1819 2515 mediocri—

120 2551 233 2605 bus
268 2550 516 2618 peccatis
550 2551 845 2605 moderato
875 2564 1135 2606 sermone
1177 2549 1577 2619 prmcurritur,
1628 2547 1821 2603 Gabaa

118 2638 275 2693 enim
318 2639 476 2691 colles
526 2638 955 2707 interpretatur,
988 2637 1159 2692 colles
1206 2644 1397 2691 autem
1440 2635 1585 2705 juga
1636 2642 1813 2689 terra-

122 2740 256 2782 rum
295 2726 513 2780 modice
545 2732 806 2793 porrecta
838 2724 1139 2779 dicuntur.
1182 2723 1433 2777 Buccina
1464 2730 1676 2786 autem,
1712 2735 1819 2791 pa-

120 2822 343 2869 storum
389 2826 455 2867 ac
499 2811 740 2883 vigilum
787 2819 896 2877 est;
945 2817 1143 2865 contra
1189 2810 1357 2865 colles
1399 2822 1534 2877 ergo
1580 2807 1822 2863 buccina

121 2901 369 2967 utimur,
443 2900 582 2955 dum
658 2905 856 2954 contra
932 2898 1284 2952 mediocrum
1346 2895 1597 2950 admissa
1652 2894 1822 2950 modo

122 2986 526 3056 temperatiore
565 3000 668 3041 nos
717 2984 964 3055 agimus.
1000 2985 1179 3039 Rama
1221 2997 1359 3039 vero
1414 2983 1823 3051 interpretatur

124 3075 357 3140 excelsa,
414 3073 545 3127 tuba
617 3072 815 3141 itaque
888 3079 1088 3126 contra
1147 3070 1396 3125 tumidas
1447 3076 1503 3124 et
1568 3069 1823 3123 elevatas

125 3169 348 3217 mentes
397 3160 565 3229 quasi
615 3158 866 3228 quodam
918 3156 1117 3212 bellico
1165 3162 1451 3225 apparatu
1501 3155 1818 3224 insurgere,

124 3264 231 3305 nec
256 3263 460 3306 eorum
513 3247 700 3303 vereri
744 3247 1051 3316 potentias,
1083 3244 1177 3299 sed
1213 3244 1366 3314 quod
1399 3243 1631 3299 ditiores
1663 3248 1819 3307 sunt,

126 3354 200 3395 ne
246 3341 447 3395 eadem
489 3337 627 3393 vitia
679 3342 1074 3406 propagentur
1118 3334 1173 3388 in
1222 3332 1502 3398 subditos,
1556 3330 1826 3386 irrellexa

125 3426 472 3483 auctoritate
500 3424 797 3491 debemus,
847 3424 985 3479 tuba
1012 3423 1161 3478 enitn
1197 3423 1253 3477 in
1286 3420 1448 3476 bellis
1481 3419 1719 3475 utimur.
1754 3419 1825 3474 Et

125 3512 613 3568 considerandum
673 3509 825 3580 quod
898 3509 967 3564 de
1025 3508 1236 3563 inlimis
1292 3514 1457 3573 tacet,
1515 3504 1825 3560 mediocres

128 3608 359 3656 tantum
393 3607 448 3654 et
476 3598 731 3655 excelsos
758 3596 1086 3667 arguendos
1121 3596 1300 3661 docet,
1349 3594 1623 3648 nimirum
1659 3592 1827 3660 plane

127 3686 271 3757 quia
300 3687 359 3740 in
390 3699 691 3755 pauperes,
722 3696 868 3754 quos
898 3683 1231 3738 nullatenus
1261 3694 1611 3747 reveremur,
1646 3679 1826 3735 tumi-

126 3774 281 3830 ditas
325 3780 521 3828 nostra
546 3771 741 3827 invehi
782 3770 938 3824 solet.
984 3770 1059 3825 At
1091 3783 1224 3824 vero
1263 3773 1320 3822 in
1352 3768 1641 3829 Bethaven,
1674 3764 1829 3835 quod

130 3866 549 3931 interpretatur
586 3861 776 3914 domus
814 3858 967 3924 idoli,
1014 3857 1360 3912 ululandum
1389 3863 1490 3922 est,
1530 3867 1643 3909 non
1678 3865 1829 3921 prae-

130 3949 471 4013 dicandum,
506 3947 644 4017 quia
675 3947 748 4001 ad
790 3959 886 4001 eos
915 3945 1013 4015 qui
1056 3944 1283 4014 penitus
1332 3958 1365 3999 a
1394 3944 1508 3997 Deo
1551 3949 1829 3997 avertun-

135 4045 254 4103 tur,
300 4043 353 4091 et
407 4034 609 4090 salices
636 4033 706 4089 de
753 4034 939 4089 medio
970 4032 1277 4102 Babylonis
1315 4046 1349 4086 a
1397 4029 1695 4086 Psalmista
1739 4042 1833 4083 vo-

132 4130 369 4188 cantur,
441 4135 559 4176 non
620 4120 805 4175 solum
866 4133 1087 4190 organa
1143 4127 1337 4175 nostra
1398 4117 1834 4187 suspenduntur

134 4211 309 4277 (Psal.
364 4222 599 4273 cxxxvr,
649 4207 723 4275 2),
776 4207 872 4262 sed
913 4206 1085 4261 etiam
1115 4206 1188 4261 ab
1221 4207 1308 4261 his
1355 4205 1458 4275 qui
1488 4218 1696 4259 sanum
1742 4216 1831 4258 sa-

136 4301 330 4369 piunt,
363 4298 510 4352 sicut
560 4310 594 4350 a
631 4295 870 4351 Domino
899 4294 1150 4350 Lazarus
1181 4297 1359 4361 (Joan.
1390 4308 1468 4355 x1,
1501 4292 1614 4361 35),
1658 4291 1835 4360 digna

136 4399 423 4457 tanquam
472 4384 683 4440 mortui
722 4383 1082 4439 miseratione
1110 4383 1424 4451 deﬂentur;
1479 4395 1577 4451 per
1618 4380 1834 4434 idolum

137 4476 318 4541 enim,
367 4487 567 4529 eorum
616 4472 902 4541 apostasia
942 4478 1194 4526 notatur.
1234 4470 1299 4525 Et
1329 4469 1433 4524 hoc
1455 4472 1581 4538 post
1626 4472 1835 4533 tergum

142 4571 301 4618 tuum
348 4562 665 4630 Benjamin;
718 4560 1016 4631 Benjamin
1066 4559 1479 4628 interpretatur
1514 4559 1660 4626 ﬁlius
1702 4556 1833 4608 dea:-

143 4657 292 4711 terae,
334 4657 391 4706 et
433 4650 564 4719 quis
609 4648 842 4701 dewtera’
881 4647 1049 4716 ﬁlius,
1092 4646 1201 4701 nisi
1244 4646 1340 4700 illa
1386 4646 1592 4699 mentis
1631 4652 1837 4698 nostra:

142 4740 336 4810 proles
394 4734 743 4806 principalis,
801 4733 1096 4789 rationalis
1147 4732 1410 4787 videlicet
1474 4739 1681 4798 motus,
1746 4730 1837 4784 cui

142 4839 371 4896 semper
402 4825 623 4894 adjacet
663 4823 836 4879 totius
884 4821 1275 4891 prosperitatis
1306 4819 1579 4876 effectus?
1625 4820 1840 4875 Domus

143 4929 289 4987 ergo
318 4913 450 4968 idoli
478 4916 605 4981 post
651 4915 861 4977 tergum
908 4909 1195 4977 Benjamin
1227 4917 1330 4975 est,
1366 4908 1505 4978 quia
1536 4914 1695 4962 tanta
1736 4906 1839 4963 Dei

1918 1229 2151 1299 spiritus
2193 1230 2500 1300 prudentia
2538 1231 2873 1301 dissipatur.
2923 1257 2943 1283 ι
2997 1237 3063 1290 In
3105 1236 3197 1293 die
3244 1241 3611 1297 correctionis

1926 1340 1947 1366 ι
1998 1318 2056 1372 in
2088 1318 2356 1375 tribubus
2399 1320 2571 1375 Israel
2607 1322 2826 1377 ostendi
2859 1322 3043 1379 ﬁdem.
3074 1348 3101 1373 »
3154 1327 3283 1383 Dies
3328 1333 3610 1384 correctio-

1921 1407 2006 1458 nis
2040 1406 2257 1461 reditus
2286 1415 2370 1461 est
2404 1407 2656 1462 luciferae
2686 1409 2944 1478 rationis,
2978 1410 3036 1465 in
3068 1413 3173 1467 hoc
3211 1415 3399 1471 reditu
3426 1422 3482 1469 in
3507 1422 3612 1471 tri-

1922 1493 2095 1547 bubus
2125 1495 2300 1547 Israel
2335 1495 2470 1549 ﬁdes
2496 1497 2837 1565 ostenditur,
2885 1514 3015 1554 cum
3046 1500 3252 1557 horum
3302 1505 3611 1560 verborum

1921 1595 2052 1649 quae
2100 1595 2276 1650 super
2328 1583 2566 1651 spiritus
2595 1585 2892 1641 aversione
2923 1588 3076 1643 dicta
3117 1594 3253 1644 sunt
3290 1591 3496 1646 veritas
3527 1594 3617 1647 de-

1921 1670 2212 1738 claratur;
2256 1670 2395 1724 dum
2446 1669 2704 1727 videlicet
2750 1675 2998 1729 carnalis
3045 1674 3285 1733 allectus
3334 1692 3436 1747 per
3479 1679 3616 1734 uni-

1925 1769 2115 1811 versos
2174 1766 2364 1813 motus
2416 1773 2568 1824 suos,
2623 1774 2688 1815 ac
2732 1762 2780 1815 si
2833 1761 3017 1817 tribus
3063 1765 3135 1819 ad
3186 1766 3425 1821 rationis
3457 1766 3617 1836 jura,

1922 1844 2252 1913 corrigitur.
2286 1847 2369 1900 Ac
2416 1846 2462 1900 si
2504 1848 2747 1903 diceret:
2802 1849 2867 1903 In
2917 1849 3023 1904 hoc
3068 1850 3203 1905 sciri
3235 1859 3418 1921 potest
3462 1853 3618 1921 quod

1924 1929 2223 2001 Benjamin
2257 1940 2416 2004 terga
2450 1949 2633 2002 verso,
2670 1936 2945 2004 Ephraim
2979 1937 3296 2010 desolatur;
3327 1940 3482 2010 quod
3529 1940 3619 1996 die

1925 2016 2163 2073 internae
2229 2021 2595 2089 aspirationis
2652 2023 2893 2089 reddita,
2952 2024 3137 2080 tribus
3202 2027 3376 2082 Israel
3434 2027 3619 2082 corri-

1927 2114 2182 2177 guntur;
2235 2109 2294 2163 in
2343 2111 2467 2176 hoc,
2516 2111 2779 2181 inquam,
2814 2112 2951 2168 ﬁdes
3000 2114 3160 2169 verbi
3207 2116 3384 2187 hujus
3425 2125 3619 2172 osten—

1925 2195 2102 2250 ditur.

1999 2282 2165 2337 Vens.
2208 2282 2293 2339 10.
2340 2314 2409 2322 —-
2461 2306 2480 2332 ‹
2534 2285 2686 2340 Facti
2737 2294 2873 2342 sunt
2918 2287 3206 2358 principes
3252 2290 3403 2345 Juda
3451 2292 3619 2361 quasi

1929 2387 1956 2419 »
1993 2378 2347 2425 assumentes
2383 2371 2723 2442 terminum;
2764 2388 2941 2443 super
2984 2390 3077 2432 eos
3123 2376 3416 2433 effundam
3453 2377 3619 2448 quasi

1932 2477 1953 2503 ι
1997 2470 2212 2525 aquam
2261 2458 2406 2511 iram
2456 2471 2662 2513 meam.
2710 2482 2730 2507 ι
2780 2462 3058 2530 Principes
3111 2464 3257 2517 Juda
3305 2466 3443 2531 facti
3492 2472 3621 2519 sunt

1929 2548 2089 2626 quasi
2136 2550 2470 2599 assumentes
2512 2550 2822 2610 terminum,
2857 2564 2990 2605 cum
3020 2552 3366 2622 principales
3410 2560 3618 2619 motus,

1928 2631 2031 2701 qui
2079 2646 2182 2687 nos
2229 2647 2401 2702 super
2448 2647 2583 2687 vera
2630 2636 2980 2693 confessione
3021 2638 3348 2705 sollicitant,
3379 2639 3439 2695 in
3472 2639 3623 2695 bona

1930 2718 2244 2775 intentione
2293 2728 2601 2776 creantur:
2651 2731 2707 2778 et
2754 2729 2934 2791 quasi,
2974 2726 3027 2781 id
3070 2735 3153 2782 est
3203 2741 3405 2784 revera
3439 2734 3622 2784 termi-

1927 2823 2057 2860 num
2087 2816 2410 2871 assumunt,
2440 2824 2573 2864 cum
2605 2810 2678 2865 de
2711 2812 2934 2882 integra
2971 2829 3042 2869 ex
3084 2815 3197 2871 Deo
3227 2816 3625 2872 emendatione

1924 2895 2042 2965 jam
2092 2895 2234 2950 bene
2272 2897 2510 2952 confessi
2552 2908 2933 2966 praesumunt.
2967 2902 3275 2958 Terminus
3306 2905 3625 2962 assumitur

1928 2999 2059 3040 cum
2085 2985 2378 3041 erroribus
2401 2986 2688 3041 universis
2708 2988 2767 3042 in
2799 2989 2990 3044 animo
3010 2998 3160 3046 meta
3184 2990 3524 3061 praeﬁgitur.
3555 2992 3626 3046 Et

1929 3071 2249 3126 notandum
2297 3072 2452 3142 quod
2502 3072 2607 3128 hoc
2644 3080 2828 3128 totum
2863 3075 2918 3129 in
2950 3075 3038 3131 die
3086 3080 3227 3133 III
3260 3078 3627 3133 correctionis

1929 3158 2196 3213 efﬁcitur.
2233 3160 2409 3228 Super
2457 3176 2542 3214 eos
2591 3161 2764 3215 etiam
2814 3161 2900 3217 ira
2929 3162 3025 3217 Dei
3056 3164 3221 3233 quasi
3253 3177 3410 3234 aqua
3438 3163 3622 3220 effun-

1930 3245 2108 3312 ditur,
2167 3262 2300 3303 cum
2367 3248 2782 3318 superveniens
2834 3250 3044 3306 divinae
3105 3250 3626 3308 animadversionis

1927 3335 2232 3405 judicium,
2295 3336 2629 3407 frequenter
2680 3338 2739 3392 in
2774 3346 2962 3395 mente
3015 3346 3316 3407 tractatur,
3368 3340 3466 3396 sed
3506 3340 3628 3395 haec

1931 3423 2019 3478 ira
2065 3426 2230 3492 quasi
2262 3438 2418 3493 aqua
2459 3423 2993 3495 effunditur,.quia
3053 3428 3112 3482 in
3140 3430 3402 3497 gtractatu
3451 3427 3628 3498 hujus

1932 3509 2084 3564 modi
2116 3509 2462 3564 conscientia
2487 3523 2521 3563 a
2544 3509 2756 3579 peccati
2783 3512 2948 3567 sorde
2970 3511 3233 3568 diluitur.

2003 3596 2175 3652 Vens.
2227 3600 2311 3650 lt.
2344 3627 2411 3635 -—
2461 3619 2490 3645 «
2541 3596 2906 3653 Calumniam
2946 3600 3169 3668 patiens
3199 3601 3475 3671 Ephraim
3505 3601 3627 3656 fra-

1938 3704 1964 3734 ››
2008 3692 2134 3739 ctus
2184 3684 2423 3754 judicio,
2476 3684 2753 3754 quoniam
2805 3687 2973 3755 ctepit
3021 3687 3179 3743 abire
3225 3695 3349 3757 post
3403 3688 3627 3743 sordem

1944 3790 1963 3815 ι
2009 3767 2125 3840 [αιη
2169 3769 2403 3842 sordes].
2441 3793 2467 3819 »
2523 3771 2793 3840 Ephraim
2827 3772 3045 3840 patitur
3072 3773 3444 3837 calumniam,
3495 3787 3627 3829 cum

1938 3854 1997 3909 in
2038 3856 2222 3910 divini
2278 3857 2475 3912 timore
2518 3857 2717 3927 judicii
2770 3860 3038 3914 voluntas
3084 3868 3280 3915 nostra
3327 3859 3629 3930 cogitatio-

1941 3959 2081 3999 num
2135 3945 2504 4000 turbulentiis
2568 3946 2889 4013 infestatur,
2957 3945 3100 4017 quin
3151 3948 3324 4002 etiam
3388 3961 3421 4002 a
3483 3946 3630 4003 bono

1941 4039 2122 4100 erepto
2168 4031 2511 4100 plerumque
2553 4032 2921 4101 distrahitur;
2961 4033 3114 4089 unde
3156 4042 3211 4089 et
3241 4033 3634 4104 fractusjudi-

1942 4118 2026 4173 cio
2058 4118 2291 4184 dicitur,
2333 4118 2473 4187 quia
2515 4118 2663 4173 inter
2712 4119 3045 4191 hujusmodi
3091 4121 3445 4192 frequentias
3490 4135 3627 4178 acu-

1943 4219 2073 4260 men
2164 4212 2371 4260 nostraa
2448 4205 2801 4261 discretionis
2894 4206 3257 4262 obtunditur.
3343 4206 3629 4272 Quoniam,

1944 4291 2150 4361 inquit,
2198 4294 2354 4360 ccc-pit
2382 4292 2532 4345 abire
2561 4297 2686 4360 post
2715 4294 2945 4354 sordem,
2978 4292 3035 4347 id
3067 4300 3151 4348 est
3181 4292 3350 4363 coepit
3378 4295 3450 4349 ad
3482 4308 3629 4361 eam,

1944 4393 2073 4449 quae
2116 4379 2225 4433 sibi
2271 4378 2603 4450 suggeritur
2634 4393 2668 4434 a
2705 4379 2929 4435 diabolo
2977 4380 3307 4450 intorquere
3349 4381 3630 4447 animum,

1943 4465 2272 4523 foeditatem.

2016 4559 2186 4616 Vnus.
2245 4562 2324 4613 t2.
2366 4589 2434 4597 —-
2484 4576 2511 4608 α
2557 4558 2631 4613 Ει
2668 4573 2772 4628 ego
2820 4558 2986 4628 quasi
3031 4557 3185 4614 tinea
3227 4555 3525 4627 Ephraim,
3582 4563 3639 4611 et

1952 4670 1971 4694 ι
2017 4646 2185 4717 quasi
2234 4645 2475 4716 putredo
2505 4645 2699 4701 domui
2730 4645 2897 4701 Juda.
2936 4667 2958 4693 »
2999 4647 3164 4699 Tinea
3196 4643 3459 4713 Ephraim
3491 4644 3639 4698 Deus

1950 4736 2011 4790 lit
2056 4749 2187 4789 cum
2238 4736 2384 4790 inter
2445 4734 2784 4789 tentationes
2851 4747 3008 4788 mens
3065 4732 3295 4787 accidize
3341 4730 3634 4787 nimietate

1950 4823 2212 4891 tabescit;
2250 4822 2415 4891 quasi
2446 4836 2478 4875 a
2510 4822 2661 4875 tinea
2694 4821 2846 4875 enim
2878 4819 3206 4876 absumitur
3244 4817 3348 4888 qui
3379 4816 3638 4874 mirareris

1950 4911 2220 4982 angustia
2281 4910 2338 4963 in
2404 4909 2560 4963 nullo
2619 4907 2893 4975 lectionis,
2949 4908 3067 4963 sive
3118 4905 3396 4962 orationis
3448 4904 3638 4961 studio

144 5002 383 5071 oblivio,
434 5015 547 5056 non
594 4999 699 5054 nisi
733 5012 806 5054 ex
847 4998 1020 5067 culpa
1059 4996 1207 5051 male
1255 5011 1409 5051 ausae
1458 4995 1697 5051 rationis
1732 5004 1835 5052 est.
1878 5024 1922 5077 ι)
1953 4999 2267 5065 animatur,
2301 4997 2395 5051 sed
2431 5016 2456 5044 α
2489 5010 2736 5063 omnem,
2766 4995 2941 5065 juxta
2972 4995 3278 5065 psalmum,
3313 5006 3501 5049 escam
3527 4993 3644 5047 ani-

148 5093 220 5148 Et
273 5089 594 5146 notandum
648 5086 803 5156 quod
861 5099 994 5139 cum
1054 5083 1402 5139 ululandum
1450 5087 1509 5135 in
1573 5082 1845 5138 Bethaven

148 5181 409 5246 dixisset,
459 5178 532 5231 ad
579 5176 864 5244 Benjamin
914 5173 1063 5228 illico
1110 5173 1277 5243 quasi
1323 5172 1654 5228 exclamans
1703 5174 1846 5228 sub-

145 5272 283 5341 jecit
325 5266 754 5338 apostropham,
786 5270 842 5318 et
879 5270 961 5317 est
992 5275 1058 5317 ac
1088 5260 1132 5316 si
1168 5261 1415 5317 diceret:
1460 5259 1650 5316 Eheu!
1703 5262 1848 5316 ratio

152 5360 299 5416 tanti
341 5370 523 5413 causa
570 5354 703 5410 mali
729 5360 833 5419 est,
862 5353 1001 5409 dum
1048 5366 1082 5407 a
1115 5359 1269 5407 recta
1299 5348 1752 5405 consideratione
1799 5355 1851 5403 te

152 5444 430 5501 dimoves.
468 5443 658 5511 (Vnus.
706 5442 759 5511 9)
807 5460 835 5488 «
882 5439 1159 5508 Ephraim
1202 5439 1260 5492 in
1292 5435 1636 5492 desolatione
1665 5434 1790 5489 erit.
1824 5454 1845 5481 ι

152 5531 457 5605 Benjamin
510 5539 669 5600 terga
714 5535 988 5593 vertente,
1033 5525 1313 5594 Ephraim
1359 5522 1667 5587 desolatur,
1714 5521 1854 5590 quia

1953 5100 2048 5142 ma
2103 5099 2302 5141 eorum
2353 5083 2718 5139 abominetur
2776 5083 2940 5152 (Psal.
3001 5098 3113 5145 ενι,
3175 5085 3273 5143 18).
3333 5102 3353 5129 ι
3405 5080 3644 5135 Putredo

1956 5173 2141 5226 domui
2182 5171 2328 5225 Juda
2389 5170 2656 5234 efﬁcitur,
2712 5184 2843 5224 cum
2897 5171 3020 5238 ipsa
3063 5183 3297 5239 quoque
3341 5166 3644 5233 confessio,

1959 5271 2057 5327 per
2087 5272 2264 5327 quam
2311 5257 2496 5313 omnis
2527 5256 2735 5325 swpius
2776 5257 3010 5310 interior
3039 5269 3277 5309 amurca
3305 5254 3648 5322 revomitur;

1961 5346 2017 5400 in
2051 5352 2358 5414 conspectu
2402 5344 2611 5399 mensis
2642 5357 2709 5398 ac
2744 5343 2791 5398 si
2823 5342 2993 5397 fetere
3024 5342 3273 5407 videtur,
3319 5342 3460 5397 dum
3497 5342 3651 5396 enim

1961 5431 2232 5488 molestiis
2264 5432 2546 5501 quatitur,
2602 5428 2743 5484 nihil
2789 5429 2942 5498 quod
2983 5428 3051 5483 de
3094 5428 3207 5482 Deo
3251 5440 3367 5481 non
3397 5427 3468 5482 sit
3496 5428 3655 5482 velut

1961 5520 2179 5577 olidum
2209 5520 2517 5587 reperitur.
