  <div class='ocr_page' id='page_1' title='image "/cluster/home/n/w/nwhite01/storage/ocr_20150623/156/hvd.32044054760145/189.png"; bbox 0 0 3934 6086; ppageno 0'>
   <div class='ocr_carea' id='block_1_1' title="bbox 264 218 363 276">
    <p class='ocr_par' dir='ltr' id='par_1_1' title="bbox 264 218 363 276">
     <span class='ocr_line' id='line_1_1' title="bbox 264 218 363 276; baseline -0.01 0"><span class='ocrx_word' id='word_1_1' title='bbox 264 218 363 276; x_wconf 75' lang='lat'><strong>367</strong></span> 
     </span>
    </p>
   </div>
   <div class='ocr_carea' id='block_1_2' title="bbox 1124 210 1979 274">
    <p class='ocr_par' dir='ltr' id='par_1_2' title="bbox 1124 212 1936 274">
     <span class='ocr_line' id='line_1_2' title="bbox 1124 212 1936 274; baseline 0 -2"><span class='ocrx_word' id='word_1_2' title='bbox 1124 212 1193 274; x_wconf 77' lang='grc' dir='ltr'>ν.</span> <span class='ocrx_word' id='word_1_3' title='bbox 1255 212 1588 273; x_wconf 82' lang='lat' dir='ltr'><strong>GUIBERTI</strong></span> <span class='ocrx_word' id='word_1_4' title='bbox 1644 214 1936 272; x_wconf 81' lang='lat' dir='ltr'><strong>ABBATIS</strong></span> 
     </span>
    </p>
   </div>
   <div class='ocr_carea' id='block_1_3' title="bbox 2156 210 2929 274">
    <p class='ocr_par' dir='ltr' id='par_1_3' title="bbox 2156 210 2929 274">
     <span class='ocr_line' id='line_1_3' title="bbox 2156 210 2929 274; baseline -0.004 0"><span class='ocrx_word' id='word_1_5' title='bbox 2156 214 2332 274; x_wconf 68' lang='grc' dir='ltr'><strong>ΑΒῐῶ</strong></span> <span class='ocrx_word' id='word_1_6' title='bbox 2391 212 2480 272; x_wconf 83' lang='lat' dir='ltr'><strong>DE</strong></span> <span class='ocrx_word' id='word_1_7' title='bbox 2542 210 2929 271; x_wconf 83' lang='lat' dir='ltr'><strong>NOVIGENTO</strong></span> 
     </span>
    </p>
   </div>
   <div class='ocr_carea' id='block_1_4' title="bbox 3667 217 3775 268">
    <p class='ocr_par' dir='ltr' id='par_1_4' title="bbox 3667 217 3775 268">
     <span class='ocr_line' id='line_1_4' title="bbox 3667 217 3775 268; baseline -0.009 0"><span class='ocrx_word' id='word_1_8' title='bbox 3667 217 3775 268; x_wconf 85' lang='lat'><strong>368</strong></span> 
     </span>
    </p>
   </div>
   <div class='ocr_carea' id='block_1_5' title="bbox 336 350 3778 425">
    <p class='ocr_par' dir='ltr' id='par_1_5' title="bbox 336 350 3778 425">
     <span class='ocr_line' id='line_1_5' title="bbox 336 350 3778 425; baseline -0.003 -10"><span class='ocrx_word' id='word_1_9' title='bbox 336 357 512 415; x_wconf 76' lang='lat' dir='ltr'><strong>VERS.</strong></span> <span class='ocrx_word' id='word_1_10' title='bbox 555 355 640 413; x_wconf 91' lang='lat' dir='ltr'><strong>l3.</strong></span> <span class='ocrx_word' id='word_1_11' title='bbox 674 386 742 396; x_wconf 92' lang='lat'>—</span> <span class='ocrx_word' id='word_1_12' title='bbox 777 376 797 403; x_wconf 75' lang='grc' dir='ltr'>ι</span> <span class='ocrx_word' id='word_1_13' title='bbox 824 356 894 411; x_wconf 89' lang='lat' dir='ltr'><strong>Et</strong></span> <span class='ocrx_word' id='word_1_14' title='bbox 920 354 1063 410; x_wconf 90' lang='lat' dir='ltr'><strong>vidit</strong></span> <span class='ocrx_word' id='word_1_15' title='bbox 1084 353 1364 424; x_wconf 89' lang='lat' dir='ltr'><strong>Ephraim</strong></span> <span class='ocrx_word' id='word_1_16' title='bbox 1391 353 1734 425; x_wconf 82' lang='lat' dir='ltr'><strong>languorem</strong></span> <span class='ocrx_word' id='word_1_17' title='bbox 1762 367 1957 421; x_wconf 92' lang='lat' dir='ltr'><strong>suum,</strong></span> <span class='ocrx_word' id='word_1_18' title='bbox 1997 358 2046 411; x_wconf 79' lang='grc' dir='ltr'>Α</span> <span class='ocrx_word' id='word_1_19' title='bbox 2076 354 2315 421; x_wconf 91' lang='lat' dir='ltr'><strong>dicitur;</strong></span> <span class='ocrx_word' id='word_1_20' title='bbox 2388 369 2458 410; x_wconf 85' lang='lat' dir='ltr'><strong>ex</strong></span> <span class='ocrx_word' id='word_1_21' title='bbox 2521 367 2637 425; x_wconf 90' lang='lat' dir='ltr'><strong>quo</strong></span> <span class='ocrx_word' id='word_1_22' title='bbox 2681 360 2868 408; x_wconf 88' lang='lat' dir='ltr'><strong>tamen</strong></span> <span class='ocrx_word' id='word_1_23' title='bbox 2923 350 3220 421; x_wconf 89' lang='lat' dir='ltr'><strong>Ephraim,</strong></span> <span class='ocrx_word' id='word_1_24' title='bbox 3272 350 3325 405; x_wconf 99' lang='lat' dir='ltr'><strong>id</strong></span> <span class='ocrx_word' id='word_1_25' title='bbox 3372 357 3457 406; x_wconf 92' lang='lat' dir='ltr'><strong>est</strong></span> <span class='ocrx_word' id='word_1_26' title='bbox 3501 350 3778 407; x_wconf 77' lang='lat' dir='ltr'><strong>voluntas</strong></span> 
     </span>
    </p>
   </div>
   <div class='ocr_carea' id='block_1_6' title="bbox 269 428 1963 510">
    <p class='ocr_par' dir='ltr' id='par_1_6' title="bbox 269 428 1963 510">
     <span class='ocr_line' id='line_1_6' title="bbox 269 428 1963 510; baseline 0 -15"><span class='ocrx_word' id='word_1_27' title='bbox 269 464 297 495; x_wconf 77' lang='grc' dir='ltr'><strong>ι)</strong></span> <span class='ocrx_word' id='word_1_28' title='bbox 336 453 389 500; x_wconf 90' lang='lat' dir='ltr'><strong>et</strong></span> <span class='ocrx_word' id='word_1_29' title='bbox 436 444 615 500; x_wconf 80' lang='lat' dir='ltr'><strong>Iudas</strong></span> <span class='ocrx_word' id='word_1_30' title='bbox 667 428 970 497; x_wconf 81' lang='lat' dir='ltr'><strong>vinculum</strong></span> <span class='ocrx_word' id='word_1_31' title='bbox 1030 454 1225 507; x_wconf 90' lang='lat' dir='ltr'><strong>suum,</strong></span> <span class='ocrx_word' id='word_1_32' title='bbox 1277 447 1332 495; x_wconf 91' lang='lat' dir='ltr'><strong>et</strong></span> <span class='ocrx_word' id='word_1_33' title='bbox 1379 439 1519 495; x_wconf 90' lang='lat' dir='ltr'><strong>abiit</strong></span> <span class='ocrx_word' id='word_1_34' title='bbox 1571 440 1850 510; x_wconf 88' lang='lat' dir='ltr'><strong>Ephraim</strong></span> <span class='ocrx_word' id='word_1_35' title='bbox 1894 441 1963 495; x_wconf 91' lang='lat' dir='ltr'><strong>ad</strong></span> 
     </span>
    </p>
   </div>
   <div class='ocr_carea' id='block_1_7' title="bbox 268 526 1965 597">
    <p class='ocr_par' dir='ltr' id='par_1_7' title="bbox 268 526 1965 597">
     <span class='ocr_line' id='line_1_7' title="bbox 268 526 1965 597; baseline -0.002 -12"><span class='ocrx_word' id='word_1_36' title='bbox 268 552 298 585; x_wconf 71' lang='grc' dir='ltr'><strong>ιο</strong></span> <span class='ocrx_word' id='word_1_37' title='bbox 338 532 539 597; x_wconf 84' lang='lat' dir='ltr'><strong>Assur,</strong></span> <span class='ocrx_word' id='word_1_38' title='bbox 593 537 646 586; x_wconf 91' lang='lat' dir='ltr'><strong>et</strong></span> <span class='ocrx_word' id='word_1_39' title='bbox 698 528 850 583; x_wconf 90' lang='lat' dir='ltr'><strong>misit</strong></span> <span class='ocrx_word' id='word_1_40' title='bbox 900 527 970 581; x_wconf 86' lang='lat' dir='ltr'><strong>ad</strong></span> <span class='ocrx_word' id='word_1_41' title='bbox 1021 540 1212 595; x_wconf 86' lang='lat' dir='ltr'><strong>regem</strong></span> <span class='ocrx_word' id='word_1_42' title='bbox 1260 526 1522 593; x_wconf 88' lang='lat' dir='ltr'><strong>ultorem,</strong></span> <span class='ocrx_word' id='word_1_43' title='bbox 1574 532 1628 581; x_wconf 91' lang='lat' dir='ltr'><strong>et</strong></span> <span class='ocrx_word' id='word_1_44' title='bbox 1680 526 1801 596; x_wconf 85' lang='lat' dir='ltr'><strong>ipse</strong></span> <span class='ocrx_word' id='word_1_45' title='bbox 1849 540 1965 582; x_wconf 90' lang='lat' dir='ltr'><strong>non</strong></span> 
     </span>
    </p>
   </div>
   <div class='ocr_carea' id='block_1_8' title="bbox 271 612 1967 690">
    <p class='ocr_par' dir='ltr' id='par_1_8' title="bbox 271 612 1967 690">
     <span class='ocr_line' id='line_1_8' title="bbox 271 612 1967 690; baseline -0.002 -20"><span class='ocrx_word' id='word_1_46' title='bbox 271 641 299 670; x_wconf 78' lang='grc'>»</span> <span class='ocrx_word' id='word_1_47' title='bbox 342 619 546 690; x_wconf 88' lang='lat' dir='ltr'><strong>poterit</strong></span> <span class='ocrx_word' id='word_1_48' title='bbox 598 630 804 672; x_wconf 90' lang='lat' dir='ltr'><strong>sanare</strong></span> <span class='ocrx_word' id='word_1_49' title='bbox 864 629 981 677; x_wconf 82' lang='lat' dir='ltr'><strong>vos.</strong></span> <span class='ocrx_word' id='word_1_50' title='bbox 1036 628 1141 669; x_wconf 90' lang='lat' dir='ltr'><strong>nec</strong></span> <span class='ocrx_word' id='word_1_51' title='bbox 1185 612 1405 668; x_wconf 91' lang='lat' dir='ltr'><strong>solvere</strong></span> <span class='ocrx_word' id='word_1_52' title='bbox 1459 614 1667 682; x_wconf 89' lang='lat' dir='ltr'><strong>poterit</strong></span> <span class='ocrx_word' id='word_1_53' title='bbox 1721 627 1755 669; x_wconf 89' lang='lat' dir='ltr'><strong>a</strong></span> <span class='ocrx_word' id='word_1_54' title='bbox 1803 614 1967 670; x_wconf 85' lang='lat' dir='ltr'>vobis</span> 
     </span>
    </p>
   </div>
   <div class='ocr_carea' id='block_1_9' title="bbox 270 702 1963 772">
    <p class='ocr_par' dir='ltr' id='par_1_9' title="bbox 270 702 1963 772">
     <span class='ocr_line' id='line_1_9' title="bbox 270 702 1963 772; baseline -0.002 -13"><span class='ocrx_word' id='word_1_55' title='bbox 270 728 298 759; x_wconf 66' lang='grc' dir='ltr'><strong>η</strong></span> <span class='ocrx_word' id='word_1_56' title='bbox 342 706 658 762; x_wconf 87' lang='lat' dir='ltr'><strong>vinculum.</strong></span> <span class='ocrx_word' id='word_1_57' title='bbox 698 724 718 751; x_wconf 75' lang='grc' dir='ltr'><strong><em>ι</em></strong></span> <span class='ocrx_word' id='word_1_58' title='bbox 764 704 1029 772; x_wconf 84' lang='lat' dir='ltr'><strong>Ephraim</strong></span> <span class='ocrx_word' id='word_1_59' title='bbox 1078 703 1395 769; x_wconf 80' lang='lat' dir='ltr'><strong>languorem</strong></span> <span class='ocrx_word' id='word_1_60' title='bbox 1439 716 1600 756; x_wconf 87' lang='lat' dir='ltr'><strong>suum</strong></span> <span class='ocrx_word' id='word_1_61' title='bbox 1628 702 1799 769; x_wconf 80' lang='lat' dir='ltr'><strong>videt,</strong></span> <span class='ocrx_word' id='word_1_62' title='bbox 1832 715 1963 758; x_wconf 91' lang='lat' dir='ltr'><strong>cum</strong></span> 
     </span>
    </p>
   </div>
   <div class='ocr_carea' id='block_1_10' title="bbox 271 789 1966 863">
    <p class='ocr_par' dir='ltr' id='par_1_10' title="bbox 271 789 1966 863">
     <span class='ocr_line' id='line_1_10' title="bbox 271 789 1966 863; baseline -0.002 -15"><span class='ocrx_word' id='word_1_63' title='bbox 271 795 656 863; x_wconf 90' lang='lat' dir='ltr'><strong>impotentiam</strong></span> <span class='ocrx_word' id='word_1_64' title='bbox 688 799 872 847; x_wconf 89' lang='lat' dir='ltr'><strong>status</strong></span> <span class='ocrx_word' id='word_1_65' title='bbox 908 792 1018 857; x_wconf 93' lang='lat' dir='ltr'><strong>sui,</strong></span> <span class='ocrx_word' id='word_1_66' title='bbox 1057 791 1206 845; x_wconf 86' lang='lat' dir='ltr'><strong>intra</strong></span> <span class='ocrx_word' id='word_1_67' title='bbox 1237 790 1571 845; x_wconf 84' lang='lat' dir='ltr'><strong>ﬂuctuantis</strong></span> <span class='ocrx_word' id='word_1_68' title='bbox 1605 789 1966 845; x_wconf 89' lang='lat' dir='ltr'><strong>conscientia</strong></span> 
     </span>
    </p>
   </div>
   <div class='ocr_carea' id='block_1_11' title="bbox 271 877 1966 947">
    <p class='ocr_par' dir='ltr' id='par_1_11' title="bbox 271 877 1966 947">
     <span class='ocr_line' id='line_1_11' title="bbox 271 877 1966 947; baseline -0.002 -13"><span class='ocrx_word' id='word_1_69' title='bbox 271 880 461 935; x_wconf 91' lang='lat' dir='ltr'><strong>sinum</strong></span> <span class='ocrx_word' id='word_1_70' title='bbox 495 879 666 946; x_wconf 88' lang='lat' dir='ltr'><strong>fovet,</strong></span> <span class='ocrx_word' id='word_1_71' title='bbox 716 893 820 933; x_wconf 90' lang='lat' dir='ltr'><strong>nec</strong></span> <span class='ocrx_word' id='word_1_72' title='bbox 851 879 1018 933; x_wconf 90' lang='lat' dir='ltr'><strong>reniti</strong></span> <span class='ocrx_word' id='word_1_73' title='bbox 1056 877 1362 947; x_wconf 90' lang='lat' dir='ltr'><strong>pravalet;</strong></span> <span class='ocrx_word' id='word_1_74' title='bbox 1399 882 1449 931; x_wconf 89' lang='lat' dir='ltr'><strong>et</strong></span> <span class='ocrx_word' id='word_1_75' title='bbox 1484 877 1658 932; x_wconf 86' lang='lat' dir='ltr'><strong>Judas</strong></span> <span class='ocrx_word' id='word_1_76' title='bbox 1688 878 1966 932; x_wconf 82' lang='lat' dir='ltr'><strong>vinculum</strong></span> 
     </span>
    </p>
   </div>
   <div class='ocr_carea' id='block_1_12' title="bbox 272 965 1968 1036">
    <p class='ocr_par' dir='ltr' id='par_1_12' title="bbox 272 965 1968 1036">
     <span class='ocr_line' id='line_1_12' title="bbox 272 965 1968 1036; baseline -0.002 -15"><span class='ocrx_word' id='word_1_77' title='bbox 272 983 432 1022; x_wconf 87' lang='lat' dir='ltr'><strong>suum</strong></span> <span class='ocrx_word' id='word_1_78' title='bbox 467 967 688 1036; x_wconf 84' lang='lat' dir='ltr'><strong>aspicit,</strong></span> <span class='ocrx_word' id='word_1_79' title='bbox 740 966 880 1021; x_wconf 92' lang='lat' dir='ltr'><strong>dum</strong></span> <span class='ocrx_word' id='word_1_80' title='bbox 914 965 1038 1034; x_wconf 88' lang='lat' dir='ltr'><strong>ipsa</strong></span> <span class='ocrx_word' id='word_1_81' title='bbox 1083 965 1228 1020; x_wconf 83' lang='lat' dir='ltr'><strong>ratio</strong></span> <span class='ocrx_word' id='word_1_82' title='bbox 1259 966 1487 1034; x_wconf 89' lang='lat' dir='ltr'><strong>penitus</strong></span> <span class='ocrx_word' id='word_1_83' title='bbox 1516 965 1790 1036; x_wconf 90' lang='lat' dir='ltr'><strong>obligata,</strong></span> <span class='ocrx_word' id='word_1_84' title='bbox 1832 972 1887 1020; x_wconf 92' lang='lat' dir='ltr'><strong>et</strong></span> <span class='ocrx_word' id='word_1_85' title='bbox 1934 978 1968 1018; x_wconf 90' lang='lat' dir='ltr'><strong>a</strong></span> 
     </span>
    </p>
   </div>
   <div class='ocr_carea' id='block_1_13' title="bbox 273 1052 1968 1125">
    <p class='ocr_par' dir='ltr' id='par_1_13' title="bbox 273 1052 1968 1125">
     <span class='ocr_line' id='line_1_13' title="bbox 273 1052 1968 1125; baseline -0.002 -14"><span class='ocrx_word' id='word_1_86' title='bbox 273 1070 377 1112; x_wconf 89' lang='lat' dir='ltr'><strong>suo</strong></span> <span class='ocrx_word' id='word_1_87' title='bbox 440 1053 570 1125; x_wconf 87' lang='lat' dir='ltr'><strong>jure</strong></span> <span class='ocrx_word' id='word_1_88' title='bbox 630 1054 923 1119; x_wconf 88' lang='lat' dir='ltr'><strong>distracta,</strong></span> <span class='ocrx_word' id='word_1_89' title='bbox 992 1052 1141 1108; x_wconf 90' lang='lat' dir='ltr'><strong>vires</strong></span> <span class='ocrx_word' id='word_1_90' title='bbox 1204 1052 1532 1107; x_wconf 91' lang='lat' dir='ltr'><strong>nullomodo</strong></span> <span class='ocrx_word' id='word_1_91' title='bbox 1598 1053 1968 1108; x_wconf 82' lang='lat' dir='ltr'><strong>confessionis</strong></span> 
     </span>
    </p>
   </div>
   <div class='ocr_carea' id='block_1_14' title="bbox 272 1140 1968 1210">
    <p class='ocr_par' dir='ltr' id='par_1_14' title="bbox 272 1140 1968 1210">
     <span class='ocr_line' id='line_1_14' title="bbox 272 1140 1968 1210; baseline -0.004 -10"><span class='ocrx_word' id='word_1_92' title='bbox 272 1143 473 1200; x_wconf 83' lang='lat' dir='ltr'><strong>exerit.</strong></span> <span class='ocrx_word' id='word_1_93' title='bbox 519 1141 703 1197; x_wconf 88' lang='lat' dir='ltr'><strong>Assur</strong></span> <span class='ocrx_word' id='word_1_94' title='bbox 749 1141 1162 1210; x_wconf 75' lang='lat' dir='ltr'><strong>interpretatur</strong></span> <span class='ocrx_word' id='word_1_95' title='bbox 1210 1141 1361 1206; x_wconf 84' lang='lat' dir='ltr'><strong>aula,</strong></span> <span class='ocrx_word' id='word_1_96' title='bbox 1412 1147 1466 1194; x_wconf 89' lang='lat' dir='ltr'><strong>et</strong></span> <span class='ocrx_word' id='word_1_97' title='bbox 1523 1140 1666 1209; x_wconf 89' lang='lat' dir='ltr'><strong>quid</strong></span> <span class='ocrx_word' id='word_1_98' title='bbox 1710 1154 1811 1209; x_wconf 89' lang='lat' dir='ltr'><strong>per</strong></span> <span class='ocrx_word' id='word_1_99' title='bbox 1856 1152 1968 1193; x_wconf 90' lang='lat' dir='ltr'><strong>au—</strong></span> 
     </span>
    </p>
   </div>
   <div class='ocr_carea' id='block_1_15' title="bbox 275 1226 1969 1298">
    <p class='ocr_par' dir='ltr' id='par_1_15' title="bbox 275 1226 1969 1298">
     <span class='ocr_line' id='line_1_15' title="bbox 275 1226 1969 1298; baseline -0.004 -11"><span class='ocrx_word' id='word_1_100' title='bbox 275 1232 411 1296; x_wconf 85' lang='lat' dir='ltr'><strong>lam,</strong></span> <span class='ocrx_word' id='word_1_101' title='bbox 447 1229 557 1285; x_wconf 87' lang='lat' dir='ltr'><strong>nisi</strong></span> <span class='ocrx_word' id='word_1_102' title='bbox 607 1229 881 1298; x_wconf 87' lang='lat' dir='ltr'><strong>strepitus</strong></span> <span class='ocrx_word' id='word_1_103' title='bbox 930 1226 1256 1296; x_wconf 87' lang='lat' dir='ltr'><strong>temporalis</strong></span> <span class='ocrx_word' id='word_1_104' title='bbox 1303 1226 1550 1282; x_wconf 90' lang='lat' dir='ltr'><strong>lascivia</strong></span> <span class='ocrx_word' id='word_1_105' title='bbox 1600 1228 1969 1298; x_wconf 81' lang='lat' dir='ltr'><strong>designatur?</strong></span> 
     </span>
    </p>
   </div>
   <div class='ocr_carea' id='block_1_16' title="bbox 274 1312 1968 1383">
    <p class='ocr_par' dir='ltr' id='par_1_16' title="bbox 274 1312 1968 1383">
     <span class='ocr_line' id='line_1_16' title="bbox 274 1312 1968 1383; baseline -0.004 -10"><span class='ocrx_word' id='word_1_106' title='bbox 274 1317 432 1373; x_wconf 88' lang='lat' dir='ltr'><strong>Talia</strong></span> <span class='ocrx_word' id='word_1_107' title='bbox 478 1317 630 1372; x_wconf 92' lang='lat' dir='ltr'><strong>enim</strong></span> <span class='ocrx_word' id='word_1_108' title='bbox 691 1315 750 1369; x_wconf 89' lang='lat' dir='ltr'><strong>in</strong></span> <span class='ocrx_word' id='word_1_109' title='bbox 806 1313 956 1369; x_wconf 91' lang='lat' dir='ltr'><strong>aulis</strong></span> <span class='ocrx_word' id='word_1_110' title='bbox 1005 1312 1332 1382; x_wconf 90' lang='lat' dir='ltr'><strong>spectacula</strong></span> <span class='ocrx_word' id='word_1_111' title='bbox 1397 1313 1636 1369; x_wconf 80' lang='lat' dir='ltr'><strong>fervent.</strong></span> <span class='ocrx_word' id='word_1_112' title='bbox 1708 1314 1968 1383; x_wconf 82' lang='lat' dir='ltr'><strong>Ephraim</strong></span> 
     </span>
    </p>
   </div>
   <div class='ocr_carea' id='block_1_17' title="bbox 275 1398 1972 1474">
    <p class='ocr_par' dir='ltr' id='par_1_17' title="bbox 275 1398 1972 1474">
     <span class='ocr_line' id='line_1_17' title="bbox 275 1398 1972 1474; baseline -0.002 -15"><span class='ocrx_word' id='word_1_113' title='bbox 275 1417 412 1474; x_wconf 90' lang='lat' dir='ltr'><strong>ergo</strong></span> <span class='ocrx_word' id='word_1_114' title='bbox 452 1403 527 1456; x_wconf 88' lang='lat' dir='ltr'><strong>ad</strong></span> <span class='ocrx_word' id='word_1_115' title='bbox 573 1403 759 1455; x_wconf 87' lang='lat' dir='ltr'><strong>aulam</strong></span> <span class='ocrx_word' id='word_1_116' title='bbox 808 1400 944 1466; x_wconf 89' lang='lat' dir='ltr'><strong>abit,</strong></span> <span class='ocrx_word' id='word_1_117' title='bbox 978 1413 1110 1454; x_wconf 90' lang='lat' dir='ltr'><strong>cum</strong></span> <span class='ocrx_word' id='word_1_118' title='bbox 1154 1398 1532 1455; x_wconf 88' lang='lat' dir='ltr'><strong>sacularibus</strong></span> <span class='ocrx_word' id='word_1_119' title='bbox 1564 1399 1907 1456; x_wconf 90' lang='lat' dir='ltr'><strong>intendendo</strong></span> <span class='ocrx_word' id='word_1_120' title='bbox 1937 1414 1972 1455; x_wconf 91' lang='lat' dir='ltr'><strong>a</strong></span> 
     </span>
    </p>
   </div>
   <div class='ocr_carea' id='block_1_18' title="bbox 276 1486 1972 1556">
    <p class='ocr_par' dir='ltr' id='par_1_18' title="bbox 276 1486 1972 1556">
     <span class='ocr_line' id='line_1_18' title="bbox 276 1486 1972 1556; baseline 0 -14"><span class='ocrx_word' id='word_1_121' title='bbox 276 1489 364 1543; x_wconf 94' lang='lat' dir='ltr'><strong>sui</strong></span> <span class='ocrx_word' id='word_1_122' title='bbox 397 1500 539 1542; x_wconf 90' lang='lat' dir='ltr'><strong>cura</strong></span> <span class='ocrx_word' id='word_1_123' title='bbox 563 1501 623 1542; x_wconf 88' lang='lat' dir='ltr'><strong>se</strong></span> <span class='ocrx_word' id='word_1_124' title='bbox 653 1486 874 1542; x_wconf 86' lang='lat' dir='ltr'><strong>dividit.</strong></span> <span class='ocrx_word' id='word_1_125' title='bbox 913 1487 1081 1541; x_wconf 85' lang='lat' dir='ltr'><strong>Mittit</strong></span> <span class='ocrx_word' id='word_1_126' title='bbox 1100 1486 1175 1540; x_wconf 85' lang='lat' dir='ltr'><strong>ad</strong></span> <span class='ocrx_word' id='word_1_127' title='bbox 1211 1501 1390 1553; x_wconf 83' lang='lat' dir='ltr'><strong>regem</strong></span> <span class='ocrx_word' id='word_1_128' title='bbox 1410 1487 1660 1548; x_wconf 87' lang='lat' dir='ltr'><strong>ulto-rem,</strong></span> <span class='ocrx_word' id='word_1_129' title='bbox 1689 1501 1819 1541; x_wconf 92' lang='lat' dir='ltr'><strong>cum</strong></span> <span class='ocrx_word' id='word_1_130' title='bbox 1850 1501 1972 1556; x_wconf 90' lang='lat' dir='ltr'><strong>pes-</strong></span> 
     </span>
    </p>
   </div>
   <div class='ocr_carea' id='block_1_19' title="bbox 278 1573 1966 1644">
    <p class='ocr_par' dir='ltr' id='par_1_19' title="bbox 278 1573 1966 1644">
     <span class='ocr_line' id='line_1_19' title="bbox 278 1573 1966 1644; baseline 0 -14"><span class='ocrx_word' id='word_1_131' title='bbox 278 1574 406 1630; x_wconf 90' lang='lat' dir='ltr'><strong>simi</strong></span> <span class='ocrx_word' id='word_1_132' title='bbox 455 1575 890 1630; x_wconf 88' lang='lat' dir='ltr'><strong>destinationem</strong></span> <span class='ocrx_word' id='word_1_133' title='bbox 941 1573 1205 1628; x_wconf 87' lang='lat' dir='ltr'><strong>desiderii</strong></span> <span class='ocrx_word' id='word_1_134' title='bbox 1261 1575 1333 1629; x_wconf 91' lang='lat' dir='ltr'><strong>ad</strong></span> <span class='ocrx_word' id='word_1_135' title='bbox 1399 1574 1696 1629; x_wconf 85' lang='lat' dir='ltr'><strong>diabolum</strong></span> <span class='ocrx_word' id='word_1_136' title='bbox 1750 1576 1966 1644; x_wconf 75' lang='lat' dir='ltr'><strong>dirigit,</strong></span> 
     </span>
    </p>
   </div>
   <div class='ocr_carea' id='block_1_20' title="bbox 2071 439 3773 511">
    <p class='ocr_par' dir='ltr' id='par_1_20' title="bbox 2071 439 3773 511">
     <span class='ocr_line' id='line_1_20' title="bbox 2071 439 3773 511; baseline -0.003 -12"><span class='ocrx_word' id='word_1_137' title='bbox 2071 452 2267 499; x_wconf 88' lang='lat' dir='ltr'><strong>nostra</strong></span> <span class='ocrx_word' id='word_1_138' title='bbox 2326 444 2715 511; x_wconf 87' lang='lat' dir='ltr'><strong>undecunque</strong></span> <span class='ocrx_word' id='word_1_139' title='bbox 2767 440 3135 509; x_wconf 84' lang='lat' dir='ltr'><strong>discerpitur.</strong></span> <span class='ocrx_word' id='word_1_140' title='bbox 3187 439 3350 495; x_wconf 85' lang='lat' dir='ltr'><strong>Juda</strong></span> <span class='ocrx_word' id='word_1_141' title='bbox 3406 440 3773 509; x_wconf 88' lang='lat' dir='ltr'><strong>postmodum</strong></span> 
     </span>
    </p>
   </div>
   <div class='ocr_carea' id='block_1_21' title="bbox 2072 526 3776 599">
    <p class='ocr_par' dir='ltr' id='par_1_21' title="bbox 2072 526 3776 599">
     <span class='ocr_line' id='line_1_21' title="bbox 2072 526 3776 599; baseline -0.002 -13"><span class='ocrx_word' id='word_1_142' title='bbox 2072 530 2302 586; x_wconf 89' lang='lat' dir='ltr'><strong>catulus</strong></span> <span class='ocrx_word' id='word_1_143' title='bbox 2332 530 2510 585; x_wconf 90' lang='lat' dir='ltr'><strong>leonis</strong></span> <span class='ocrx_word' id='word_1_144' title='bbox 2538 529 2810 595; x_wconf 90' lang='lat' dir='ltr'><strong>occurrit,</strong></span> <span class='ocrx_word' id='word_1_145' title='bbox 2862 528 3001 599; x_wconf 86' lang='lat' dir='ltr'><strong>quia</strong></span> <span class='ocrx_word' id='word_1_146' title='bbox 3042 526 3232 582; x_wconf 89' lang='lat' dir='ltr'><strong>tenuis</strong></span> <span class='ocrx_word' id='word_1_147' title='bbox 3277 528 3441 583; x_wconf 87' lang='lat' dir='ltr'><strong>valde</strong></span> <span class='ocrx_word' id='word_1_148' title='bbox 3481 535 3564 583; x_wconf 91' lang='lat' dir='ltr'><strong>est</strong></span> <span class='ocrx_word' id='word_1_149' title='bbox 3611 542 3776 583; x_wconf 89' lang='lat' dir='ltr'><strong>vere-</strong></span> 
     </span>
    </p>
   </div>
   <div class='ocr_carea' id='block_1_22' title="bbox 2074 614 3778 688">
    <p class='ocr_par' dir='ltr' id='par_1_22' title="bbox 2074 614 3778 688">
     <span class='ocr_line' id='line_1_22' title="bbox 2074 614 3778 688; baseline -0.002 -14"><span class='ocrx_word' id='word_1_150' title='bbox 2074 620 2285 675; x_wconf 86' lang='lat' dir='ltr'><strong>cundia</strong></span> <span class='ocrx_word' id='word_1_151' title='bbox 2317 633 2447 688; x_wconf 89' lang='lat' dir='ltr'><strong>qua</strong></span> <span class='ocrx_word' id='word_1_152' title='bbox 2478 618 2722 688; x_wconf 64' lang='lat' dir='ltr'><strong>gratiam</strong></span> <span class='ocrx_word' id='word_1_153' title='bbox 2755 616 3130 672; x_wconf 77' lang='lat' dir='ltr'><strong>confessionis</strong></span> <span class='ocrx_word' id='word_1_154' title='bbox 3171 614 3528 685; x_wconf 79' lang='lat' dir='ltr'><strong>exstinguit;</strong></span> <span class='ocrx_word' id='word_1_155' title='bbox 3581 615 3778 671; x_wconf 91' lang='lat' dir='ltr'><strong>tenuis</strong></span> 
     </span>
    </p>
   </div>
   <div class='ocr_carea' id='block_1_23' title="bbox 2075 703 3776 775">
    <p class='ocr_par' dir='ltr' id='par_1_23' title="bbox 2075 703 3776 775">
     <span class='ocr_line' id='line_1_23' title="bbox 2075 703 3776 775; baseline -0.001 -15"><span class='ocrx_word' id='word_1_156' title='bbox 2075 706 2262 775; x_wconf 89' lang='lat' dir='ltr'><strong>plane,</strong></span> <span class='ocrx_word' id='word_1_157' title='bbox 2296 707 2436 775; x_wconf 87' lang='lat' dir='ltr'><strong>quia</strong></span> <span class='ocrx_word' id='word_1_158' title='bbox 2482 718 2613 759; x_wconf 89' lang='lat' dir='ltr'><strong>mox</strong></span> <span class='ocrx_word' id='word_1_159' title='bbox 2648 712 2711 759; x_wconf 90' lang='lat' dir='ltr'><strong>ut</strong></span> <span class='ocrx_word' id='word_1_160' title='bbox 2747 704 3132 772; x_wconf 79' lang='lat' dir='ltr'><strong>praeordialis</strong></span> <span class='ocrx_word' id='word_1_161' title='bbox 3164 703 3220 757; x_wconf 91' lang='lat' dir='ltr'><strong>in</strong></span> <span class='ocrx_word' id='word_1_162' title='bbox 3265 703 3457 758; x_wconf 90' lang='lat' dir='ltr'><strong>animo</strong></span> <span class='ocrx_word' id='word_1_163' title='bbox 3494 704 3776 773; x_wconf 75' lang='lat' dir='ltr'><strong>poeniten-</strong></span> 
     </span>
    </p>
   </div>
   <div class='ocr_carea' id='block_1_24' title="bbox 2076 792 3779 861">
    <p class='ocr_par' dir='ltr' id='par_1_24' title="bbox 2076 792 3779 861">
     <span class='ocr_line' id='line_1_24' title="bbox 2076 792 3779 861; baseline -0.001 -13"><span class='ocrx_word' id='word_1_164' title='bbox 2076 794 2167 848; x_wconf 90' lang='lat' dir='ltr'><strong>tia</strong></span> <span class='ocrx_word' id='word_1_165' title='bbox 2209 792 2457 849; x_wconf 90' lang='lat' dir='ltr'><strong>scintilla</strong></span> <span class='ocrx_word' id='word_1_166' title='bbox 2489 792 2772 858; x_wconf 90' lang='lat' dir='ltr'><strong>micuerit,</strong></span> <span class='ocrx_word' id='word_1_167' title='bbox 2821 793 3003 861; x_wconf 90' lang='lat' dir='ltr'><strong>prima</strong></span> <span class='ocrx_word' id='word_1_168' title='bbox 3035 792 3186 848; x_wconf 90' lang='lat' dir='ltr'><strong>illico</strong></span> <span class='ocrx_word' id='word_1_169' title='bbox 3216 794 3526 849; x_wconf 88' lang='lat' dir='ltr'><strong>confitendi</strong></span> <span class='ocrx_word' id='word_1_170' title='bbox 3560 793 3779 849; x_wconf 89' lang='lat' dir='ltr'><strong>volun--</strong></span> 
     </span>
    </p>
   </div>
   <div class='ocr_carea' id='block_1_25' title="bbox 2074 879 3777 950">
    <p class='ocr_par' dir='ltr' id='par_1_25' title="bbox 2074 879 3777 950">
     <span class='ocr_line' id='line_1_25' title="bbox 2074 879 3777 950; baseline -0.001 -13"><span class='ocrx_word' id='word_1_171' title='bbox 2074 889 2161 937; x_wconf 86' lang='lat' dir='ltr'><strong>tas</strong></span> <span class='ocrx_word' id='word_1_172' title='bbox 2207 882 2356 937; x_wconf 92' lang='lat' dir='ltr'><strong>ultro</strong></span> <span class='ocrx_word' id='word_1_173' title='bbox 2411 895 2469 936; x_wconf 90' lang='lat' dir='ltr'><strong>se</strong></span> <span class='ocrx_word' id='word_1_174' title='bbox 2525 879 2764 950; x_wconf 83' lang='lat' dir='ltr'><strong>ingerit;</strong></span> <span class='ocrx_word' id='word_1_175' title='bbox 2813 881 2963 935; x_wconf 80' lang='lat' dir='ltr'><strong>sicut</strong></span> <span class='ocrx_word' id='word_1_176' title='bbox 3006 881 3158 935; x_wconf 89' lang='lat' dir='ltr'><strong>enim</strong></span> <span class='ocrx_word' id='word_1_177' title='bbox 3212 880 3362 949; x_wconf 84' lang='lat' dir='ltr'><strong>ignis</strong></span> <span class='ocrx_word' id='word_1_178' title='bbox 3415 881 3535 937; x_wconf 91' lang='lat' dir='ltr'><strong>sine</strong></span> <span class='ocrx_word' id='word_1_179' title='bbox 3584 880 3777 935; x_wconf 88' lang='lat' dir='ltr'><strong>calore</strong></span> 
     </span>
    </p>
   </div>
   <div class='ocr_carea' id='block_1_26' title="bbox 2074 964 3778 1037">
    <p class='ocr_par' dir='ltr' id='par_1_26' title="bbox 2074 964 3778 1037">
     <span class='ocr_line' id='line_1_26' title="bbox 2074 964 3778 1037; baseline -0.004 -12"><span class='ocrx_word' id='word_1_180' title='bbox 2074 984 2194 1025; x_wconf 90' lang='lat' dir='ltr'><strong>esse</strong></span> <span class='ocrx_word' id='word_1_181' title='bbox 2226 984 2341 1023; x_wconf 91' lang='lat' dir='ltr'><strong>non</strong></span> <span class='ocrx_word' id='word_1_182' title='bbox 2387 975 2588 1037; x_wconf 90' lang='lat' dir='ltr'><strong>potest,</strong></span> <span class='ocrx_word' id='word_1_183' title='bbox 2645 967 2725 1021; x_wconf 88' lang='lat' dir='ltr'><strong>ita</strong></span> <span class='ocrx_word' id='word_1_184' title='bbox 2769 966 3064 1036; x_wconf 78' lang='lat' dir='ltr'><strong>panitudo</strong></span> <span class='ocrx_word' id='word_1_185' title='bbox 3109 967 3332 1021; x_wconf 90' lang='lat' dir='ltr'><strong>sincera</strong></span> <span class='ocrx_word' id='word_1_186' title='bbox 3387 965 3509 1021; x_wconf 90' lang='lat' dir='ltr'><strong>sine</strong></span> <span class='ocrx_word' id='word_1_187' title='bbox 3557 964 3778 1022; x_wconf 88' lang='lat' dir='ltr'><strong>confes-</strong></span> 
     </span>
    </p>
   </div>
   <div class='ocr_carea' id='block_1_27' title="bbox 2073 1054 2840 1111">
    <p class='ocr_par' dir='ltr' id='par_1_27' title="bbox 2073 1054 2840 1111">
     <span class='ocr_line' id='line_1_27' title="bbox 2073 1054 2840 1111; baseline -0.007 0"><span class='ocrx_word' id='word_1_188' title='bbox 2073 1056 2249 1111; x_wconf 91' lang='lat' dir='ltr'><strong>sionis</strong></span> <span class='ocrx_word' id='word_1_189' title='bbox 2280 1054 2558 1110; x_wconf 89' lang='lat' dir='ltr'><strong>desiderio</strong></span> <span class='ocrx_word' id='word_1_190' title='bbox 2590 1068 2702 1109; x_wconf 91' lang='lat' dir='ltr'><strong>non</strong></span> <span class='ocrx_word' id='word_1_191' title='bbox 2737 1063 2840 1109; x_wconf 88' lang='lat' dir='ltr'><strong>est.</strong></span> 
     </span>
    </p>
   </div>
   <div class='ocr_carea' id='block_1_28' title="bbox 2149 1141 3778 1211">
    <p class='ocr_par' dir='ltr' id='par_1_28' title="bbox 2149 1141 3778 1211">
     <span class='ocr_line' id='line_1_28' title="bbox 2149 1141 3778 1211; baseline 0.001 -18"><span class='ocrx_word' id='word_1_192' title='bbox 2149 1161 2176 1193; x_wconf 75' lang='grc' dir='ltr'><strong>α</strong></span> <span class='ocrx_word' id='word_1_193' title='bbox 2212 1143 2361 1199; x_wconf 90' lang='lat' dir='ltr'><strong>Ecce</strong></span> <span class='ocrx_word' id='word_1_194' title='bbox 2389 1157 2493 1211; x_wconf 88' lang='lat' dir='ltr'><strong>ego</strong></span> <span class='ocrx_word' id='word_1_195' title='bbox 2537 1143 2756 1210; x_wconf 89' lang='lat' dir='ltr'><strong>capiam</strong></span> <span class='ocrx_word' id='word_1_196' title='bbox 2811 1149 2866 1196; x_wconf 90' lang='lat' dir='ltr'><strong>et</strong></span> <span class='ocrx_word' id='word_1_197' title='bbox 2898 1141 3130 1210; x_wconf 90' lang='lat' dir='ltr'><strong>vadam,</strong></span> <span class='ocrx_word' id='word_1_198' title='bbox 3181 1141 3374 1196; x_wconf 90' lang='lat' dir='ltr'><strong>tollam</strong></span> <span class='ocrx_word' id='word_1_199' title='bbox 3426 1148 3480 1195; x_wconf 91' lang='lat' dir='ltr'><strong>et</strong></span> <span class='ocrx_word' id='word_1_200' title='bbox 3526 1154 3642 1195; x_wconf 91' lang='lat' dir='ltr'><strong>non</strong></span> <span class='ocrx_word' id='word_1_201' title='bbox 3688 1149 3778 1195; x_wconf 89' lang='lat' dir='ltr'><strong>est</strong></span> 
     </span>
    </p>
   </div>
   <div class='ocr_carea' id='block_1_29' title="bbox 2082 1228 3779 1300">
    <p class='ocr_par' dir='ltr' id='par_1_29' title="bbox 2082 1228 3779 1300">
     <span class='ocr_line' id='line_1_29' title="bbox 2082 1228 3779 1300; baseline -0.001 -15"><span class='ocrx_word' id='word_1_202' title='bbox 2082 1251 2103 1277; x_wconf 73' lang='grc' dir='ltr'><strong>ι</strong></span> <span class='ocrx_word' id='word_1_203' title='bbox 2148 1231 2249 1300; x_wconf 91' lang='lat' dir='ltr'><strong>qui</strong></span> <span class='ocrx_word' id='word_1_204' title='bbox 2303 1238 2490 1286; x_wconf 89' lang='lat' dir='ltr'><strong>eruat.</strong></span> <span class='ocrx_word' id='word_1_205' title='bbox 2552 1252 2571 1277; x_wconf 75' lang='grc' dir='ltr'><strong>ι</strong></span> <span class='ocrx_word' id='word_1_206' title='bbox 2635 1230 2786 1284; x_wconf 89' lang='lat' dir='ltr'><strong>Deus</strong></span> <span class='ocrx_word' id='word_1_207' title='bbox 2840 1229 2991 1298; x_wconf 90' lang='lat' dir='ltr'><strong>capit</strong></span> <span class='ocrx_word' id='word_1_208' title='bbox 3053 1244 3185 1284; x_wconf 91' lang='lat' dir='ltr'><strong>cum</strong></span> <span class='ocrx_word' id='word_1_209' title='bbox 3220 1237 3468 1284; x_wconf 90' lang='lat' dir='ltr'><strong>mentem</strong></span> <span class='ocrx_word' id='word_1_210' title='bbox 3508 1243 3542 1283; x_wconf 92' lang='lat' dir='ltr'><strong>a</strong></span> <span class='ocrx_word' id='word_1_211' title='bbox 3587 1228 3779 1299; x_wconf 91' lang='lat' dir='ltr'><strong>seipsa</strong></span> 
     </span>
    </p>
   </div>
   <div class='ocr_carea' id='block_1_30' title="bbox 2076 1315 3777 1387">
    <p class='ocr_par' dir='ltr' id='par_1_30' title="bbox 2076 1315 3777 1387">
     <span class='ocr_line' id='line_1_30' title="bbox 2076 1315 3777 1387; baseline -0.002 -14"><span class='ocrx_word' id='word_1_212' title='bbox 2076 1325 2419 1387; x_wconf 88' lang='lat' dir='ltr'><strong>evagantem</strong></span> <span class='ocrx_word' id='word_1_213' title='bbox 2483 1324 2667 1371; x_wconf 92' lang='lat' dir='ltr'><strong>metus</strong></span> <span class='ocrx_word' id='word_1_214' title='bbox 2722 1329 2971 1384; x_wconf 89' lang='lat' dir='ltr'><strong>superne</strong></span> <span class='ocrx_word' id='word_1_215' title='bbox 3019 1315 3390 1371; x_wconf 79' lang='lat' dir='ltr'><strong>districtionis</strong></span> <span class='ocrx_word' id='word_1_216' title='bbox 3456 1315 3777 1385; x_wconf 86' lang='lat' dir='ltr'><strong>intercipit;</strong></span> 
     </span>
    </p>
   </div>
   <div class='ocr_carea' id='block_1_31' title="bbox 2076 1403 3779 1462">
    <p class='ocr_par' dir='ltr' id='par_1_31' title="bbox 2076 1403 3779 1462">
     <span class='ocr_line' id='line_1_31' title="bbox 2076 1403 3779 1462; baseline -0.002 0"><span class='ocrx_word' id='word_1_217' title='bbox 2076 1406 2235 1462; x_wconf 89' lang='lat' dir='ltr'><strong>vadit</strong></span> <span class='ocrx_word' id='word_1_218' title='bbox 2293 1421 2427 1461; x_wconf 91' lang='lat' dir='ltr'><strong>cum</strong></span> <span class='ocrx_word' id='word_1_219' title='bbox 2486 1419 2519 1459; x_wconf 93' lang='lat' dir='ltr'><strong>a</strong></span> <span class='ocrx_word' id='word_1_220' title='bbox 2570 1405 2743 1460; x_wconf 90' lang='lat' dir='ltr'><strong>veteri</strong></span> <span class='ocrx_word' id='word_1_221' title='bbox 2803 1417 2995 1459; x_wconf 89' lang='lat' dir='ltr'><strong>errore</strong></span> <span class='ocrx_word' id='word_1_222' title='bbox 3047 1403 3206 1459; x_wconf 88' lang='lat' dir='ltr'><strong>abire</strong></span> <span class='ocrx_word' id='word_1_223' title='bbox 3266 1418 3368 1459; x_wconf 91' lang='lat' dir='ltr'><strong>nos</strong></span> <span class='ocrx_word' id='word_1_224' title='bbox 3422 1404 3573 1460; x_wconf 83' lang='lat' dir='ltr'><strong>facit.</strong></span> <span class='ocrx_word' id='word_1_225' title='bbox 3628 1404 3779 1459; x_wconf 88' lang='lat' dir='ltr'><strong>Ecce</strong></span> 
     </span>
    </p>
   </div>
   <div class='ocr_carea' id='block_1_32' title="bbox 2078 1491 3775 1560">
    <p class='ocr_par' dir='ltr' id='par_1_32' title="bbox 2078 1491 3775 1560">
     <span class='ocr_line' id='line_1_32' title="bbox 2078 1491 3775 1560; baseline -0.002 -10"><span class='ocrx_word' id='word_1_226' title='bbox 2078 1503 2270 1550; x_wconf 90' lang='lat' dir='ltr'><strong>autem</strong></span> <span class='ocrx_word' id='word_1_227' title='bbox 2348 1502 2617 1549; x_wconf 86' lang='lat' dir='ltr'><strong>eventum</strong></span> <span class='ocrx_word' id='word_1_228' title='bbox 2688 1492 2998 1560; x_wconf 87' lang='lat' dir='ltr'><strong>repentina</strong></span> <span class='ocrx_word' id='word_1_229' title='bbox 3060 1491 3423 1560; x_wconf 85' lang='lat' dir='ltr'><strong>aspirationis</strong></span> <span class='ocrx_word' id='word_1_230' title='bbox 3496 1492 3775 1547; x_wconf 88' lang='lat' dir='ltr'><strong>insinuat.</strong></span> 
     </span>
    </p>
   </div>
   <div class='ocr_carea' id='block_1_33' title="bbox 2079 1577 3783 1648">
    <p class='ocr_par' dir='ltr' id='par_1_33' title="bbox 2079 1577 3783 1648">
     <span class='ocr_line' id='line_1_33' title="bbox 2079 1577 3783 1648; baseline -0.001 -14"><span class='ocrx_word' id='word_1_231' title='bbox 2079 1580 2243 1634; x_wconf 85' lang='lat' dir='ltr'><strong>Tales</strong></span> <span class='ocrx_word' id='word_1_232' title='bbox 2272 1587 2407 1634; x_wconf 91' lang='lat' dir='ltr'><strong>sunt</strong></span> <span class='ocrx_word' id='word_1_233' title='bbox 2441 1580 2607 1648; x_wconf 86' lang='lat' dir='ltr'><strong>plane</strong></span> <span class='ocrx_word' id='word_1_234' title='bbox 2638 1579 2909 1633; x_wconf 85' lang='lat' dir='ltr'><strong>humana</strong></span> <span class='ocrx_word' id='word_1_235' title='bbox 2943 1577 3146 1632; x_wconf 92' lang='lat' dir='ltr'><strong>mentis</strong></span> <span class='ocrx_word' id='word_1_236' title='bbox 3176 1591 3364 1645; x_wconf 89' lang='lat' dir='ltr'><strong>casus,</strong></span> <span class='ocrx_word' id='word_1_237' title='bbox 3400 1586 3463 1633; x_wconf 91' lang='lat' dir='ltr'><strong>ut</strong></span> <span class='ocrx_word' id='word_1_238' title='bbox 3493 1579 3595 1648; x_wconf 92' lang='lat' dir='ltr'><strong>qui</strong></span> <span class='ocrx_word' id='word_1_239' title='bbox 3625 1587 3783 1634; x_wconf 88' lang='lat' dir='ltr'><strong>stare</strong></span> 
     </span>
    </p>
   </div>
   <div class='ocr_carea' id='block_1_34' title="bbox 281 1646 3779 1735">
    <p class='ocr_par' dir='ltr' id='par_1_34' title="bbox 281 1646 3779 1735">
     <span class='ocr_line' id='line_1_34' title="bbox 281 1646 3779 1735; baseline 0.001 -19"><span class='ocrx_word' id='word_1_240' title='bbox 281 1663 448 1733; x_wconf 89' lang='lat' dir='ltr'><strong>plane</strong></span> <span class='ocrx_word' id='word_1_241' title='bbox 477 1662 938 1717; x_wconf 91' lang='lat' dir='ltr'><strong>crudelissimum</strong></span> <span class='ocrx_word' id='word_1_242' title='bbox 976 1662 1152 1731; x_wconf 87' lang='lat' dir='ltr'><strong>hujus</strong></span> <span class='ocrx_word' id='word_1_243' title='bbox 1180 1674 1300 1715; x_wconf 87' lang='lat' dir='ltr'><strong>sua</strong></span> <span class='ocrx_word' id='word_1_244' title='bbox 1331 1661 1666 1716; x_wconf 89' lang='lat' dir='ltr'><strong>desertionis</strong></span> <span class='ocrx_word' id='word_1_245' title='bbox 1704 1662 1968 1729; x_wconf 89' lang='lat' dir='ltr'><strong>ultorem,</strong></span> <span class='ocrx_word' id='word_1_246' title='bbox 2014 1646 2051 1698; x_wconf 81' lang='grc' dir='ltr'>Β</span> <span class='ocrx_word' id='word_1_247' title='bbox 2083 1681 2243 1722; x_wconf 89' lang='lat' dir='ltr'><strong>nunc</strong></span> <span class='ocrx_word' id='word_1_248' title='bbox 2289 1646 2541 1735; x_wconf 66' lang='lat' dir='ltr'><strong>crepet-it,</strong></span> <span class='ocrx_word' id='word_1_249' title='bbox 2578 1665 2927 1719; x_wconf 85' lang='lat' dir='ltr'><strong>conscientia</strong></span> <span class='ocrx_word' id='word_1_250' title='bbox 2958 1663 3266 1733; x_wconf 88' lang='lat' dir='ltr'><strong>languente</strong></span> <span class='ocrx_word' id='word_1_251' title='bbox 3318 1672 3440 1733; x_wconf 91' lang='lat' dir='ltr'><strong>post</strong></span> <span class='ocrx_word' id='word_1_252' title='bbox 3470 1646 3779 1734; x_wconf 79' lang='lat' dir='ltr'><strong>paululum</strong></span> 
     </span>
    </p>
   </div>
   <div class='ocr_carea' id='block_1_35' title="bbox 279 1748 1973 1818">
    <p class='ocr_par' dir='ltr' id='par_1_35' title="bbox 279 1748 1973 1818">
     <span class='ocr_line' id='line_1_35' title="bbox 279 1748 1973 1818; baseline 0.001 -15"><span class='ocrx_word' id='word_1_253' title='bbox 279 1749 423 1818; x_wconf 89' lang='lat' dir='ltr'><strong>proh</strong></span> <span class='ocrx_word' id='word_1_254' title='bbox 474 1748 660 1803; x_wconf 78' lang='lat' dir='ltr'><strong>dolor:</strong></span> <span class='ocrx_word' id='word_1_255' title='bbox 716 1748 805 1803; x_wconf 85' lang='lat' dir='ltr'><strong>Ad</strong></span> <span class='ocrx_word' id='word_1_256' title='bbox 870 1748 1061 1818; x_wconf 93' lang='lat' dir='ltr'><strong>ipsum</strong></span> <span class='ocrx_word' id='word_1_257' title='bbox 1121 1755 1327 1803; x_wconf 84' lang='lat' dir='ltr'><strong>nostra</strong></span> <span class='ocrx_word' id='word_1_258' title='bbox 1375 1749 1709 1804; x_wconf 89' lang='lat' dir='ltr'><strong>intentionis</strong></span> <span class='ocrx_word' id='word_1_259' title='bbox 1766 1749 1973 1817; x_wconf 90' lang='lat' dir='ltr'><strong>legatio</strong></span> 
     </span>
    </p>
   </div>
   <div class='ocr_carea' id='block_1_36' title="bbox 280 1822 1972 1905">
    <p class='ocr_par' dir='ltr' id='par_1_36' title="bbox 280 1822 1972 1905">
     <span class='ocr_line' id='line_1_36' title="bbox 280 1822 1972 1905; baseline -0.001 -15"><span class='ocrx_word' id='word_1_260' title='bbox 280 1822 547 1899; x_wconf 83' lang='lat' dir='ltr'><strong>mittitur,</strong></span> <span class='ocrx_word' id='word_1_261' title='bbox 581 1834 683 1904; x_wconf 91' lang='lat' dir='ltr'><strong>qui</strong></span> <span class='ocrx_word' id='word_1_262' title='bbox 733 1835 837 1890; x_wconf 92' lang='lat' dir='ltr'><strong>hoc</strong></span> <span class='ocrx_word' id='word_1_263' title='bbox 875 1833 1064 1903; x_wconf 89' lang='lat' dir='ltr'><strong>ipsum</strong></span> <span class='ocrx_word' id='word_1_264' title='bbox 1113 1849 1287 1904; x_wconf 89' lang='lat' dir='ltr'><strong>super</strong></span> <span class='ocrx_word' id='word_1_265' title='bbox 1316 1849 1448 1889; x_wconf 90' lang='lat' dir='ltr'><strong>eum</strong></span> <span class='ocrx_word' id='word_1_266' title='bbox 1479 1835 1581 1905; x_wconf 89' lang='lat' dir='ltr'><strong>qui</strong></span> <span class='ocrx_word' id='word_1_267' title='bbox 1633 1835 1801 1891; x_wconf 90' lang='lat' dir='ltr'><strong>mittit</strong></span> <span class='ocrx_word' id='word_1_268' title='bbox 1833 1835 1972 1890; x_wconf 93' lang='lat' dir='ltr'><strong>ulci-</strong></span> 
     </span>
    </p>
   </div>
   <div class='ocr_carea' id='block_1_37' title="bbox 281 1922 1972 1992">
    <p class='ocr_par' dir='ltr' id='par_1_37' title="bbox 281 1922 1972 1992">
     <span class='ocr_line' id='line_1_37' title="bbox 281 1922 1972 1992; baseline -0.001 -15"><span class='ocrx_word' id='word_1_269' title='bbox 281 1924 478 1977; x_wconf 84' lang='lat' dir='ltr'><strong>scitur.</strong></span> <span class='ocrx_word' id='word_1_270' title='bbox 512 1923 583 1974; x_wconf 86' lang='lat' dir='ltr'><strong>Et</strong></span> <span class='ocrx_word' id='word_1_271' title='bbox 610 1926 725 1990; x_wconf 85' lang='lat' dir='ltr'><strong>ipse</strong></span> <span class='ocrx_word' id='word_1_272' title='bbox 773 1937 879 1974; x_wconf 89' lang='lat' dir='ltr'><strong>non</strong></span> <span class='ocrx_word' id='word_1_273' title='bbox 920 1922 1124 1990; x_wconf 83' lang='lat' dir='ltr'><strong>poterit</strong></span> <span class='ocrx_word' id='word_1_274' title='bbox 1166 1936 1365 1974; x_wconf 84' lang='lat' dir='ltr'><strong>sanare</strong></span> <span class='ocrx_word' id='word_1_275' title='bbox 1398 1935 1520 1987; x_wconf 91' lang='lat' dir='ltr'><strong>nos,</strong></span> <span class='ocrx_word' id='word_1_276' title='bbox 1552 1922 1643 1976; x_wconf 92' lang='lat' dir='ltr'><strong>cui</strong></span> <span class='ocrx_word' id='word_1_277' title='bbox 1675 1922 1972 1992; x_wconf 90' lang='lat' dir='ltr'><strong>proprium</strong></span> 
     </span>
    </p>
   </div>
   <div class='ocr_carea' id='block_1_38' title="bbox 281 2009 1975 2066">
    <p class='ocr_par' dir='ltr' id='par_1_38' title="bbox 281 2009 1975 2066">
     <span class='ocr_line' id='line_1_38' title="bbox 281 2009 1975 2066; baseline -0.001 -1"><span class='ocrx_word' id='word_1_278' title='bbox 281 2019 365 2066; x_wconf 91' lang='lat' dir='ltr'><strong>est</strong></span> <span class='ocrx_word' id='word_1_279' title='bbox 432 2010 603 2065; x_wconf 91' lang='lat' dir='ltr'><strong>etiam</strong></span> <span class='ocrx_word' id='word_1_280' title='bbox 653 2009 720 2065; x_wconf 92' lang='lat' dir='ltr'><strong>de</strong></span> <span class='ocrx_word' id='word_1_281' title='bbox 776 2009 932 2064; x_wconf 88' lang='lat' dir='ltr'><strong>sanis</strong></span> <span class='ocrx_word' id='word_1_282' title='bbox 995 2010 1231 2063; x_wconf 85' lang='lat' dir='ltr'><strong>reddere</strong></span> <span class='ocrx_word' id='word_1_283' title='bbox 1284 2010 1533 2064; x_wconf 88' lang='lat' dir='ltr'><strong>saucios.</strong></span> <span class='ocrx_word' id='word_1_284' title='bbox 1610 2012 1715 2066; x_wconf 85' lang='lat' dir='ltr'><strong>Nec</strong></span> <span class='ocrx_word' id='word_1_285' title='bbox 1772 2012 1975 2064; x_wconf 84' lang='lat' dir='ltr'><strong>solvere</strong></span> 
     </span>
    </p>
   </div>
   <div class='ocr_carea' id='block_1_39' title="bbox 285 2095 1973 2168">
    <p class='ocr_par' dir='ltr' id='par_1_39' title="bbox 285 2095 1973 2168">
     <span class='ocr_line' id='line_1_39' title="bbox 285 2095 1973 2168; baseline -0.001 -15"><span class='ocrx_word' id='word_1_286' title='bbox 285 2105 464 2168; x_wconf 91' lang='lat' dir='ltr'><strong>potest</strong></span> <span class='ocrx_word' id='word_1_287' title='bbox 510 2111 543 2152; x_wconf 92' lang='lat' dir='ltr'><strong>a</strong></span> <span class='ocrx_word' id='word_1_288' title='bbox 590 2095 757 2151; x_wconf 88' lang='lat' dir='ltr'><strong>nobis</strong></span> <span class='ocrx_word' id='word_1_289' title='bbox 805 2096 1101 2161; x_wconf 80' lang='lat' dir='ltr'><strong>vinculum,</strong></span> <span class='ocrx_word' id='word_1_290' title='bbox 1158 2095 1252 2151; x_wconf 91' lang='lat' dir='ltr'><strong>cui</strong></span> <span class='ocrx_word' id='word_1_291' title='bbox 1298 2095 1401 2151; x_wconf 92' lang='lat' dir='ltr'><strong>soli</strong></span> <span class='ocrx_word' id='word_1_292' title='bbox 1443 2097 1727 2165; x_wconf 90' lang='lat' dir='ltr'><strong>competit,</strong></span> <span class='ocrx_word' id='word_1_293' title='bbox 1778 2098 1823 2152; x_wconf 87' lang='lat' dir='ltr'><strong>si</strong></span> <span class='ocrx_word' id='word_1_294' title='bbox 1868 2097 1973 2152; x_wconf 92' lang='lat' dir='ltr'><strong>sibi</strong></span> 
     </span>
    </p>
   </div>
   <div class='ocr_carea' id='block_1_40' title="bbox 284 2183 1973 2255">
    <p class='ocr_par' dir='ltr' id='par_1_40' title="bbox 284 2183 1973 2255">
     <span class='ocr_line' id='line_1_40' title="bbox 284 2183 1973 2255; baseline -0.001 -13"><span class='ocrx_word' id='word_1_295' title='bbox 284 2189 468 2253; x_wconf 87' lang='lat' dir='ltr'><strong>liceat,</strong></span> <span class='ocrx_word' id='word_1_296' title='bbox 501 2186 784 2240; x_wconf 89' lang='lat' dir='ltr'><strong>neminem</strong></span> <span class='ocrx_word' id='word_1_297' title='bbox 834 2183 1119 2239; x_wconf 90' lang='lat' dir='ltr'><strong>dimittere</strong></span> <span class='ocrx_word' id='word_1_298' title='bbox 1150 2199 1263 2239; x_wconf 89' lang='lat' dir='ltr'><strong>non</strong></span> <span class='ocrx_word' id='word_1_299' title='bbox 1295 2185 1566 2255; x_wconf 88' lang='lat' dir='ltr'><strong>ligatum;</strong></span> <span class='ocrx_word' id='word_1_300' title='bbox 1601 2186 1753 2255; x_wconf 92' lang='lat' dir='ltr'><strong>quod</strong></span> <span class='ocrx_word' id='word_1_301' title='bbox 1794 2193 1973 2241; x_wconf 93' lang='lat' dir='ltr'><strong>totum</strong></span> 
     </span>
    </p>
   </div>
   <div class='ocr_carea' id='block_1_41' title="bbox 282 2272 1977 2343">
    <p class='ocr_par' dir='ltr' id='par_1_41' title="bbox 282 2272 1977 2343">
     <span class='ocr_line' id='line_1_41' title="bbox 282 2272 1977 2343; baseline -0.002 -12"><span class='ocrx_word' id='word_1_302' title='bbox 282 2283 385 2342; x_wconf 91' lang='lat' dir='ltr'><strong>est,</strong></span> <span class='ocrx_word' id='word_1_303' title='bbox 427 2275 501 2330; x_wconf 88' lang='lat' dir='ltr'><strong>ab</strong></span> <span class='ocrx_word' id='word_1_304' title='bbox 541 2288 606 2329; x_wconf 92' lang='lat' dir='ltr'><strong>eo</strong></span> <span class='ocrx_word' id='word_1_305' title='bbox 632 2272 950 2329; x_wconf 86' lang='lat' dir='ltr'><strong>remedium</strong></span> <span class='ocrx_word' id='word_1_306' title='bbox 978 2272 1278 2340; x_wconf 88' lang='lat' dir='ltr'><strong>quaritur,</strong></span> <span class='ocrx_word' id='word_1_307' title='bbox 1312 2284 1345 2325; x_wconf 92' lang='lat' dir='ltr'><strong>a</strong></span> <span class='ocrx_word' id='word_1_308' title='bbox 1377 2285 1493 2340; x_wconf 89' lang='lat' dir='ltr'><strong>quo</strong></span> <span class='ocrx_word' id='word_1_309' title='bbox 1522 2273 1728 2339; x_wconf 89' lang='lat' dir='ltr'><strong>omnis,</strong></span> <span class='ocrx_word' id='word_1_310' title='bbox 1772 2274 1872 2343; x_wconf 89' lang='lat' dir='ltr'><strong>qui</strong></span> <span class='ocrx_word' id='word_1_311' title='bbox 1904 2274 1977 2329; x_wconf 91' lang='lat' dir='ltr'><strong>ad</strong></span> 
     </span>
    </p>
   </div>
   <div class='ocr_carea' id='block_1_42' title="bbox 281 2357 1487 2429">
    <p class='ocr_par' dir='ltr' id='par_1_42' title="bbox 281 2357 1487 2429">
     <span class='ocr_line' id='line_1_42' title="bbox 281 2357 1487 2429; baseline -0.006 -12"><span class='ocrx_word' id='word_1_312' title='bbox 281 2375 415 2417; x_wconf 91' lang='lat' dir='ltr'><strong>eum</strong></span> <span class='ocrx_word' id='word_1_313' title='bbox 443 2359 787 2429; x_wconf 89' lang='lat' dir='ltr'><strong>confugerit,</strong></span> <span class='ocrx_word' id='word_1_314' title='bbox 819 2358 1161 2413; x_wconf 82' lang='lat' dir='ltr'><strong>trucidatur.</strong></span> <span class='ocrx_word' id='word_1_315' title='bbox 1193 2357 1487 2426; x_wconf 82' lang='lat' dir='ltr'><strong>Sequitur.</strong></span> 
     </span>
    </p>
   </div>
   <div class='ocr_carea' id='block_1_43' title="bbox 354 2445 1975 2517">
    <p class='ocr_par' dir='ltr' id='par_1_43' title="bbox 354 2445 1975 2517">
     <span class='ocr_line' id='line_1_43' title="bbox 354 2445 1975 2517; baseline -0.002 -12"><span class='ocrx_word' id='word_1_316' title='bbox 354 2449 525 2505; x_wconf 76' lang='lat' dir='ltr'><strong>Vnus.</strong></span> <span class='ocrx_word' id='word_1_317' title='bbox 560 2448 644 2502; x_wconf 85' lang='lat' dir='ltr'><strong>l4.</strong></span> <span class='ocrx_word' id='word_1_318' title='bbox 675 2477 743 2486; x_wconf 90' lang='lat'><strong>--</strong></span> <span class='ocrx_word' id='word_1_319' title='bbox 776 2468 796 2494; x_wconf 70' lang='grc' dir='ltr'>α</span> <span class='ocrx_word' id='word_1_320' title='bbox 824 2446 1107 2512; x_wconf 87' lang='lat' dir='ltr'><strong>Quoniam</strong></span> <span class='ocrx_word' id='word_1_321' title='bbox 1137 2460 1243 2514; x_wconf 86' lang='lat' dir='ltr'><strong>ego</strong></span> <span class='ocrx_word' id='word_1_322' title='bbox 1273 2446 1438 2515; x_wconf 87' lang='lat' dir='ltr'><strong>quasi</strong></span> <span class='ocrx_word' id='word_1_323' title='bbox 1462 2445 1644 2501; x_wconf 88' lang='lat' dir='ltr'><strong>leana</strong></span> <span class='ocrx_word' id='word_1_324' title='bbox 1676 2447 1975 2517; x_wconf 86' lang='lat' dir='ltr'><strong>Ephraim,</strong></span> 
     </span>
    </p>
   </div>
   <div class='ocr_carea' id='block_1_44' title="bbox 289 2533 1981 2606">
    <p class='ocr_par' dir='ltr' id='par_1_44' title="bbox 289 2533 1981 2606">
     <span class='ocr_line' id='line_1_44' title="bbox 289 2533 1981 2606; baseline 0.004 -21"><span class='ocrx_word' id='word_1_325' title='bbox 289 2559 310 2585; x_wconf 80' lang='grc' dir='ltr'>ι</span> <span class='ocrx_word' id='word_1_326' title='bbox 354 2545 409 2593; x_wconf 90' lang='lat' dir='ltr'><strong>et</strong></span> <span class='ocrx_word' id='word_1_327' title='bbox 455 2536 621 2606; x_wconf 88' lang='lat' dir='ltr'><strong>quasi</strong></span> <span class='ocrx_word' id='word_1_328' title='bbox 668 2536 897 2592; x_wconf 87' lang='lat' dir='ltr'><strong>catulus</strong></span> <span class='ocrx_word' id='word_1_329' title='bbox 953 2533 1131 2589; x_wconf 91' lang='lat' dir='ltr'><strong>leonis</strong></span> <span class='ocrx_word' id='word_1_330' title='bbox 1187 2534 1384 2589; x_wconf 91' lang='lat' dir='ltr'><strong>domui</strong></span> <span class='ocrx_word' id='word_1_331' title='bbox 1437 2534 1609 2590; x_wconf 80' lang='lat' dir='ltr'><strong>Juda.</strong></span> <span class='ocrx_word' id='word_1_332' title='bbox 1674 2557 1695 2583; x_wconf 79' lang='grc' dir='ltr'><strong><em>ι</em></strong></span> <span class='ocrx_word' id='word_1_333' title='bbox 1760 2535 1981 2606; x_wconf 89' lang='lat' dir='ltr'><strong>Sapius</strong></span> 
     </span>
    </p>
   </div>
   <div class='ocr_carea' id='block_1_45' title="bbox 284 2620 1979 2694">
    <p class='ocr_par' dir='ltr' id='par_1_45' title="bbox 284 2620 1979 2694">
     <span class='ocr_line' id='line_1_45' title="bbox 284 2620 1979 2694; baseline 0 -17"><span class='ocrx_word' id='word_1_334' title='bbox 284 2623 543 2679; x_wconf 79' lang='lat' dir='ltr'><strong>dixerat:</strong></span> <span class='ocrx_word' id='word_1_335' title='bbox 578 2624 697 2694; x_wconf 87' lang='lat' dir='ltr'><strong>Ego</strong></span> <span class='ocrx_word' id='word_1_336' title='bbox 741 2627 900 2688; x_wconf 83' lang='lat' dir='ltr'><strong>quasi</strong></span> <span class='ocrx_word' id='word_1_337' title='bbox 950 2625 1096 2674; x_wconf 85' lang='lat' dir='ltr'><strong>tinea</strong></span> <span class='ocrx_word' id='word_1_338' title='bbox 1130 2620 1411 2688; x_wconf 84' lang='lat' dir='ltr'><strong>Ephraim,</strong></span> <span class='ocrx_word' id='word_1_339' title='bbox 1462 2624 1513 2674; x_wconf 87' lang='lat' dir='ltr'><strong>et</strong></span> <span class='ocrx_word' id='word_1_340' title='bbox 1557 2625 1717 2686; x_wconf 84' lang='lat' dir='ltr'><strong>quasi</strong></span> <span class='ocrx_word' id='word_1_341' title='bbox 1740 2623 1979 2689; x_wconf 85' lang='lat' dir='ltr'><strong>putredo</strong></span> 
     </span>
    </p>
   </div>
   <div class='ocr_carea' id='block_1_46' title="bbox 284 2708 1975 2780">
    <p class='ocr_par' dir='ltr' id='par_1_46' title="bbox 284 2708 1975 2780">
     <span class='ocr_line' id='line_1_46' title="bbox 284 2708 1975 2780; baseline 0 -16"><span class='ocrx_word' id='word_1_342' title='bbox 284 2710 469 2771; x_wconf 82' lang='lat' dir='ltr'><strong>domui</strong></span> <span class='ocrx_word' id='word_1_343' title='bbox 491 2711 655 2773; x_wconf 85' lang='lat' dir='ltr'><strong>Juda,</strong></span> <span class='ocrx_word' id='word_1_344' title='bbox 692 2712 857 2765; x_wconf 89' lang='lat' dir='ltr'><strong>modo</strong></span> <span class='ocrx_word' id='word_1_345' title='bbox 895 2708 1126 2780; x_wconf 89' lang='lat' dir='ltr'><strong>subjicit</strong></span> <span class='ocrx_word' id='word_1_346' title='bbox 1156 2723 1213 2763; x_wconf 89' lang='lat' dir='ltr'><strong>se</strong></span> <span class='ocrx_word' id='word_1_347' title='bbox 1240 2711 1407 2778; x_wconf 78' lang='lat' dir='ltr'><strong>quasi</strong></span> <span class='ocrx_word' id='word_1_348' title='bbox 1435 2709 1675 2764; x_wconf 90' lang='lat' dir='ltr'><strong>leanam</strong></span> <span class='ocrx_word' id='word_1_349' title='bbox 1708 2710 1975 2779; x_wconf 84' lang='lat' dir='ltr'><strong>Ephraim</strong></span> 
     </span>
    </p>
   </div>
   <div class='ocr_carea' id='block_1_47' title="bbox 284 2797 1977 2861">
    <p class='ocr_par' dir='ltr' id='par_1_47' title="bbox 284 2797 1977 2861">
     <span class='ocr_line' id='line_1_47' title="bbox 284 2797 1977 2861; baseline -0.001 -9"><span class='ocrx_word' id='word_1_350' title='bbox 284 2799 549 2854; x_wconf 84' lang='lat' dir='ltr'><strong>futurum</strong></span> <span class='ocrx_word' id='word_1_351' title='bbox 577 2808 631 2854; x_wconf 92' lang='lat' dir='ltr'><strong>et</strong></span> <span class='ocrx_word' id='word_1_352' title='bbox 677 2799 861 2852; x_wconf 82' lang='lat' dir='ltr'><strong>domui</strong></span> <span class='ocrx_word' id='word_1_353' title='bbox 900 2799 1056 2851; x_wconf 74' lang='lat' dir='ltr'><strong>Iuda</strong></span> <span class='ocrx_word' id='word_1_354' title='bbox 1097 2801 1254 2861; x_wconf 82' lang='lat' dir='ltr'><strong>qnasi</strong></span> <span class='ocrx_word' id='word_1_355' title='bbox 1302 2797 1468 2850; x_wconf 81' lang='lat' dir='ltr'><strong>leonis</strong></span> <span class='ocrx_word' id='word_1_356' title='bbox 1497 2798 1781 2853; x_wconf 90' lang='lat' dir='ltr'><strong>catulum.</strong></span> <span class='ocrx_word' id='word_1_357' title='bbox 1822 2797 1977 2853; x_wconf 89' lang='lat' dir='ltr'><strong>Nulli</strong></span> 
     </span>
    </p>
   </div>
   <div class='ocr_carea' id='block_1_48' title="bbox 285 2885 1981 2957">
    <p class='ocr_par' dir='ltr' id='par_1_48' title="bbox 285 2885 1981 2957">
     <span class='ocr_line' id='line_1_48' title="bbox 285 2885 1981 2957; baseline 0.001 -16"><span class='ocrx_word' id='word_1_358' title='bbox 285 2887 530 2942; x_wconf 90' lang='lat' dir='ltr'><strong>dubium</strong></span> <span class='ocrx_word' id='word_1_359' title='bbox 558 2887 712 2957; x_wconf 87' lang='lat' dir='ltr'><strong>quod</strong></span> <span class='ocrx_word' id='word_1_360' title='bbox 764 2890 928 2947; x_wconf 85' lang='lat' dir='ltr'><strong>tinea,</strong></span> <span class='ocrx_word' id='word_1_361' title='bbox 960 2893 1014 2940; x_wconf 89' lang='lat' dir='ltr'><strong>et</strong></span> <span class='ocrx_word' id='word_1_362' title='bbox 1036 2885 1272 2953; x_wconf 79' lang='lat' dir='ltr'><strong>putredo</strong></span> <span class='ocrx_word' id='word_1_363' title='bbox 1304 2892 1505 2952; x_wconf 89' lang='lat' dir='ltr'><strong>vestes,</strong></span> <span class='ocrx_word' id='word_1_364' title='bbox 1553 2893 1608 2941; x_wconf 90' lang='lat' dir='ltr'><strong>et</strong></span> <span class='ocrx_word' id='word_1_365' title='bbox 1660 2885 1819 2956; x_wconf 89' lang='lat' dir='ltr'><strong>ligna</strong></span> <span class='ocrx_word' id='word_1_366' title='bbox 1856 2888 1981 2942; x_wconf 89' lang='lat' dir='ltr'><strong>sine</strong></span> 
     </span>
    </p>
   </div>
   <div class='ocr_carea' id='block_1_49' title="bbox 286 2973 1978 3041">
    <p class='ocr_par' dir='ltr' id='par_1_49' title="bbox 286 2973 1978 3041">
     <span class='ocr_line' id='line_1_49' title="bbox 286 2973 1978 3041; baseline 0 -13"><span class='ocrx_word' id='word_1_367' title='bbox 286 2976 477 3030; x_wconf 91' lang='lat' dir='ltr'><strong>sonitu</strong></span> <span class='ocrx_word' id='word_1_368' title='bbox 533 2976 773 3030; x_wconf 88' lang='lat' dir='ltr'><strong>latenter</strong></span> <span class='ocrx_word' id='word_1_369' title='bbox 822 2974 1159 3038; x_wconf 91' lang='lat' dir='ltr'><strong>absumunt,</strong></span> <span class='ocrx_word' id='word_1_370' title='bbox 1225 2973 1392 3026; x_wconf 76' lang='lat' dir='ltr'><strong>leana</strong></span> <span class='ocrx_word' id='word_1_371' title='bbox 1434 2979 1650 3041; x_wconf 89' lang='lat' dir='ltr'><strong>autem,</strong></span> <span class='ocrx_word' id='word_1_372' title='bbox 1703 2982 1758 3029; x_wconf 92' lang='lat' dir='ltr'><strong>et</strong></span> <span class='ocrx_word' id='word_1_373' title='bbox 1812 2976 1978 3028; x_wconf 82' lang='lat' dir='ltr'><strong>leonis</strong></span> 
     </span>
    </p>
   </div>
   <div class='ocr_carea' id='block_1_50' title="bbox 288 3062 1978 3131">
    <p class='ocr_par' dir='ltr' id='par_1_50' title="bbox 288 3062 1978 3131">
     <span class='ocr_line' id='line_1_50' title="bbox 288 3062 1978 3131; baseline 0.001 -16"><span class='ocrx_word' id='word_1_374' title='bbox 288 3066 502 3117; x_wconf 85' lang='lat' dir='ltr'><strong>catulus</strong></span> <span class='ocrx_word' id='word_1_375' title='bbox 533 3063 826 3118; x_wconf 88' lang='lat' dir='ltr'><strong>evidenter</strong></span> <span class='ocrx_word' id='word_1_376' title='bbox 870 3062 1144 3127; x_wconf 90' lang='lat' dir='ltr'><strong>insiliunt,</strong></span> <span class='ocrx_word' id='word_1_377' title='bbox 1195 3069 1250 3116; x_wconf 89' lang='lat' dir='ltr'><strong>et</strong></span> <span class='ocrx_word' id='word_1_378' title='bbox 1297 3069 1492 3130; x_wconf 90' lang='lat' dir='ltr'><strong>aperte</strong></span> <span class='ocrx_word' id='word_1_379' title='bbox 1532 3062 1767 3129; x_wconf 85' lang='lat' dir='ltr'><strong>ladunt,</strong></span> <span class='ocrx_word' id='word_1_380' title='bbox 1823 3062 1978 3131; x_wconf 91' lang='lat' dir='ltr'><strong>quod</strong></span> 
     </span>
    </p>
   </div>
   <div class='ocr_carea' id='block_1_51' title="bbox 287 3149 1976 3220">
    <p class='ocr_par' dir='ltr' id='par_1_51' title="bbox 287 3149 1976 3220">
     <span class='ocr_line' id='line_1_51' title="bbox 287 3149 1976 3220; baseline -0.001 -14"><span class='ocrx_word' id='word_1_381' title='bbox 287 3165 402 3206; x_wconf 90' lang='lat' dir='ltr'><strong>non</strong></span> <span class='ocrx_word' id='word_1_382' title='bbox 458 3158 541 3206; x_wconf 86' lang='lat' dir='ltr'><strong>est</strong></span> <span class='ocrx_word' id='word_1_383' title='bbox 595 3150 750 3206; x_wconf 91' lang='lat' dir='ltr'><strong>aliud</strong></span> <span class='ocrx_word' id='word_1_384' title='bbox 807 3149 915 3205; x_wconf 91' lang='lat' dir='ltr'><strong>nisi</strong></span> <span class='ocrx_word' id='word_1_385' title='bbox 967 3149 1107 3220; x_wconf 92' lang='lat' dir='ltr'><strong>quia</strong></span> <span class='ocrx_word' id='word_1_386' title='bbox 1158 3164 1306 3220; x_wconf 90' lang='lat' dir='ltr'><strong>quos</strong></span> <span class='ocrx_word' id='word_1_387' title='bbox 1363 3150 1517 3204; x_wconf 89' lang='lat' dir='ltr'><strong>Deus</strong></span> <span class='ocrx_word' id='word_1_388' title='bbox 1561 3164 1663 3219; x_wconf 90' lang='lat' dir='ltr'><strong>per</strong></span> <span class='ocrx_word' id='word_1_389' title='bbox 1690 3150 1976 3207; x_wconf 87' lang='lat' dir='ltr'><strong>occultam</strong></span> 
     </span>
    </p>
   </div>
   <div class='ocr_carea' id='block_1_52' title="bbox 287 3237 1981 3308">
    <p class='ocr_par' dir='ltr' id='par_1_52' title="bbox 287 3237 1981 3308">
     <span class='ocr_line' id='line_1_52' title="bbox 287 3237 1981 3308; baseline -0.001 -13"><span class='ocrx_word' id='word_1_390' title='bbox 287 3241 655 3295; x_wconf 87' lang='lat' dir='ltr'><strong>tentationem</strong></span> <span class='ocrx_word' id='word_1_391' title='bbox 704 3240 841 3294; x_wconf 86' lang='lat' dir='ltr'><strong>sinit</strong></span> <span class='ocrx_word' id='word_1_392' title='bbox 887 3237 1152 3305; x_wconf 89' lang='lat' dir='ltr'><strong>interimi,</strong></span> <span class='ocrx_word' id='word_1_393' title='bbox 1209 3251 1310 3308; x_wconf 91' lang='lat' dir='ltr'><strong>per</strong></span> <span class='ocrx_word' id='word_1_394' title='bbox 1362 3246 1562 3307; x_wconf 90' lang='lat' dir='ltr'><strong>aperta</strong></span> <span class='ocrx_word' id='word_1_395' title='bbox 1618 3239 1981 3308; x_wconf 88' lang='lat' dir='ltr'><strong>postmodum</strong></span> 
     </span>
    </p>
   </div>
   <div class='ocr_carea' id='block_1_53' title="bbox 288 3325 1980 3398">
    <p class='ocr_par' dir='ltr' id='par_1_53' title="bbox 288 3325 1980 3398">
     <span class='ocr_line' id='line_1_53' title="bbox 288 3325 1980 3398; baseline -0.001 -15"><span class='ocrx_word' id='word_1_396' title='bbox 288 3329 428 3383; x_wconf 89' lang='lat' dir='ltr'><strong>vitia</strong></span> <span class='ocrx_word' id='word_1_397' title='bbox 460 3328 731 3398; x_wconf 86' lang='lat' dir='ltr'><strong>permittit</strong></span> <span class='ocrx_word' id='word_1_398' title='bbox 770 3327 1022 3383; x_wconf 88' lang='lat' dir='ltr'><strong>lacerari.</strong></span> <span class='ocrx_word' id='word_1_399' title='bbox 1056 3328 1157 3383; x_wconf 90' lang='lat' dir='ltr'><strong>Est</strong></span> <span class='ocrx_word' id='word_1_400' title='bbox 1191 3333 1384 3383; x_wconf 84' lang='lat' dir='ltr'><strong>autem</strong></span> <span class='ocrx_word' id='word_1_401' title='bbox 1416 3339 1485 3383; x_wconf 85' lang='lat' dir='ltr'><strong>ea</strong></span> <span class='ocrx_word' id='word_1_402' title='bbox 1513 3325 1797 3383; x_wconf 87' lang='lat' dir='ltr'><strong>distinctio</strong></span> <span class='ocrx_word' id='word_1_403' title='bbox 1829 3327 1980 3382; x_wconf 87' lang='lat' dir='ltr'><strong>inter</strong></span> 
     </span>
    </p>
   </div>
   <div class='ocr_carea' id='block_1_54' title="bbox 293 3415 1983 3486">
    <p class='ocr_par' dir='ltr' id='par_1_54' title="bbox 293 3415 1983 3486">
     <span class='ocr_line' id='line_1_54' title="bbox 293 3415 1983 3486; baseline -0.001 -14"><span class='ocrx_word' id='word_1_404' title='bbox 293 3426 598 3486; x_wconf 87' lang='lat' dir='ltr'><strong>utramque</strong></span> <span class='ocrx_word' id='word_1_405' title='bbox 652 3416 1041 3483; x_wconf 90' lang='lat' dir='ltr'><strong>tentationem,</strong></span> <span class='ocrx_word' id='word_1_406' title='bbox 1081 3423 1145 3471; x_wconf 91' lang='lat' dir='ltr'><strong>ut</strong></span> <span class='ocrx_word' id='word_1_407' title='bbox 1172 3417 1331 3472; x_wconf 88' lang='lat' dir='ltr'><strong>aliud</strong></span> <span class='ocrx_word' id='word_1_408' title='bbox 1378 3415 1554 3485; x_wconf 90' lang='lat' dir='ltr'><strong>possit</strong></span> <span class='ocrx_word' id='word_1_409' title='bbox 1601 3416 1840 3486; x_wconf 88' lang='lat' dir='ltr'><strong>intelligi</strong></span> <span class='ocrx_word' id='word_1_410' title='bbox 1885 3429 1983 3485; x_wconf 91' lang='lat' dir='ltr'><strong>per</strong></span> 
     </span>
    </p>
   </div>
   <div class='ocr_carea' id='block_1_55' title="bbox 291 3502 1984 3573">
    <p class='ocr_par' dir='ltr' id='par_1_55' title="bbox 291 3502 1984 3573">
     <span class='ocr_line' id='line_1_55' title="bbox 291 3502 1984 3573; baseline -0.004 -13"><span class='ocrx_word' id='word_1_411' title='bbox 291 3506 524 3573; x_wconf 86' lang='lat' dir='ltr'><strong>tineam,</strong></span> <span class='ocrx_word' id='word_1_412' title='bbox 574 3503 734 3559; x_wconf 88' lang='lat' dir='ltr'><strong>aliud</strong></span> <span class='ocrx_word' id='word_1_413' title='bbox 791 3518 891 3573; x_wconf 90' lang='lat' dir='ltr'><strong>per</strong></span> <span class='ocrx_word' id='word_1_414' title='bbox 943 3503 1325 3572; x_wconf 90' lang='lat' dir='ltr'><strong>putredinem,</strong></span> <span class='ocrx_word' id='word_1_415' title='bbox 1377 3502 1534 3558; x_wconf 90' lang='lat' dir='ltr'><strong>aliud</strong></span> <span class='ocrx_word' id='word_1_416' title='bbox 1587 3502 1836 3571; x_wconf 90' lang='lat' dir='ltr'><strong>denique</strong></span> <span class='ocrx_word' id='word_1_417' title='bbox 1883 3514 1984 3570; x_wconf 89' lang='lat' dir='ltr'><strong>per</strong></span> 
     </span>
    </p>
   </div>
   <div class='ocr_carea' id='block_1_56' title="bbox 290 3590 1982 3661">
    <p class='ocr_par' dir='ltr' id='par_1_56' title="bbox 290 3590 1982 3661">
     <span class='ocr_line' id='line_1_56' title="bbox 290 3590 1982 3661; baseline -0.003 -13"><span class='ocrx_word' id='word_1_418' title='bbox 290 3595 548 3656; x_wconf 91' lang='lat' dir='ltr'><strong>leanam,</strong></span> <span class='ocrx_word' id='word_1_419' title='bbox 604 3591 762 3647; x_wconf 86' lang='lat' dir='ltr'><strong>aliud</strong></span> <span class='ocrx_word' id='word_1_420' title='bbox 814 3606 914 3661; x_wconf 90' lang='lat' dir='ltr'><strong>per</strong></span> <span class='ocrx_word' id='word_1_421' title='bbox 956 3590 1132 3646; x_wconf 90' lang='lat' dir='ltr'><strong>leonis</strong></span> <span class='ocrx_word' id='word_1_422' title='bbox 1178 3591 1474 3660; x_wconf 88' lang='lat' dir='ltr'><strong>catulum;</strong></span> <span class='ocrx_word' id='word_1_423' title='bbox 1528 3591 1681 3646; x_wconf 90' lang='lat' dir='ltr'><strong>tinea</strong></span> <span class='ocrx_word' id='word_1_424' title='bbox 1730 3603 1982 3658; x_wconf 89' lang='lat' dir='ltr'><strong>namque</strong></span> 
     </span>
    </p>
   </div>
   <div class='ocr_carea' id='block_1_57' title="bbox 289 3677 1984 3747">
    <p class='ocr_par' dir='ltr' id='par_1_57' title="bbox 289 3677 1984 3747">
     <span class='ocr_line' id='line_1_57' title="bbox 289 3677 1984 3747; baseline -0.002 -12"><span class='ocrx_word' id='word_1_425' title='bbox 289 3682 450 3745; x_wconf 89' lang='lat' dir='ltr'><strong>vivit,</strong></span> <span class='ocrx_word' id='word_1_426' title='bbox 485 3688 540 3734; x_wconf 92' lang='lat' dir='ltr'><strong>et</strong></span> <span class='ocrx_word' id='word_1_427' title='bbox 576 3693 649 3734; x_wconf 90' lang='lat' dir='ltr'><strong>ex</strong></span> <span class='ocrx_word' id='word_1_428' title='bbox 679 3694 746 3734; x_wconf 91' lang='lat' dir='ltr'><strong>eo</strong></span> <span class='ocrx_word' id='word_1_429' title='bbox 777 3679 897 3747; x_wconf 92' lang='lat' dir='ltr'><strong>ipso</strong></span> <span class='ocrx_word' id='word_1_430' title='bbox 942 3679 1198 3733; x_wconf 73' lang='lat' dir='ltr'><strong>nasizitur</strong></span> <span class='ocrx_word' id='word_1_431' title='bbox 1229 3678 1385 3747; x_wconf 91' lang='lat' dir='ltr'><strong>quod</strong></span> <span class='ocrx_word' id='word_1_432' title='bbox 1416 3685 1765 3747; x_wconf 88' lang='lat' dir='ltr'><strong>corrumpat.</strong></span> <span class='ocrx_word' id='word_1_433' title='bbox 1807 3677 1984 3732; x_wconf 89' lang='lat' dir='ltr'><strong>Tinea</strong></span> 
     </span>
    </p>
   </div>
   <div class='ocr_carea' id='block_1_58' title="bbox 289 3766 1982 3838">
    <p class='ocr_par' dir='ltr' id='par_1_58' title="bbox 289 3766 1982 3838">
     <span class='ocr_line' id='line_1_58' title="bbox 289 3766 1982 3838; baseline -0.002 -15"><span class='ocrx_word' id='word_1_434' title='bbox 289 3783 425 3838; x_wconf 91' lang='lat' dir='ltr'><strong>ergo</strong></span> <span class='ocrx_word' id='word_1_435' title='bbox 454 3774 537 3823; x_wconf 90' lang='lat' dir='ltr'><strong>est</strong></span> <span class='ocrx_word' id='word_1_436' title='bbox 577 3766 873 3837; x_wconf 87' lang='lat' dir='ltr'><strong>quodlibet</strong></span> <span class='ocrx_word' id='word_1_437' title='bbox 914 3766 1121 3821; x_wconf 90' lang='lat' dir='ltr'><strong>mentis</strong></span> <span class='ocrx_word' id='word_1_438' title='bbox 1152 3766 1377 3833; x_wconf 88' lang='lat' dir='ltr'><strong>vitium,</strong></span> <span class='ocrx_word' id='word_1_439' title='bbox 1412 3766 1565 3835; x_wconf 89' lang='lat' dir='ltr'><strong>quod</strong></span> <span class='ocrx_word' id='word_1_440' title='bbox 1617 3780 1731 3819; x_wconf 91' lang='lat' dir='ltr'><strong>non</strong></span> <span class='ocrx_word' id='word_1_441' title='bbox 1780 3772 1863 3820; x_wconf 91' lang='lat' dir='ltr'><strong>est</strong></span> <span class='ocrx_word' id='word_1_442' title='bbox 1909 3779 1982 3820; x_wconf 90' lang='lat' dir='ltr'><strong>ex</strong></span> 
     </span>
    </p>
   </div>
   <div class='ocr_carea' id='block_1_59' title="bbox 292 3853 1980 3924">
    <p class='ocr_par' dir='ltr' id='par_1_59' title="bbox 292 3853 1980 3924">
     <span class='ocr_line' id='line_1_59' title="bbox 292 3853 1980 3924; baseline -0.003 -12"><span class='ocrx_word' id='word_1_443' title='bbox 292 3858 557 3912; x_wconf 88' lang='lat' dir='ltr'><strong>forastica</strong></span> <span class='ocrx_word' id='word_1_444' title='bbox 602 3868 798 3921; x_wconf 89' lang='lat' dir='ltr'><strong>causa,</strong></span> <span class='ocrx_word' id='word_1_445' title='bbox 836 3855 934 3910; x_wconf 91' lang='lat' dir='ltr'><strong>sed</strong></span> <span class='ocrx_word' id='word_1_446' title='bbox 982 3856 1223 3910; x_wconf 88' lang='lat' dir='ltr'><strong>interius</strong></span> <span class='ocrx_word' id='word_1_447' title='bbox 1248 3868 1321 3910; x_wconf 89' lang='lat' dir='ltr'><strong>ex</strong></span> <span class='ocrx_word' id='word_1_448' title='bbox 1354 3856 1474 3924; x_wconf 90' lang='lat' dir='ltr'><strong>ipso</strong></span> <span class='ocrx_word' id='word_1_449' title='bbox 1506 3861 1660 3909; x_wconf 88' lang='lat' dir='ltr'><strong>statu</strong></span> <span class='ocrx_word' id='word_1_450' title='bbox 1690 3868 1796 3908; x_wconf 92' lang='lat' dir='ltr'><strong>suo</strong></span> <span class='ocrx_word' id='word_1_451' title='bbox 1827 3853 1980 3908; x_wconf 90' lang='lat' dir='ltr'><strong>acci-</strong></span> 
     </span>
    </p>
   </div>
   <div class='ocr_carea' id='block_1_60' title="bbox 290 3940 1977 4015">
    <p class='ocr_par' dir='ltr' id='par_1_60' title="bbox 290 3940 1977 4015">
     <span class='ocr_line' id='line_1_60' title="bbox 290 3940 1977 4015; baseline -0.002 -16"><span class='ocrx_word' id='word_1_452' title='bbox 290 3945 373 4015; x_wconf 90' lang='lat' dir='ltr'><strong>pit</strong></span> <span class='ocrx_word' id='word_1_453' title='bbox 402 3944 795 4009; x_wconf 87' lang='lat' dir='ltr'><strong>seminarium,</strong></span> <span class='ocrx_word' id='word_1_454' title='bbox 830 3949 894 3998; x_wconf 91' lang='lat' dir='ltr'><strong>ut</strong></span> <span class='ocrx_word' id='word_1_455' title='bbox 936 3949 1020 3997; x_wconf 90' lang='lat' dir='ltr'><strong>est</strong></span> <span class='ocrx_word' id='word_1_456' title='bbox 1050 3942 1284 4009; x_wconf 87' lang='lat' dir='ltr'><strong>accidia,</strong></span> <span class='ocrx_word' id='word_1_457' title='bbox 1315 3943 1652 4009; x_wconf 90' lang='lat' dir='ltr'><strong>cenodoxia,</strong></span> <span class='ocrx_word' id='word_1_458' title='bbox 1687 3940 1977 4011; x_wconf 86' lang='lat' dir='ltr'><strong>superbia,</strong></span> 
     </span>
    </p>
   </div>
   <div class='ocr_carea' id='block_1_61' title="bbox 290 4029 1978 4103">
    <p class='ocr_par' dir='ltr' id='par_1_61' title="bbox 290 4029 1978 4103">
     <span class='ocr_line' id='line_1_61' title="bbox 290 4029 1978 4103; baseline -0.002 -15"><span class='ocrx_word' id='word_1_459' title='bbox 290 4039 344 4089; x_wconf 91' lang='lat' dir='ltr'><strong>et</strong></span> <span class='ocrx_word' id='word_1_460' title='bbox 374 4033 419 4087; x_wconf 89' lang='lat' dir='ltr'><strong>si</strong></span> <span class='ocrx_word' id='word_1_461' title='bbox 452 4032 605 4103; x_wconf 92' lang='lat' dir='ltr'><strong>quod</strong></span> <span class='ocrx_word' id='word_1_462' title='bbox 635 4038 716 4086; x_wconf 89' lang='lat' dir='ltr'><strong>est</strong></span> <span class='ocrx_word' id='word_1_463' title='bbox 747 4030 904 4085; x_wconf 86' lang='lat' dir='ltr'><strong>aliud</strong></span> <span class='ocrx_word' id='word_1_464' title='bbox 938 4030 1228 4086; x_wconf 90' lang='lat' dir='ltr'><strong>intimum.</strong></span> <span class='ocrx_word' id='word_1_465' title='bbox 1263 4031 1510 4086; x_wconf 90' lang='lat' dir='ltr'><strong>Putredo</strong></span> <span class='ocrx_word' id='word_1_466' title='bbox 1542 4044 1676 4085; x_wconf 92' lang='lat' dir='ltr'><strong>vero</strong></span> <span class='ocrx_word' id='word_1_467' title='bbox 1713 4030 1791 4084; x_wconf 90' lang='lat' dir='ltr'><strong>nil</strong></span> <span class='ocrx_word' id='word_1_468' title='bbox 1824 4029 1978 4085; x_wconf 91' lang='lat' dir='ltr'><strong>aliud</strong></span> 
     </span>
    </p>
   </div>
   <div class='ocr_carea' id='block_1_62' title="bbox 293 4117 1981 4192">
    <p class='ocr_par' dir='ltr' id='par_1_62' title="bbox 293 4117 1981 4192">
     <span class='ocr_line' id='line_1_62' title="bbox 293 4117 1981 4192; baseline -0.002 -16"><span class='ocrx_word' id='word_1_469' title='bbox 293 4135 470 4192; x_wconf 89' lang='lat' dir='ltr'><strong>quam</strong></span> <span class='ocrx_word' id='word_1_470' title='bbox 518 4129 711 4188; x_wconf 88' lang='lat' dir='ltr'><strong>torpor</strong></span> <span class='ocrx_word' id='word_1_471' title='bbox 756 4128 838 4175; x_wconf 89' lang='lat' dir='ltr'><strong>est</strong></span> <span class='ocrx_word' id='word_1_472' title='bbox 881 4126 935 4174; x_wconf 88' lang='lat' dir='ltr'><strong>et</strong></span> <span class='ocrx_word' id='word_1_473' title='bbox 979 4119 1181 4185; x_wconf 91' lang='lat' dir='ltr'><strong>otium,</strong></span> <span class='ocrx_word' id='word_1_474' title='bbox 1238 4119 1388 4173; x_wconf 89' lang='lat' dir='ltr'><strong>unde</strong></span> <span class='ocrx_word' id='word_1_475' title='bbox 1434 4117 1643 4173; x_wconf 88' lang='lat' dir='ltr'><strong>sensim</strong></span> <span class='ocrx_word' id='word_1_476' title='bbox 1690 4119 1981 4187; x_wconf 91' lang='lat' dir='ltr'><strong>corruptio</strong></span> 
     </span>
    </p>
   </div>
   <div class='ocr_carea' id='block_1_63' title="bbox 295 4203 2597 4283">
    <p class='ocr_par' dir='ltr' id='par_1_63' title="bbox 295 4203 2597 4283">
     <span class='ocr_line' id='line_1_63' title="bbox 295 4203 2597 4283; baseline -0.004 -18"><span class='ocrx_word' id='word_1_477' title='bbox 295 4208 469 4265; x_wconf 89' lang='lat' dir='ltr'><strong>menti</strong></span> <span class='ocrx_word' id='word_1_478' title='bbox 514 4206 731 4272; x_wconf 82' lang='lat' dir='ltr'><strong>incidit,</strong></span> <span class='ocrx_word' id='word_1_479' title='bbox 779 4221 845 4262; x_wconf 88' lang='lat' dir='ltr'><strong>ac</strong></span> <span class='ocrx_word' id='word_1_480' title='bbox 891 4208 935 4261; x_wconf 91' lang='lat' dir='ltr'><strong>si</strong></span> <span class='ocrx_word' id='word_1_481' title='bbox 986 4206 1308 4276; x_wconf 90' lang='lat' dir='ltr'><strong>putredinis</strong></span> <span class='ocrx_word' id='word_1_482' title='bbox 1356 4205 1590 4261; x_wconf 91' lang='lat' dir='ltr'><strong>malum.</strong></span> <span class='ocrx_word' id='word_1_483' title='bbox 1628 4204 1797 4271; x_wconf 87' lang='lat' dir='ltr'><strong>Quasi</strong></span> <span class='ocrx_word' id='word_1_484' title='bbox 1845 4220 1981 4277; x_wconf 89' lang='lat' dir='ltr'><strong>ergo</strong></span> <span class='ocrx_word' id='word_1_485' title='bbox 2022 4229 2063 4283; x_wconf 80' lang='grc' dir='ltr'><strong>ι)</strong></span> <span class='ocrx_word' id='word_1_486' title='bbox 2166 4203 2333 4260; x_wconf 76' lang='lat' dir='ltr'><strong>Vnus.</strong></span> <span class='ocrx_word' id='word_1_487' title='bbox 2374 4207 2423 4258; x_wconf 86' lang='lat' dir='ltr'><strong>l.</strong></span> <span class='ocrx_word' id='word_1_488' title='bbox 2473 4233 2535 4244; x_wconf 93' lang='lat'>—</span> <span class='ocrx_word' id='word_1_489' title='bbox 2577 4225 2597 4249; x_wconf 76' lang='grc' dir='ltr'><strong><em>α</em></strong></span> 
     </span>
    </p>
   </div>
   <div class='ocr_carea' id='block_1_64' title="bbox 291 4294 1979 4366">
    <p class='ocr_par' dir='ltr' id='par_1_64' title="bbox 291 4294 1979 4366">
     <span class='ocr_line' id='line_1_64' title="bbox 291 4294 1979 4366; baseline -0.003 -12"><span class='ocrx_word' id='word_1_490' title='bbox 291 4298 490 4354; x_wconf 89' lang='lat' dir='ltr'><strong>vitalia</strong></span> <span class='ocrx_word' id='word_1_491' title='bbox 519 4303 654 4352; x_wconf 91' lang='lat' dir='ltr'><strong>sunt</strong></span> <span class='ocrx_word' id='word_1_492' title='bbox 696 4296 967 4366; x_wconf 89' lang='lat' dir='ltr'><strong>pradicta</strong></span> <span class='ocrx_word' id='word_1_493' title='bbox 996 4295 1102 4350; x_wconf 90' lang='lat' dir='ltr'><strong>tria</strong></span> <span class='ocrx_word' id='word_1_494' title='bbox 1143 4294 1312 4361; x_wconf 89' lang='lat' dir='ltr'><strong>mala,</strong></span> <span class='ocrx_word' id='word_1_495' title='bbox 1369 4301 1423 4349; x_wconf 91' lang='lat' dir='ltr'><strong>et</strong></span> <span class='ocrx_word' id='word_1_496' title='bbox 1474 4294 1630 4349; x_wconf 91' lang='lat' dir='ltr'><strong>velut</strong></span> <span class='ocrx_word' id='word_1_497' title='bbox 1662 4295 1815 4349; x_wconf 90' lang='lat' dir='ltr'><strong>intra</strong></span> <span class='ocrx_word' id='word_1_498' title='bbox 1848 4297 1979 4349; x_wconf 88' lang='lat' dir='ltr'><strong>ani—</strong></span> 
     </span>
    </p>
   </div>
   <div class='ocr_carea' id='block_1_65' title="bbox 294 4381 1981 4451">
    <p class='ocr_par' dir='ltr' id='par_1_65' title="bbox 294 4381 1981 4451">
     <span class='ocr_line' id='line_1_65' title="bbox 294 4381 1981 4451; baseline -0.003 -10"><span class='ocrx_word' id='word_1_499' title='bbox 294 4399 452 4441; x_wconf 90' lang='lat' dir='ltr'><strong>mum</strong></span> <span class='ocrx_word' id='word_1_500' title='bbox 510 4392 695 4439; x_wconf 87' lang='lat' dir='ltr'><strong>motus</strong></span> <span class='ocrx_word' id='word_1_501' title='bbox 751 4383 1037 4450; x_wconf 88' lang='lat' dir='ltr'><strong>habentia,</strong></span> <span class='ocrx_word' id='word_1_502' title='bbox 1096 4390 1180 4438; x_wconf 91' lang='lat' dir='ltr'><strong>est</strong></span> <span class='ocrx_word' id='word_1_503' title='bbox 1249 4395 1385 4437; x_wconf 87' lang='lat' dir='ltr'><strong>vero</strong></span> <span class='ocrx_word' id='word_1_504' title='bbox 1447 4381 1614 4451; x_wconf 89' lang='lat' dir='ltr'><strong>quasi</strong></span> <span class='ocrx_word' id='word_1_505' title='bbox 1666 4381 1981 4438; x_wconf 88' lang='lat' dir='ltr'><strong>inanimata</strong></span> 
     </span>
    </p>
   </div>
   <div class='ocr_carea' id='block_1_66' title="bbox 291 4472 525 4529">
    <p class='ocr_par' dir='ltr' id='par_1_66' title="bbox 291 4472 525 4529">
     <span class='ocr_line' id='line_1_66' title="bbox 291 4472 525 4529; baseline -0.013 0"><span class='ocrx_word' id='word_1_506' title='bbox 291 4472 525 4529; x_wconf 87' lang='lat' dir='ltr'><strong>desidia.</strong></span> 
     </span>
    </p>
   </div>
   <div class='ocr_carea' id='block_1_67' title="bbox 361 4557 1984 4630">
    <p class='ocr_par' dir='ltr' id='par_1_67' title="bbox 361 4557 1984 4630">
     <span class='ocr_line' id='line_1_67' title="bbox 361 4557 1984 4630; baseline -0.002 -14"><span class='ocrx_word' id='word_1_507' title='bbox 361 4560 505 4628; x_wconf 87' lang='lat' dir='ltr'><strong>Quid</strong></span> <span class='ocrx_word' id='word_1_508' title='bbox 555 4574 691 4630; x_wconf 87' lang='lat' dir='ltr'><strong>ergo</strong></span> <span class='ocrx_word' id='word_1_509' title='bbox 736 4573 837 4628; x_wconf 92' lang='lat' dir='ltr'><strong>per</strong></span> <span class='ocrx_word' id='word_1_510' title='bbox 886 4559 1148 4623; x_wconf 88' lang='lat' dir='ltr'><strong>leanam,</strong></span> <span class='ocrx_word' id='word_1_511' title='bbox 1206 4557 1318 4612; x_wconf 91' lang='lat' dir='ltr'><strong>nisi</strong></span> <span class='ocrx_word' id='word_1_512' title='bbox 1371 4557 1682 4628; x_wconf 89' lang='lat' dir='ltr'><strong>cujuslibet</strong></span> <span class='ocrx_word' id='word_1_513' title='bbox 1725 4558 1984 4614; x_wconf 89' lang='lat' dir='ltr'><strong>criminis</strong></span> 
     </span>
    </p>
   </div>
   <div class='ocr_carea' id='block_1_68' title="bbox 294 4645 1974 4717">
    <p class='ocr_par' dir='ltr' id='par_1_68' title="bbox 294 4645 1974 4717">
     <span class='ocr_line' id='line_1_68' title="bbox 294 4645 1974 4717; baseline -0.003 -11"><span class='ocrx_word' id='word_1_514' title='bbox 294 4649 653 4706; x_wconf 86' lang='lat' dir='ltr'><strong>manifestata</strong></span> <span class='ocrx_word' id='word_1_515' title='bbox 683 4646 982 4717; x_wconf 82' lang='lat' dir='ltr'><strong>nequitia?</strong></span> <span class='ocrx_word' id='word_1_516' title='bbox 1030 4645 1176 4712; x_wconf 89' lang='lat' dir='ltr'><strong>Quid</strong></span> <span class='ocrx_word' id='word_1_517' title='bbox 1208 4659 1310 4715; x_wconf 90' lang='lat' dir='ltr'><strong>per</strong></span> <span class='ocrx_word' id='word_1_518' title='bbox 1334 4646 1592 4703; x_wconf 88' lang='lat' dir='ltr'><strong>catulum</strong></span> <span class='ocrx_word' id='word_1_519' title='bbox 1642 4647 1840 4715; x_wconf 92' lang='lat' dir='ltr'><strong>leonis,</strong></span> <span class='ocrx_word' id='word_1_520' title='bbox 1870 4648 1974 4703; x_wconf 90' lang='lat' dir='ltr'><strong>nisi</strong></span> 
     </span>
    </p>
   </div>
   <div class='ocr_carea' id='block_1_69' title="bbox 291 4733 1981 4806">
    <p class='ocr_par' dir='ltr' id='par_1_69' title="bbox 291 4733 1981 4806">
     <span class='ocr_line' id='line_1_69' title="bbox 291 4733 1981 4806; baseline -0.002 -11"><span class='ocrx_word' id='word_1_521' title='bbox 291 4738 430 4795; x_wconf 80' lang='lat' dir='ltr'><strong>levis</strong></span> <span class='ocrx_word' id='word_1_522' title='bbox 474 4737 813 4805; x_wconf 88' lang='lat' dir='ltr'><strong>noviterque</strong></span> <span class='ocrx_word' id='word_1_523' title='bbox 857 4733 1177 4800; x_wconf 91' lang='lat' dir='ltr'><strong>suboriens,</strong></span> <span class='ocrx_word' id='word_1_524' title='bbox 1228 4742 1283 4789; x_wconf 91' lang='lat' dir='ltr'><strong>et</strong></span> <span class='ocrx_word' id='word_1_525' title='bbox 1331 4748 1462 4803; x_wconf 89' lang='lat' dir='ltr'><strong>qua</strong></span> <span class='ocrx_word' id='word_1_526' title='bbox 1496 4734 1657 4791; x_wconf 87' lang='lat' dir='ltr'><strong>facile</strong></span> <span class='ocrx_word' id='word_1_527' title='bbox 1698 4734 1841 4791; x_wconf 85' lang='lat' dir='ltr'><strong>ﬂecti</strong></span> <span class='ocrx_word' id='word_1_528' title='bbox 1875 4750 1981 4806; x_wconf 90' lang='lat' dir='ltr'><strong>po-</strong></span> 
     </span>
    </p>
   </div>
   <div class='ocr_carea' id='block_1_70' title="bbox 292 4822 1979 4895">
    <p class='ocr_par' dir='ltr' id='par_1_70' title="bbox 292 4822 1979 4895">
     <span class='ocr_line' id='line_1_70' title="bbox 292 4822 1979 4895; baseline -0.002 -13"><span class='ocrx_word' id='word_1_529' title='bbox 292 4835 416 4893; x_wconf 89' lang='lat' dir='ltr'><strong>test,</strong></span> <span class='ocrx_word' id='word_1_530' title='bbox 468 4823 858 4895; x_wconf 82' lang='lat' dir='ltr'><strong>negligentia?</strong></span> <span class='ocrx_word' id='word_1_531' title='bbox 909 4822 1069 4889; x_wconf 90' lang='lat' dir='ltr'><strong>Quod</strong></span> <span class='ocrx_word' id='word_1_532' title='bbox 1115 4830 1201 4878; x_wconf 93' lang='lat' dir='ltr'><strong>est</strong></span> <span class='ocrx_word' id='word_1_533' title='bbox 1256 4822 1479 4878; x_wconf 90' lang='lat' dir='ltr'><strong>dicere:</strong></span> <span class='ocrx_word' id='word_1_534' title='bbox 1536 4823 1663 4878; x_wconf 88' lang='lat' dir='ltr'><strong>Post</strong></span> <span class='ocrx_word' id='word_1_535' title='bbox 1712 4823 1979 4878; x_wconf 88' lang='lat' dir='ltr'><strong>latentem</strong></span> 
     </span>
    </p>
   </div>
   <div class='ocr_carea' id='block_1_71' title="bbox 2081 1751 3779 1818">
    <p class='ocr_par' dir='ltr' id='par_1_71' title="bbox 2081 1751 3779 1818">
     <span class='ocr_line' id='line_1_71' title="bbox 2081 1751 3779 1818; baseline -0.004 -8"><span class='ocrx_word' id='word_1_536' title='bbox 2081 1763 2184 1810; x_wconf 90' lang='lat' dir='ltr'><strong>aut</strong></span> <span class='ocrx_word' id='word_1_537' title='bbox 2219 1753 2358 1808; x_wconf 90' lang='lat' dir='ltr'><strong>vitio</strong></span> <span class='ocrx_word' id='word_1_538' title='bbox 2401 1752 2664 1808; x_wconf 89' lang='lat' dir='ltr'><strong>titillante</strong></span> <span class='ocrx_word' id='word_1_539' title='bbox 2711 1752 3069 1817; x_wconf 88' lang='lat' dir='ltr'><strong>succumbat,</strong></span> <span class='ocrx_word' id='word_1_540' title='bbox 3131 1767 3234 1806; x_wconf 86' lang='lat' dir='ltr'><strong>nec</strong></span> <span class='ocrx_word' id='word_1_541' title='bbox 3287 1752 3391 1806; x_wconf 90' lang='lat' dir='ltr'><strong>hoc</strong></span> <span class='ocrx_word' id='word_1_542' title='bbox 3436 1751 3628 1818; x_wconf 88' lang='lat' dir='ltr'><strong>semel,</strong></span> <span class='ocrx_word' id='word_1_543' title='bbox 3676 1752 3779 1804; x_wconf 89' lang='lat' dir='ltr'><strong>sed</strong></span> 
     </span>
    </p>
   </div>
   <div class='ocr_carea' id='block_1_72' title="bbox 2083 1838 3780 1906">
    <p class='ocr_par' dir='ltr' id='par_1_72' title="bbox 2083 1838 3780 1906">
     <span class='ocr_line' id='line_1_72' title="bbox 2083 1838 3780 1906; baseline -0.002 -9"><span class='ocrx_word' id='word_1_544' title='bbox 2083 1840 2248 1897; x_wconf 91' lang='lat' dir='ltr'><strong>multi</strong></span> <span class='ocrx_word' id='word_1_545' title='bbox 2312 1839 2476 1895; x_wconf 91' lang='lat' dir='ltr'><strong>modo</strong></span> <span class='ocrx_word' id='word_1_546' title='bbox 2543 1853 2783 1894; x_wconf 87' lang='lat' dir='ltr'><strong>recursu</strong></span> <span class='ocrx_word' id='word_1_547' title='bbox 2848 1838 3178 1906; x_wconf 87' lang='lat' dir='ltr'><strong>proveniat,-</strong></span> <span class='ocrx_word' id='word_1_548' title='bbox 3240 1840 3346 1894; x_wconf 91' lang='lat' dir='ltr'><strong>hoc</strong></span> <span class='ocrx_word' id='word_1_549' title='bbox 3403 1842 3555 1895; x_wconf 90' lang='lat' dir='ltr'><strong>enim</strong></span> <span class='ocrx_word' id='word_1_550' title='bbox 3607 1839 3780 1895; x_wconf 92' lang='lat' dir='ltr'><strong>modo</strong></span> 
     </span>
    </p>
   </div>
   <div class='ocr_carea' id='block_1_73' title="bbox 2088 1926 3773 1997">
    <p class='ocr_par' dir='ltr' id='par_1_73' title="bbox 2088 1926 3773 1997">
     <span class='ocr_line' id='line_1_73' title="bbox 2088 1926 3773 1997; baseline -0.001 -15"><span class='ocrx_word' id='word_1_551' title='bbox 2088 1950 2109 1975; x_wconf 78' lang='grc' dir='ltr'><strong>ι</strong></span> <span class='ocrx_word' id='word_1_552' title='bbox 2156 1926 2361 1997; x_wconf 90' lang='lat' dir='ltr'><strong>septies</strong></span> <span class='ocrx_word' id='word_1_553' title='bbox 2389 1927 2542 1981; x_wconf 89' lang='lat' dir='ltr'><strong>cadit</strong></span> <span class='ocrx_word' id='word_1_554' title='bbox 2566 1927 2760 1996; x_wconf 88' lang='lat' dir='ltr'><strong>justus</strong></span> <span class='ocrx_word' id='word_1_555' title='bbox 2795 1934 2849 1981; x_wconf 91' lang='lat' dir='ltr'><strong>et</strong></span> <span class='ocrx_word' id='word_1_556' title='bbox 2881 1927 3130 1996; x_wconf 86' lang='lat' dir='ltr'><strong>resurgit</strong></span> <span class='ocrx_word' id='word_1_557' title='bbox 3163 1927 3354 1995; x_wconf 81' lang='lat' dir='ltr'><strong>(Prov.</strong></span> <span class='ocrx_word' id='word_1_558' title='bbox 3390 1941 3549 1992; x_wconf 77' lang='lat' dir='ltr'><strong>XXIV,</strong></span> <span class='ocrx_word' id='word_1_559' title='bbox 3590 1927 3710 1996; x_wconf 82' lang='lat'><strong>16);</strong></span> <span class='ocrx_word' id='word_1_560' title='bbox 3754 1948 3773 1971; x_wconf 82' lang='lat'><strong><em>-</em></strong></span> 
     </span>
    </p>
   </div>
   <div class='ocr_carea' id='block_1_74' title="bbox 2082 2013 3779 2085">
    <p class='ocr_par' dir='ltr' id='par_1_74' title="bbox 2082 2013 3779 2085">
     <span class='ocr_line' id='line_1_74' title="bbox 2082 2013 3779 2085; baseline -0.002 -14"><span class='ocrx_word' id='word_1_561' title='bbox 2082 2024 2136 2071; x_wconf 88' lang='lat' dir='ltr'><strong>et</strong></span> <span class='ocrx_word' id='word_1_562' title='bbox 2189 2030 2320 2071; x_wconf 90' lang='lat' dir='ltr'><strong>cum</strong></span> <span class='ocrx_word' id='word_1_563' title='bbox 2391 2013 2654 2070; x_wconf 90' lang='lat' dir='ltr'><strong>ceciderit</strong></span> <span class='ocrx_word' id='word_1_564' title='bbox 2707 2028 2821 2070; x_wconf 90' lang='lat' dir='ltr'><strong>non</strong></span> <span class='ocrx_word' id='word_1_565' title='bbox 2888 2014 3194 2081; x_wconf 90' lang='lat' dir='ltr'><strong>colliditur,</strong></span> <span class='ocrx_word' id='word_1_566' title='bbox 3252 2016 3393 2085; x_wconf 88' lang='lat' dir='ltr'><strong>quia</strong></span> <span class='ocrx_word' id='word_1_567' title='bbox 3447 2014 3650 2080; x_wconf 89' lang='lat' dir='ltr'><strong>taliter,</strong></span> <span class='ocrx_word' id='word_1_568' title='bbox 3713 2021 3779 2069; x_wconf 90' lang='lat' dir='ltr'><strong>ut</strong></span> 
     </span>
    </p>
   </div>
   <div class='ocr_carea' id='block_1_75' title="bbox 2084 2102 3777 2174">
    <p class='ocr_par' dir='ltr' id='par_1_75' title="bbox 2084 2102 3777 2174">
     <span class='ocr_line' id='line_1_75' title="bbox 2084 2102 3777 2174; baseline -0.001 -15"><span class='ocrx_word' id='word_1_569' title='bbox 2084 2105 2269 2161; x_wconf 86' lang='lat' dir='ltr'><strong>dicere</strong></span> <span class='ocrx_word' id='word_1_570' title='bbox 2301 2103 2597 2174; x_wconf 79' lang='lat' dir='ltr'><strong>capimus,</strong></span> <span class='ocrx_word' id='word_1_571' title='bbox 2647 2125 2667 2151; x_wconf 74' lang='grc' dir='ltr'>ι</span> <span class='ocrx_word' id='word_1_572' title='bbox 2702 2102 2973 2172; x_wconf 92' lang='lat' dir='ltr'><strong>supponit</strong></span> <span class='ocrx_word' id='word_1_573' title='bbox 3007 2103 3283 2159; x_wconf 88' lang='lat' dir='ltr'><strong>Dominus</strong></span> <span class='ocrx_word' id='word_1_574' title='bbox 3327 2117 3561 2158; x_wconf 89' lang='lat' dir='ltr'><strong>manum</strong></span> <span class='ocrx_word' id='word_1_575' title='bbox 3610 2116 3777 2157; x_wconf 90' lang='lat' dir='ltr'><strong>suam</strong></span> 
     </span>
    </p>
   </div>
   <div class='ocr_carea' id='block_1_76' title="bbox 2085 2191 3780 2263">
    <p class='ocr_par' dir='ltr' id='par_1_76' title="bbox 2085 2191 3780 2263">
     <span class='ocr_line' id='line_1_76' title="bbox 2085 2191 3780 2263; baseline -0.004 -14"><span class='ocrx_word' id='word_1_576' title='bbox 2085 2195 2247 2263; x_wconf 87' lang='lat' dir='ltr'><strong>(Psal.</strong></span> <span class='ocrx_word' id='word_1_577' title='bbox 2282 2207 2488 2259; x_wconf 79' lang='lat' dir='ltr'><strong>XXXVI,</strong></span> <span class='ocrx_word' id='word_1_578' title='bbox 2522 2191 2633 2263; x_wconf 78' lang='lat'><strong>24).</strong></span> <span class='ocrx_word' id='word_1_579' title='bbox 2669 2209 2698 2243; x_wconf 77' lang='grc' dir='ltr'><strong>ι)</strong></span> <span class='ocrx_word' id='word_1_580' title='bbox 2739 2196 2880 2247; x_wconf 75' lang='lat'><strong>198</strong></span> <span class='ocrx_word' id='word_1_581' title='bbox 2916 2191 3099 2257; x_wconf 91' lang='lat' dir='ltr'><strong>Tollit,</strong></span> <span class='ocrx_word' id='word_1_582' title='bbox 3135 2205 3265 2247; x_wconf 90' lang='lat' dir='ltr'><strong>cum</strong></span> <span class='ocrx_word' id='word_1_583' title='bbox 3296 2205 3329 2245; x_wconf 92' lang='lat' dir='ltr'><strong>a</strong></span> <span class='ocrx_word' id='word_1_584' title='bbox 3366 2191 3780 2260; x_wconf 88' lang='lat' dir='ltr'><strong>cupiditatibus</strong></span> 
     </span>
    </p>
   </div>
   <div class='ocr_carea' id='block_1_77' title="bbox 2086 2279 3779 2349">
    <p class='ocr_par' dir='ltr' id='par_1_77' title="bbox 2086 2279 3779 2349">
     <span class='ocr_line' id='line_1_77' title="bbox 2086 2279 3779 2349; baseline -0.002 -13"><span class='ocrx_word' id='word_1_585' title='bbox 2086 2282 2338 2336; x_wconf 87' lang='lat' dir='ltr'><strong>animam</strong></span> <span class='ocrx_word' id='word_1_586' title='bbox 2392 2280 2567 2349; x_wconf 87' lang='lat' dir='ltr'><strong>hujus</strong></span> <span class='ocrx_word' id='word_1_587' title='bbox 2628 2279 2756 2335; x_wconf 87' lang='lat' dir='ltr'><strong>vita</strong></span> <span class='ocrx_word' id='word_1_588' title='bbox 2806 2279 3062 2334; x_wconf 88' lang='lat' dir='ltr'><strong>mortalis</strong></span> <span class='ocrx_word' id='word_1_589' title='bbox 3111 2280 3333 2335; x_wconf 88' lang='lat' dir='ltr'><strong>attollit.</strong></span> <span class='ocrx_word' id='word_1_590' title='bbox 3383 2281 3502 2335; x_wconf 84' lang='lat' dir='ltr'><strong>Non</strong></span> <span class='ocrx_word' id='word_1_591' title='bbox 3551 2284 3629 2333; x_wconf 86' lang='lat' dir='ltr'><strong>est</strong></span> <span class='ocrx_word' id='word_1_592' title='bbox 3680 2283 3779 2344; x_wconf 81' lang='lat' dir='ltr'><strong>qui</strong></span> 
     </span>
    </p>
   </div>
   <div class='ocr_carea' id='block_1_78' title="bbox 2086 2367 3782 2439">
    <p class='ocr_par' dir='ltr' id='par_1_78' title="bbox 2086 2367 3782 2439">
     <span class='ocr_line' id='line_1_78' title="bbox 2086 2367 3782 2439; baseline -0.002 -15"><span class='ocrx_word' id='word_1_593' title='bbox 2086 2374 2260 2431; x_wconf 85' lang='lat' dir='ltr'><strong>eruat,</strong></span> <span class='ocrx_word' id='word_1_594' title='bbox 2312 2370 2450 2439; x_wconf 89' lang='lat' dir='ltr'><strong>quia</strong></span> <span class='ocrx_word' id='word_1_595' title='bbox 2493 2383 2607 2423; x_wconf 93' lang='lat' dir='ltr'><strong>non</strong></span> <span class='ocrx_word' id='word_1_596' title='bbox 2666 2375 2749 2423; x_wconf 89' lang='lat' dir='ltr'><strong>est</strong></span> <span class='ocrx_word' id='word_1_597' title='bbox 2790 2368 2987 2437; x_wconf 83' lang='lat' dir='ltr'><strong>aliqua</strong></span> <span class='ocrx_word' id='word_1_598' title='bbox 3044 2368 3277 2423; x_wconf 87' lang='lat' dir='ltr'><strong>tentatio</strong></span> <span class='ocrx_word' id='word_1_599' title='bbox 3330 2367 3614 2422; x_wconf 91' lang='lat' dir='ltr'><strong>intantum</strong></span> <span class='ocrx_word' id='word_1_600' title='bbox 3679 2380 3782 2421; x_wconf 84' lang='lat' dir='ltr'><strong>eor</strong></span> 
     </span>
    </p>
   </div>
   <div class='ocr_carea' id='block_1_79' title="bbox 2086 2455 3781 2528">
    <p class='ocr_par' dir='ltr' id='par_1_79' title="bbox 2086 2455 3781 2528">
     <span class='ocr_line' id='line_1_79' title="bbox 2086 2455 3781 2528; baseline -0.001 -15"><span class='ocrx_word' id='word_1_601' title='bbox 2086 2458 2383 2528; x_wconf 87' lang='lat' dir='ltr'><strong>impetens,</strong></span> <span class='ocrx_word' id='word_1_602' title='bbox 2433 2472 2563 2527; x_wconf 87' lang='lat' dir='ltr'><strong>qua</strong></span> <span class='ocrx_word' id='word_1_603' title='bbox 2605 2458 2717 2512; x_wconf 87' lang='lat' dir='ltr'><strong>Deo</strong></span> <span class='ocrx_word' id='word_1_604' title='bbox 2763 2457 3050 2512; x_wconf 90' lang='lat' dir='ltr'><strong>hominem</strong></span> <span class='ocrx_word' id='word_1_605' title='bbox 3102 2457 3266 2526; x_wconf 92' lang='lat' dir='ltr'><strong>plene</strong></span> <span class='ocrx_word' id='word_1_606' title='bbox 3316 2456 3617 2525; x_wconf 86' lang='lat' dir='ltr'><strong>possidenti</strong></span> <span class='ocrx_word' id='word_1_607' title='bbox 3660 2455 3781 2511; x_wconf 88' lang='lat' dir='ltr'><strong>ulla</strong></span> 
     </span>
    </p>
   </div>
   <div class='ocr_carea' id='block_1_80' title="bbox 2086 2544 2621 2614">
    <p class='ocr_par' dir='ltr' id='par_1_80' title="bbox 2086 2544 2621 2614">
     <span class='ocr_line' id='line_1_80' title="bbox 2086 2544 2621 2614; baseline -0.007 -12"><span class='ocrx_word' id='word_1_608' title='bbox 2086 2547 2290 2602; x_wconf 89' lang='lat' dir='ltr'><strong>fraude</strong></span> <span class='ocrx_word' id='word_1_609' title='bbox 2317 2544 2621 2614; x_wconf 88' lang='lat' dir='ltr'><strong>subripiat,</strong></span> 
     </span>
    </p>
   </div>
   <div class='ocr_carea' id='block_1_81' title="bbox 2158 2632 3781 2691">
    <p class='ocr_par' dir='ltr' id='par_1_81' title="bbox 2158 2632 3781 2691">
     <span class='ocr_line' id='line_1_81' title="bbox 2158 2632 3781 2691; baseline -0.004 0"><span class='ocrx_word' id='word_1_610' title='bbox 2158 2634 2328 2691; x_wconf 73' lang='lat' dir='ltr'><strong>Vens.</strong></span> <span class='ocrx_word' id='word_1_611' title='bbox 2378 2633 2467 2687; x_wconf 81' lang='grc'><strong>15.</strong></span> <span class='ocrx_word' id='word_1_612' title='bbox 2509 2663 2577 2671; x_wconf 87' lang='lat'><strong>-—</strong></span> <span class='ocrx_word' id='word_1_613' title='bbox 2624 2654 2644 2679; x_wconf 76' lang='grc' dir='ltr'>ι</span> <span class='ocrx_word' id='word_1_614' title='bbox 2700 2632 2927 2687; x_wconf 90' lang='lat' dir='ltr'><strong>Vadens</strong></span> <span class='ocrx_word' id='word_1_615' title='bbox 2978 2641 3233 2688; x_wconf 89' lang='lat' dir='ltr'><strong>revertar</strong></span> <span class='ocrx_word' id='word_1_616' title='bbox 3256 2633 3328 2687; x_wconf 91' lang='lat' dir='ltr'><strong>ad</strong></span> <span class='ocrx_word' id='word_1_617' title='bbox 3359 2632 3546 2687; x_wconf 92' lang='lat' dir='ltr'><strong>locum</strong></span> <span class='ocrx_word' id='word_1_618' title='bbox 3584 2644 3781 2686; x_wconf 90' lang='lat' dir='ltr'><strong>meum</strong></span> 
     </span>
    </p>
   </div>
   <div class='ocr_carea' id='block_1_82' title="bbox 2095 2718 3783 2790">
    <p class='ocr_par' dir='ltr' id='par_1_82' title="bbox 2095 2718 3783 2790">
     <span class='ocr_line' id='line_1_82' title="bbox 2095 2718 3783 2790; baseline -0.003 -12"><span class='ocrx_word' id='word_1_619' title='bbox 2095 2747 2115 2772; x_wconf 71' lang='grc' dir='ltr'><strong><em>η</em></strong></span> <span class='ocrx_word' id='word_1_620' title='bbox 2160 2723 2339 2778; x_wconf 92' lang='lat' dir='ltr'><strong>donec</strong></span> <span class='ocrx_word' id='word_1_621' title='bbox 2363 2720 2640 2776; x_wconf 87' lang='lat' dir='ltr'><strong>deficiatis</strong></span> <span class='ocrx_word' id='word_1_622' title='bbox 2681 2728 2735 2775; x_wconf 92' lang='lat' dir='ltr'><strong>et</strong></span> <span class='ocrx_word' id='word_1_623' title='bbox 2769 2720 3041 2790; x_wconf 86' lang='lat' dir='ltr'><strong>quaratis</strong></span> <span class='ocrx_word' id='word_1_624' title='bbox 3088 2718 3287 2775; x_wconf 88' lang='lat' dir='ltr'><strong>faciem</strong></span> <span class='ocrx_word' id='word_1_625' title='bbox 3324 2734 3528 2775; x_wconf 89' lang='lat' dir='ltr'><strong>meam.</strong></span> <span class='ocrx_word' id='word_1_626' title='bbox 3566 2741 3588 2766; x_wconf 76' lang='grc' dir='ltr'>ι</span> <span class='ocrx_word' id='word_1_627' title='bbox 3628 2719 3783 2774; x_wconf 86' lang='lat' dir='ltr'><strong>Deus</strong></span> 
     </span>
    </p>
   </div>
   <div class='ocr_carea' id='block_1_83' title="bbox 2090 2806 3780 2879">
    <p class='ocr_par' dir='ltr' id='par_1_83' title="bbox 2090 2806 3780 2879">
     <span class='ocr_line' id='line_1_83' title="bbox 2090 2806 3780 2879; baseline -0.002 -14"><span class='ocrx_word' id='word_1_628' title='bbox 2090 2812 2294 2867; x_wconf 91' lang='lat' dir='ltr'><strong>iterum</strong></span> <span class='ocrx_word' id='word_1_629' title='bbox 2328 2808 2485 2864; x_wconf 88' lang='lat' dir='ltr'><strong>vadit</strong></span> <span class='ocrx_word' id='word_1_630' title='bbox 2515 2823 2669 2875; x_wconf 89' lang='lat' dir='ltr'><strong>cum,</strong></span> <span class='ocrx_word' id='word_1_631' title='bbox 2720 2819 2939 2878; x_wconf 90' lang='lat' dir='ltr'><strong>recepta</strong></span> <span class='ocrx_word' id='word_1_632' title='bbox 2981 2808 3185 2879; x_wconf 90' lang='lat' dir='ltr'><strong>gratia,</strong></span> <span class='ocrx_word' id='word_1_633' title='bbox 3222 2816 3284 2864; x_wconf 93' lang='lat' dir='ltr'><strong>ut</strong></span> <span class='ocrx_word' id='word_1_634' title='bbox 3312 2823 3414 2863; x_wconf 91' lang='lat' dir='ltr'><strong>nos</strong></span> <span class='ocrx_word' id='word_1_635' title='bbox 3443 2806 3606 2863; x_wconf 88' lang='lat' dir='ltr'><strong>nobis</strong></span> <span class='ocrx_word' id='word_1_636' title='bbox 3637 2806 3780 2877; x_wconf 91' lang='lat' dir='ltr'><strong>quid</strong></span> 
     </span>
    </p>
   </div>
   <div class='ocr_carea' id='block_1_84' title="bbox 2018 2895 3782 2988">
    <p class='ocr_par' dir='ltr' id='par_1_84' title="bbox 2018 2895 3782 2988">
     <span class='ocr_line' id='line_1_84' title="bbox 2018 2895 3782 2988; baseline -0.003 -34"><span class='ocrx_word' id='word_1_637' title='bbox 2018 2899 2270 2988; x_wconf 73' lang='lat' dir='ltr'><strong>Csimus</strong></span> <span class='ocrx_word' id='word_1_638' title='bbox 2342 2911 2415 2953; x_wconf 89' lang='lat' dir='ltr'><strong>ex</strong></span> <span class='ocrx_word' id='word_1_639' title='bbox 2477 2896 2640 2953; x_wconf 90' lang='lat' dir='ltr'><strong>nobis</strong></span> <span class='ocrx_word' id='word_1_640' title='bbox 2699 2897 2980 2965; x_wconf 89' lang='lat' dir='ltr'><strong>ostendat,</strong></span> <span class='ocrx_word' id='word_1_641' title='bbox 3041 2896 3462 2966; x_wconf 88' lang='lat' dir='ltr'><strong>aliquantisper</strong></span> <span class='ocrx_word' id='word_1_642' title='bbox 3525 2911 3559 2951; x_wconf 90' lang='lat' dir='ltr'><strong>a</strong></span> <span class='ocrx_word' id='word_1_643' title='bbox 3616 2895 3782 2950; x_wconf 91' lang='lat' dir='ltr'><strong>nobis</strong></span> 
     </span>
    </p>
   </div>
   <div class='ocr_carea' id='block_1_85' title="bbox 2088 2984 3781 3056">
    <p class='ocr_par' dir='ltr' id='par_1_85' title="bbox 2088 2984 3781 3056">
     <span class='ocr_line' id='line_1_85' title="bbox 2088 2984 3781 3056; baseline -0.003 -13"><span class='ocrx_word' id='word_1_644' title='bbox 2088 2985 2472 3056; x_wconf 89' lang='lat' dir='ltr'><strong>dispensative</strong></span> <span class='ocrx_word' id='word_1_645' title='bbox 2514 2984 2741 3051; x_wconf 90' lang='lat' dir='ltr'><strong>recedit,</strong></span> <span class='ocrx_word' id='word_1_646' title='bbox 2796 2999 2911 3040; x_wconf 91' lang='lat' dir='ltr'><strong>non</strong></span> <span class='ocrx_word' id='word_1_647' title='bbox 2966 2999 3069 3039; x_wconf 89' lang='lat' dir='ltr'><strong>nos</strong></span> <span class='ocrx_word' id='word_1_648' title='bbox 3117 2992 3308 3040; x_wconf 89' lang='lat' dir='ltr'><strong>tamen</strong></span> <span class='ocrx_word' id='word_1_649' title='bbox 3356 2997 3781 3055; x_wconf 87' lang='lat' dir='ltr'><strong>usquequaque</strong></span> 
     </span>
    </p>
   </div>
   <div class='ocr_carea' id='block_1_86' title="bbox 2089 3073 3776 3145">
    <p class='ocr_par' dir='ltr' id='par_1_86' title="bbox 2089 3073 3776 3145">
     <span class='ocr_line' id='line_1_86' title="bbox 2089 3073 3776 3145; baseline -0.004 -13"><span class='ocrx_word' id='word_1_650' title='bbox 2089 3076 2382 3145; x_wconf 89' lang='lat' dir='ltr'><strong>relinquit.</strong></span> <span class='ocrx_word' id='word_1_651' title='bbox 2438 3074 2653 3129; x_wconf 87' lang='lat' dir='ltr'><strong>Vadens</strong></span> <span class='ocrx_word' id='word_1_652' title='bbox 2695 3086 2831 3144; x_wconf 86' lang='lat' dir='ltr'><strong>ergo</strong></span> <span class='ocrx_word' id='word_1_653' title='bbox 2889 3073 2964 3128; x_wconf 89' lang='lat' dir='ltr'><strong>ad</strong></span> <span class='ocrx_word' id='word_1_654' title='bbox 3022 3074 3193 3127; x_wconf 88' lang='lat' dir='ltr'><strong>locum</strong></span> <span class='ocrx_word' id='word_1_655' title='bbox 3245 3088 3403 3127; x_wconf 83' lang='lat' dir='ltr'><strong>suum</strong></span> <span class='ocrx_word' id='word_1_656' title='bbox 3453 3073 3776 3137; x_wconf 90' lang='lat' dir='ltr'><strong>revertitur,</strong></span> 
     </span>
    </p>
   </div>
   <div class='ocr_carea' id='block_1_87' title="bbox 2091 3160 3782 3232">
    <p class='ocr_par' dir='ltr' id='par_1_87' title="bbox 2091 3160 3782 3232">
     <span class='ocr_line' id='line_1_87' title="bbox 2091 3160 3782 3232; baseline -0.004 -13"><span class='ocrx_word' id='word_1_657' title='bbox 2091 3178 2221 3219; x_wconf 92' lang='lat' dir='ltr'><strong>cum</strong></span> <span class='ocrx_word' id='word_1_658' title='bbox 2258 3162 2658 3227; x_wconf 89' lang='lat' dir='ltr'><strong>humilitatem,</strong></span> <span class='ocrx_word' id='word_1_659' title='bbox 2718 3176 2849 3232; x_wconf 91' lang='lat' dir='ltr'><strong>qua</strong></span> <span class='ocrx_word' id='word_1_660' title='bbox 2890 3170 3085 3217; x_wconf 90' lang='lat' dir='ltr'><strong>nostra</strong></span> <span class='ocrx_word' id='word_1_661' title='bbox 3136 3162 3191 3216; x_wconf 91' lang='lat' dir='ltr'><strong>in</strong></span> <span class='ocrx_word' id='word_1_662' title='bbox 3236 3161 3500 3231; x_wconf 78' lang='lat' dir='ltr'><strong>praesenti</strong></span> <span class='ocrx_word' id='word_1_663' title='bbox 3550 3160 3782 3230; x_wconf 87' lang='lat' dir='ltr'><strong>proprie</strong></span> 
     </span>
    </p>
   </div>
   <div class='ocr_carea' id='block_1_88' title="bbox 2090 3249 3782 3320">
    <p class='ocr_par' dir='ltr' id='par_1_88' title="bbox 2090 3249 3782 3320">
     <span class='ocr_line' id='line_1_88' title="bbox 2090 3249 3782 3320; baseline -0.004 -11"><span class='ocrx_word' id='word_1_664' title='bbox 2090 3254 2251 3309; x_wconf 91' lang='lat' dir='ltr'><strong>sedes</strong></span> <span class='ocrx_word' id='word_1_665' title='bbox 2295 3259 2398 3317; x_wconf 90' lang='lat' dir='ltr'><strong>est,</strong></span> <span class='ocrx_word' id='word_1_666' title='bbox 2443 3250 2646 3306; x_wconf 89' lang='lat' dir='ltr'><strong>crebro</strong></span> <span class='ocrx_word' id='word_1_667' title='bbox 2679 3258 2933 3319; x_wconf 89' lang='lat' dir='ltr'><strong>repetere</strong></span> <span class='ocrx_word' id='word_1_668' title='bbox 2978 3250 3051 3305; x_wconf 86' lang='lat' dir='ltr'><strong>ab</strong></span> <span class='ocrx_word' id='word_1_669' title='bbox 3095 3249 3215 3318; x_wconf 89' lang='lat' dir='ltr'><strong>ipso</strong></span> <span class='ocrx_word' id='word_1_670' title='bbox 3265 3258 3542 3320; x_wconf 87' lang='lat' dir='ltr'><strong>tanquam</strong></span> <span class='ocrx_word' id='word_1_671' title='bbox 3584 3250 3782 3317; x_wconf 88' lang='lat' dir='ltr'><strong>inepes</strong></span> 
     </span>
    </p>
   </div>
   <div class='ocr_carea' id='block_1_89' title="bbox 2090 3337 3778 3408">
    <p class='ocr_par' dir='ltr' id='par_1_89' title="bbox 2090 3337 3778 3408">
     <span class='ocr_line' id='line_1_89' title="bbox 2090 3337 3778 3408; baseline -0.003 -12"><span class='ocrx_word' id='word_1_672' title='bbox 2090 3350 2144 3397; x_wconf 93' lang='lat' dir='ltr'><strong>et</strong></span> <span class='ocrx_word' id='word_1_673' title='bbox 2192 3339 2396 3395; x_wconf 88' lang='lat' dir='ltr'><strong>deserti</strong></span> <span class='ocrx_word' id='word_1_674' title='bbox 2434 3339 2730 3408; x_wconf 88' lang='lat' dir='ltr'><strong>jubemur.</strong></span> <span class='ocrx_word' id='word_1_675' title='bbox 2764 3339 2834 3393; x_wconf 88' lang='lat' dir='ltr'><strong>Et</strong></span> <span class='ocrx_word' id='word_1_676' title='bbox 2863 3346 3014 3393; x_wconf 90' lang='lat' dir='ltr'><strong>certe</strong></span> <span class='ocrx_word' id='word_1_677' title='bbox 3043 3352 3175 3393; x_wconf 92' lang='lat' dir='ltr'><strong>cum</strong></span> <span class='ocrx_word' id='word_1_678' title='bbox 3213 3338 3293 3392; x_wconf 92' lang='lat' dir='ltr'><strong>sic</strong></span> <span class='ocrx_word' id='word_1_679' title='bbox 3340 3337 3679 3404; x_wconf 89' lang='lat' dir='ltr'><strong>deserimur,</strong></span> <span class='ocrx_word' id='word_1_680' title='bbox 3728 3338 3778 3390; x_wconf 92' lang='lat' dir='ltr'><strong>ei</strong></span> 
     </span>
    </p>
   </div>
   <div class='ocr_carea' id='block_1_90' title="bbox 2090 3424 3778 3493">
    <p class='ocr_par' dir='ltr' id='par_1_90' title="bbox 2090 3424 3778 3493">
     <span class='ocr_line' id='line_1_90' title="bbox 2090 3424 3778 3493; baseline 0 -8"><span class='ocrx_word' id='word_1_681' title='bbox 2090 3427 2383 3485; x_wconf 87' lang='lat' dir='ltr'><strong>salubrius</strong></span> <span class='ocrx_word' id='word_1_682' title='bbox 2427 3428 2821 3493; x_wconf 89' lang='lat' dir='ltr'><strong>admovemur,</strong></span> <span class='ocrx_word' id='word_1_683' title='bbox 2868 3433 2923 3481; x_wconf 89' lang='lat' dir='ltr'><strong>et</strong></span> <span class='ocrx_word' id='word_1_684' title='bbox 2971 3427 3079 3482; x_wconf 90' lang='lat' dir='ltr'><strong>hoc</strong></span> <span class='ocrx_word' id='word_1_685' title='bbox 3119 3425 3178 3481; x_wconf 84' lang='lat' dir='ltr'><strong>fit</strong></span> <span class='ocrx_word' id='word_1_686' title='bbox 3212 3426 3389 3481; x_wconf 89' lang='lat' dir='ltr'><strong>donec</strong></span> <span class='ocrx_word' id='word_1_687' title='bbox 3422 3424 3778 3485; x_wconf 87' lang='lat' dir='ltr'><strong>deficiamus.</strong></span> 
     </span>
    </p>
   </div>
   <div class='ocr_carea' id='block_1_91' title="bbox 2092 3512 3784 3587">
    <p class='ocr_par' dir='ltr' id='par_1_91' title="bbox 2092 3512 3784 3587">
     <span class='ocr_line' id='line_1_91' title="bbox 2092 3512 3784 3587; baseline -0.002 -15"><span class='ocrx_word' id='word_1_688' title='bbox 2092 3525 2414 3587; x_wconf 91' lang='lat' dir='ltr'><strong>peccatores</strong></span> <span class='ocrx_word' id='word_1_689' title='bbox 2437 3515 2589 3571; x_wconf 91' lang='lat' dir='ltr'><strong>enim</strong></span> <span class='ocrx_word' id='word_1_690' title='bbox 2638 3528 2670 3569; x_wconf 87' lang='lat' dir='ltr'><strong>a</strong></span> <span class='ocrx_word' id='word_1_691' title='bbox 2719 3522 2870 3569; x_wconf 89' lang='lat' dir='ltr'><strong>terra</strong></span> <span class='ocrx_word' id='word_1_692' title='bbox 2915 3514 3173 3581; x_wconf 86' lang='lat' dir='ltr'><strong>deﬁcere,</strong></span> <span class='ocrx_word' id='word_1_693' title='bbox 3220 3520 3275 3568; x_wconf 91' lang='lat' dir='ltr'><strong>et</strong></span> <span class='ocrx_word' id='word_1_694' title='bbox 3309 3513 3555 3582; x_wconf 89' lang='lat' dir='ltr'><strong>iniquos,</strong></span> <span class='ocrx_word' id='word_1_695' title='bbox 3609 3512 3689 3568; x_wconf 86' lang='lat' dir='ltr'><strong>ita</strong></span> <span class='ocrx_word' id='word_1_696' title='bbox 3719 3522 3784 3568; x_wconf 90' lang='lat' dir='ltr'><strong>ut</strong></span> 
     </span>
    </p>
   </div>
   <div class='ocr_carea' id='block_1_92' title="bbox 2090 3601 3783 3673">
    <p class='ocr_par' dir='ltr' id='par_1_92' title="bbox 2090 3601 3783 3673">
     <span class='ocr_line' id='line_1_92' title="bbox 2090 3601 3783 3673; baseline -0.003 -13"><span class='ocrx_word' id='word_1_697' title='bbox 2090 3620 2205 3661; x_wconf 90' lang='lat' dir='ltr'><strong>non</strong></span> <span class='ocrx_word' id='word_1_698' title='bbox 2259 3604 2392 3672; x_wconf 90' lang='lat' dir='ltr'><strong>sint,</strong></span> <span class='ocrx_word' id='word_1_699' title='bbox 2448 3604 2584 3659; x_wconf 89' lang='lat' dir='ltr'><strong>dicit</strong></span> <span class='ocrx_word' id='word_1_700' title='bbox 2653 3604 2911 3673; x_wconf 89' lang='lat' dir='ltr'><strong>psalmus</strong></span> <span class='ocrx_word' id='word_1_701' title='bbox 2956 3603 3125 3670; x_wconf 85' lang='lat' dir='ltr'><strong>(Psal.</strong></span> <span class='ocrx_word' id='word_1_702' title='bbox 3196 3616 3312 3665; x_wconf 87' lang='lat' dir='ltr'><strong>cm,</strong></span> <span class='ocrx_word' id='word_1_703' title='bbox 3364 3601 3475 3671; x_wconf 86' lang='lat'><strong>35).</strong></span> <span class='ocrx_word' id='word_1_704' title='bbox 3536 3602 3583 3656; x_wconf 85' lang='lat' dir='ltr'><strong>A</strong></span> <span class='ocrx_word' id='word_1_705' title='bbox 3632 3608 3783 3656; x_wconf 89' lang='lat' dir='ltr'><strong>terra</strong></span> 
     </span>
    </p>
   </div>
   <div class='ocr_carea' id='block_1_93' title="bbox 2090 3688 3780 3761">
    <p class='ocr_par' dir='ltr' id='par_1_93' title="bbox 2090 3688 3780 3761">
     <span class='ocr_line' id='line_1_93' title="bbox 2090 3688 3780 3761; baseline -0.004 -12"><span class='ocrx_word' id='word_1_706' title='bbox 2090 3692 2241 3749; x_wconf 91' lang='lat' dir='ltr'><strong>enim</strong></span> <span class='ocrx_word' id='word_1_707' title='bbox 2286 3692 2475 3748; x_wconf 82' lang='lat' dir='ltr'><strong>deficit</strong></span> <span class='ocrx_word' id='word_1_708' title='bbox 2518 3691 2785 3761; x_wconf 88' lang='lat' dir='ltr'><strong>quisquis</strong></span> <span class='ocrx_word' id='word_1_709' title='bbox 2840 3697 3081 3746; x_wconf 84' lang='lat' dir='ltr'><strong>terrena</strong></span> <span class='ocrx_word' id='word_1_710' title='bbox 3127 3690 3398 3745; x_wconf 89' lang='lat' dir='ltr'><strong>vanitatis</strong></span> <span class='ocrx_word' id='word_1_711' title='bbox 3443 3703 3647 3759; x_wconf 83' lang='lat' dir='ltr'><strong>expers</strong></span> <span class='ocrx_word' id='word_1_712' title='bbox 3698 3688 3780 3754; x_wconf 85' lang='lat' dir='ltr'><strong>fit,</strong></span> 
     </span>
    </p>
   </div>
   <div class='ocr_carea' id='block_1_94' title="bbox 2091 3777 3783 3851">
    <p class='ocr_par' dir='ltr' id='par_1_94' title="bbox 2091 3777 3783 3851">
     <span class='ocr_line' id='line_1_94' title="bbox 2091 3777 3783 3851; baseline -0.004 -14"><span class='ocrx_word' id='word_1_713' title='bbox 2091 3781 2353 3851; x_wconf 90' lang='lat' dir='ltr'><strong>utquod</strong></span> <span class='ocrx_word' id='word_1_714' title='bbox 2406 3780 2699 3850; x_wconf 87' lang='lat' dir='ltr'><strong>quondam</strong></span> <span class='ocrx_word' id='word_1_715' title='bbox 2758 3778 2966 3843; x_wconf 88' lang='lat' dir='ltr'><strong>fuerat,</strong></span> <span class='ocrx_word' id='word_1_716' title='bbox 3025 3792 3139 3833; x_wconf 91' lang='lat' dir='ltr'><strong>non</strong></span> <span class='ocrx_word' id='word_1_717' title='bbox 3200 3778 3291 3833; x_wconf 89' lang='lat' dir='ltr'><strong>sit.</strong></span> <span class='ocrx_word' id='word_1_718' title='bbox 3345 3805 3417 3818; x_wconf 93' lang='lat'>—</span> <span class='ocrx_word' id='word_1_719' title='bbox 3477 3777 3593 3832; x_wconf 86' lang='lat' dir='ltr'><strong>Hoc</strong></span> <span class='ocrx_word' id='word_1_720' title='bbox 3643 3790 3783 3847; x_wconf 88' lang='lat' dir='ltr'><strong>ergo</strong></span> 
     </span>
    </p>
   </div>
   <div class='ocr_carea' id='block_1_95' title="bbox 2092 3863 3780 3938">
    <p class='ocr_par' dir='ltr' id='par_1_95' title="bbox 2092 3863 3780 3938">
     <span class='ocr_line' id='line_1_95' title="bbox 2092 3863 3780 3938; baseline -0.004 -14"><span class='ocrx_word' id='word_1_721' title='bbox 2092 3870 2258 3925; x_wconf 91' lang='lat' dir='ltr'><strong>modo</strong></span> <span class='ocrx_word' id='word_1_722' title='bbox 2290 3867 2490 3924; x_wconf 89' lang='lat' dir='ltr'><strong>defecti</strong></span> <span class='ocrx_word' id='word_1_723' title='bbox 2538 3868 2733 3923; x_wconf 87' lang='lat' dir='ltr'><strong>faciem</strong></span> <span class='ocrx_word' id='word_1_724' title='bbox 2779 3868 2905 3938; x_wconf 90' lang='lat' dir='ltr'><strong>ejus</strong></span> <span class='ocrx_word' id='word_1_725' title='bbox 2953 3867 3291 3936; x_wconf 87' lang='lat' dir='ltr'><strong>quarimus,</strong></span> <span class='ocrx_word' id='word_1_726' title='bbox 3341 3879 3473 3921; x_wconf 91' lang='lat' dir='ltr'><strong>cum</strong></span> <span class='ocrx_word' id='word_1_727' title='bbox 3523 3863 3780 3920; x_wconf 88' lang='lat' dir='ltr'><strong>interiori</strong></span> 
     </span>
    </p>
   </div>
   <div class='ocr_carea' id='block_1_96' title="bbox 2088 3955 3494 4026">
    <p class='ocr_par' dir='ltr' id='par_1_96' title="bbox 2088 3955 3494 4026">
     <span class='ocr_line' id='line_1_96' title="bbox 2088 3955 3494 4026; baseline -0.005 -13"><span class='ocrx_word' id='word_1_728' title='bbox 2088 3971 2214 4013; x_wconf 86' lang='lat' dir='ltr'><strong>eam</strong></span> <span class='ocrx_word' id='word_1_729' title='bbox 2253 3957 2438 4026; x_wconf 86' lang='lat' dir='ltr'><strong>inopia</strong></span> <span class='ocrx_word' id='word_1_730' title='bbox 2459 3964 2714 4026; x_wconf 88' lang='lat' dir='ltr'><strong>cogente,</strong></span> <span class='ocrx_word' id='word_1_731' title='bbox 2746 3964 2891 4011; x_wconf 86' lang='lat' dir='ltr'><strong>astu</strong></span> <span class='ocrx_word' id='word_1_732' title='bbox 2918 3956 3137 4010; x_wconf 90' lang='lat' dir='ltr'><strong>acriore</strong></span> <span class='ocrx_word' id='word_1_733' title='bbox 3167 3955 3494 4024; x_wconf 85' lang='lat' dir='ltr'><strong>repetimus.</strong></span> 
     </span>
    </p>
   </div>
   <div class='ocr_carea' id='block_1_97' title="bbox 2751 4088 3119 4146">
    <p class='ocr_par' dir='ltr' id='par_1_97' title="bbox 2751 4088 3119 4146">
     <span class='ocr_line' id='line_1_97' title="bbox 2751 4088 3119 4146; baseline -0.014 0"><span class='ocrx_word' id='word_1_734' title='bbox 2751 4088 2984 4146; x_wconf 87' lang='lat' dir='ltr'><strong>CAPUT</strong></span> <span class='ocrx_word' id='word_1_735' title='bbox 3024 4088 3119 4145; x_wconf 80' lang='lat' dir='ltr'><strong>VI.</strong></span> 
     </span>
    </p>
   </div>
   <div class='ocr_carea' id='block_1_98' title="bbox 2654 4202 3766 4259">
    <p class='ocr_par' dir='ltr' id='par_1_98' title="bbox 2654 4202 3766 4259">
     <span class='ocr_line' id='line_1_98' title="bbox 2654 4202 3766 4259; baseline -0.001 -1"><span class='ocrx_word' id='word_1_736' title='bbox 2654 4203 2719 4258; x_wconf 93' lang='lat' dir='ltr'><strong>ln</strong></span> <span class='ocrx_word' id='word_1_737' title='bbox 2766 4202 3134 4259; x_wconf 89' lang='lat' dir='ltr'><strong>tribulatione</strong></span> <span class='ocrx_word' id='word_1_738' title='bbox 3178 4215 3284 4259; x_wconf 87' lang='lat' dir='ltr'><strong>sua</strong></span> <span class='ocrx_word' id='word_1_739' title='bbox 3320 4216 3486 4258; x_wconf 88' lang='lat' dir='ltr'><strong>mane</strong></span> <span class='ocrx_word' id='word_1_740' title='bbox 3526 4216 3766 4258; x_wconf 90' lang='lat' dir='ltr'><strong>consur-</strong></span> 
     </span>
    </p>
   </div>
   <div class='ocr_carea' id='block_1_99' title="bbox 2092 4290 3777 4362">
    <p class='ocr_par' dir='ltr' id='par_1_99' title="bbox 2092 4290 3777 4362">
     <span class='ocr_line' id='line_1_99' title="bbox 2092 4290 3777 4362; baseline 0.002 -19"><span class='ocrx_word' id='word_1_741' title='bbox 2092 4314 2119 4343; x_wconf 85' lang='grc'><strong>››</strong></span> <span class='ocrx_word' id='word_1_742' title='bbox 2153 4299 2289 4362; x_wconf 88' lang='lat' dir='ltr'><strong>gent</strong></span> <span class='ocrx_word' id='word_1_743' title='bbox 2315 4292 2385 4347; x_wconf 90' lang='lat' dir='ltr'><strong>ad</strong></span> <span class='ocrx_word' id='word_1_744' title='bbox 2432 4305 2538 4347; x_wconf 91' lang='lat' dir='ltr'><strong>me.</strong></span> <span class='ocrx_word' id='word_1_745' title='bbox 2588 4313 2607 4339; x_wconf 72' lang='grc' dir='ltr'><strong><em>ι</em></strong></span> <span class='ocrx_word' id='word_1_746' title='bbox 2647 4290 2985 4347; x_wconf 90' lang='lat' dir='ltr'><strong>Sanctorum</strong></span> <span class='ocrx_word' id='word_1_747' title='bbox 3031 4291 3289 4348; x_wconf 91' lang='lat' dir='ltr'><strong>virorum</strong></span> <span class='ocrx_word' id='word_1_748' title='bbox 3318 4291 3618 4361; x_wconf 89' lang='lat' dir='ltr'><strong>specialior</strong></span> <span class='ocrx_word' id='word_1_749' title='bbox 3660 4307 3777 4347; x_wconf 89' lang='lat' dir='ltr'><strong>non</strong></span> 
     </span>
    </p>
   </div>
   <div class='ocr_carea' id='block_1_100' title="bbox 2087 4378 3778 4449">
    <p class='ocr_par' dir='ltr' id='par_1_100' title="bbox 2087 4378 3778 4449">
     <span class='ocr_line' id='line_1_100' title="bbox 2087 4378 3778 4449; baseline -0.001 -12"><span class='ocrx_word' id='word_1_750' title='bbox 2087 4388 2171 4437; x_wconf 89' lang='lat' dir='ltr'><strong>est</strong></span> <span class='ocrx_word' id='word_1_751' title='bbox 2214 4379 2508 4436; x_wconf 88' lang='lat' dir='ltr'><strong>tribulatio</strong></span> <span class='ocrx_word' id='word_1_752' title='bbox 2551 4393 2725 4449; x_wconf 90' lang='lat' dir='ltr'><strong>quam</strong></span> <span class='ocrx_word' id='word_1_753' title='bbox 2775 4378 2953 4449; x_wconf 92' lang='lat' dir='ltr'><strong>hujus</strong></span> <span class='ocrx_word' id='word_1_754' title='bbox 2999 4379 3320 4435; x_wconf 91' lang='lat' dir='ltr'><strong>dulcedinis</strong></span> <span class='ocrx_word' id='word_1_755' title='bbox 3375 4380 3614 4435; x_wconf 84' lang='lat' dir='ltr'><strong>interna</strong></span> <span class='ocrx_word' id='word_1_756' title='bbox 3660 4381 3778 4449; x_wconf 91' lang='lat' dir='ltr'><strong>pri-</strong></span> 
     </span>
    </p>
   </div>
   <div class='ocr_carea' id='block_1_101' title="bbox 2087 4467 3777 4540">
    <p class='ocr_par' dir='ltr' id='par_1_101' title="bbox 2087 4467 3777 4540">
     <span class='ocr_line' id='line_1_101' title="bbox 2087 4467 3777 4540; baseline -0.001 -15"><span class='ocrx_word' id='word_1_757' title='bbox 2087 4469 2258 4525; x_wconf 88' lang='lat' dir='ltr'><strong>vatio.</strong></span> <span class='ocrx_word' id='word_1_758' title='bbox 2298 4469 2360 4522; x_wconf 89' lang='lat' dir='ltr'><strong>In</strong></span> <span class='ocrx_word' id='word_1_759' title='bbox 2391 4467 2491 4522; x_wconf 84' lang='lat' dir='ltr'><strong>hac</strong></span> <span class='ocrx_word' id='word_1_760' title='bbox 2535 4467 2885 4523; x_wconf 85' lang='lat' dir='ltr'><strong>tribulatione</strong></span> <span class='ocrx_word' id='word_1_761' title='bbox 2922 4483 3080 4523; x_wconf 87' lang='lat' dir='ltr'><strong>mane</strong></span> <span class='ocrx_word' id='word_1_762' title='bbox 3117 4468 3510 4540; x_wconf 85' lang='lat' dir='ltr'><strong>consurgitur,</strong></span> <span class='ocrx_word' id='word_1_763' title='bbox 3542 4483 3675 4524; x_wconf 92' lang='lat' dir='ltr'><strong>cum</strong></span> <span class='ocrx_word' id='word_1_764' title='bbox 3704 4470 3777 4525; x_wconf 89' lang='lat' dir='ltr'><strong>ad</strong></span> 
     </span>
    </p>
   </div>
   <div class='ocr_carea' id='block_1_102' title="bbox 2086 4556 3777 4629">
    <p class='ocr_par' dir='ltr' id='par_1_102' title="bbox 2086 4556 3777 4629">
     <span class='ocr_line' id='line_1_102' title="bbox 2086 4556 3777 4629; baseline -0.001 -15"><span class='ocrx_word' id='word_1_765' title='bbox 2086 4558 2214 4629; x_wconf 87' lang='lat' dir='ltr'><strong>ejus</strong></span> <span class='ocrx_word' id='word_1_766' title='bbox 2251 4556 2633 4626; x_wconf 89' lang='lat' dir='ltr'><strong>recipiendam</strong></span> <span class='ocrx_word' id='word_1_767' title='bbox 2679 4557 2945 4627; x_wconf 88' lang='lat' dir='ltr'><strong>gratiam,</strong></span> <span class='ocrx_word' id='word_1_768' title='bbox 2996 4565 3110 4613; x_wconf 88' lang='lat' dir='ltr'><strong>tota</strong></span> <span class='ocrx_word' id='word_1_769' title='bbox 3140 4557 3442 4614; x_wconf 88' lang='lat' dir='ltr'><strong>sedulitate</strong></span> <span class='ocrx_word' id='word_1_770' title='bbox 3480 4558 3777 4613; x_wconf 85' lang='lat' dir='ltr'><strong>concurri-</strong></span> 
     </span>
    </p>
   </div>
   <div class='ocr_carea' id='block_1_103' title="bbox 2088 4645 3780 4715">
    <p class='ocr_par' dir='ltr' id='par_1_103' title="bbox 2088 4645 3780 4715">
     <span class='ocr_line' id='line_1_103' title="bbox 2088 4645 3780 4715; baseline -0.001 -12"><span class='ocrx_word' id='word_1_771' title='bbox 2088 4654 2212 4710; x_wconf 84' lang='lat' dir='ltr'><strong>tur;</strong></span> <span class='ocrx_word' id='word_1_772' title='bbox 2246 4660 2406 4700; x_wconf 84' lang='lat' dir='ltr'><strong>mane</strong></span> <span class='ocrx_word' id='word_1_773' title='bbox 2428 4645 2604 4712; x_wconf 88' lang='lat' dir='ltr'><strong>enim,</strong></span> <span class='ocrx_word' id='word_1_774' title='bbox 2656 4658 2757 4714; x_wconf 92' lang='lat' dir='ltr'><strong>pro</strong></span> <span class='ocrx_word' id='word_1_775' title='bbox 2785 4660 2850 4700; x_wconf 90' lang='lat' dir='ltr'><strong>eo</strong></span> <span class='ocrx_word' id='word_1_776' title='bbox 2894 4645 3049 4715; x_wconf 90' lang='lat' dir='ltr'><strong>quod</strong></span> <span class='ocrx_word' id='word_1_777' title='bbox 3080 4654 3163 4701; x_wconf 91' lang='lat' dir='ltr'><strong>est</strong></span> <span class='ocrx_word' id='word_1_778' title='bbox 3202 4645 3420 4712; x_wconf 91' lang='lat' dir='ltr'><strong>sedulo,</strong></span> <span class='ocrx_word' id='word_1_779' title='bbox 3463 4646 3549 4700; x_wconf 89' lang='lat' dir='ltr'><strong>vel</strong></span> <span class='ocrx_word' id='word_1_780' title='bbox 3585 4653 3780 4702; x_wconf 87' lang='lat' dir='ltr'><strong>matu-</strong></span> 
     </span>
    </p>
   </div>
   <div class='ocr_carea' id='block_1_104' title="bbox 2089 4733 3784 4804">
    <p class='ocr_par' dir='ltr' id='par_1_104' title="bbox 2089 4733 3784 4804">
     <span class='ocr_line' id='line_1_104' title="bbox 2089 4733 3784 4804; baseline -0.001 -14"><span class='ocrx_word' id='word_1_781' title='bbox 2089 4748 2171 4797; x_wconf 84' lang='lat' dir='ltr'><strong>re,</strong></span> <span class='ocrx_word' id='word_1_782' title='bbox 2207 4733 2509 4803; x_wconf 87' lang='lat' dir='ltr'><strong>aliquoties</strong></span> <span class='ocrx_word' id='word_1_783' title='bbox 2538 4733 2790 4803; x_wconf 90' lang='lat' dir='ltr'><strong>ponitur,</strong></span> <span class='ocrx_word' id='word_1_784' title='bbox 2838 4740 2901 4788; x_wconf 90' lang='lat' dir='ltr'><strong>ut</strong></span> <span class='ocrx_word' id='word_1_785' title='bbox 2933 4739 3071 4789; x_wconf 89' lang='lat' dir='ltr'><strong>sunt</strong></span> <span class='ocrx_word' id='word_1_786' title='bbox 3104 4734 3199 4790; x_wconf 90' lang='lat' dir='ltr'><strong>illa</strong></span> <span class='ocrx_word' id='word_1_787' title='bbox 3241 4734 3297 4788; x_wconf 92' lang='lat' dir='ltr'><strong>in</strong></span> <span class='ocrx_word' id='word_1_788' title='bbox 3332 4733 3605 4804; x_wconf 84' lang='lat' dir='ltr'><strong>psalmis:</strong></span> <span class='ocrx_word' id='word_1_789' title='bbox 3645 4756 3671 4780; x_wconf 74' lang='grc' dir='ltr'><strong>«ι</strong></span> <span class='ocrx_word' id='word_1_790' title='bbox 3712 4734 3784 4789; x_wconf 90' lang='lat' dir='ltr'><strong>Et</strong></span> 
     </span>
    </p>
   </div>
   <div class='ocr_carea' id='block_1_105' title="bbox 2088 4820 3780 4892">
    <p class='ocr_par' dir='ltr' id='par_1_105' title="bbox 2088 4820 3780 4892">
     <span class='ocr_line' id='line_1_105' title="bbox 2088 4820 3780 4892; baseline 0 -14"><span class='ocrx_word' id='word_1_791' title='bbox 2088 4820 2388 4892; x_wconf 88' lang='lat' dir='ltr'><strong>castigatio</strong></span> <span class='ocrx_word' id='word_1_792' title='bbox 2440 4835 2582 4887; x_wconf 92' lang='lat' dir='ltr'><strong>mea,</strong></span> <span class='ocrx_word' id='word_1_793' title='bbox 2636 4820 2847 4891; x_wconf 86' lang='lat' dir='ltr'><strong>inquit,</strong></span> <span class='ocrx_word' id='word_1_794' title='bbox 2908 4822 2964 4876; x_wconf 92' lang='lat' dir='ltr'><strong>in</strong></span> <span class='ocrx_word' id='word_1_795' title='bbox 3010 4822 3310 4877; x_wconf 90' lang='lat' dir='ltr'><strong>matutinis</strong></span> <span class='ocrx_word' id='word_1_796' title='bbox 3372 4822 3539 4891; x_wconf 85' lang='lat' dir='ltr'><strong>(Psal.</strong></span> <span class='ocrx_word' id='word_1_797' title='bbox 3599 4835 3780 4888; x_wconf 79' lang='lat' dir='ltr'><strong>Lxxu,</strong></span> 
     </span>
    </p>
   </div>
   <div class='ocr_carea' id='block_1_106' title="bbox 291 4909 3783 4980">
    <p class='ocr_par' dir='ltr' id='par_1_106' title="bbox 291 4909 3783 4980">
     <span class='ocr_line' id='line_1_106' title="bbox 291 4909 3783 4980; baseline -0.001 -12"><span class='ocrx_word' id='word_1_798' title='bbox 291 4913 466 4968; x_wconf 89' lang='lat' dir='ltr'><strong>animi</strong></span> <span class='ocrx_word' id='word_1_799' title='bbox 527 4919 758 4980; x_wconf 85' lang='lat' dir='ltr'><strong>pestem,</strong></span> <span class='ocrx_word' id='word_1_800' title='bbox 811 4923 929 4979; x_wconf 87' lang='lat' dir='ltr'><strong>qua</strong></span> <span class='ocrx_word' id='word_1_801' title='bbox 993 4909 1176 4979; x_wconf 87' lang='lat' dir='ltr'><strong>primo</strong></span> <span class='ocrx_word' id='word_1_802' title='bbox 1224 4910 1361 4964; x_wconf 91' lang='lat' dir='ltr'><strong>vitio</strong></span> <span class='ocrx_word' id='word_1_803' title='bbox 1416 4909 1671 4979; x_wconf 90' lang='lat' dir='ltr'><strong>quolibet</strong></span> <span class='ocrx_word' id='word_1_804' title='bbox 1722 4910 1980 4979; x_wconf 89' lang='lat' dir='ltr'><strong>pulsante</strong></span> <span class='ocrx_word' id='word_1_805' title='bbox 2082 4910 2193 4977; x_wconf 77' lang='lat'><strong>14).</strong></span> <span class='ocrx_word' id='word_1_806' title='bbox 2236 4932 2256 4958; x_wconf 77' lang='grc' dir='ltr'><strong>ιο</strong></span> <span class='ocrx_word' id='word_1_807' title='bbox 2294 4910 2393 4965; x_wconf 83' lang='grc' dir='ltr'><strong>Ει;</strong></span> <span class='ocrx_word' id='word_1_808' title='bbox 2442 4931 2469 4957; x_wconf 77' lang='grc' dir='ltr'>α</span> <span class='ocrx_word' id='word_1_809' title='bbox 2510 4910 2573 4964; x_wconf 89' lang='lat' dir='ltr'><strong>In</strong></span> <span class='ocrx_word' id='word_1_810' title='bbox 2600 4909 3314 4966; x_wconf 83' lang='lat' dir='ltr'><strong>matutinointeriiciebam</strong></span> <span class='ocrx_word' id='word_1_811' title='bbox 3341 4924 3540 4966; x_wconf 90' lang='lat' dir='ltr'><strong>omnes</strong></span> <span class='ocrx_word' id='word_1_812' title='bbox 3570 4924 3783 4980; x_wconf 85' lang='lat' dir='ltr'><strong>pecca-</strong></span> 
     </span>
    </p>
   </div>
   <div class='ocr_carea' id='block_1_107' title="bbox 288 4987 1980 5066">
    <p class='ocr_par' dir='ltr' id='par_1_107' title="bbox 288 4987 1980 5066">
     <span class='ocr_line' id='line_1_107' title="bbox 288 4987 1980 5066; baseline -0.002 -11"><span class='ocrx_word' id='word_1_813' title='bbox 288 4998 627 5065; x_wconf 87' lang='lat' dir='ltr'><strong>corroditur,</strong></span> <span class='ocrx_word' id='word_1_814' title='bbox 679 4997 942 5066; x_wconf 90' lang='lat' dir='ltr'><strong>sequitur</strong></span> <span class='ocrx_word' id='word_1_815' title='bbox 983 4987 1308 5052; x_wconf 78' lang='lat' dir='ltr'><strong>animorum</strong></span> <span class='ocrx_word' id='word_1_816' title='bbox 1355 4998 1752 5066; x_wconf 77' lang='lat' dir='ltr'><strong>incuria,‘qua</strong></span> <span class='ocrx_word' id='word_1_817' title='bbox 1781 5005 1980 5066; x_wconf 91' lang='lat' dir='ltr'><strong>sponte</strong></span> 
     </span>
    </p>
   </div>
   <div class='ocr_carea' id='block_1_108' title="bbox 290 5083 1981 5153">
    <p class='ocr_par' dir='ltr' id='par_1_108' title="bbox 290 5083 1981 5153">
     <span class='ocr_line' id='line_1_108' title="bbox 290 5083 1981 5153; baseline 0.001 -14"><span class='ocrx_word' id='word_1_818' title='bbox 290 5085 710 5153; x_wconf 90' lang='lat' dir='ltr'><strong>corrumpitur;</strong></span> <span class='ocrx_word' id='word_1_819' title='bbox 742 5083 839 5139; x_wconf 90' lang='lat' dir='ltr'><strong>sed</strong></span> <span class='ocrx_word' id='word_1_820' title='bbox 871 5091 1175 5152; x_wconf 83' lang='lat' dir='ltr'><strong>postquam</strong></span> <span class='ocrx_word' id='word_1_821' title='bbox 1207 5096 1241 5137; x_wconf 88' lang='lat' dir='ltr'><strong>a</strong></span> <span class='ocrx_word' id='word_1_822' title='bbox 1272 5083 1384 5139; x_wconf 92' lang='lat' dir='ltr'><strong>Deo</strong></span> <span class='ocrx_word' id='word_1_823' title='bbox 1410 5084 1719 5139; x_wconf 88' lang='lat' dir='ltr'><strong>receudens</strong></span> <span class='ocrx_word' id='word_1_824' title='bbox 1750 5086 1981 5140; x_wconf 90' lang='lat' dir='ltr'><strong>animus</strong></span> 
     </span>
    </p>
   </div>
   <div class='ocr_carea' id='block_1_109' title="bbox 289 5170 1978 5243">
    <p class='ocr_par' dir='ltr' id='par_1_109' title="bbox 289 5170 1978 5243">
     <span class='ocr_line' id='line_1_109' title="bbox 289 5170 1978 5243; baseline -0.001 -15"><span class='ocrx_word' id='word_1_825' title='bbox 289 5173 363 5228; x_wconf 88' lang='lat' dir='ltr'><strong>ad</strong></span> <span class='ocrx_word' id='word_1_826' title='bbox 396 5173 735 5243; x_wconf 88' lang='lat' dir='ltr'><strong>legationem</strong></span> <span class='ocrx_word' id='word_1_827' title='bbox 792 5172 947 5241; x_wconf 81' lang='lat' dir='ltr'><strong>regis</strong></span> <span class='ocrx_word' id='word_1_828' title='bbox 976 5171 1180 5226; x_wconf 87' lang='lat' dir='ltr'><strong>ultoris</strong></span> <span class='ocrx_word' id='word_1_829' title='bbox 1224 5171 1551 5238; x_wconf 89' lang='lat' dir='ltr'><strong>invertitur,</strong></span> <span class='ocrx_word' id='word_1_830' title='bbox 1602 5170 1860 5226; x_wconf 88' lang='lat' dir='ltr'><strong>exterius</strong></span> <span class='ocrx_word' id='word_1_831' title='bbox 1905 5170 1978 5226; x_wconf 92' lang='lat' dir='ltr'><strong>ad</strong></span> 
     </span>
    </p>
   </div>
   <div class='ocr_carea' id='block_1_110' title="bbox 288 5259 1976 5330">
    <p class='ocr_par' dir='ltr' id='par_1_110' title="bbox 288 5259 1976 5330">
     <span class='ocr_line' id='line_1_110' title="bbox 288 5259 1976 5330; baseline -0.002 -11"><span class='ocrx_word' id='word_1_832' title='bbox 288 5276 514 5319; x_wconf 91' lang='lat' dir='ltr'><strong>omnem</strong></span> <span class='ocrx_word' id='word_1_833' title='bbox 562 5261 906 5317; x_wconf 88' lang='lat' dir='ltr'><strong>evidentiam</strong></span> <span class='ocrx_word' id='word_1_834' title='bbox 958 5260 1298 5316; x_wconf 88' lang='lat' dir='ltr'><strong>atrocissimi</strong></span> <span class='ocrx_word' id='word_1_835' title='bbox 1348 5259 1658 5330; x_wconf 88' lang='lat' dir='ltr'><strong>cujuslibet</strong></span> <span class='ocrx_word' id='word_1_836' title='bbox 1698 5259 1976 5328; x_wconf 91' lang='lat' dir='ltr'><strong>criminis,</strong></span> 
     </span>
    </p>
   </div>
   <div class='ocr_carea' id='block_1_111' title="bbox 289 5346 1978 5418">
    <p class='ocr_par' dir='ltr' id='par_1_111' title="bbox 289 5346 1978 5418">
     <span class='ocr_line' id='line_1_111' title="bbox 289 5346 1978 5418; baseline -0.001 -12"><span class='ocrx_word' id='word_1_837' title='bbox 289 5364 357 5406; x_wconf 86' lang='lat' dir='ltr'><strong>ac</strong></span> <span class='ocrx_word' id='word_1_838' title='bbox 385 5349 433 5404; x_wconf 90' lang='lat' dir='ltr'><strong>si</strong></span> <span class='ocrx_word' id='word_1_839' title='bbox 463 5350 652 5404; x_wconf 87' lang='lat' dir='ltr'><strong>leana</strong></span> <span class='ocrx_word' id='word_1_840' title='bbox 684 5347 1071 5405; x_wconf 89' lang='lat' dir='ltr'><strong>incursatione</strong></span> <span class='ocrx_word' id='word_1_841' title='bbox 1119 5347 1403 5417; x_wconf 90' lang='lat' dir='ltr'><strong>pulsatur,</strong></span> <span class='ocrx_word' id='word_1_842' title='bbox 1436 5346 1615 5402; x_wconf 90' lang='lat' dir='ltr'><strong>leana</strong></span> <span class='ocrx_word' id='word_1_843' title='bbox 1639 5346 1793 5402; x_wconf 89' lang='lat' dir='ltr'><strong>enim</strong></span> <span class='ocrx_word' id='word_1_844' title='bbox 1826 5361 1978 5418; x_wconf 86' lang='lat' dir='ltr'><strong>pra-</strong></span> 
     </span>
    </p>
   </div>
   <div class='ocr_carea' id='block_1_112' title="bbox 230 5433 1979 5495">
    <p class='ocr_par' dir='ltr' id='par_1_112' title="bbox 230 5433 1979 5495">
     <span class='ocr_line' id='line_1_112' title="bbox 230 5433 1979 5495; baseline -0.002 0"><span class='ocrx_word' id='word_1_845' title='bbox 230 5459 234 5463; x_wconf 94' lang='grc'><strong>·</strong></span> <span class='ocrx_word' id='word_1_846' title='bbox 289 5438 483 5495; x_wconf 88' lang='lat' dir='ltr'><strong>sertim</strong></span> <span class='ocrx_word' id='word_1_847' title='bbox 540 5450 670 5492; x_wconf 92' lang='lat' dir='ltr'><strong>cum</strong></span> <span class='ocrx_word' id='word_1_848' title='bbox 707 5436 854 5493; x_wconf 86' lang='lat' dir='ltr'><strong>fetus</strong></span> <span class='ocrx_word' id='word_1_849' title='bbox 904 5435 1005 5492; x_wconf 84' lang='lat' dir='ltr'><strong>alit</strong></span> <span class='ocrx_word' id='word_1_850' title='bbox 1054 5435 1214 5491; x_wconf 90' lang='lat' dir='ltr'><strong>leone</strong></span> <span class='ocrx_word' id='word_1_851' title='bbox 1240 5433 1439 5491; x_wconf 90' lang='lat' dir='ltr'><strong>fortior</strong></span> <span class='ocrx_word' id='word_1_852' title='bbox 1466 5441 1519 5489; x_wconf 92' lang='lat' dir='ltr'><strong>et</strong></span> <span class='ocrx_word' id='word_1_853' title='bbox 1572 5433 1814 5491; x_wconf 85' lang='lat' dir='ltr'><strong>ferocior</strong></span> <span class='ocrx_word' id='word_1_854' title='bbox 1859 5449 1979 5492; x_wconf 87' lang='lat' dir='ltr'><strong>esse</strong></span> 
     </span>
    </p>
   </div>
   <div class='ocr_carea' id='block_1_113' title="bbox 2089 4997 2953 5068">
    <p class='ocr_par' dir='ltr' id='par_1_113' title="bbox 2089 4997 2953 5068">
     <span class='ocr_line' id='line_1_113' title="bbox 2089 4997 2953 5068; baseline -0.006 -13"><span class='ocrx_word' id='word_1_855' title='bbox 2089 5020 2116 5048; x_wconf 85' lang='lat'><strong>»</strong></span> <span class='ocrx_word' id='word_1_856' title='bbox 2159 5006 2308 5055; x_wconf 90' lang='lat' dir='ltr'><strong>tores</strong></span> <span class='ocrx_word' id='word_1_857' title='bbox 2337 5005 2500 5054; x_wconf 87' lang='lat' dir='ltr'><strong>terra</strong></span> <span class='ocrx_word' id='word_1_858' title='bbox 2532 4998 2699 5068; x_wconf 86' lang='lat' dir='ltr'><strong>(Psal.</strong></span> <span class='ocrx_word' id='word_1_859' title='bbox 2731 5013 2784 5064; x_wconf 90' lang='lat' dir='ltr'><strong>c,</strong></span> <span class='ocrx_word' id='word_1_860' title='bbox 2815 4997 2888 5065; x_wconf 87' lang='lat'><strong>8).</strong></span> <span class='ocrx_word' id='word_1_861' title='bbox 2925 5017 2953 5051; x_wconf 87' lang='lat'><strong>»</strong></span> 
     </span>
    </p>
   </div>
   <div class='ocr_carea' id='block_1_114' title="bbox 2162 5086 3783 5153">
    <p class='ocr_par' dir='ltr' id='par_1_114' title="bbox 2162 5086 3783 5153">
     <span class='ocr_line' id='line_1_114' title="bbox 2162 5086 3783 5153; baseline 0 -10"><span class='ocrx_word' id='word_1_862' title='bbox 2162 5087 2331 5144; x_wconf 73' lang='lat' dir='ltr'><strong>Vens.</strong></span> <span class='ocrx_word' id='word_1_863' title='bbox 2366 5088 2419 5141; x_wconf 79' lang='lat'><strong>2.</strong></span> <span class='ocrx_word' id='word_1_864' title='bbox 2457 5117 2525 5126; x_wconf 88' lang='lat'><strong>—-</strong></span> <span class='ocrx_word' id='word_1_865' title='bbox 2572 5109 2592 5136; x_wconf 75' lang='grc' dir='ltr'><strong>ε</strong></span> <span class='ocrx_word' id='word_1_866' title='bbox 2629 5087 2829 5143; x_wconf 89' lang='lat' dir='ltr'><strong>Venite</strong></span> <span class='ocrx_word' id='word_1_867' title='bbox 2860 5094 2914 5142; x_wconf 90' lang='lat' dir='ltr'><strong>et</strong></span> <span class='ocrx_word' id='word_1_868' title='bbox 2955 5094 3318 5143; x_wconf 87' lang='lat' dir='ltr'><strong>revertamur</strong></span> <span class='ocrx_word' id='word_1_869' title='bbox 3349 5087 3418 5142; x_wconf 91' lang='lat' dir='ltr'><strong>ad</strong></span> <span class='ocrx_word' id='word_1_870' title='bbox 3451 5086 3783 5153; x_wconf 90' lang='lat' dir='ltr'><strong>Dominum,</strong></span> 
     </span>
    </p>
   </div>
   <div class='ocr_carea' id='block_1_115' title="bbox 2094 5172 3787 5244">
    <p class='ocr_par' dir='ltr' id='par_1_115' title="bbox 2094 5172 3787 5244">
     <span class='ocr_line' id='line_1_115' title="bbox 2094 5172 3787 5244; baseline 0.001 -16"><span class='ocrx_word' id='word_1_871' title='bbox 2094 5193 2114 5220; x_wconf 74' lang='grc' dir='ltr'><strong><em>ι</em></strong></span> <span class='ocrx_word' id='word_1_872' title='bbox 2159 5172 2299 5243; x_wconf 90' lang='lat' dir='ltr'><strong>quia</strong></span> <span class='ocrx_word' id='word_1_873' title='bbox 2329 5173 2448 5243; x_wconf 92' lang='lat' dir='ltr'><strong>ipse</strong></span> <span class='ocrx_word' id='word_1_874' title='bbox 2488 5173 2634 5243; x_wconf 91' lang='lat' dir='ltr'><strong>cepit</strong></span> <span class='ocrx_word' id='word_1_875' title='bbox 2663 5180 2717 5229; x_wconf 91' lang='lat' dir='ltr'><strong>et</strong></span> <span class='ocrx_word' id='word_1_876' title='bbox 2742 5174 2970 5229; x_wconf 87' lang='lat' dir='ltr'><strong>sanabit</strong></span> <span class='ocrx_word' id='word_1_877' title='bbox 2997 5188 3121 5242; x_wconf 91' lang='lat' dir='ltr'><strong>nos,</strong></span> <span class='ocrx_word' id='word_1_878' title='bbox 3156 5173 3434 5244; x_wconf 89' lang='lat' dir='ltr'><strong>percutiet</strong></span> <span class='ocrx_word' id='word_1_879' title='bbox 3461 5182 3516 5230; x_wconf 91' lang='lat' dir='ltr'><strong>et</strong></span> <span class='ocrx_word' id='word_1_880' title='bbox 3538 5174 3787 5230; x_wconf 61' lang='lat' dir='ltr'><strong>Tcurabit</strong></span> 
     </span>
    </p>
   </div>
   <div class='ocr_carea' id='block_1_116' title="bbox 2093 5260 3782 5332">
    <p class='ocr_par' dir='ltr' id='par_1_116' title="bbox 2093 5260 3782 5332">
     <span class='ocr_line' id='line_1_116' title="bbox 2093 5260 3782 5332; baseline 0.001 -16"><span class='ocrx_word' id='word_1_881' title='bbox 2093 5281 2116 5309; x_wconf 76' lang='grc' dir='ltr'><strong>ι</strong></span> <span class='ocrx_word' id='word_1_882' title='bbox 2159 5275 2285 5317; x_wconf 91' lang='lat' dir='ltr'><strong>nos.</strong></span> <span class='ocrx_word' id='word_1_883' title='bbox 2318 5282 2340 5309; x_wconf 77' lang='grc' dir='ltr'><strong>ιι</strong></span> <span class='ocrx_word' id='word_1_884' title='bbox 2373 5260 2497 5317; x_wconf 85' lang='lat' dir='ltr'><strong>Vox</strong></span> <span class='ocrx_word' id='word_1_885' title='bbox 2524 5269 2607 5317; x_wconf 89' lang='lat' dir='ltr'><strong>est</strong></span> <span class='ocrx_word' id='word_1_886' title='bbox 2633 5275 2836 5318; x_wconf 91' lang='lat' dir='ltr'><strong>eorum</strong></span> <span class='ocrx_word' id='word_1_887' title='bbox 2875 5263 2974 5332; x_wconf 91' lang='lat' dir='ltr'><strong>qui</strong></span> <span class='ocrx_word' id='word_1_888' title='bbox 3007 5261 3076 5317; x_wconf 91' lang='lat' dir='ltr'><strong>de</strong></span> <span class='ocrx_word' id='word_1_889' title='bbox 3107 5262 3474 5318; x_wconf 88' lang='lat' dir='ltr'><strong>tribulatione</strong></span> <span class='ocrx_word' id='word_1_890' title='bbox 3504 5262 3576 5318; x_wconf 86' lang='lat' dir='ltr'><strong>ad</strong></span> <span class='ocrx_word' id='word_1_891' title='bbox 3600 5262 3782 5318; x_wconf 91' lang='lat' dir='ltr'><strong>Deum</strong></span> 
     </span>
    </p>
   </div>
   <div class='ocr_carea' id='block_1_117' title="bbox 2086 5350 3782 5421">
    <p class='ocr_par' dir='ltr' id='par_1_117' title="bbox 2086 5350 3782 5421">
     <span class='ocr_line' id='line_1_117' title="bbox 2086 5350 3782 5421; baseline 0.003 -19"><span class='ocrx_word' id='word_1_892' title='bbox 2086 5365 2245 5403; x_wconf 87' lang='lat' dir='ltr'><strong>mane</strong></span> <span class='ocrx_word' id='word_1_893' title='bbox 2274 5357 2652 5420; x_wconf 90' lang='lat' dir='ltr'><strong>consurgunt.</strong></span> <span class='ocrx_word' id='word_1_894' title='bbox 2711 5351 2917 5413; x_wconf 83' lang='lat' dir='ltr'><strong>Venite,</strong></span> <span class='ocrx_word' id='word_1_895' title='bbox 2954 5350 3244 5421; x_wconf 90' lang='lat' dir='ltr'><strong>inquiunt,</strong></span> <span class='ocrx_word' id='word_1_896' title='bbox 3281 5350 3335 5406; x_wconf 90' lang='lat' dir='ltr'><strong>id</strong></span> <span class='ocrx_word' id='word_1_897' title='bbox 3383 5359 3467 5406; x_wconf 90' lang='lat' dir='ltr'><strong>est</strong></span> <span class='ocrx_word' id='word_1_898' title='bbox 3496 5357 3782 5421; x_wconf 90' lang='lat' dir='ltr'><strong>quotquot</strong></span> 
     </span>
    </p>
   </div>
   <div class='ocr_carea' id='block_1_118' title="bbox 2087 5437 3780 5509">
    <p class='ocr_par' dir='ltr' id='par_1_118' title="bbox 2087 5437 3780 5509">
     <span class='ocr_line' id='line_1_118' title="bbox 2087 5437 3780 5509; baseline 0 -16"><span class='ocrx_word' id='word_1_899' title='bbox 2087 5437 2285 5493; x_wconf 90' lang='lat' dir='ltr'><strong>eodem</strong></span> <span class='ocrx_word' id='word_1_900' title='bbox 2317 5453 2432 5509; x_wconf 91' lang='lat' dir='ltr'><strong>quo</strong></span> <span class='ocrx_word' id='word_1_901' title='bbox 2463 5453 2566 5493; x_wconf 89' lang='lat' dir='ltr'><strong>nos</strong></span> <span class='ocrx_word' id='word_1_902' title='bbox 2605 5453 2796 5493; x_wconf 87' lang='lat' dir='ltr'><strong>errore</strong></span> <span class='ocrx_word' id='word_1_903' title='bbox 2830 5439 3119 5505; x_wconf 89' lang='lat' dir='ltr'><strong>tenemini,</strong></span> <span class='ocrx_word' id='word_1_904' title='bbox 3154 5438 3240 5494; x_wconf 91' lang='lat' dir='ltr'><strong>vel</strong></span> <span class='ocrx_word' id='word_1_905' title='bbox 3275 5446 3560 5509; x_wconf 89' lang='lat' dir='ltr'><strong>quotquot</strong></span> <span class='ocrx_word' id='word_1_906' title='bbox 3590 5448 3780 5494; x_wconf 88' lang='lat' dir='ltr'><strong>motus</strong></span> 
     </span>
    </p>
   </div>
  </div>
