3924 6088
269 184 363 236 371

1172 180 1235 232 νγ
1288 178 1622 233 GUIBERTI
1661 175 1955 232 ABBATIS
1993 177 2046 231 S.
2084 175 2321 231 MARIIE
2363 175 2453 231 DE
2493 172 2881 230 NOVIGENTO

3649 173 3757 226 372

266 312 464 370 eadem
513 311 904 369 misericordia
948 311 1020 366 ad
1068 309 1360 379 proximos
1405 309 1768 375 extendatur,
1828 322 1956 363 ma-
1995 308 2041 361 Α
2072 324 2155 362 ces
2196 312 2437 361 virorum
2490 309 2763 361 latronum
2791 313 2894 374 est,
2939 306 3079 362 dum
3125 306 3283 377 quod
3312 304 3618 361 crudeliter
3656 304 3760 359 im-

270 402 359 471 gis
413 400 639 456 affectat
686 414 863 469 quam
912 398 1171 455 victimas
1227 398 1569 454 animalium
1630 398 1953 453 brutorum.

270 487 492 543 Dicitur
536 486 726 542 enim:
785 508 806 535 ε
865 486 1124 541 Miserere
1164 486 1373 541 animae
1416 495 1529 541 tute
1570 486 1800 555 placens
1845 486 1959 540 Deo

274 575 461 644 (Eccli.
493 586 637 638 xxx,
661 571 772 643 24).
809 593 829 619 ι
868 574 998 628 Haec
1024 588 1163 643 ergo
1196 573 1583 628 misericordia
1621 588 1736 628 non
1766 572 1960 628 minus

272 660 345 715 ad
371 673 429 714 se
485 672 662 728 quam
699 658 771 713 ad
803 659 1132 728 proximum
1178 661 1461 728 acceptior
1502 668 1586 714 est
1616 660 1748 726 Deo,
1782 674 1960 729 quam

272 746 494 802 externi
546 746 800 815 corporis
860 746 1237 801 carniﬁcium.
1311 746 1414 802 Ubi
1472 754 1665 801 tamen
1722 746 1961 815 quaestio

270 836 477 900 oritur,
527 849 658 905 quae
687 835 856 890 etiam
906 848 940 889 a
989 835 1277 905 plerisque
1325 834 1627 905 objicitur:
1690 856 1711 883 ι
1768 834 1964 890 Melior

270 931 372 990 est,
430 923 613 990 aiunt,
673 922 992 979 obedientia
1052 936 1230 993 quam
1281 922 1524 979 victimae
1582 925 1631 989 (Ι
1676 925 1805 991 Reg.
1858 936 1959 989 xv,

273 1011 382 1081 22).
436 1031 463 1061 ››
518 1010 808 1077 Quaeritur
854 1025 989 1081 ergo
1048 1018 1245 1066 utrum
1290 1011 1634 1066 sacriﬁcium
1684 1011 1963 1066 Dominici

271 1100 523 1169 corporis
597 1099 989 1169 praeponderet
1057 1098 1411 1166 obedientiae,
1486 1099 1575 1153 vel
1642 1098 1964 1154 obedientia

273 1188 667 1257 praeponderet
711 1187 1006 1242 sacriﬁcio.
1054 1186 1158 1243 Cui
1203 1202 1323 1253 nos,
1358 1188 1452 1242 sed
1482 1187 1603 1243 sine
1633 1187 1964 1257 prtejudicio

272 1276 523 1331 melioris
621 1275 914 1331 sententiae
1001 1276 1430 1345 respondemus.
1515 1277 1963 1332 Inobedientiam

275 1372 508 1434 peccato
555 1364 834 1419 ariolandi
882 1371 1271 1432 comparatam
1327 1377 1443 1418 non
1489 1363 1734 1433 profecto
1789 1364 1968 1419 nesci-

272 1467 424 1521 mus,
476 1452 921 1509 inobedientiam
966 1466 1103 1508 vero
1148 1467 1264 1508 non
1314 1466 1426 1518 res,
1458 1453 1556 1508 sed
1602 1466 1780 1508 causa
1810 1454 1965 1508 facit.

275 1539 328 1596 Si
368 1539 522 1595 enim
567 1539 626 1594 in
673 1554 731 1594 re
763 1539 980 1606 fuisset,
1031 1553 1144 1593 non
1194 1539 1377 1594 Adam
1426 1553 1527 1607 pro
1575 1553 1770 1609 promo
1816 1540 1967 1594 vilis-

275 1628 440 1695 simo,
474 1642 590 1683 non
621 1627 755 1683 Saul
788 1642 886 1696 pro
931 1628 1107 1683 mutis
1134 1627 1484 1683 animalibus
1516 1642 1712 1697 poenas
1743 1628 1960 1685 luisset.

278 1716 429 1772 Fecit
472 1730 611 1785 ergo
659 1729 853 1780 causa,
907 1715 1045 1785 quia
1086 1715 1183 1771 Dei
1236 1723 1660 1785 postponuntur
1708 1717 1967 1786 imperia,

276 1805 372 1860 sed
413 1804 567 1875 quod
617 1804 712 1859 Dei
761 1811 863 1871 est,
918 1804 1327 1874 magistrorum
1378 1804 1642 1860 Ecclesim
1678 1805 1970 1875 dignosci-

278 1900 376 1947 tur
447 1891 760 1960 suscepisse
818 1905 1093 1961 persona;
1168 1893 1269 1961 qui
1334 1906 1471 1961 ergo
1538 1893 1622 1947 eis
1697 1892 1968 1959 inobedit,

280 1979 564 2050 quidquid
620 1987 704 2035 est
770 1979 912 2036 illud
970 1979 1123 2049 quod
1173 1979 1450 2045 immolat,
1516 1984 1755 2036 securhs
1820 1981 1966 2048 dico,

280 2068 382 2137 qui
436 2067 579 2123 nihil
625 2067 732 2123 sibi
779 2067 996 2123 confert
1046 2067 1145 2137 qui
1192 2067 1330 2123 illud
1378 2068 1706 2123 inobediens
1737 2077 1967 2136 mactat,

278 2164 333 2211 et
381 2156 587 2212 melius
625 2164 767 2213 esset
813 2156 942 2224 sibi,
993 2156 1183 2212 nescio
1230 2157 1276 2211 si
1320 2156 1464 2223 aliis,
1519 2157 1642 2213 sine
1687 2159 1842 2213 omni
1887 2172 1973 2212 sa-

280 2244 493 2300 criﬁcio
540 2244 771 2301 obedire
828 2258 1004 2315 quam
1074 2244 1449 2300 inobediendo
1497 2246 1840 2301 sacriﬁcare.
1894 2247 1972 2301 De

280 2333 603 2389 substantia
668 2332 946 2389 Dominici
1014 2333 1266 2402 corporis
1322 2338 1520 2389 utrum
1564 2347 1665 2402 per
1723 2334 1864 2389 tales
1918 2342 1972 2389 et

281 2422 581 2477 damnatos
646 2421 932 2493 quoslibet
978 2420 1119 2476 alios
1174 2422 1532 2485 conﬁciatur,
1602 2422 1743 2476 mihi
1806 2423 1972 2477 modo

284 2517 529 2565 tractare
562 2523 676 2564 non
723 2508 945 2579 adjacet
989 2509 1127 2578 (t5),
1178 2509 1364 2564 dicam
1398 2517 1587 2564 tamen
1628 2510 1770 2578 quia
1818 2511 1971 2579 quod

285 2596 670 2653 inobedientes
719 2596 975 2664 fecerint,
1021 2596 1093 2651 ab
1129 2597 1377 2652 utilitate
1420 2611 1526 2653 sua
1569 2603 1752 2653 totum
1788 2606 1971 2653 vacet.

359 2684 527 2739 Vens.
557 2689 611 2736 7.
655 2711 728 2724 —
776 2705 796 2731 ε
852 2684 965 2752 Ipsi
1005 2693 1197 2739 autem
1228 2686 1377 2739 sicut
1423 2685 1602 2740 Adam
1636 2686 1973 2756 transgressi

291 2794 310 2818 ι
356 2778 491 2827 sunt
522 2778 773 2841 pactum,
808 2771 882 2826 ibi
916 2773 1271 2840 przevaricati
1319 2781 1454 2827 sunt
1486 2774 1541 2827 in
1581 2785 1689 2829 me.
1729 2794 1750 2823 ι
1789 2774 1974 2843 Supe—

2070 396 2485 467 potentioribus
2515 396 2747 465 abripit,
2792 394 3102 451 insatiabili
3148 395 3419 450 aviditate
3468 393 3760 463 transglu-

2072 485 2171 541 tit:
2230 486 2294 539 In
2342 499 2457 553 quo
2504 485 2619 539 duo
2668 482 3083 539 consideranda
3137 491 3293 549 sunt,
3341 484 3397 536 in
3436 480 3764 537 latronibus

2070 573 2371 642 diripiendi
2402 572 2691 640 atrocitas;
2745 572 2798 625 in
2844 571 3127 634 faucibus,
3161 578 3326 641 rapta
3373 568 3765 641 abliguriendi

2072 661 2368 731 gulositas.

2148 772 2167 798 ι
2212 748 2499 817 Particeps
2529 747 2889 803 sacerdotum
2934 747 2990 802 in
3022 747 3116 802 via
3166 744 3630 802 interﬁcientium
3663 758 3769 813 per

2073 861 2101 888 ››
2144 846 2339 909 gentes
2388 837 2456 891 de
2486 836 2728 899 Sichem,
2780 836 2919 906 quia
2945 836 3132 891 scelus
3158 835 3372 905 operati
3405 842 3559 889 sunt.
3603 852 3629 882 ιι
3668 833 3768 887 Ci-

2072 932 2213 981 vitas
2260 928 2379 981 hinc
2402 930 2679 994 particeps
2723 925 3063 979 sacerdotum
3091 932 3194 990 est,
3228 924 3329 994 qui
3353 940 3457 992 per
3483 926 3666 989 gentes
3698 921 3768 975 de

2073 1016 2280 1071 Sichem
2329 1019 2384 1067 in
2425 1019 2519 1067 cia
2558 1013 2929 1078 interﬁciunt,
2970 1027 3104 1068 cum
3146 1025 3459 1082 pravorum
3499 1018 3765 1066 motuum

2076 1104 2363 1167 vcrsutize,
2405 1103 2528 1171 qui,
2561 1101 2727 1171 quasi
2759 1101 2997 1170 quidam
3027 1102 3175 1155 sacri
3206 1101 3399 1166 duces,
3432 1113 3607 1168 super
3644 1112 3766 1153 sce-

2074 1194 2257 1249 lerum
2308 1205 2544 1246 suorum
2591 1190 2935 1259 levigatione
2968 1189 3386 1244 ratiocinantur
3417 1188 3674 1251 interius,
3712 1194 3771 1242 et

2073 1296 2170 1337 eas
2216 1279 2589 1351 cogitationes
2653 1292 2785 1348 quae
2848 1277 3060 1332 divinis
3118 1278 3347 1333 obedire
3406 1276 3771 1331 sermonibus

2075 1376 2225 1426 200
2254 1370 2524 1440 gestiunt,
2575 1381 2681 1421 sua
2710 1367 3111 1422 retractatione
3157 1366 3465 1429 trucidant,
3506 1372 3563 1419 et
3590 1363 3770 1419 veluti

2075 1464 2133 1513 in
2204 1463 2314 1525 via,
2364 1470 2472 1512 sua
2546 1456 2766 1511 actione
2836 1455 3201 1521 mortiﬁcant,
3264 1454 3341 1509 illi
3404 1452 3770 1509 conscientiae

2077 1553 2506 1617 comparantur,
2536 1559 2669 1614 quae
2701 1551 3057 1599 terrenarum
3101 1544 3419 1614 imaginum
3453 1540 3774 1611 phantasiis

2079 1644 2410 1698 delectatur.
2457 1639 2678 1695 Sichem
2721 1639 2876 1694 enim
2922 1639 3181 1693 humerus
3233 1639 3660 1707 interpretatur,
3712 1636 3771 1690 in

2079 1746 2197 1802 quo
2260 1728 2597 1785 obedientiaa
2646 1726 2991 1782 sustinentia
3049 1728 3373 1782 denotatur.
3433 1728 3511 1780 De
3561 1725 3774 1781 Sichem

2077 1834 2214 1891 ergo
2260 1824 2583 1888 pergentes,
2626 1819 2686 1868 in
2731 1820 2823 1868 cia
2870 1815 3255 1884 perimuntur,
3289 1829 3420 1870 cum
3453 1814 3512 1868 hi
3557 1820 3769 1879 motus,

2079 1908 2178 1977 qui
2238 1907 2352 1961 Deo
2406 1912 2462 1960 et
2515 1904 2805 1973 magistris
2855 1917 2957 1973 per
3012 1904 3393 1959 obedientiam
3429 1918 3486 1958 se
3525 1902 3774 1957 subdere

2077 1996 2299 2061 volunt,
2332 2001 2386 2049 et
2429 2007 2502 2048 ex
2556 1993 2663 2047 hoc
2715 1992 2987 2061 proﬁcere
3039 1991 3382 2057 desiderant,
3435 2004 3535 2060 per
3565 1988 3773 2044 mentis

2080 2084 2373 2139 insolentis
2418 2082 2708 2151 strepitus.
2752 2090 2807 2136 et
2838 2082 3091 2136 visorum
3127 2081 3303 2135 {tedas
3349 2078 3775 2135 recordationes

2079 2171 2387 2227 intereunt.
2437 2169 2632 2225 Scelus
2670 2183 2807 2238 ergo
2852 2168 2929 2223 ibi
2975 2168 3122 2223 idem
3155 2169 3518 2224 civitatenses
3555 2166 3769 2222 Galaad

2080 2265 2412 2327 operantur,
2444 2256 2583 2311 dum
2614 2256 2938 2310 voluntates
2965 2256 3179 2325 quibus
3205 2255 3335 2311 boni
3365 2254 3584 2324 aliquid
3615 2254 3769 2323 adji-

2078 2353 2185 2412 cet,
2228 2343 2483 2399 interiori
2532 2343 2913 2412 przepediente
2949 2342 3286 2409 tumultum,
3339 2342 3606 2411 perﬁcere
3654 2354 3769 2395 non

2080 2435 2370 2490 sinuntur.

2152 2521 2323 2575 Vens.
2360 2519 2445 2573 10.
2476 2548 2544 2559 -
2591 2540 2619 2567 ‹‹
2669 2520 2735 2573 In
2792 2518 2959 2573 domo
3011 2517 3181 2573 Israel
3233 2518 3349 2573 vidi
3392 2516 3767 2583 horrendum,

2088 2631 2109 2657 ι
2155 2608 2232 2663 ibi
2265 2606 2667 2662 fornicationes
2710 2605 3008 2675 Ephraim.
3049 2628 3070 2652 ιι
3106 2606 3232 2660 Non
3279 2608 3492 2660 mirum
3528 2611 3629 2671 est,
3677 2605 3773 2658 in-

2084 2697 2232 2767 quit,
2264 2695 2310 2749 si
2357 2694 2644 2765 quidquid
2692 2693 3100 2749 benevolentize
3148 2694 3304 2749 cordi
3353 2694 3517 2760 inest,
3561 2706 3775 2747 eneca-

2084 2792 2200 2851 tur,
2232 2799 2364 2839 cum
2412 2784 2675 2839 horrores
2705 2783 2974 2838 vitiorum
3026 2783 3086 2837 in
3118 2783 3345 2849 affectu,
3378 2782 3531 2852 quod
3575 2789 3658 2838 est
3687 2782 3779 2835 ls-

285 2859 407 2915 rius
455 2859 682 2914 dixerat
736 2873 796 2913 se
852 2860 1300 2914 misericordiam
1358 2868 1412 2915 et
1467 2876 1579 2915 non
1629 2862 1906 2917 sacriﬁciu

2154 2874 2223 2941 el,
2254 2873 2355 2943 qui
2382 2872 2503 2927 sine
2543 2873 2658 2927 Deo
2686 2871 3115 2926 exsecrabiliter
3146 2871 3525 2941 principatur,
3568 2885 3776 2926 recon-

286 2946 449 3013 velle,
483 2953 546 3003 ut
595 2946 807 3002 scilicet
843 2960 963 3002 suae
1007 2948 1485 3017 contemplatione
1531 2949 1791 3017 miseriae,
1843 2965 1975 3006 cum

286 3036 456 3091 homo
501 3034 610 3090 sibi
640 3034 1001 3090 miserescere
1053 3035 1298 3107 cogitur,
1353 3037 1423 3091 ad
1466 3037 1788 3093 alienorum
1820 3051 1978 3107 appe-

287 3123 521 3178 tentiam
560 3137 675 3178 non
725 3123 1004 3193 erigatur,
1061 3132 1211 3179 recte
1252 3125 1595 3195 subjicitur:
1644 3128 1759 3195 Ipsi
1796 3132 1976 3181 autem

289 3216 617 3279 transgressi
658 3216 787 3266 sunt
818 3216 1063 3280 pactum,
1110 3226 1176 3267 ac
1222 3213 1266 3267 si
1307 3213 1552 3269 diceret:
1601 3215 1744 3269 Cum
1778 3214 1977 3268 horta-

286 3313 381 3355 rer
408 3313 504 3355 eos
541 3300 612 3354 ad
644 3300 735 3355 sui
782 3301 1211 3369 respectionem,
1256 3301 1365 3370 ipsi
1412 3302 1829 3372 cogitaverunt,
1871 3304 1975 3357 sic-

291 3392 353 3442 ut
398 3388 601 3450 Adam,
645 3388 902 3444 avaritiae
935 3389 1465 3459 transgressionem,
1522 3390 1635 3457 cui,
1684 3391 1824 3445 dum
1865 3390 1979 3446 dei-

290 3484 377 3532 tas
416 3476 732 3545 appetenda
770 3476 1018 3544 videtur,
1070 3486 1298 3546 repente
1332 3480 1428 3533 vix
1462 3480 1630 3551 homo
1675 3480 1975 3547 reperitur.

289 3565 390 3627 Ibi,
436 3565 645 3635 inquit,
686 3568 1044 3634 prwvaricati
1097 3571 1227 3620 sunt
1264 3571 1322 3619 in
1358 3582 1461 3629 me,
1509 3568 1649 3637 quia
1702 3567 1762 3621 in
1803 3567 1980 3638 hujus

288 3654 673 3724 suggestionis
700 3656 1025 3724 acceptione
1052 3655 1194 3710 meis
1224 3654 1452 3710 monitis
1480 3655 1764 3711 obstitere.

362 3741 532 3797 Vens.
561 3745 615 3806 8,
648 3741 702 3796 9.
738 3771 806 3781 —
852 3764 873 3790 α
930 3742 1141 3798 Galaad
1191 3743 1392 3797 civitas
1443 3744 1806 3811 operantium
1854 3743 1981 3798 ido-

295 3850 317 3877 ι
361 3827 483 3884 lum
526 3828 897 3899 supplantata
941 3829 1245 3900 sanguine.
1298 3832 1367 3886 Et
1398 3832 1565 3900 quasi
1600 3830 1793 3886 fauces
1823 3832 1981 3887 viro-

295 3937 317 3965 ι
361 3931 493 3972 rum
541 3916 851 3972 latronum.
890 3938 910 3965 ι
953 3917 1169 3973 Galaad
1202 3918 1613 3986 interpretatur
1640 3935 1863 3973 acervus
1904 3924 1980 3972 te-

291 4009 552 4059 stimonii.
630 4005 844 4059 Galaad
901 4010 1093 4059 civitas
1156 4007 1517 4076 operantium
1598 4006 1813 4063 idolum
1875 4015 1979 4075 est,

292 4094 529 4163 quando
575 4107 735 4148 mens
797 4093 1031 4149 acclinis
1094 4095 1166 4149 ad
1233 4102 1487 4150 terrenas
1546 4095 1983 4167 imaginationes

292 4189 395 4238 est.
454 4182 665 4236 Idolum
722 4190 915 4237 autem
974 4182 1221 4238 formula
1284 4184 1512 4239 dicitur.
1574 4184 1643 4240 Et
1700 4185 1842 4255 quid
1897 4194 1983 4242 est

293 4270 580 4327 recordari
623 4283 994 4340 quarumque
1038 4270 1374 4338 formarum,
1425 4273 1535 4327 nisi
1577 4273 1844 4342 quaedam
1883 4288 1982 4328 co-

292 4372 419 4414 ram
457 4372 516 4415 se
553 4358 763 4414 creatio
811 4359 1133 4415 idolorum?
1174 4360 1389 4415 Galaad
1433 4374 1569 4431 ergo
1613 4375 1855 4417 acervus
1898 4369 1983 4417 est

300 4446 621 4513 .estimonii,
676 4446 816 4517 quia
863 4448 1113 4517 profecto
1162 4448 1221 4503 in
1279 4449 1647 4505 inferioribus
1689 4449 1981 4516 dilatatur,

294 4538 353 4593 in
379 4536 775 4608 superioribus
803 4545 1173 4607 angustatur,
1215 4546 1270 4593 et
1294 4537 1603 4593 adhibetur
1632 4537 1751 4593 loco
1780 4538 1983 4608 cujus-

292 4626 426 4682 dam
473 4625 801 4691 testimonii,
861 4626 1016 4695 quod
1061 4626 1276 4682 scilicet
1324 4626 1424 4695 qui
1482 4626 1597 4681 lata
1637 4634 1692 4681 et
1740 4627 1984 4696 spatiosa

295 4715 472 4787 hujus
501 4714 701 4771 mundi
735 4716 1125 4785 prosequitur,
1168 4716 1227 4770 in
1266 4716 1359 4770 Dei
1393 4715 1672 4771 charitate
1706 4724 1981 4785 angusta-

295 4810 409 4871 tur,
464 4817 570 4859 nec
637 4804 818 4858 instar
864 4803 1111 4858 civitatis
1154 4804 1277 4859 sine
1324 4803 1568 4873 strepitu
1613 4810 1792 4873 potest
1839 4818 1980 4871 esse,

294 4899 396 4947 aut
440 4891 825 4949 materialium
874 4890 1263 4962 quorumlibet
1313 4891 1546 4947 mentali
1599 4899 1985 4962 repraesenta-

294 4980 446 5037 tione
485 4993 700 5046 carere,
744 4980 847 5051 qui
891 4993 951 5036 se
990 4979 1413 5050 aliquantisper
1444 4994 1478 5034 a
1529 4993 1671 5036 cura
1711 4981 1986 5035 mundia-

292 5073 434 5129 lium
464 5088 581 5130 non
628 5088 687 5129 se
733 5071 1054 5129 meminerit
1086 5071 1406 5128 absentare.
1442 5072 1574 5127 Haec
1612 5074 1804 5125 civitas
1847 5086 1984 5125 san-

291 5165 457 5230 guine
493 5162 919 5232 supplantatur.
967 5160 1108 5231 quia
1148 5160 1490 5216 creberrime
1521 5173 1621 5229 per
1653 5159 1982 5230 huiusmodi

294 5250 618 5307 affectiones
664 5249 859 5306 lethali
915 5256 1146 5320 peccato
1196 5248 1575 5305 subvertitur.
1626 5248 1797 5313 Quasi
1846 5249 1983 5315 fau-

362 5407 469 5478 (15)
502 5406 583 5462 De
610 5407 679 5462 iis
706 5407 825 5479 agit
851 5405 948 5462 lib.
973 5422 1012 5462 ιι
1042 5407 1121 5462 De
1151 5404 1489 5477 pignoribus
1514 5411 1696 5461 sanet.

2084 2964 2184 3019 diti
2214 2962 2545 3027 videantur,
2593 2960 2747 3015 unde
2795 2959 2851 3013 in
2895 2959 3188 3028 Ephraim,
3242 2960 3296 3014 id
3346 2969 3428 3015 est
3479 2960 3777 3015 voluntate

2086 3050 2256 3119 culpa
2295 3047 2708 3115 fornicationis,
2737 3045 2794 3101 id
2826 3054 2909 3101 est
2939 3047 3176 3101 internae
3211 3062 3245 3102 a
3273 3047 3385 3103 Deo
3417 3046 3780 3102 alienationis

2084 3136 2366 3193 oboritur.

2156 3224 2326 3280 Vens.
2386 3226 2470 3277 11.
2519 3250 2590 3263 -
2648 3244 2669 3271 ε
2718 3220 3155 3278 Contaminatus
3193 3228 3277 3277 est
3324 3221 3519 3276 Israel.
3569 3220 3675 3276 Sed
3721 3228 3782 3276 et

2091 3335 2112 3362 ι
2155 3313 2322 3378 Iuda,
2373 3325 2517 3380 pone
2563 3324 2801 3366 messem
2834 3310 2957 3375 tibi,
2994 3324 3127 3365 cum
3168 3320 3504 3366 convertero
3534 3309 3777 3379 captivi-

2089 3422 2115 3454 »
2158 3409 2331 3457 talem
2380 3398 2571 3469 populi
2611 3399 2739 3454 mei.
2776 3420 2796 3446 ιι
2844 3397 3004 3465 Quod
3047 3406 3127 3454 est
3160 3399 3384 3455 diluere:
3430 3399 3602 3453 Israel
3649 3398 3786 3468 qui-

2087 3490 2216 3545 dem
2269 3489 2327 3543 in
2384 3486 2714 3557 huiusmodi
2768 3487 2963 3556 lapsus
3013 3494 3097 3542 est
3153 3488 3491 3558 spurcitias;
3547 3488 3656 3550 sed,
3719 3492 3781 3541 tu

2086 3578 2251 3642 Iuda,
2319 3574 2615 3631 rationalis
2681 3574 2944 3630 videlicet
3009 3574 3304 3641 confessio,
3358 3591 3501 3644 pone
3557 3590 3781 3629 messem

2090 3666 2206 3727 tibi,
2242 3664 2297 3720 id
2326 3671 2429 3730 est,
2474 3662 2769 3719 lectionem
2802 3662 2899 3718 tibi
2932 3678 3183 3733 propone
3218 3664 3366 3719 sacri
3397 3662 3639 3733 eloquii;
3673 3663 3787 3719 hoc

2093 3762 2282 3810 tamen
2332 3752 2433 3807 tibi
2486 3751 2729 3807 faciendi
2778 3752 3023 3808 facultas
3073 3753 3235 3808 nulla
3285 3753 3551 3821 suppetit,
3601 3753 3787 3807 donec

2090 3846 2396 3897 convertere
2429 3843 2799 3910 captivitatem
2838 3843 3035 3910 pepuli
3079 3845 3203 3894 mei.
3246 3840 3557 3910 Captivitas
3585 3842 3785 3911 populi

2087 3938 2229 3987 tunc
2265 3943 2397 3985 vere
2439 3928 2813 3994 convertitur,
2874 3942 3006 3983 cum
3055 3928 3120 3996 is,
3168 3929 3270 3998 qui
3311 3936 3508 3997 captos
3555 3927 3789 3984 tenebat

2090 4020 2162 4075 ab
2195 4034 2260 4075 eo
2318 4019 2419 4089 qui
2471 4018 2688 4087 pridem
2737 4025 2940 4087 captus
2984 4025 3067 4073 est
3112 4018 3473 4087 captivatur;
3531 4024 3585 4073 et
3630 4017 3787 4072 intra

2091 4121 2195 4162 nos
2222 4105 2597 4171 convertitur,
2631 4119 2764 4161 cum
2795 4105 2999 4161 mentis
3025 4114 3210 4161 status
3232 4106 3311 4161 ab
3345 4120 3410 4161 eo
3441 4106 3595 4175 quod
3632 4105 3787 4161 male

2091 4194 2308 4250 steterit
2336 4193 2698 4251 immutatnr.

2740 4264 2968 4323 CAPUT
3007 4266 3129 4322 VII.

2162 4370 2332 4426 Vens.
2372 4374 2419 4424 1.
2450 4399 2521 4411 -
2572 4391 2593 4418 ι
2635 4369 2776 4427 Cum
2826 4385 3031 4427 sanare
3060 4371 3259 4427 vellem
3294 4370 3488 4434 Israel,
3532 4370 3790 4427 revelata

2097 4479 2117 4505 ι
2161 4465 2245 4513 est
2286 4457 2561 4527 iniquitas
2607 4458 2900 4527 Ephraim,
2945 4467 3000 4514 et
3044 4458 3261 4513 malitia
3301 4456 3592 4523 Samarite,
3642 4458 3790 4527 quia

2097 4567 2117 4592 ι
2161 4545 2376 4614 operati
2406 4551 2541 4599 sunt
2572 4545 2954 4600 mendacium.
2992 4567 3012 4593 ι
3054 4544 3198 4601 Cum
3230 4545 3378 4599 Deus
3418 4558 3616 4598 sanare
3658 4544 3789 4599 vult

2092 4632 2280 4690 Israel,
2316 4631 2582 4696 iniquitas
2622 4632 2888 4699 Ephraim
2939 4632 3246 4699 revelalur,
3294 4632 3435 4702 quia
3476 4644 3608 4686 cum
3650 4644 3789 4687 car-

2090 4720 2239 4775 nalis
2284 4718 2523 4775 affectus
2563 4719 2634 4773 ad
2668 4720 2926 4790 regulam
2961 4720 3203 4775 rationis
3233 4718 3561 4789 corrigitur,
3593 4725 3647 4773 et
3679 4718 3788 4774 ali-

2093 4823 2209 4878 quo
2243 4807 2407 4863 modo
2430 4808 2527 4862 Dei
2554 4806 2771 4876 judicio
2802 4815 3184 4873 conterretur,
3215 4807 3503 4870 voluntas,
3552 4820 3684 4875 quae
3711 4822 3788 4863 ex

2093 4895 2348 4965 antique
2394 4893 2827 4950 consuetudinis
2872 4909 2983 4949 usu
3032 4894 3409 4965 proniﬁcatur
3451 4893 3521 4949 ad
3566 4894 3789 4952 malum

2091 4981 2279 5038 subito
2309 4981 2617 5037 rcvelatur.
2651 4981 2796 5037 Nam
2822 4997 2954 5038 cum
2985 4982 3236 5053 cogitare
3267 4980 3495 5036 insolita
3534 4981 3788 5052 cogitur,

2090 5079 2146 5127 et
2174 5072 2246 5128 ab
2276 5086 2341 5127 eo
2372 5072 2525 5142 quod
2545 5071 2785 5127 delectat
2816 5078 3165 5137 removetur,
3196 5069 3562 5139 impatientia:
3593 5070 3788 5126 animo

2090 5159 2329 5214 morbus
2361 5159 2634 5213 inuritur.
2683 5157 2789 5215 Cui
2834 5159 3031 5215 morbo
3076 5159 3290 5213 malitia
3320 5158 3583 5211 Samaria:
3630 5157 3786 5213 mul-

2092 5254 2214 5303 tum
2259 5246 2559 5314 adnititur,
2590 5246 2804 5302 scilicet
2842 5245 3073 5303 illorum
3104 5245 3484 5313 sacerdotum,
3514 5245 3621 5315 qui
3652 5259 3787 5315 pes-
