3924 6088
153 208 264 259 373

871 203 1336 262 TROPOLOGIIE
1377 205 1445 260 IN
1485 204 1677 265 OSEE,
1724 204 1905 261 AMOS
1943 206 2027 261 ET
2063 205 2205 260 JER.
2240 235 2307 245 —
2332 207 2461 261 LIB.
2503 207 2579 262 ll.
2625 207 2694 262 IN
2732 203 2931 261 OSEE.

3556 208 3658 261 374

148 335 287 391 simi
315 336 672 392 consultores
710 334 951 391 interius
997 336 1069 391 ad
1113 335 1475 391 excusandas
1515 334 1846 390 excusatio—
1883 339 1930 392 Α
1961 336 2207 402 mulieri,
2244 337 2390 392 male
2423 337 2849 408 principantur,
2904 337 3287 394 exhilarando
3321 351 3395 394 ex
3425 337 3659 394 honoris

151 440 261 480 nes
297 425 356 479 in
407 425 651 494 peccatis
698 431 1002 495 emergunt
1043 425 1206 495 (Psat.
1255 438 1383 490 CXL,
1444 423 1518 491 4),
1573 437 1707 479 cum
1756 422 1859 492 qui

156 511 436 582 prresnles
467 511 525 566 in
556 512 749 567 animo
780 512 849 566 ad
888 511 1193 582 leviganda
1240 512 1378 565 vitia
1420 510 1605 566 videri
1636 510 1858 576 volunt,

154 599 539 656 imitationem
601 600 818 655 veterni
886 607 1072 654 status
1137 598 1351 654 difl‘erri
1419 598 1642 665 debere,
1693 598 1861 669 quasi

153 688 584 756 concionantes,
636 688 963 744 ostendunt.
1032 688 1246 753 Somer,
1304 687 1471 757 plane
1502 702 1535 741 a
1583 702 1700 757 quo
1753 687 1859 743 Sa-

155 776 366 843 maria,
429 777 839 846 interpretatur
910 779 1107 831 custos.
1192 775 1374 830 Prava
1443 774 1593 830 enim
1650 776 1863 831 astutia

159 865 342 920 menti
372 865 648 921 mentitur
685 864 1028 928 custodiam,
1079 863 1218 918 dum
1264 878 1376 918 non
1404 863 1477 918 ad
1527 864 1728 930 Deum,
1763 864 1861 919 sed

156 954 230 1008 ad
265 953 541 1009 saeculum
575 952 711 1008 solet
758 952 1039 1022 spondere
1088 951 1392 1012 cautelam,
1448 959 1501 1006 et
1538 966 1655 1006 non
1705 952 1858 1021 apud

158 1043 367 1106 Deum,
401 1041 493 1096 sed
529 1054 700 1110 penes
728 1039 1007 1095 saeculum
1039 1046 1272 1095 veretur
1304 1039 1619 1094 infamiam.
1654 1039 1725 1095 Et
1757 1040 1864 1095 hoc

160 1130 244 1197 ﬁt,
301 1129 441 1200 quia
487 1129 828 1184 mendacium
885 1136 1219 1198 operantur,
1273 1128 1558 1197 hypocrisi
1607 1128 1865 1184 videlicet

157 1225 576 1289 conteguntur.
624 1216 770 1283 Quid
808 1217 963 1271 enim
1012 1215 1339 1271 mendosins
1387 1230 1563 1286 quam
1611 1224 1675 1272 ut
1724 1216 1863 1278 velis

157 1306 350 1362 videri
375 1306 528 1376 quod
561 1320 673 1361 non
703 1304 810 1361 es?
857 1326 876 1352 α
931 1305 999 1359 Ει
1039 1305 1129 1360 fur
1180 1305 1475 1376 ingressus
1504 1314 1587 1362 est
1615 1306 1864 1375 spolians

158 1392 536 1449 latrunculns
581 1393 736 1449 foris.
783 1413 812 1444 ››
862 1394 943 1448 Ac
988 1393 1034 1447 si
1083 1393 1329 1448 diceret:
1383 1390 1461 1449 Et'
1506 1409 1657 1449 cene
1697 1408 1863 1464 quaa-

156 1496 399 1551 cunque
426 1482 748 1537 extrinseca
783 1481 1132 1537 adhibeatur
1169 1480 1492 1552 vigilantia,
1547 1484 1645 1549 fur
1674 1488 1864 1537 tamen

160 1570 545 1642 ingredietur,
582 1570 638 1625 id
666 1578 750 1626 est
794 1569 1039 1639 proditio
1086 1569 1334 1634 interna,
1388 1584 1520 1639 quae
1568 1569 1864 1626 diabolum

159 1659 630 1728 depopulatorem
664 1658 935 1725 admittit,
970 1657 1121 1713 intro
1150 1657 1621 1724 debacchabitur,
1661 1666 1715 1713 et
1762 1658 1866 1713 ho-

158 1748 321 1802 mine
377 1746 758 1802 familiaribus
822 1745 1017 1814 spoliis
1085 1751 1439 1812 exenterato,
1521 1747 1864 1800 tatrunculus

157 1836 324 1900 foris,
358 1835 459 1906 qui
491 1835 564 1890 ab
599 1833 871 1890 exteriori
920 1833 1213 1888 honestate
1261 1831 1555 1902 despoliet,
1603 1845 1741 1888 mox
1770 1832 1865 1887 in-

159 1922 376 1993 surgit,
411 1922 616 1978 arbore
657 1921 811 1977 enim
858 1927 1131 1990 corrupta
1161 1919 1496 1975 medullitus
1527 1926 1643 1976 tota
1684 1934 1868 1976 ramo-

162 2024 299 2065 rum
322 2010 653 2079 superticies
694 2009 945 2065 arefacta
984 2007 1322 2064 destruitur.
1368 2007 1512 2063 Nota
1544 2007 1867 2063 distinctio-

163 2114 298 2155 nem
349 2099 494 2155 furis
540 2106 595 2155 et
641 2098 900 2154 latronis.
956 2098 1074 2153 Fur
1112 2103 1196 2152 est
1244 2095 1659 2162 clandestinus,
1721 2096 1867 2151 latro

164 2203 267 2258 per
303 2188 541 2243 insidias
578 2187 671 2243 sed
703 2194 955 2256 apertus.
997 2185 1160 2243 Unde
1198 2184 1515 2240 Dominus:
1557 2207 1577 2232 ι
1615 2185 1735 2252 Ille,
1772 2186 1867 2239 in-

165 2275 319 2346 quit,
352 2275 448 2330 fur
493 2282 596 2342 est,
647 2282 703 2329 et
748 2274 894 2329 latro
937 2274 1115 2344 (Joan.
1151 2288 1208 2338 x,
1259 2273 1335 2339 1).
1388 2294 1409 2320 ι
1465 2273 1584 2328 Fur
1634 2272 1867 2328 aliunde

164 2362 551 2430 ascendendo,
595 2362 737 2418 latro
786 2369 911 2432 post
953 2361 1277 2432 ingressum
1309 2360 1370 2416 in
1416 2360 1736 2415 domesticis
1763 2374 1867 2415 sa:-

165 2451 399 2507 viendo.

237 2539 416 2595 Vsns.
446 2539 497 2591 2.
524 2569 592 2577 —
639 2560 659 2584 ‹
710 2538 779 2592 Ει
814 2551 884 2592 ne
916 2537 1057 2592 forte
1108 2536 1302 2592 dicant
1342 2535 1399 2590 in
1430 2534 1702 2592 cordibus
1750 2534 1871 2590 suis

170 2650 193 2674 ι
228 2640 463 2682 omnem
511 2626 788 2682 malitiam
846 2639 1048 2681 eorum
1109 2639 1199 2680 me
1268 2624 1651 2690 recordatum,
1713 2636 1871 2678 nunc

172 2737 193 2764 ι
231 2714 741 2770 circumdederunt
821 2728 916 2769 eos
993 2713 1428 2768 adinventiones
1495 2726 1635 2777 suae,
1677 2724 1870 2767 coram

171 2827 193 2852 ι
232 2804 382 2860 facie
434 2818 558 2859 mea
598 2803 759 2859 factae
804 2808 960 2858 sunt.
1013 2823 1033 2848 ι
1087 2803 1169 2856 Ac
1217 2800 1263 2856 si
1312 2801 1562 2856 diceret:
1610 2800 1872 2854 Fortasse

169 2892 380 2956 dicent,
417 2891 555 2947 dum
584 2891 653 2947 de
687 2904 808 2946 sua)
835 2889 1040 2945 mentis
1074 2903 1343 2959 processu
1372 2897 1474 2944 aut
1501 2888 1738 2943 decessu
1776 2901 1872 2943 re-

170 2977 447 3048 cogitant,
495 2978 648 3048 quod
692 2977 860 3049 quasi
910 2978 979 3032 ad
1034 2977 1204 3032 linem
1238 2976 1512 3032 ultorium
1552 2989 1751 3032 omnes
1778 2988 1871 3030 eo-

172 3079 303 3120 rum
338 3065 587 3121 malitias
631 3065 949 3135 glomerare
1004 3064 1314 3131 voluerim,
1345 3065 1512 3134 plane
1566 3063 1870 3131 falluntur,

170 3154 269 3209 sed
302 3167 483 3219 nunc,
533 3153 590 3208 id
621 3161 723 3220 est,
756 3152 816 3208 in
866 3153 971 3208 hoc
1015 3159 1168 3208 statu
1200 3151 1536 3221 hypocrisis,
1592 3165 1711 3221 quo
1756 3164 1876 3207 sen-

171 3256 271 3298 sus
307 3255 512 3297 eorum
553 3241 833 3297 conclusit
881 3240 1236 3310 improbitas,
1277 3238 1715 3296 adinventiones
1753 3252 1875 3295 suae

171 3345 267 3386 eos
316 3329 841 3396 circumdederunt,
915 3329 968 3384 id
1030 3337 1113 3384 est
1154 3329 1360 3384 dolosae
1425 3327 1877 3383 conversationis

172 3425 499 3474 commenta
535 3418 593 3472 in
643 3418 822 3487 hujus
879 3416 1193 3487 labyrinthi
1224 3416 1448 3472 foveam
1476 3416 1871 3472 detruserunt.

176 3507 627 3568 Adinventiones,
662 3520 792 3576 qua:
820 3519 921 3576 per
966 3505 1314 3575 hypocrisim
1348 3504 1513 3571 fiunt,
1548 3503 1750 3559 merito
1779 3502 1872 3558 di—

174 3603 415 3661 cuntur,
448 3596 586 3664 quia
614 3595 716 3649 vix
748 3594 869 3649 ulla
891 3594 1148 3649 veritatis
1172 3607 1347 3662 opera
1370 3599 1530 3648 tanto
1561 3592 1690 3646 fuco
1721 3605 1877 3647 coor-

176 3691 416 3739 nantur.
456 3683 615 3739 Unde
642 3690 697 3737 et
727 3698 907 3737 coram
934 3684 1077 3749 facie
1106 3696 1212 3738 sua
1238 3681 1417 3737 factas
1439 3693 1536 3735 eas
1562 3680 1713 3735 Deus
1742 3692 1878 3748 per-

177 3773 355 3839 hibet,
407 3773 546 3841 quia
602 3770 745 3826 nihil
799 3778 884 3826 est
937 3770 1093 3841 quod
1148 3777 1447 3838 tantopere
1498 3767 1597 3823 Dei
1629 3766 1878 3822 offendat

177 3868 475 3931 aspectum
505 3867 793 3930 quantum
826 3859 925 3915 illa
967 3873 1098 3930 quae
1148 3872 1249 3928 pro
1279 3858 1393 3913 Deo
1422 3856 1542 3927 geri
1575 3864 1874 3926 putantur,

177 3957 235 4005 et
297 3963 372 4004 ex
437 3949 543 4004 hoc
616 3947 736 4016 ipso
802 3946 947 4003 nihil
1026 3945 1180 4001 aliud
1257 3952 1477 4001 actores
1536 3957 1713 4013 quam
1779 3956 1881 3998 sae-

180 4038 408 4094 culares
459 4035 672 4107 glorias
721 4042 1114 4104 aucupantur.
1173 4033 1292 4090 Sibi
1338 4033 1492 4089 enim
1553 4031 1707 4102 quod
1764 4032 1877 4086 Deo

184 4124 539 4196 impenditur
573 4123 713 4179 velle
746 4122 975 4189 ascribi,
1009 4120 1290 4177 nefarium
1338 4120 1670 4176 idololatrim
1698 4132 1882 4190 genus

183 4220 288 4267 εει.

256 4300 428 4355 Vnus.
466 4300 516 4353 3.
558 4328 628 4337 —
692 4322 712 4348 ι
770 4299 838 4353 In
891 4297 1111 4353 malitia
1160 4311 1267 4352 sua
1321 4296 1757 4352 lietilicaverunt
1788 4308 1885 4351 re-

190 4412 211 4438 ι
250 4402 420 4459 gem;
451 4394 506 4443 et
550 4386 604 4441 in
667 4385 975 4442 mendaciis
1027 4386 1148 4441 suis
1200 4384 1509 4455 principes.
1548 4406 1567 4432 ι
1624 4384 1678 4439 Si
1710 4400 1885 4452 regem

187 4476 436 4532 velimus
486 4475 799 4546 intelligere
849 4473 1162 4537 diabolum,
1215 4480 1364 4541 stat;
1425 4473 1543 4543 ipse
1600 4472 1754 4528 enim
1803 4478 1888 4527 est

188 4579 291 4621 rex
346 4578 520 4633 super
547 4577 746 4619 omnes
796 4562 940 4618 ﬁlios
995 4562 1275 4631 superbia:
1330 4562 1467 4627 (Job.
1525 4576 1637 4626 xu,
1677 4559 1807 4631 25);
1838 4559 1888 4616 si

190 4651 481 4723 principes
514 4650 807 4706 ministros
847 4650 973 4721 ejus
1016 4650 1321 4715 daemones,
1377 4656 1674 4718 utcunque
1699 4648 1887 4704 consi-

188 4740 307 4796 stit.
340 4739 446 4796 Sed
478 4754 568 4796 res
602 4738 753 4794 intra
782 4754 887 4795 nos
915 4737 1367 4809 constringatur.
1394 4738 1459 4791 In
1507 4739 1723 4791 malitia
1749 4750 1890 4807 ergo

188 4845 295 4885 sua
323 4844 500 4897 regem
531 4827 844 4897 latiﬂcant,
893 4841 1029 4883 cum
1083 4828 1237 4882 mala
1269 4825 1490 4881 occulte
1538 4832 1887 4895 perpetrata,

192 4932 299 4974 nec
323 4916 655 4972 forasticum
691 4915 944 4986 judicem
988 4915 1302 4971 metuentia
1343 4913 1599 4969 studium
1650 4913 1891 4973 rationis

188 4989 368 5062 elata!
387 5003 688 5060 delectant.
726 5003 856 5060 Ideo
882 5005 1036 5060 enim
1070 5017 1171 5059 rex
1201 5002 1545 5073 appellatur,
1579 5001 1718 5072 quia
1745 5015 1888 5072 gan-

190 5095 290 5151 dio
322 5093 546 5164 privato
596 5092 915 5161 extollitur,
944 5094 1045 5165 qui
1079 5107 1177 5165 per
1209 5091 1556 5163 hypocrisim
1598 5097 1887 5160 operatur,

192 5183 249 5238 in
284 5181 441 5238 omni
492 5180 742 5250 profecto
782 5182 1003 5237 actione
1058 5196 1166 5238 sua
1207 5181 1507 5237 mentitur.
1563 5180 1627 5233 In
1672 5179 1895 5233 menda-

190 5276 290 5325 ciis
341 5284 484 5340 ergo
539 5273 655 5323 suis
724 5271 1004 5338 principes
1058 5270 1368 5337 laetificant,
1418 5283 1553 5325 cum
1587 5267 1894 5324 fallacibus

190 5358 466 5429 operibus
494 5356 710 5427 quibus
737 5356 991 5425 ineptum
1014 5357 1226 5427 vulgus
1253 5357 1321 5411 ad
1345 5357 1436 5412 sui
1464 5354 1892 5411 venerationem

193 5446 541 5518 pertrahunt
573 5458 776 5500 sensus
809 5458 963 5513 suos,
1000 5444 1098 5514 qui
1151 5443 1281 5510 sibi,
1331 5444 1480 5500 sicut
1518 5442 1892 5499 Samaritana;

1969 425 2251 481 delatione
2299 426 2616 482 ludificant.
2663 427 2730 482 Hi
2775 435 2911 482 sunt
2952 426 3236 497 principes
3264 427 3367 495 qui
3394 440 3497 482 nos
3531 439 3656 495 per-

1969 522 2299 583 sequuntur
2328 515 2506 585 gratis
2534 516 2703 584 (Psat.
2742 530 2939 583 oxvm,
2978 518 3122 580 161).

2041 602 2211 659 Vsus.
2241 606 2293 657 4.
2333 634 2400 643 —
2438 627 2458 652 ι
2491 604 2701 659 Omnes
2733 604 3139 669 adulterantes,
3174 603 3340 673 quasi
3397 603 3661 659 clibanus

1976 713 1996 739 ι
2035 706 2348 748 succensus
2374 707 2408 747 a
2451 700 2750 763 eoquente.
2791 714 2811 740 ι
2852 693 2918 748 Hi
2962 696 3243 761 principes
3278 707 3458 746 omnes
3488 691 3661 747 adul-

1971 786 2179 845 terant,
2212 782 2350 836 dum
2414 782 2743 837 videntibus
2780 781 3024 850 speciem
3072 794 3174 849 pro
3217 780 3331 835 Deo
3384 786 3660 849 suscepta:

1973 868 2314 924 humilitatis
2368 878 2677 935 ostentant,
2737 871 2832 925 sed
2891 870 2984 925 alii
3042 880 3225 939 quam
3284 869 3401 924 Deo
3454 868 3663 924 exinde

1972 957 2195 1028 placere
2242 957 2589 1014 desiderant.
2641 959 2809 1024 Quasi
2868 959 3116 1012 clibanus
3171 973 3458 1012 succensus
3487 973 3519 1011 a
3567 973 3659 1011 co-

1973 1050 2168 1112 quente
2197 1054 2352 1108 sunt.
2386 1046 2525 1101 dum
2585 1047 2693 1102 sub
2753 1047 3004 1118 benigna
3066 1045 3207 1101 facie
3258 1045 3662 1101 ferventissimi

1973 1134 2124 1189 intra
2155 1134 2415 1189 animum
2446 1135 2734 1204 appetitus
2760 1135 3024 1191 incendia
3051 1135 3249 1189 clausa
3276 1131 3488 1190 ferunt.
3514 1138 3653 1186 τοι

1971 1223 2247 1279 Clibanus
2274 1222 2427 1278 enim
2469 1223 2708 1279 interius
2749 1224 2928 1291 ardet,
2976 1223 3074 1293 qui
3109 1237 3224 1293 quo
3272 1229 3356 1278 est
3401 1235 3663 1277 camera-

1972 1312 2083 1367 tior
2137 1327 2202 1367 eo
2259 1312 2574 1367 zestuosior.
2634 1312 2794 1368 Unde
2849 1312 3037 1382 inquit
3085 1313 3256 1366 Poeta
3301 1311 3477 1379 (Ovid.
3531 1312 3658 1364 Met.

1976 1413 2049 1467 tv,
2084 1400 2171 1469 64)
2197 1414 2209 1453 ;

2059 1487 2281 1553 Quoque
2308 1492 2484 1556 magis
2520 1492 2741 1556 tegitur,
2772 1492 2940 1542 tectus
2968 1491 3144 1555 magis
3173 1491 3369 1541 zstuat
3393 1486 3578 1539 ardor.

2043 1577 2307 1647 Coquens
2335 1585 2528 1632 autem
2559 1591 2675 1633 non
2716 1576 2863 1632 alius
2905 1584 3194 1646 estquam
3239 1574 3341 1645 qui
3384 1573 3514 1629 talis
3537 1586 3666 1628 am-

1975 1664 2207 1722 bitionis
2249 1665 2354 1720 sibi
2386 1665 2489 1734 ipsi
2549 1665 2806 1721 incentor
2852 1672 2956 1721 est.
2995 1688 3015 1713 ι
3078 1662 3306 1730 Quievit
3365 1661 3665 1732 paululum

1979 1774 2000 1799 ι
2038 1751 2297 1808 civitasa
2354 1753 2745 1809 commistione
2806 1752 3087 1819 fermenti,
3144 1742 3669 1806 donec‘fermenta-

1980 1863 2001 1888 ι
2034 1849 2193 1897 retur
2240 1849 2444 1898 totum.
2481 1864 2501 1890 ι
2563 1842 2861 1896 Paululum
2900 1845 3091 1895 civitas
3138 1838 3398 1910 quiescit,
3444 1850 3577 1892 cum
3609 1836 3669 1891 in

1976 1928 2137 1984 initio
2159 1937 2356 2000 ereptae
2386 1929 2707 2000 hypocrisis
2744 1944 2859 1985 non
2908 1929 3085 1985 nimia
3132 1927 3220 1983 vis
3259 1926 3439 1997 ipsius
3487 1926 3669 1982 inter-

1975 2032 2065 2073 nte
2091 2018 2446 2089 cupiditatis,
2499 2032 2603 2074 nec
2647 2017 2968 2087 frequentia
3018 2015 3267 2071 civitatis
3308 2019 3669 2083 perstrepere

1975 2113 2205 2176 sinitur,
2240 2108 2381 2179 quia
2423 2121 2458 2162 a
2504 2105 2954 2162 consideratione
2996 2102 3446 2159 fermentationis
3499 2099 3668 2156 novi-

1976 2201 2071 2258 tiae
2109 2205 2386 2255 cessatur.
2447 2196 2788 2249 Fermentum
2835 2193 2975 2263 quid
3033 2192 3311 2263 signiticet
3366 2206 3401 2246 a
3443 2190 3669 2246 nemine

1975 2289 2298 2345 dubitatur.
2361 2284 2493 2339 Haec
2570 2282 2739 2352 pestis
2790 2282 2972 2351 primo
3033 2287 3279 2336 mentem
3327 2279 3434 2334 sub
3481 2276 3668 2347 specie

1977 2373 2300 2431 sanctitatis
2324 2369 2681 2441 aggreditur,
2717 2376 2773 2424 at
2804 2375 3106 2439 postquam
3151 2365 3385 2422 sinistra
3430 2363 3669 2420 intentio

1974 2469 2170 2533 pectus
2198 2456 2589 2527 occupaverit,
2622 2461 2791 2510 totum
2818 2455 3223 2511 fermentatum
3254 2452 3485 2507 dicitur.

2050 2550 2223 2607 Vens.
2258 2551 2308 2601 5.
2349 2576 2415 2584 —
2451 2568 2470 2594 α
2512 2544 2641 2599 Dies
2695 2544 2846 2615 regis
2898 2541 3099 2598 nostri.
3140 2562 3160 2588 ι
3214 2540 3470 2609 Decepta:
3525 2536 3674 2608 cogi-

1979 2636 2211 2694 tationis
2241 2649 2356 2690 vox
2385 2641 2489 2689 est.
2522 2634 2733 2703 Regem
2778 2631 3047 2701 superius
3098 2629 3353 2685 diximus
3391 2626 3672 2682 rationem

1978 2726 2208 2796 plenam
2241 2723 2442 2778 fastus.
2478 2721 2523 2777 Ο
2554 2720 2764 2789 inquit,
2821 2720 2934 2773 dies
2966 2722 3108 2786 regis
3138 2718 3314 2771 nostri
3332 2735 3351 2777 ,ο
3372 2730 3439 2772 ac
3458 2714 3670 2771 sidice-

1979 2823 2098 2872 ret:
2134 2817 2276 2869 Ecce
2317 2825 2420 2867 rex
2466 2817 2657 2865 noster
2685 2808 2835 2864 diem
2879 2808 3067 2871 habet,
3109 2805 3248 2876 quia
3285 2803 3523 2874 Spiritus
3565 2816 3673 2857 no-

1911 2926 1952 2981 ο
1981 2911 2098 2959 ster
2131 2902 2188 2956 in
2215 2899 2302 2955 sui
2354 2895 2732 2967 prosperitate
2776 2894 2992 2949 favoris
3038 2892 3380 2981 luculentus
3410 2896 3669 2981 apparet.

1986 3013 2008 3040 ι
2042 2989 2351 3058 Coeperunt
2424 2982 2708 3052 principes
2755 2982 2944 3037 furere
2992 2996 3025 3036 a
3072 2978 3228 3035 vino.
3282 2999 3304 3025 ι
3358 2976 3559 3032 Animo
3608 2974 3677 3029 de

1980 3076 2103 3133 suis
2132 3073 2415 3145 gloriante
2475 3069 2768 3136 laudibus,
2823 3083 3026 3125 sensus
3078 3065 3257 3121 nostri
3304 3062 3614 3119 exteriores
3642 3077 3677 3113 a

1979 3168 2104 3218 vino
2138 3162 2362 3225 furunt,
2397 3159 2537 3214 dum
2564 3156 2652 3213 sui
2677 3156 3077 3228 cogitationem
3126 3152 3314 3224 gratia
3362 3148 3532 3205 alieni
3563 3148 3678 3203 oris

1981 3251 2275 3308 amittunt.
2335 3248 2709 3303 Furiosorum
2760 3253 2862 3311 est,
2920 3258 3025 3299 nec
3074 3257 3152 3309 se,
3201 3255 3306 3297 nec
3345 3237 3676 3309 quempiam

1982 3352 2310 3410 agnoscere,
2346 3343 2447 3391 aut
2494 3334 2697 3400 vereri,
2752 3348 2858 3389 nec
2903 3333 3041 3402 quid
3090 3330 3386 3401 patiantur
3437 3325 3674 3382 scire.A

1981 3432 2106 3482 vino
2137 3439 2273 3496 ergo
2324 3422 2530 3479 ferunt
2582 3422 2685 3491 qui
2738 3420 2993 3477 externis
3049 3415 3483 3474 adulationibus
3511 3412 3674 3472 ebrii.

1983 3529 2100 3571 non
2130 3511 2330 3583 quales
2358 3510 2613 3577 sint,.sed
2644 3509 2893 3579 qualiter
2923 3507 3253 3571 laudentur,
3278 3501 3603 3559 attendunt.

2054 3600 2227 3657 Vnus.
2261 3600 2313 3650 6.
2343 3627 2411 3635 —
2445 3619 2466 3645 ι
2502 3597 2780 3652 Extendit
2812 3610 3049 3651 manum
3099 3606 3267 3648 suam
3314 3603 3448 3644 cum
3476 3587 3677 3642 illuse-

1989 3710 2010 3737 ι
2048 3688 2230 3752 ribus,
2262 3684 2401 3756 quia
2431 3682 3019 3754 applicueruntquasi
3043 3681 3336 3737 clibanum
3359 3689 3458 3730 cer
3482 3686 3676 3736 suum,

1991 3798 2011 3823 ι
2046 3788 2179 3830 cum
2233 3771 2606 3827 insidiaretur
2657 3770 2756 3826 eis.
2816 3792 2835 3817 ι
2900 3770 3031 3824 Cum
3090 3764 3406 3821 illuseribus
3457 3776 3680 3816 manum

1986 3881 2142 3921 suam
2171 3878 2275 3920 rex
2304 3861 2562 3919 extendit
2611 3875 2742 3916 cum
2792 3859 2864 3914 ad
2911 3857 3269 3913 voluntatem
3309 3850 3679 3909 adulatorum

1986 3965 2227 4007 suorum
2260 3949 2347 4004 vel
2396 3948 2585 4019 potius
2624 3948 2923 4003 illusorum
2973 3943 3333 4014 operationes
3387 3951 3524 3995 suas
3580 3949 3681 4005 pro

1987 4038 2203 4110 quibus
2233 4037 2418 4108 magis
2446 4035 2777 4101 extollatur,
2800 4032 3153 4103 amplificare
3180 4026 3489 4086 contendit.
3523 4025 3682 4080 Fim-

1989 4127 2145 4184 brias
2172 4139 2326 4190 suas,
2367 4126 2542 4195 juxta
2570 4122 2973 4191 Evangelium,
3034 4118 3269 4189 spiritus
3318 4122 3508 4172 noster
3552 4124 3684 4168 ma-

1919 4225 1964 4279 D
1996 4213 2229 4286 gniﬁcat
2273 4212 2470 4279 (Math.
2515 4225 2685 4276 xxm,
2737 4213 2807 4276 5),
2860 4222 2993 4265 cum
3038 4222 3144 4263 sua
3187 4203 3458 4275 quaelibet
3486 4212 3681 4270 opera,

1991 4301 2261 4373 quamvis
2279 4308 2556 4367 extrema,
2576 4298 2927 4369 percelebrat
2948 4313 2963 4367 ;
2982 4291 3352 4366 phylacteria,
3370 4303 3501 4360 quae
3514 4286 3685 4353 collo,

1992 4389 2082 4445 vel
2134 4387 2343 4458 pectori
2427 4387 2669 4457 appendi
2743 4386 2943 4451 solent,
3016 4383 3215 4438 dilatat
3280 4376 3490 4449 (lbid.),
3551 4385 3686 4429 cum

1993 4476 2287 4533 scientiam
2319 4474 2405 4530 vel
2454 4474 2776 4529 doctrinam
2809 4470 2974 4542 quasi
3014 4465 3451 4526 obaudientinm
3496 4467 3690 4516 custo-

1993 4567 2145 4622 diam
2181 4563 2516 4621 tonantibus
2544 4563 2742 4619 buccis
2776 4567 3041 4617 ostentat.
3092 4558 3234 4622 Quia
3279 4552 3684 4625 applicuerunt,

1995 4654 2151 4710 haud
2229 4651 2473 4708 dubium
2524 4664 2698 4722 quem
2750 4649 3011 4704 illusores
3064 4647 3225 4711 quasi
3273 4642 3547 4696 clibanum
3598 4651 3689 4690 cor

1994 4758 2173 4808 suum,
2207 4754 2337 4796 cum
2369 4739 2744 4810 cogitationes
2775 4751 2834 4793 se
2884 4734 3084 4791 merito
3137 4729 3363 4786 laudari
3407 4724 3691 4783 aestiman-

1996 4839 2098 4897 tes,
2129 4836 2184 4885 et
2228 4828 2332 4884 sibi
2388 4825 2790 4882 miserabiliter
2853 4822 3176 4886 illudentes,
3222 4825 3277 4874 et
3306 4813 3691 4871 exterioribus

1997 4918 2235 4988 pejores,
2259 4932 2350 4970 cor
2373 4930 2552 4979 suum,
2586 4913 2641 4969 id
2670 4920 2755 4968 est
2788 4910 3065 4967 rationem
3104 4919 3268 4962 suam
3319 4902 3429 4958 sub
3480 4900 3692 4957 talibus

1997 5003 2291 5062 blanditiis
2335 5008 2674 5058 aestuantem
2719 5009 3144 5069 usquequaque
3186 4992 3493 5056 inclinant,
3548 4996 3604 5045 et
3634 5000 3692 5043 se

1995 5092 2078 5149 eis
2127 5090 2299 5161 quasi
2349 5086 2809 5160 gratulabundos
2891 5082 3223 5140 humiliant.
3287 5080 3423 5147 Hoc,
3477 5070 3705 5147 inquit,

1999 5177 2373 5249 cogitationes
2401 5175 2641 5241 faciunt,
2693 5187 2827 5229 cum
2862 5185 2966 5227 rex
3012 5169 3147 5239 ipse,
3201 5166 3567 5221 insidiaretur
3595 5167 3688 5225 eis,

2000 5281 2133 5323 cum
2176 5265 2387 5321 scilicet
2420 5264 2659 5334 spiritus
2691 5263 2827 5331 ipse,
2875 5262 3045 5331 cujus
3086 5256 3258 5313 ofﬁcii
3300 5262 3425 5312 erat
3465 5268 3563 5311 eas
3598 5267 3693 5309 re-

2003 5369 2154 5425 gere,
2188 5353 2491 5424 praesentia
2521 5351 2734 5424 gaudia
2765 5356 3179 5419 aucuparetur,
3212 5345 3295 5402 eis
3322 5344 3397 5401 ad
3437 5343 3694 5400 interne-

2003 5441 2224 5497 cionem
2254 5453 2454 5496 earum
2477 5452 2625 5509 quas
2652 5438 2876 5494 salvare
2924 5435 3200 5492 debuerat
3228 5448 3287 5491 se
3333 5431 3691 5489 submittens.
