3934 6086
269 186 371 239 375

1173 184 1231 237 V.
1273 184 1605 239 GUIBERTI
1642 182 1931 239 ABBATIS
1968 181 2025 236 S.
2064 180 2303 236 ΜΑΗΙᾹΞ
2342 180 2435 236 DE
2475 179 2882 239 NOVIGENTO

3660 183 3765 237 376

271 337 298 360 ιι
328 312 468 369 Tota
496 320 660 368 nocte
712 312 983 369 dormivit
1021 327 1275 384 coquens
1333 327 1449 376 eos,
1507 327 1674 368 mane
1707 312 1818 382 ipse
1841 326 1965 367 suc-
2003 314 2045 365 A
2077 310 2132 366 in
2164 326 2229 371 eo
2260 313 2364 381 piae
2406 313 2674 368 novitatis
2700 320 2784 369 est
2818 313 3101 382 dealbata,
3152 314 3403 383 quadam
3448 314 3770 384 hypocrisis

272 421 300 455 ι)
333 416 539 457 census
565 401 728 471 quasi
769 402 918 471 ignis
964 401 1229 457 flammae.
1271 423 1290 449 ι
1339 404 1473 456 Tota
1530 405 1682 455 nocte
1733 416 1962 467 coquens

271 502 358 543 eos
390 487 616 554 dormit,
646 502 775 543 cum
816 490 1144 543 omnimoda
1182 490 1432 544 czecitate
1480 489 1551 545 ad
1604 490 1959 544 internorum

272 585 559 641 motuum,
594 577 695 647 qui
726 589 931 632 sanum
982 591 1179 647 sapere
1228 587 1507 648 poterant,
1543 578 1960 633 demolitionem

270 673 554 734 tanquam
583 665 967 720 excoctionem
1018 679 1075 721 se
1120 666 1336 735 sepelit.
1392 667 1551 719 Mane
1584 671 1697 734 ipse
1734 680 1966 720 succen-

272 753 449 820 ditur,
478 767 631 820 cum,
674 753 1034 808 illucescente
1053 753 1159 808 sibi
1181 753 1430 822 alicujus
1453 754 1845 822 prosperitatis
1870 766 1966 807 au-

272 854 425 908 rora,
462 840 753 895 nimietate
783 842 1113 910 cupiditatis
1148 842 1387 912 ignitur.
1422 842 1583 899 Unde
1628 842 1735 897 sub
1782 842 1966 911 specie

272 927 578 997 cujusdam
610 928 735 982 avis
770 927 827 982 in
864 929 969 983 Job
1002 929 1247 984 dicitur:
1287 948 1312 979 ‹‹
1344 933 1484 983 Cum
1538 936 1761 997 tempus
1813 931 1966 984 inve-

273 1015 439 1077 nerit,
477 1016 533 1070 in
556 1016 735 1071 altum
764 1016 885 1071 alas
910 1017 1079 1087 erigit
1133 1018 1266 1087 (Job.
1301 1031 1513 1079 xxxnx,
1566 1019 1671 1085 48).
1715 1037 1734 1063 ι
1798 1016 1965 1081 Quasi

272 1107 418 1171 ignis
446 1106 675 1171 flamma
726 1110 829 1165 est,
864 1103 1003 1158 dum
1059 1119 1203 1173 quos
1231 1103 1487 1158 exterius
1537 1101 1789 1156 docendo
1842 1116 1965 1169 pro-

272 1191 474 1246 lamhit
530 1199 585 1246 et
629 1191 917 1246 illustrare
974 1192 1283 1258 contendit,
1343 1190 1541 1245 eadem
1622 1205 1741 1259 qua
1788 1190 1967 1245 fervet

276 1287 427 1348 peste
456 1278 793 1345 succendit;
839 1278 928 1332 vel
983 1278 1154 1333 etiam
1200 1282 1341 1345 ignis
1388 1281 1615 1347 ﬂammae
1667 1284 1769 1344 est,
1826 1277 1963 1332 dum

272 1382 436 1423 mens
464 1382 595 1438 quae
626 1368 681 1421 in
729 1365 937 1422 affectu
991 1366 1260 1436 peccandi
1324 1366 1563 1421 latenter
1617 1364 1872 1434 ignescit,
1907 1363 1965 1418 in

271 1456 603 1525 exemplum
634 1455 880 1511 aliorum
914 1470 1016 1525 pro
1041 1455 1212 1524 paulo
1241 1453 1626 1509 excandescit.

346 1543 518 1600 Vens.
552 1544 606 1597 ’7.
641 1572 709 1583 -—
770 1565 790 1591 ι
846 1544 1055 1599 Omnes
1085 1542 1336 1597 calefacti
1366 1550 1501 1597 sunt
1567 1541 1730 1610 quasi
1786 1541 1960 1596 cliba-

2073 407 2354 455 vetustate
2402 407 2682 455 mutatur.
2734 400 2873 456 Cani
2920 402 3073 457 enim
3119 402 3233 456 albi
3285 410 3441 467 sunt,
3486 411 3542 458 et
3591 411 3766 457 vetu-

2071 493 2271 541 statem
2303 486 2648 557 signiticant.
2682 488 2853 543 Albor
2898 504 3034 559 ergo
3063 490 3133 545 ad
3162 490 3215 544 id
3259 490 3413 560 quod
3459 490 3766 560 pra’tendi-

2073 584 2188 640 tur,
2223 583 2478 630 vetustas
2505 590 2639 631 vero
2675 580 2870 631 attith
2917 579 2987 633 ad
3038 579 3091 633 id
3124 579 3279 649 quod
3332 592 3469 632 vera
3516 580 3771 633 novitate

2073 666 2352 734 privatur.
2390 665 2627 720 Vetusta
2647 666 2801 721 enim
2833 667 3131 735 praesentia
3164 674 3318 729 sunt,
3344 681 3515 733 nova,
3543 667 3765 722 futura.

2071 752 2142 806 Et
2183 752 2303 806 haec
2350 753 2627 821 Ephraim
2677 754 2924 823 ignorat,
2971 757 3111 825 quia
3154 763 3368 810 statum
3415 756 3472 809 in
3521 768 3636 825 quo
3684 764 3775 809 est

2073 846 2270 893 utrum
2306 842 2609 908 praesentia
2656 841 3051 905 obliviscatur,
3094 850 3148 897 et
3186 841 3257 896 ad
3289 841 3577 897 anteriora
3622 856 3773 897 con-—

2076 927 2293 991 tendat,
2326 927 2485 981 nullo
2515 928 2684 984 modo
2715 937 2931 999 pensat.

2146 1014 2317 1071 Vens.
2355 1016 2438 1069 10.
2472 1045 2540 1055 -
2575 1037 2595 1064 ι
2632 1018 2702 1071 Et
2754 1018 3159 1074 humiliabitur
3187 1018 3458 1087 superbia
3501 1016 3673 1072 lsrael
3710 1018 3771 1072 in

2078 1124 2104 1150 ››
2138 1102 2283 1157 facie
2319 1102 2467 1172 ejus,
2517 1118 2623 1160 nec
2667 1107 2882 1161 reversi
2930 1114 3066 1162 sunt
3114 1107 3184 1161 ad
3235 1107 3541 1161 Dominum
3583 1106 3773 1160 Deum

2076 1212 2103 1238 »
2136 1206 2329 1257 suum,
2354 1200 2408 1247 et
2445 1207 2558 1247 non
2613 1196 2968 1263 quaesierunt
3011 1210 3143 1251 eum
3176 1195 3233 1249 in
3277 1194 3547 1250 omnibus
3591 1194 3680 1249 his
3738 1215 3770 1239 ιν

2075 1279 2346 1347 superbia
2382 1281 2555 1335 Israel
2599 1286 2655 1335 in
2707 1284 2848 1349 facie
2897 1284 3015 1352 ejus
3057 1282 3414 1347 humiliatur,
3465 1296 3596 1336 cum
3632 1281 3771 1336 alle-

2075 1366 2201 1412 ctus
2233 1366 2439 1425 noster,
2470 1362 2703 1429 quando
2733 1363 2855 1418 sine
2896 1364 3008 1418 Deo
3042 1364 3419 1433 principatur,
3455 1376 3553 1430 per
3583 1361 3771 1432 aperti

2075 1444 2334 1500 criminis
2395 1460 2591 1502 casum
2639 1463 2698 1504 se
2759 1450 2971 1506 sciente
3038 1450 3285 1518 dicitur;
3342 1451 3400 1503 in
3458 1451 3598 1516 facie
3647 1449 3772 1517 ejus

2074 1532 2247 1585 Israel
2286 1532 2646 1601 hutniliatur,
2679 1550 2809 1592 cum
2847 1539 3136 1607 appetitus
3181 1537 3357 1592 nostri
3404 1544 3614 1602 tumor,
3661 1537 3773 1606 qui

279 1652 300 1677 ι
328 1644 459 1696 nus,
492 1638 547 1684 et,
590 1630 1013 1685 devoraverunt
1039 1629 1264 1698 judices
1313 1642 1465 1683 suos.
1497 1649 1518 1675 ι
1581 1604 1772 1682 ὸιηηεε
1805 1631 1964 1693 quasi
2003 1604 2044 1659 Β
2076 1619 2144 1674 de
2176 1634 2282 1675 sua
2327 1621 2585 1677 castitate
2627 1638 2761 1680 cum
2810 1604 2997 1695 turpis
3037 1634 3178 1681 esset
3216 1634 3503 1690 erexerat,
3551 1604 3773 1694 peccati

273 1718 520 1771 clibanus
574 1717 866 1781 calellunt,
918 1716 1055 1771 dum
1110 1716 1275 1781 ratio,
1309 1715 1575 1769 voluntas
1624 1722 1678 1770 et
1727 1714 1965 1770 atTectus

274 1818 407 1859 cum
435 1804 707 1875 subjectis
732 1803 982 1858 motibus
1018 1802 1206 1858 studio
1242 1801 1447 1871 ineptae
1477 1802 1761 1870 cupidinis
1794 1801 1960 1857 eller-

273 1901 533 1948 vescunt.
581 1894 796 1946 Judices
838 1907 964 1945 suos
1007 1891 1305 1955 devorant,
1356 1888 1495 1943 dum
1528 1888 1828 1944 universos
1855 1888 1960 1944 im-

272 1988 437 2048 petus
466 1979 700 2048 spiritus
728 1979 998 2034 vitiorum
1042 1976 1274 2031 ardores
1320 1975 1663 2030 adnihilant.
1699 1975 1765 2030 Hi
1811 1976 1960 2030 enim

270 2076 407 2124 sunt
435 2068 675 2139 judices,
708 2069 847 2138 quia
874 2082 946 2122 ex
977 2067 1065 2122 his
1094 2066 1379 2136 prodeunt
1407 2067 1579 2120 totius
1610 2065 1964 2121 interiorita-

272 2158 346 2210 tis
376 2164 582 2212 nostrae
611 2170 872 2212 censura;
898 2162 952 2211 et
984 2154 1420 2211 moderationes.
1461 2176 1480 2201 ι
1541 2153 1751 2209 Omnes
1803 2167 1964 2223 reges

277 2265 298 2291 ι
332 2257 531 2299 eorum
562 2242 928 2299 ceciderunt:
987 2257 1102 2297 non
1144 2249 1228 2296 est
1267 2241 1369 2311 qui
1424 2240 1633 2295 clamet
1668 2241 1723 2293 in
1772 2239 1856 2295 eis
1889 2240 1961 2294 ad

279 2353 299 2377 ι
334 2346 435 2386 me.
473 2351 493 2379 ι
526 2330 869 2386 Interiorum
920 2339 1245 2385 nostrorum
1298 2342 1459 2398 reges
1502 2335 1657 2393 sunt,
1708 2327 1962 2397 quicun-

271 2434 385 2488 que
411 2417 590 2473 animi
626 2418 855 2473 habitus
880 2416 949 2471 de
976 2417 1090 2471 Deo
1125 2415 1414 2470 hominem
1463 2413 1776 2485 recogitare
1804 2428 1964 2469 com-

272 2506 513 2576 pellunt.
545 2505 703 2561 Unde
743 2503 1036 2573 psalmus:
1072 2524 1093 2551 ι
1146 2502 1271 2558 Non
1316 2510 1401 2556 est
1432 2501 1703 2568 creditus,
1752 2502 1961 2572 inquit,

272 2608 405 2648 cum
437 2593 552 2647 Deo
603 2591 838 2661 spiritus
868 2591 995 2660 ejus
1024 2590 1220 2660 ((Psal.
1255 2603 1474 2655 Lxxvn,
1505 2589 1581 2658 8).
1623 2611 1644 2637 ι
1700 2591 1767 2645 Hi
1816 2607 1963 2659 reges

273 2681 507 2747 cadunt,
550 2693 680 2735 cum
728 2693 786 2733 se
825 2678 898 2733 ad
946 2677 1266 2747 appetenda
1316 2684 1543 2732 terrena
1593 2677 1958 2747 provolvunt.

272 2770 391 2823 Non
420 2772 499 2822 est
526 2770 584 2821 in
617 2769 692 2821 eis
722 2771 817 2833 qui
854 2768 1047 2821 clamet
1088 2767 1159 2821 ad
1195 2765 1395 2825 Deum.
1446 2780 1560 2820 non
1592 2774 1676 2819 est
1704 2764 1965 2821 videlicet

272 2855 375 2925 qui
403 2862 526 2926 post
563 2854 969 2921 delectationis,
1002 2862 1103 2910 aut
1132 2867 1442 2909 consensus
1469 2852 1700 2918 damna,
1755 2852 1828 2907 ad
1874 2853 1967 2907 ali-

272 2943 441 3013 cujus
482 2942 856 3013 pcenitudinis
904 2942 1130 2997 studeat
1180 2940 1363 2997 redire
1404 2941 1777 3011 propositum.
1827 2940 1966 3007 Quis

270 3030 419 3085 enim
456 3029 841 3085 miserabilius
886 3029 1097 3085 clamat
1139 3043 1318 3099 quam
1348 3029 1448 3098 qui
1501 3044 1622 3085 suae
1653 3029 1966 3085 calamitati

274 3118 669 3188 illacrymatur
687 3119 716 3171 ?

346 3207 516 3262 Vens.
546 3209 598 3261 8.
630 3236 699 3248 —
735 3230 754 3254 ι
791 3207 1067 3277 Ephraim
1100 3207 1155 3261 in
1200 3207 1425 3276 populis
1472 3207 1590 3276 ipse
1636 3208 1963 3265 commisce-

278 3314 299 3340 ι
337 3293 526 3349 batur.
593 3316 613 3342 ι
670 3295 935 3364 Ephraim
984 3299 1041 3348 in
1088 3296 1314 3364 populis
1368 3299 1483 3363 ipse
1541 3296 1963 3364 commiscetur,

273 3396 405 3436 cum
439 3383 705 3437 voluntas
734 3397 866 3452 quae
899 3382 1060 3438 ferax
1117 3382 1464 3452 frugalitatis
1494 3398 1615 3439 esse
1667 3385 1964 3452 debuerat,

274 3468 685 3539 cogitationum
718 3468 1083 3524 insolentium
1134 3469 1308 3540 vulgo
1346 3470 1711 3542 dispergitur.
1748 3473 1819 3527 Et
1858 3488 1968 3528 no-

276 3559 513 3615 tandum
544 3559 700 3630 quod
754 3558 1065 3630 vigilanter
1110 3573 1445 3627 pronomen,
1487 3562 1639 3631 quod
1694 3570 1778 3618 est
1830 3567 1963 3633 ipse,

273 3647 636 3719 adjungitur,
671 3661 738 3703 ac
768 3648 813 3703 si
844 3648 1171 3703 diceretur:
1228 3649 1343 3717 ipse
1396 3650 1669 3718 Ephraim
1719 3651 1818 3721 qui
1851 3666 1965 3707 non

274 3743 355 3791 est
380 3736 536 3792 aliud
566 3748 744 3805 quam
778 3734 1063 3799 voluntas,
1107 3750 1239 3803 qua:
1284 3735 1488 3791 rationi
1539 3738 1721 3803 magis
1760 3752 1965 3793 conve-

275 3825 399 3881 nire
427 3824 724 3891 debuerat,
757 3824 1134 3893 popularibus
1172 3824 1581 3895 cogitationum
1615 3840 1735 3880 sese
1784 3827 1968 3882 turbis

277 3913 576 3978 indiderat,
633 3919 689 3968 et
742 3912 835 3968 cui
891 3921 1116 3968 tantum
1174 3913 1535 3977 credebatur,
1590 3915 1730 3983 proh
1768 3914 1962 3970 dolorl

275 4019 347 4059 ex
408 4002 647 4058 rationis
726 4001 1018 4057 vicinitate
1094 4001 1307 4057 debens
1389 4010 1559 4068 stare,
1635 4002 1969 4061 difﬂuxerat

282 4113 304 4139 ι
338 4090 610 4161 Ephraim
643 4090 825 4146 factus
851 4098 933 4146 est
987 4091 1406 4147 subcinericius
1459 4092 1561 4162 qui
1615 4107 1729 4148 non
1770 4108 1968 4150 rever-

2071 1707 2158 1762 sui
2221 1709 2576 1776 experientia
2632 1718 2686 1765 et
2744 1712 2959 1781 pudore
3017 1712 3276 1768 reflatur.
3337 1712 3429 1765 Ad
3475 1715 3771 1767 Dominum

2072 1801 2241 1851 Deum
2281 1812 2441 1851 suum
2478 1814 2586 1852 non
2635 1808 3029 1871 revertuntur,
3072 1815 3204 1857 cum
3256 1807 3445 1855 motus
3492 1799 3770 1856 affectua-

2074 1884 2153 1939 les
2181 1900 2284 1940 nec
2318 1885 2666 1955 ﬂagitiorum
2700 1901 2939 1943 suorum
2983 1885 3445 1942 consternatione
3489 1885 3768 1952 deterriit,

2073 1981 2136 2028 ut
2162 1973 2428 2044 deinceps
2459 1975 2638 2030 Deum
2684 1976 2913 2044 sapiant
2944 1982 3373 2044 retorquentur,
3416 1974 3479 2027 In
3517 1972 3769 2027 omnibus

2071 2063 2156 2116 his
2186 2079 2292 2116 non
2335 2079 2454 2117 eum
2498 2069 2773 2133 querunt,
2814 2077 2948 2118 cum
2998 2076 3101 2116 nec
3134 2061 3186 2115 in
3236 2059 3487 2115 evidenti
3544 2058 3773 2113 revolu-

2070 2144 2223 2201 tione
2252 2142 2572 2199 facinorum
2614 2145 2685 2200 ad
2725 2146 2978 2203 divinam
3009 2148 3353 2203 munditiam
3384 2145 3774 2217 resipiscendo

2073 2239 2405 2301 resurgunt.

2147 2321 2316 2377 Vens.
2353 2324 2436 2376 lt.
2488 2352 2557 2361 —
2591 2343 2611 2369 ι
2667 2322 2737 2377 Ει
2779 2321 2965 2378 factus
3003 2330 3086 2378 est
3128 2321 3405 2392 Epitraim
3455 2320 3624 2391 quasi
3662 2336 3772 2377 co-

2078 2434 2099 2461 ι
2134 2412 2333 2467 lumba
2373 2413 2607 2468 seducta
2653 2426 2769 2468 non
2824 2411 3041 2467 habens
3071 2426 3186 2467 cor.
3230 2433 3257 2460 ››
3305 2411 3476 2477 Quasi
3520 2412 3771 2466 columba

2072 2502 2295 2555 seducta
2331 2504 2394 2570 fit
2433 2501 2718 2571 Ephraim,
2752 2499 2891 2555 dum
2923 2501 2991 2555 de
3034 2513 3268 2569 operum
3318 2514 3556 2555 suorum
3604 2514 3667 2555 ac
3721 2500 3773 2555 si

2074 2592 2299 2646 fetuum
2343 2591 2716 2660 corruptione
2782 2603 2896 2644 non
2962 2589 3221 2659 ingemit.
3270 2587 3549 2643 Columba
3610 2587 3769 2643 enim

2076 2689 2281 2749 przetcr
2309 2680 2556 2735 aliarum
2588 2678 2786 2734 avium
2830 2691 3046 2733 morem
3078 2678 3145 2731 de
3191 2675 3482 2745 pullorum
3523 2690 3767 2731 sitorum

2073 2769 2463 2824 subtractione
2513 2782 2629 2823 non
2676 2768 2998 2838 perstrepit.
3067 2766 3323 2820 Columba
3367 2778 3502 2835 ergo
3554 2764 3772 2819 dicitur

2074 2858 2312 2921 seducta,
2372 2858 2539 2928 quasi
2594 2858 2666 2912 ad
2746 2854 3236 2911 insensibilitatem
3316 2853 3564 2908 redacta.
3615 2851 3769 2918 Quid

2072 2947 2227 3003 enim
2250 2946 2347 3001 illa
2379 2946 2673 3001 voluntate
2705 2944 3113 3009 insensibilius,
3156 2957 3288 3015 quae
3341 2942 3461 2996 suis
3514 2941 3774 2997 indolere

2074 3036 2252 3091 nescit
2308 3034 2561 3105 indignis
2614 3030 2934 3103 operibus?
2990 3032 3134 3087 Cum
3187 3031 3258 3086 de
3302 3030 3430 3086 aliis
3487 3030 3775 3086 columbis

2073 3123 2300 3178 dicatur
2326 3123 2480 3193 quod
2525 3135 2640 3177 non
2689 3122 2935 3176 habeant
2967 3119 3058 3185 fel,
3106 3120 3174 3174 de
3207 3119 3314 3175 hac
3360 3118 3572 3174 dicitur
3609 3118 3771 3188 quod

2075 3227 2181 3264 non
2212 3210 2418 3265 habeat
2460 3226 2568 3278 cor,
2606 3217 2669 3265 ut
2711 3224 2914 3264 sensus
2959 3208 3186 3278 reprobi
3219 3209 3546 3263 immanitas
3587 3215 3775 3263 osten-

2074 3297 2265 3364 datur,
2299 3298 2441 3368 quia
2469 3297 2754 3353 malorum
2799 3311 3042 3352 suorum
3079 3295 3440 3351 miseratione
3470 3309 3584 3350 non
3616 3294 3777 3349 duci-

2074 3393 2188 3443 tur.
2224 3409 2245 3436 ι
2278 3387 2595 3457 ngyptum
2625 3386 2996 3453 invocabant,
3022 3386 3094 3441 ad
3126 3386 3389 3455 Assyrios
3413 3385 3705 3441 abierunt.
3748 3405 3769 3431 ι

2075 3475 2359 3545 Ᾰῖὶζγριυε
2389 3476 2801 3546 interpretatur
2833 3475 3115 3529 tribulatio
3163 3472 3253 3528 vel
3291 3473 3520 3527 tenebrae
3534 3490 3553 3535 ;
3602 3474 3777 3541 Assy-

2076 3564 2144 3621 rii
2187 3578 2320 3620 vero
2350 3566 2518 3620 aulici
2572 3565 2661 3621 vel
2715 3566 3033 3633 dirigentes.
3088 3564 3383 3631 Egi/ptum
3435 3575 3571 3632 ergo
3604 3561 3773 3617 iuvo~

2076 3658 2226 3716 cant,
2250 3653 2351 3722 qui
2382 3659 2501 3721 post
2535 3652 3012 3722 perpetrationem
3064 3649 3277 3720 peccati
3307 3650 3568 3705 animum
3595 3663 3773 3705 suum

2076 3740 2491 3796 rationabiliter
2540 3741 2612 3795 ad
2681 3741 2943 3795 tenebras
2995 3739 3252 3794 maeroris
3314 3738 3772 3793 tribulationem-

2076 3842 2190 3899 que
2218 3826 2575 3897 compellant.
2618 3827 2960 3897 Appetentia
2997 3827 3151 3882 enim
3184 3826 3569 3895 voluptatum,
3596 3824 3774 3894 juxta

2075 3915 2412 3970 Boetianum
2443 3913 2605 3981 illud,
2658 3928 2790 3970 cum
2843 3914 2914 3970 sit
2943 3914 3110 3983 plena
3166 3912 3490 3977 anxietatis,
3539 3910 3776 3967 satietas

2077 4010 2266 4059 tamen
2317 4010 2401 4058 est
2446 4004 2790 4072 poenitentiae
2844 4006 2940 4073 (De
2980 4003 3178 4056 consol.
3239 4002 3462 4070 Philip,
3527 3999 3623 4055 lib.
3681 4014 3766 4061 ni,

2078 4104 2227 4160 pros.
2259 4090 2334 4155 7).
2366 4092 2662 4159 Egyptum
2705 4090 2899 4159 itaque
2952 4090 3299 4154 invocantes,
3352 4089 3405 4143 id
3435 4096 3519 4143 est
3550 4088 3618 4144 de
3647 4102 3769 4157 pm-

282 4201 304 4227 -
340 4187 521 4235 satur.
561 4200 583 4228 ι
619 4178 1019 4234 Subcinericius
1072 4178 1337 4248 Ephraim
1397 4178 1477 4245 ﬁt,
1536 4194 1667 4235 cum
1701 4181 1969 4237 voluntas
2007 4198 2050 4252 ι)
2080 4177 2359 4234 nitudinis
2405 4178 2688 4246 acredine,
2738 4192 2869 4248 quae
2913 4184 3140 4247 peccato
3187 4176 3472 4246 congruit,
3522 4176 3581 4230 in
3624 4190 3771 4232 con-

277 4281 350 4322 ex
382 4264 658 4322 memoria
697 4266 1116 4335 praeteritorum
1144 4266 1454 4322 criminum
1511 4267 1774 4323 refricata
1816 4269 1970 4325 cale-

278 4353 403 4410 scit.
429 4352 545 4409 Nec
591 4353 891 4419 immerito,
953 4353 1093 4423 quia
1146 4368 1277 4409 cum
1327 4355 1746 4424 praeteritorum
1804 4357 1971 4412 malo-

280 4455 412 4497 rum
443 4440 494 4496 ei
524 4440 871 4496 incumbunt
910 4441 1208 4513 imagines,
1256 4457 1386 4511 quae
1433 4443 1665 4499 crebras
1710 4442 1761 4499 ei
1806 4444 1966 4500 inno-

279 4537 420 4583 vant
465 4527 535 4583 de
608 4536 844 4598 experta
914 4529 1357 4599 intemperantia
1439 4532 1781 4602 voluptates,
1862 4550 1968 4587 non

282 4621 608 4679 reversatur,
642 4616 781 4687 quia
836 4618 991 4688 quod
1046 4618 1217 4674 semel
1275 4628 1612 4689 conceptum
1666 4627 1770 4687 est,
1816 4633 1971 4675 nun-

280 4719 457 4776 quam
490 4720 525 4761 a
554 4713 741 4761 mente
772 4706 1073 4763 recutitur.

350 4794 517 4851 Vens.
544 4797 596 4849 9.
634 4824 702 4834 —
752 4816 772 4843 ι
826 4793 1211 4852 Comederunt
1279 4795 1448 4851 alieni
1512 4796 1692 4852 robur
1736 4797 1881 4867 ejus,
1916 4803 1971 4852 et

285 4906 308 4933 ι
344 4884 460 4954 ipse
483 4881 740 4947 nescivit,
770 4882 869 4938 sed
898 4891 953 4939 et
991 4884 1121 4940 cani
1151 4882 1318 4940 etl‘usi
1363 4892 1499 4941 sunt
1530 4885 1586 4939 in
1634 4899 1719 4951 eo,
1765 4892 1819 4940 et
1850 4884 1971 4953 ipse

285 4992 311 5025 ι
343 4970 648 5044 ignoravit.
682 4991 710 5019 »
735 4971 923 5025 Alieni
960 4972 1129 5026 robur
1164 4971 1283 5040 ejus
1312 4973 1635 5036 comedunt,
1687 4986 1818 5028 cum
1848 4972 1970 5029 dae-

281 5073 478 5116 mones
519 5064 574 5114 et
630 5057 821 5113 carnis
871 5057 1137 5127 impetus,
1201 5058 1415 5129 quibus
1447 5073 1481 5114 a
1532 5067 1728 5115 nostra
1786 5060 1969 5117 salute

283 5144 423 5201 nihil
451 5142 635 5215 magis
662 5151 746 5200 est
798 5151 1083 5212 exterum,
1142 5145 1428 5216 quidquid
1491 5146 1549 5202 in
1603 5155 1794 5204 nostro
1825 5148 1969 5205 velle

282 5230 513 5288 virtutis
562 5237 802 5297 constat,
855 5231 1128 5288 erodunt.
1178 5234 1248 5286 Et
1291 5238 1408 5304 ipse
1459 5234 1657 5303 nescit,
1700 5236 1837 5291 dum
1871 5250 1969 5307 per

282 5320 397 5375 vim
428 5317 786 5373 discretionis
816 5319 956 5390 quid
990 5319 1331 5376 incommodi
1364 5322 1615 5390 patiatur
1636 5323 1969 5379 nullatenus

280 5405 482 5462 noscit.
517 5404 651 5460 Cani
677 5408 737 5458 in
765 5422 823 5459 eo
867 5412 1018 5461 nos
1062 5405 1464 5475 effunduntur,
1506 5408 1646 5464 dum
1680 5409 1966 5480 quidquid

2079 4266 2316 4323 scientia
2340 4265 2777 4331 succlamantes,
2813 4279 2925 4321 vox
2962 4265 3116 4320 enim
3147 4264 3449 4334 sanguinis
3479 4263 3773 4320 moraliter

2080 4356 2287 4412 clamat
2317 4354 2389 4409 ad
2453 4355 2653 4422 Deum,
2710 4369 2847 4409 mox
2906 4354 2979 4407 ad
3029 4354 3286 4421 Assyrios
3343 4354 3577 4419 abeunt,
3630 4354 3772 4423 quia

2080 4442 2468 4513 cogitationes,
2499 4457 2630 4513 quae
2662 4452 2887 4513 peccata
2918 4450 3196 4498 excusant
3225 4450 3279 4497 et
3307 4440 3576 4512 levigant,
3616 4451 3773 4499 metu

2080 4531 2286 4601 rejecto
2323 4531 2508 4599 potius
2537 4531 2847 4586 consulunt
2878 4537 2931 4585 et
2968 4544 3066 4600 per
3093 4544 3189 4586 cas
3227 4545 3285 4586 se
3326 4530 3497 4600 dirigi
3544 4538 3772 4600 putant,

2080 4619 2219 4674 dum
2269 4617 2527 4673 criminis
2576 4617 2883 4673 fmditatem
2933 4617 3180 4673 aulicam
3242 4618 3621 4673 curialitatem
3676 4632 3773 4689 ap-

2079 4705 2314 4777 pellant.
2349 4705 2460 4761 Has
2490 4706 2643 4762 enim
2691 4705 2994 4760 sacerdotes
3043 4713 3096 4761 et
3120 4711 3451 4775 protectores
3504 4706 3776 4774 superius

2078 4794 2323 4858 dixerat,
2370 4808 2439 4849 ea
2482 4794 2759 4851 abusione
2807 4808 2924 4864 qua
2967 4802 3021 4850 et
3066 4795 3363 4864 prophetas
3412 4794 3669 4851 Ezechiel
3719 4805 3775 4851 et

2079 4881 2354 4938 leremias
2380 4889 2564 4939 vocat.
3564 4934 3597 4971 ⁸

2149 4968 2316 5025 Vens.
2355 4970 2436 5023 l0.
2489 5000 2558 5009 —
2590 4991 2616 5017 ‹‹
2674 4970 2742 5025 Et
2797 4984 2931 5025 cum
2988 4968 3223 5038 profecti
3274 4968 3510 5036 fuerint,
3560 4968 3778 5038 expan-

2081 5076 2110 5109 ιο
2138 5056 2271 5113 dam
2316 5072 2490 5127 super
2529 5072 2624 5114 eos
2670 5066 2788 5113 rete
2837 5072 3048 5126 meum,
3100 5058 3267 5127 quasi
3311 5057 3601 5114 volucrem
3646 5058 3775 5114 caeli

2080 5166 2108 5198 ν
2139 5146 2437 5202 detraham
2468 5161 2582 5202 eos.
2640 5168 2660 5194 ι
2718 5146 3173 5203 Proticiscuntur
3212 5160 3345 5201 cum
3377 5159 3410 5200 a
3440 5144 3775 5201 considera-

2078 5234 2232 5291 tione
2288 5242 2626 5305 perpetratae
2712 5235 2985 5305 nequitiae
3076 5242 3422 5305 evagantur.
3490 5236 3618 5289 Rete
3674 5233 3770 5291 Dei

2078 5338 2243 5391 super
2302 5339 2387 5377 eos
2442 5323 2814 5392 expanditur,
2877 5338 3009 5378 cum
3040 5336 3243 5378 eorum
3293 5322 3541 5377 lascivire
3579 5321 3775 5377 divino

2071 5410 2289 5481 judicio
2339 5410 2744 5481 impedimenta
2775 5410 3150 5481 objiciuntur,
3193 5409 3404 5481 quibus
3458 5423 3661 5466 eorum
3700 5409 3774 5465 le-
