3934 6086
140 234 237 286 377
864 193 1316 284 reopoLocLe
1355 228 1420 282 ιιι
1460 226 1659 296 esse,
1699 227 1883 285 Auos
1922 229 2009 285 er
2046 228 2192 285 ιΕιι.
2223 258 2282 269 -
2317 230 2451 286 me.
2501 229 2569 285 ιι.
2616 231 2685 287 IN
2727 229 2918 289 esse.

3528 235 3646 289 ‘378

136 367 334 423 vitatis
384 367 631 435 impetus
686 364 877 421 subito
933 363 1280 419 retardatur.
1344 363 1513 428 Quasi
1582 362 1834 419 volucris
1870 364 2047 433 Aqui
2101 364 2309 435 dogma
2367 364 2833 431 ecclesiasticum,
2906 366 3061 437 quod
3127 365 3297 421 semel
3353 365 3647 422 combibe-

138 457 252 510 οξειὶ
281 454 690 513 detrahuntur,
745 466 877 507 cum
907 465 1106 506 eorum
1141 451 1414 520 superbia
1446 450 1501 505 in
1548 451 1834 506 mirabili-

140 542 247 598 bus
273 554 447 610 super
476 554 533 595 se
562 540 869 596 ambulans
898 539 1063 608 lapsu
1092 539 1384 608 repentino
1414 538 1738 594 subruitur.
1771 539 1835 593 In

137 630 373 684 volucre
428 628 580 683 enim
627 628 845 690 levitas,
881 627 937 681 in
967 627 1109 682 calo
1158 627 1427 696 superbia
1476 626 1831 696 designatur,

138 727 200 773 ut
224 727 355 772 est:
400 738 420 764 ι
482 716 771 781 Volucres,
827 714 1033 785 inquit,
1089 714 1210 769 coeli
1272 714 1641 769 comederunt
1695 714 1835 769 illud

138 806 330 873 (Marc.
364 819 438 867 IV,
487 805 562 872 4).
599 824 627 853 ι»
677 803 901 859 Cadam
951 816 1046 858 eos
1096 802 1413 857 secundum
1484 801 1833 857 auditionem

142 914 162 941 ι
195 900 379 949 matus
427 906 656 947 eoreum
715 912 737 939 ι
800 892 949 945 Deus
1005 906 1091 944 eos
1141 890 1325 955 cadit,
1385 903 1515 945 cum
1570 889 1838 958 periculis

136 981 566 1051 ingruentibus.
656 981 775 1035 sive
830 980 1238 1049 cogitationum
1315 978 1675 1043 tortionibus,
1733 992 1837 1034 seu

136 1068 355 1123 morbis
421 1067 814 1137 corporalibus
871 1067 1067 1121 vexari
1117 1066 1409 1134 permittit.
1470 1066 1608 1131 Qua
1671 1064 1836 1121 casio

132 1156 458 1212 secundum
503 1155 853 1210 auditionem
895 1163 1075 1210 catus
1118 1168 1318 1209 eorum
1353 1154 1435 1217 fit.
1468 1155 1607 1209 dum
1654 1168 1838 1224 usque

131 1244 207 1297 ad
261 1243 692 1313 intelligentiam
741 1257 940 1299 eorum
981 1243 1241 1299 omnium
1297 1242 1503 1297 mentis
1550 1248 1834 1310 motuum,

133 1330 277 1401 quid
311 1330 381 1384 ad
414 1332 670 1399 Assyrios
706 1331 785 1387 ire
822 1338 1142 1398 suaserant,
1176 1331 1431 1386 verberis
1474 1339 1527 1386 et
1574 1331 1837 1386 dolorum

130 1418 392 1474 vindicta
435 1418 720 1488 procedit;
783 1420 948 1474 aliter
1008 1418 1161 1473 enim
1226 1417 1394 1473 casio
1465 1431 1837 1488 nequaquam

132 1506 454 1577 proﬁceret,
490 1506 599 1561 nisi
643 1506 709 1571 is,
756 1506 856 1576 qui
904 1506 1161 1573 caditur,
1195 1520 1297 1576 pro
1338 1520 1455 1575 quo
1502 1506 1834 1574 caderetur,

134 1601 488 1665 agnosceret.
549 1594 709 1650 Unde
766 1594 911 1648 alias
952 1593 1272 1649 scribitur:
1338 1616 1360 1641 ι
1420 1593 1549 1649 Sola
1604 1594 1835 1650 vexatio

134 1682 296 1737 dabit
334 1682 683 1737 intellectum
715 1682 939 1737 auditui
966 1683 1118 1751 (Isai.
1152 1696 1359 1749 xxvul,
1408 1682 1510 1751 l9).

208 1771 382 1827 Vens.
447 1774 527 1826 t3.
591 1800 664 1812 —
695 1793 715 1819 ι
782 1771 879 1827 Va
927 1771 1009 1826 eis
1062 1771 1164 1841 qui
1198 1779 1553 1826 recesserunt
1605 1784 1774 1825 ame.
1812 1791 1833 1817 ι

142 1863 235 1917 Va
265 1875 403 1932 ergo
444 1865 539 1927 eis,
591 1861 865 1931 quoniam
903 1874 937 1915 a
988 1861 1096 1915 Deo
1138 1860 1431 1926 recedunt,
1484 1860 1624 1916 dum
1670 1867 1839 1915 ater-

132 1962 270 2005 nam
333 1948 623 2003 miseriam
680 1948 786 2003 sibi
838 1948 1134 2003 imminere
1200 1961 1302 2016 pro
1366 1961 1471 2003 sua
1525 1947 1842 2003 desertione

133 2035 539 2105 perpendunt;
572 2050 652 2089 va
697 2035 853 2090 enim
883 2036 936 2090 in
982 2034 1245 2104 prasenti
1277 2034 1509 2100 habent,
1559 2034 1660 2104 qui
1698 2033 1841 2089 illud

135 2124 244 2180 sibi
301 2124 577 2191 debitum,
636 2123 742 2178 nisi
776 2137 835 2177 se
865 2124 1241 2188 correxerint,
1285 2121 1483 2177 timent
1552 2144 1571 2171 ι
1632 2121 1840 2176 Vasta-

137 2212 381 2278 buntur,
410 2212 549 2280 quia
588 2210 947 2281 pravaricati
981 2219 1118 2267 sunt
1145 2210 1202 2265 in
1236 2224 1343 2265 me.
1378 2231 1399 2259 ι
1434 2210 1498 2265 Hi
1531 2209 1632 2280 qui
1677 2209 1841 2264 vide-

142 2292 362 2348 bantur
394 2290 567 2346 aulici
599 2298 922 2357 vastantur,
952 2290 1051 2361 qui
1083 2304 1117 2345 a
1138 2289 1464 2360 frequentia
1484 2291 1844 2345 circumstre-

135 2379 397 2449 pentium
429 2378 733 2433 libidinum
764 2378 992 2447 penitus
1029 2377 1392 2440 ,desolantur.
1424 2377 1540 2461 Qui
1581 2378 1731 2434 enim
1786 2378 1842 2433 in

136 2469 322 2524 Deum
349 2467 779 2535 pravaricatur,
816 2466 871 2521 id
898 2474 982 2522 est
1014 2474 1222 2535 prater
1263 2465 1491 2521 divinas
1539 2466 1842 2522 rectitudi-

137 2571 241 2612 nes
291 2556 608 2622 derivatur,
666 2556 819 2612 unde
874 2554 1188 2625 voluptatis
1250 2554 1601 2611 incrementa
1650 2568 1840 2623 reper-

138 2649 341 2698 turum
367 2656 426 2698 se
445 2643 707 2709 astimat,
731 2643 864 2698 inde
892 2642 1277 2699 consumitur.

212 2729 384 2786 Vens.
418 2732 502 2786 14.
534 2762 602 2770 -
652 2753 673 2779 ι
709 2732 777 2786 Et
808 2745 913 2800 ego
969 2730 1181 2785 redemi
1237 2743 1353 2795 eos,
1408 2735 1462 2783 et
1506 2727 1613 2797 ipsi
1671 2727 1841 2785 locuti

144 2838 166 2863 ι
202 2824 342 2872 sunt
384 2826 585 2873 contra
617 2833 703 2873 me
736 2818 1052 2874 mendacia.
1089 2819 1156 2873 Et
1187 2831 1302 2872 non
1337 2816 1736 2872 clamaverunt
1771 2817 1842 2872 ad

146 2930 167 2955 ι
203 2922 296 2963 me
324 2908 384 2963 in
415 2908 582 2963 corde
635 2923 758 2973 suo,
793 2910 889 2964 sed
931 2908 1235 2965 ululabant
1275 2908 1332 2961 in
1375 2905 1668 2962 cubilibus
1724 2908 1844 2964 suis

144 3018 166 3041 ιι
203 3008 381 3063 super
409 2993 682 3060 triticum,
710 3003 765 3051 et
806 2996 1010 3051 vinum
1054 2995 1447 3051 ruminabant.
1484 3016 1504 3043 ι
1562 2996 1716 3050 Deus
1756 3011 1842 3050 eos

143 3083 391 3141 redimit.
439 3096 573 3138 cum
613 3083 685 3138 ab
732 3084 1009 3139 arumnis
1051 3098 1182 3153 qua
1237 3082 1575 3154 ingruerant
1617 3083 1841 3139 eximit.

142 3172 214 3224 Et
244 3174 354 3239 ipsi
383 3174 569 3224 contra
593 3173 763 3225 Deum
788 3171 1071 3225 mendacia
1094 3171 1435 3240 loquuntur,
1468 3171 1608 3225 dum
1658 3170 1844 3240 potius

140 3258 463 3327 ereptiones
515 3272 651 3313 suas
697 3273 816 3314 sua
853 3257 1167 3327 provisioni
1197 3265 1298 3312 aut
1337 3257 1571 3312 fortuito
1609 3257 1843 3313 eventui

140 3346 528 3415 ascribendas,
565 3362 742 3417 quam
775 3346 987 3402 divinis
1034 3345 1414 3402 concursibus
1460 3344 1841 3400 arbitrantur.

141 3434 244 3490 Vel
272 3441 477 3490 contra
514 3435 693 3490 Deum
748 3434 918 3489 etiam
967 3434 1290 3504 loquuntur
1347 3433 1648 3493 mendacia,
1704 3432 1844 3487 dum

142 3522 329 3577 Deum
376 3535 489 3576 non
538 3521 827 3577 astimant
873 3535 976 3577 sua
1020 3522 1162 3578 adeo
1204 3521 1537 3577 exacerbari
1596 3534 1699 3590 per
1728 3520 1845 3576 cri-

143 3609 327 3673 mina,
370 3616 432 3664 ut
487 3622 589 3678 pro
650 3608 740 3664 his
793 3608 932 3665 velit
962 3609 1115 3665 Deus
1152 3607 1354 3678 gravia
1417 3607 1473 3662 in
1504 3621 1562 3662 se
1590 3608 1845 3663 exerceri

137 3695 382 3767 judicia,
415 3709 547 3751 cum
578 3702 771 3751 autem
811 3694 1082 3751 accidunt
1132 3708 1244 3748 non
1300 3707 1423 3749 esse
1472 3693 1633 3748 aliud
1666 3708 1843 3764 quam

141 3785 403 3840 casualia
447 3784 776 3840 infortunia.
822 3785 891 3839 Et
934 3784 1041 3840 hoc
1089 3790 1503 3851 argumentum
1560 3781 1838 3848 inferunt,

144 3871 303 3942 quod
337 3870 501 3925 multi
532 3878 656 3941 post
685 3870 971 3926 horrenda
1004 3869 1222 3940 flagitia
1248 3869 1478 3939 impune
1511 3867 1842 3938 persistunt,

143 3959 305 4030 quod
367 3958 528 4014 facile
558 3959 749 4014 miseri
800 3958 1140 4023 refellerent,
1170 3957 1214 4013 si
1247 3970 1453 4014 causas
1478 3956 1680 4032 jpdicii
1717 3958 1845 4013 uni-

144 4045 390 4101 versalis
419 4045 797 4107 attenderem,
842 4052 897 4101 et
936 4045 1211 4113 recepisse
1270 4044 1420 4100 bona
1472 4045 1528 4098 in
1576 4043 1695 4097 vita
1740 4058 1846 4099 sua

143 4132 385 4188 divitem
433 4131 823 4187 meminissent
872 4133 1024 4199 (Luc.
1084 4146 1197 4198 xvi,
1244 4131 1353 4199 ‘25).
1410 4130 1497 4186 Ad
1551 4130 1730 4185 Deum
1788 4134 1846 4183 in

1944 458 2081 517 rint,
2118 452 2402 507 discutere
2439 460 2493 507 et
2521 454 2858 509 examinare
2888 462 3271 523 prasumunt,
3304 462 3359 509 et
3405 454 3649 509 difﬁnita

1945 551 1979 593 a
2011 539 2121 593 Deo
2168 547 2222 594 et
2265 539 2529 593 Patrihus
2581 554 2645 594 ac
2677 541 2721 594 si
2774 554 2924 594 nova
2992 540 3185 609 aliqua
3249 555 3517 597 revocare
3575 542 3645 597 ad

1946 626 2219 681 medium.
2290 630 2551 681 Triticum
2604 642 2702 697 pro
2762 630 3011 683 doctrina
3084 629 3213 698 poni
3267 630 3646 700 Evangelium

1945 721 2083 769 teste
2120 722 2222 781 est,
2278 716 2346 770 de
2389 717 2696 784 prabenda
2747 716 2802 771 in
2852 724 3106 786 tempore
3156 730 3428 771 mensura
3476 715 3645 771 tritici

1948 800 2098 868 (Luc.
2131 816 2234 867 xu,
2280 805 2393 873 42).
2451 804 2662 859 Vinum
2695 814 2887 860 autem
2920 803 3035 859 vim
3091 804 3407 872 spiritualis
3458 804 3647 857 scien-

1947 887 2057 955 tia,
2092 888 2240 945 sicut
2279 889 2367 945 lac
2419 891 2710 947 lenitatem
2761 891 3034 961 simplicis
3081 890 3395 959 disciplina
3425 889 3648 959 signifi—

1946 984 2054 1032 cat.
2119 999 2139 1025 ι
2197 978 2397 1045 Emite,
2474 979 2683 1049 inquit,
2745 980 2961 1049 absque
3018 979 3136 1034 ulla
3204 976 3649 1034 commutatione

1948 1065 2147 1119 vinum
2177 1073 2232 1120 et
2272 1066 2359 1121 lac
2411 1068 2561 1135 (Isai.
2596 1083 2685 1133 LV,
2726 1068 2796 1135 1).
2825 1089 2846 1116 ι
2893 1068 3053 1131 Quod
3087 1067 3367 1136 hodieque
3410 1066 3465 1119 in
3497 1077 3647 1135 quo-

1944 1154 2210 1209 rumdam
2244 1157 2749 1225 grammaticorum
2798 1158 3204 1212 controversiis
3260 1154 3644 1225 pervidemus,

1947 1241 2047 1310 qui
2125 1256 2240 1297 non
2293 1243 2479 1298 solum
2550 1244 2606 1299 in
2656 1244 2850 1299 divino
2900 1243 3146 1313 eloquio,
3206 1242 3301 1297 sed
3356 1242 3527 1296 etiam
3588 1241 3647 1294 in

1947 1330 2203 1399 quolibet
2252 1330 2462 1386 calesti
2523 1334 2808 1401 mysterio,
2877 1333 3038 1387 cacis
3100 1331 3281 1387 oculis
3336 1327 3648 1385 scintillare

1946 1418 2319 1473 contendunt.

2017 1506 2185 1563 Vens.
2216 1511 2299 1574 15,
2338 1509 2419 1563 16.
2456 1538 2523 1548 -
2560 1531 2579 1556 ε
2614 1510 2985 1565 Recesserunt
3023 1523 3056 1565 a
3103 1522 3211 1571 me,
3266 1516 3319 1563 et
3364 1521 3468 1575 ego
3509 1519 3651 1561 eru-

1953 1618 1974 1643 »
2017 1595 2136 1650 divi
2164 1610 2279 1659 eos,
2335 1604 2390 1651 et
2445 1597 2761 1652 confortavi
2819 1597 3056 1653 brachia
3105 1610 3302 1653 eorum
3358 1604 3413 1651 et
3455 1594 3514 1649 in
3561 1607 3651 1649 me

1873 1659 1915 1714 C
1953 1704 1973 1730 ι
2016 1685 2413 1753 cogitaverunt
2436 1686 2731 1742 malitiam.
2765 1687 2993 1743 Beversi
3025 1695 3160 1743 sunt
3201 1692 3262 1740 ut
3292 1690 3478 1739 essent
3517 1682 3652 1738 abs-

1951 1791 1972 1817 ι
2017 1771 2332 1841 quejugo;
2383 1771 2513 1827 facti
2540 1782 2675 1830 sunt
2707 1776 2869 1844 quasi
2921 1788 3091 1831 arcus
3135 1773 3386 1829 dolosas.
3434 1792 3454 1818 ι
3493 1771 3573 1825 Ac
3604 1772 3651 1827 si

1946 1858 2192 1915 diceret:
2228 1860 2371 1917 Cum
2403 1878 2488 1917 eos
2540 1864 2871 1928 erudierim,
2903 1871 2959 1920 et
2988 1878 3187 1919 eorum
3223 1860 3460 1919 brachia
3509 1874 3652 1915 con-

1947 1946 2297 2014 fortaverim,
2355 1958 2750 2007 recesserunta
2804 1969 2904 2006 me.
2964 1954 3115 2007 Deus
3167 1966 3253 2005 eos
3300 1949 3490 2006 erudit
3519 1962 3650 2004 cum

1946 2035 2228 2104 sapientia
2273 2038 2513 2095 salutari
2545 2055 2638 2096 eos
2668 2041 2891 2098 imbuit.
2927 2041 3158 2096 Brachia
3209 2054 3391 2092 cci-imi
3430 2036 3653 2104 confor-

1948 2130 2049 2189 tat,
2094 2139 2225 2180 cum
2281 2127 2563 2182 naturalis
2594 2128 2805 2199 ingenii
2839 2128 3035 2195 robur,
3089 2126 3175 2181 vel
3217 2125 3395 2194 ipsam
3453 2135 3653 2178 eorum

1948 2210 2336 2278 operationem
2387 2214 2716 2270 consolidat.
2754 2217 2823 2269 Et
2867 2219 2925 2268 in
2982 2229 3082 2274 me,
3118 2211 3327 2283 inquit,
3384 2210 3652 2264 malitiam

1951 2301 2346 2366 cogitaverunt,
2379 2315 2512 2357 cum
2570 2301 2640 2356 de
2678 2315 2784 2357 sua
2835 2299 3176 2364 eruditione,
3234 2305 3287 2352 et
3330 2295 3504 2365 impia
3546 2292 3654 2348 ad-

1950 2400 2153 2443 versus
2202 2390 2531 2457 aquitatem
2578 2389 2909 2445 valetudine
2950 2389 3005 2442 in
3037 2401 3127 2441 me
3176 2384 3516 2439 militarunt.
3555 2382 3655 2437 Re-

1949 2484 2260 2532 vertuntur
2288 2482 2351 2530 ut
2373 2478 2577 2543 absque
2596 2478 2734 2545 jugo
2783 2476 2915 2535 sint.
2948 2490 3077 2530 cum
3111 2473 3261 2534 casi.
3286 2480 3341 2527 et
3384 2472 3452 2525 de
3485 2467 3654 2540 pani-

1950 2563 2129 2621 tentia
2172 2566 2499 2620 commoniti
2529 2580 2563 2621 a
2603 2566 2799 2621 divina
2849 2564 3224 2634 inspiratione
3281 2558 3649 2627 desipiscunt,

1949 2659 2004 2707 et
2037 2652 2106 2706 ad
2161 2654 2458 2721 praterita
2482 2654 2749 2710 vanitatis
2780 2653 3155 2709 deliramenta
3204 2653 3533 2712 recurrunt,
3590 2650 3656 2700 ut

1950 2741 2272 2797 dominium
2302 2743 2626 2813 cujuspiam
2661 2741 3079 2805 rationalitatis,
3114 2753 3228 2794 non
3258 2736 3507 2792 habeant
3538 2746 3653 2802 quo
3734 2814 3741 2819 ⁷

1950 2830 2021 2884 ad
2053 2832 2480 2901 prosequendas
2518 2832 2823 2887 saculares
2866 2829 3121 2886 licentias
3151 2825 3464 2883 timidiores
3492 2821 3649 2876 ﬁant.

1882 2955 1923 3011 Ο
1954 2918 2085 2973 Hac
2109 2918 2364 2986 vincula,
2396 2927 2451 2975 et
2483 2919 2588 2974 hoc
2628 2920 2837 2989 jugum
2881 2931 2939 2972 se
2973 2916 3316 2983 direpturos.
3360 2918 3419 3011 et
3464 2908 3656 3011 proje:

1952 3013 2144 3061 cturos
2174 3005 2411 3076 quidam
2466 3006 2526 3062 in
2566 3006 2785 3077 psalmo
2835 3020 2894 3061 se
2943 3004 3222 3075 spondent
3270 3000 3436 3072 (Psal.
3485 3012 3543 3063 ιι,
3597 2995 3656 3064 3)

1952 3098 2112 3160 quasi
2140 3111 2299 3149 arcus
2348 3096 2565 3150 dolosas
2607 3098 2743 3163 facti
2768 3098 2914 3154 sunt.
2951 3094 3051 3163 qui
3082 3092 3271 3161 ipsum
3321 3102 3355 3143 a
3394 3100 3509 3156 quo
3562 3085 3655 3139 in-

1950 3183 2274 3239 tenduntur
2338 3185 2689 3253 percutiunt.
2754 3184 2926 3239 Plane
2974 3197 3007 3237 a
3060 3182 3173 3236 Deo
3252 3178 3652 3240 intenduntur,

1952 3284 2085 3325 cum
2118 3272 2348 3341 gemina
2377 3272 2614 3328 scientia
2643 3286 2709 3327 ac
2760 3272 2805 3327 si
2854 3284 3026 3326 arcus
3074 3268 3247 3324 corda
3293 3270 3651 3322 coercentur.

1951 3357 2091 3413 Inde
2122 3358 2334 3430 ingenii
2367 3360 2576 3430 sagitta
2603 3359 2879 3430 exigitur,
2910 3373 3041 3428 qua
3070 3371 3201 3412 cum
3231 3355 3398 3410 ferire
3438 3352 3655 3407 hostem

1951 3446 2152 3502 debeat
2184 3462 2368 3517 usque
2389 3448 2461 3504 ad
2490 3447 2807 3503 divinitatis
2857 3447 3199 3517 plerumque
3256 3440 3500 3513 injurias
3544 3438 3656 3492 im-

1952 3543 2236 3605 portatur.
2281 3538 2461 3591 Arcus
2518 3537 2730 3606 quippe
2762 3537 2982 3590 dolosas
3008 3542 3111 3600 est,
3170 3532 3270 3603 qui
3316 3531 3503 3601 ipsum
3528 3525 3658 3582 ferit

1954 3637 1989 3679 a
2020 3639 2135 3694 quo
2168 3624 2501 3680 intenditur.

2027 3732 2054 3763 η
2094 3711 2309 3769 Cadent
2356 3712 2413 3766 in
2447 3711 2636 3782 gladio
2668 3711 2947 3781 principes
2975 3721 3177 3764 eorum
3224 3719 3258 3761 a
3307 3704 3497 3760 furore
3545 3700 3654 3756 lin-

1961 3823 1981 3849 »
2013 3816 2142 3871 gua
2165 3815 2306 3857 sua.
2341 3820 2368 3850 ››
2404 3802 2681 3869 Principes
2712 3814 2893 3853 eorum
2948 3802 3005 3851 in
3034 3795 3219 3864 gladio
3270 3793 3486 3848 cadunt
3523 3801 3654 3843 cum

1954 3903 2157 3945 sensus
2188 3902 2384 3945 eorum
2407 3903 2527 3945 sese
2578 3888 2883 3944 lethalibus
2913 3886 3078 3941 malis
3112 3882 3374 3939 illiciunt.
3421 3876 3659 3934 Gladius

1953 3977 2103 4034 enim
2188 3992 2289 4047 pro
2332 3978 2561 4047 capitali
2618 3983 2847 4047 peccato
2898 3976 3150 4045 ponitur,
3204 3978 3271 4027 ut
3317 3975 3451 4024 est:
3507 3987 3528 4012 αι
3580 3964 3659 4019 De

1955 4062 2145 4133 gladio
2197 4062 2447 4132 maligno
2476 4060 2631 4131 eripe
2664 4076 2751 4117 me
2776 4062 2954 4130 (Psal.
3005 4073 3190 4125 cxuu,
3253 4058 3360 4122 10.)
3396 4074 3416 4101 ι
3449 4051 3520 4106 Et
3554 4050 3660 4104 hoc

1956 4166 1991 4203 a
2017 4151 2206 4217 furore
2247 4151 2447 4218 lingua
2492 4165 2604 4204 sua
2648 4150 2730 4204 eis
2776 4149 2985 4215 evenit,
3028 4146 3167 4217 quia
3206 4156 3407 4201 eorum
3459 4150 3658 4195 vecors

146 4221 311 4275 corde
381 4235 478 4274 suo
527 4235 633 4273 ηοη
694 4218 962 4285 Clamant.
1014 4219 1152 4275 dum
1212 4220 1483 4307 superni?
1553 4219 1844 4275 ὺθηθῧοίίε
1886 4236 1928 4290 D
1956 4235 2301 4291 conscientia
2350 4235 2477 4306 plus
2509 4236 2763 4291 interiori
2795 4249 2970 4307 quam
3019 4232 3286 4290 exteriori
3320 4226 3660 4307 verbositate

149 4308 344 4364 nullas
392 4308 712 4378 gratiarum
765 4308 1014 4363 actiones
1059 4306 1380 4363 redhibent.
1436 4306 1579 4362 Nam
1631 4307 1848 4362 clama-

146 4405 279 4454 rent
333 4396 382 4452 si
436 4397 804 4465 respirarent.
866 4396 973 4451 Sed
1012 4400 1068 4450 in
1113 4396 1383 4450 cubilibus
1433 4400 1549 4450 suis
1599 4396 1847 4462 ululant,

147 4498 267 4540 cun
322 4483 474 4538 intra
535 4483 760 4539 funesta
788 4482 1099 4552 pracordia
1129 4488 1277 4536 πω
1338 4482 1618 4538 feralitate
1659 4484 1851 4537 omni-

148 4570 320 4626 moda
369 4568 601 4624 malitia
653 4577 708 4625 et
760 4568 1088 4637 rapacitatis
1153 4568 1429 4624 defurunt
1473 4576 1529 4625 et
1580 4576 1846 4625 astuant.

149 4660 387 4720 Ulularc
415 4658 569 4714 enim
602 4658 872 4727 luporum
900 4665 955 4715 et
975 4671 1189 4714 canum
1223 4666 1325 4715 est.
1358 4659 1571 4713 Cubiiia
1600 4659 1657 4713 in
1687 4672 1853 4714 sacra

151 4748 365 4820 pagina
413 4761 514 4817 pro
572 4746 826 4801 cordibus
883 4746 1013 4817 poni
1066 4746 1267 4814 solent,
1319 4756 1382 4803 ut
1438 4756 1567 4803 est:
1627 4769 1650 4797 ι
1705 4751 1851 4805 Cum

143 4835 406 4894 oraveris
439 4837 588 4890 intra
608 4835 666 4890 in
695 4835 1032 4891 cubiculum
1063 4835 1279 4901 (Matth.
1308 4851 1381 4901 vr,
1400 4837 1474 4907 6).
1506 4856 1527 4883 ι
1561 4837 1628 4890 In
1658 4837 1849 4891 cubili-

147 4927 251 4980 bus
289 4937 429 4994 ergo
459 4922 706 4992 ululant,
733 4923 857 4993 qui,
918 4923 1077 4994 quod
1122 4924 1318 4980 minus
1371 4938 1605 4994 peccare
1635 4924 1744 4981 sibi
1779 4924 1851 4980 li-

146 5021 294 5075 ceat.
324 5012 384 5067 in
435 5011 709 5067 cordibus
747 5012 870 5068 suis
896 5011 1110 5068 dolent.
1144 5035 1163 5060 ι
1210 5011 1329 5068 Sub
1384 5012 1606 5084 lingua,
1639 5012 1850 5082 inquit,

146 5114 351 5157 eorum
412 5098 575 5155 labor
628 5106 684 5154 et
730 5097 890 5154 dolor
936 5101 1102 5165 (Psat.
1161 5114 1393 5160 Lxxxnt.
1458 5103 1564 5168 l0).
1594 5120 1614 5147 ι
1677 5101 1855 5169 Super

149 5194 393 5244 triticum
445 5193 497 5242 et
540 5192 727 5242 vinum
782 5189 1079 5244 ruminant
1153 5190 1291 5244 dum
1347 5202 1518 5258 super
1591 5188 1856 5244 doctrina

148 5286 361 5343 calcati
405 5292 463 5342 et
521 5285 805 5354 spirituali
844 5285 1086 5341 scientia
1136 5285 1482 5355 disputando
1524 5290 1853 5340 retractant.
1891 5316 1901 5325 ~

148 5375 468 5432 Buminare
500 5374 652 5429 enim
707 5383 792 5429 est
826 5396 846 5423 ι
905 5374 1099 5430 cibum
1129 5373 1619 5429 commasticatum
1648 5374 1721 5428 ab
1754 5387 1856 5428 ora

149 5465 423 5522 reducere
494 5463 683 5519 denuo
757 5462 1222 5519 commolendun.
1279 5483 1299 5509 ι
1362 5461 1515 5532 Ergo
1557 5460 1856 5516 ruminant

1960 4322 2159 4369 contra
2206 4324 2416 4372 sancta
2456 4316 2721 4371 Ecclesia
2782 4306 3051 4383 mysteria
3104 4313 3261 4369 furit.
3312 4312 3463 4367 Raro
3503 4306 3658 4362 enim

1960 4403 2216 4459 invenies
2248 4404 2577 4460 hareticum
2620 4418 2792 4475 quem
2822 4419 2934 4459 non
2969 4408 3353 4473 prosequatur
3385 4404 3486 4453 aut
3514 4410 3658 4466 pra-

1959 4492 2122 4549 cedat
2163 4499 2331 4561 turpe
2374 4492 2667 4562 quodlibet
2719 4492 2943 4547 facinus
2988 4498 3087 4547 aut
3139 4488 3443 4558 ﬂagitium.
3486 4509 3504 4532 -
3548 4485 3661 4538 ista

1965 4603 1986 4630 ι
2030 4581 2407 4637 subsannatio
2448 4595 2646 4637 eorum
2706 4579 2765 4636 in
2813 4588 2965 4636 terra
3008 4578 3261 4651 Egypti.
3306 4598 3324 4625 ι
3376 4577 3490 4629 Ista
3538 4570 3661 4625 sub-

1959 4674 2214 4725 sannatio
2260 4687 2443 4725 eorum
2481 4674 2538 4725 in
2582 4676 2727 4725 terra
2756 4672 2981 4739 ﬁgypti
3010 4675 3111 4735 est,
3156 4681 3288 4723 cum
3323 4675 3521 4719 eorum
3557 4658 3660 4729 qui

1960 4759 2029 4815 de
2058 4759 2171 4813 Deo
2202 4758 2259 4813 in
2292 4758 2542 4815 bonitate
2562 4774 2677 4814 non
2707 4758 2962 4813 sentiunt
2993 4758 3011 4824 (
3044 4759 3173 4827 Sap.
3212 4771 3248 4819 ι,
3285 4755 3358 4819 1),
3403 4749 3660 4807 irrisione

1960 4847 2139 4917 digna
2192 4848 2548 4903 conversatio
2603 4846 2774 4903 etiam
2830 4845 2982 4915 apud
3026 4852 3252 4900 exteros
3302 4847 3403 4897 est.
3451 4835 3659 4908 Sequi-

1964 4941 2058 4990 tur
2091 4948 2103 4988 Ζ

2598 5004 2825 5063 CAPUT
2854 5003 3006 5060 VIII.

2035 5111 2199 5167 Vnus.
2240 5113 2287 5165 1.
2321 5140 2388 5150 -
2423 5133 2447 5160 ι
2478 5112 2541 5165 In
2572 5117 2808 5181 gutture
2856 5116 2952 5165 tuo
2983 5107 3054 5162 sit
3084 5106 3225 5161 tuba
3267 5102 3431 5174 quasi
3463 5100 3662 5173 aquila

1963 5220 1991 5251 »
2025 5212 2199 5269 super
2226 5199 2465 5256 domum
2512 5198 2758 5255 Domini.
2799 5221 2817 5245 ι
2853 5196 2974 5253 Vox
3007 5195 3102 5251 Dei
3127 5200 3213 5249 est
3248 5192 3318 5247 ad
3351 5191 3532 5259 ipsam
3562 5202 3661 5243 ra-

1962 5286 2192 5342 tionem.
2227 5285 2332 5341 Per
2369 5294 2590 5355 guttur,
2617 5300 2688 5341 ex
2720 5300 2837 5356 quo
2879 5283 3177 5349 emittitur,
3221 5281 3401 5350 ipsam
3445 5275 3661 5345 accipi—

1965 5387 2092 5428 mus
2124 5372 2482 5427 locutionem.
2517 5372 2679 5427 Tuba
2712 5387 2842 5427 vero
2873 5371 3106 5426 evidens
3133 5383 3310 5425 sonus
3360 5372 3463 5420 est.
3512 5364 3664 5419 Licet

1964 5468 2018 5517 et
2048 5474 2144 5531 per
2173 5467 2394 5531 guttur,
2430 5461 2584 5531 quod
2614 5461 2763 5517 infra
2792 5461 3052 5531 linguam
3085 5466 3189 5526 est,
3242 5458 3363 5527 ipsa
3399 5451 3666 5524 cegitatio
