3934 6086
293 227 301 235 ο
316 203 418 255 3'79

1203 200 1243 251 ν
1319 196 1656 253 GUIBEBTI
1695 196 1988 251 ABBATIS
2026 195 2083 250 S.
2128 195 2367 251 MARIE
2405 194 2496 249 DE
2539 191 2925 249 NOVIGENTO

3706 190 3816 243 380

314 337 487 403 queat
518 330 756 400 intelligi
788 345 800 383 :
834 330 982 385 sicut
1009 337 1062 385 et
1093 342 1189 384 eos
1216 342 1319 398 pro
1357 336 1544 384 mente
1573 328 1712 384 solet
1752 328 1904 397 poni,
1938 336 2000 384 ut
2036 330 2084 382 A
2112 326 2261 381 idola
2290 324 2556 395 quisquis
2583 322 2762 378 divini
2795 322 3010 394 eloquii
3040 321 3352 388 scientiam,
3377 328 3478 377 aut
3507 334 3653 385 eam,
3678 334 3819 390 qum

311 428 425 476 est:
470 439 498 471 ‹‹
541 420 615 476 Os
647 419 790 489 justi
821 418 1191 473 meditabitur
1222 418 1560 488 sapientiam
1593 418 1757 488 (Psal.
1804 432 2003 483 xxxvr,

314 509 422 577 30).
459 530 478 555 ι
516 507 675 574 Quod
717 516 799 562 est
847 521 914 562 ac
941 507 987 562 si
1037 507 1245 561 diceret
1278 521 1289 559 :
1344 506 1542 562 Cordis
1574 507 1654 562 tui
1713 506 2002 578 cogitatio,

313 596 402 650 vel
430 594 544 650 oris
571 594 653 649 tui
709 593 936 660 locutio,
989 601 1145 648 tanto
1188 593 1491 649 libramine
1549 595 1878 650 moderetur
1944 603 2008 650 ut

313 681 465 750 quod
514 681 852 750 cogitaveris
876 680 962 734 vel
1005 680 1223 735 dixeris
1276 682 1577 751 praedicari
1620 682 1837 752 ubique
1884 682 2007 737 sine

311 776 409 823 tuo
442 769 656 837 pudore
707 767 915 822 valeat.
950 768 1112 823 Multi
1165 769 1317 824 enim
1366 770 1643 826 haereseos
1687 772 2007 827 conditores

313 854 369 908 in
397 855 627 926 angulis
657 856 1060 927 dogmatizant,
1089 858 1158 912 de
1200 858 1415 927 quibus
1455 859 1511 913 in
1547 860 1846 928 propatulo
1878 875 2006 916 mu-

312 942 416 998 tire
445 958 557 998 non
584 944 851 1000 audeant.
880 946 943 998 In
962 950 1186 1012 gutture
1212 960 1348 1016 ergo
1363 950 1452 1000 tuo
1472 950 1544 1000 sit
1574 947 1724 1013 tuba,
1758 955 1822 1003 ut
1851 947 2005 1017 quod

312 1039 498 1086 mente
526 1030 674 1087 fideli
710 1032 1024 1089 intenderis
1054 1034 1110 1088 in
1143 1033 1413 1089 conflictu
1452 1034 1865 1091 diabolicorum
1907 1049 2004 1091 sa-

311 1117 554 1174 tellitum
598 1134 798 1176 securo
845 1122 1093 1177 clamore
1150 1121 1361 1187 edicas,
1430 1122 1681 1177 existens
1744 1121 2007 1178 videlicet

310 1212 470 1272 quasi
515 1212 705 1275 aquila
742 1226 907 1280 super
938 1212 1153 1265 domum
1211 1212 1326 1271 Dei,
1382 1210 1435 1265 id
1483 1218 1566 1266 est
1606 1217 1671 1265 ut
1718 1210 2005 1279 palpebris

290 1298 678 1354 consiliorum
751 1300 1150 1368 praecedantur
1209 1313 1439 1369 gressus
1498 1299 1602 1354 tui.
1655 1302 1857 1354 Domus
1907 1303 2005 1353 Dei

307 1385 654 1441 conscientia
676 1387 821 1442 bona
850 1394 951 1442 est.
1004 1388 1180 1455 Super
1224 1388 1373 1442 hanc
1402 1388 1562 1452 quasi
1590 1388 1779 1452 aquila
1807 1387 2002 1443 existi-

308 1483 460 1535 mus,
504 1472 644 1527 dum
698 1486 975 1542 quorsum
1020 1473 1214 1529 tendat
1252 1480 1448 1529 nostra
1480 1474 1790 1530 credulitas
1819 1475 2001 1530 subti-

308 1556 523 1612 lissime
570 1559 836 1614 acumine
886 1561 1253 1617 ventilamus.
1318 1561 1594 1632 Aquilino
1655 1563 1809 1619 enim
1881 1564 2002 1619 acie

310 1654 514 1715 praeter
534 1647 708 1702 linces
738 1647 815 1702 nil
847 1648 1079 1705 clarius.

377 1734 553 1790 Vens.
575 1737 626 1790 2.
652 1766 721 1775 ——
765 1757 791 1784 ‹‹
832 1736 940 1791 Pro
968 1752 1033 1792 eo
1073 1738 1228 1807 quod
1260 1739 1573 1809 trangressi
1627 1747 1782 1807 sunt,
1821 1741 2005 1797 fmdus

314 1840 336 1869 ι
376 1835 590 1889 meum,
614 1831 669 1878 et
706 1823 885 1894 legem
926 1838 1106 1881 meam
1139 1826 1656 1895 praevaricalisunt
1699 1842 1789 1883 me
1837 1829 2005 1883 invo—

312 1927 332 1954 ι
377 1907 618 1963 cabunt:
652 1909 802 1965 Deus
825 1925 1007 1977 meus,
1031 1912 1408 1981 cognovimus
1431 1920 1483 1969 te
1508 1914 1704 1969 Israel.
1740 1935 1761 1963 ι
1797 1914 2007 1969 Fmdus

304 1994 404 2049 Dei
443 2004 544 2062 est,
580 1996 734 2066 quod
757 1999 806 2053 ei
835 2013 937 2068 per
967 2000 1134 2055 fidem
1174 2001 1232 2056 in
1253 2001 1535 2071 baptismo
1571 2003 2001 2071 spopondimus,

304 2080 397 2137 lex
422 2095 573 2149 vero,
606 2084 891 2154 quidquid
918 2100 1016 2156 per
1036 2087 1232 2143 divina
1250 2089 1482 2158 eloquia
1504 2103 1577 2145 ex
1605 2090 1747 2146 bene
1774 2091 2003 2146 vivendi

304 2170 577 2225 mandato
607 2173 939 2241 accipimus.
974 2177 1166 2231 Foedus
1194 2182 1332 2247 ergo
1369 2179 1792 2251 transgreditur
1838 2179 2005 2249 quis-

304 2258 437 2327 quis
466 2272 500 2312 a
539 2260 670 2315 fidei
713 2262 915 2331 regula
965 2277 1142 2333 quam
1202 2265 1492 2334 professus
1556 2273 1640 2321 est
1681 2266 2005 2323 exorbitare

305 2349 597 2418 probatur.
646 2351 810 2423 Legis
852 2355 1260 2423 praevaricator
1287 2364 1371 2411 est
1405 2356 1674 2426 quisquis
1716 2356 1788 2412 ab
1837 2357 2005 2414 insti-

305 2439 425 2492 tuto
480 2438 636 2506 quod
697 2440 947 2508 suscepit
988 2449 1340 2510 spontaneus
1400 2443 1604 2513 refuga
1661 2451 1765 2499 est.
1810 2446 2007 2499 Trans-

302 2528 475 2591 gressi
503 2539 642 2595 ergo
662 2526 841 2592 fwdus
871 2532 923 2581 et
956 2534 1310 2598 praevaricati
1352 2532 1518 2598 legem
1547 2547 1629 2585 me
1654 2532 2000 2599 invocabant,

300 2612 551 2669 dicentes
583 2630 595 2668 :
625 2618 769 2669 Deus
798 2633 967 2680 meus,
1004 2618 1059 2672 id
1092 2628 1176 2675 est
1210 2634 1342 2675 cum
1398 2621 1506 2676 fide
1554 2628 1609 2676 et
1639 2621 1756 2676 vita
1790 2636 1880 2676 me
1924 2620 2003 2677 fe-

303 2697 546 2755 fellerint
591 2702 840 2771 profecto
903 2712 959 2760 et
993 2705 1101 2775 ipsi
1155 2707 1450 2775 fallentur,
1501 2708 1548 2764 si
1602 2709 1670 2764 de
1709 2722 1800 2763 me
1851 2723 1918 2764 ac
1956 2710 2004 2765 si

300 2787 412 2843 Deo
439 2802 544 2842 suo
575 2789 632 2844 in
663 2791 860 2862 aliqua
885 2792 1215 2849 necessitate
1251 2795 1485 2865 gloriari
1541 2796 1849 2852 voluerint.
1890 2797 2004 2853 Nos

2115 415 2187 470 ad
2221 415 2319 469 Dei
2354 413 2613 468 notitiam
2640 412 2885 482 pertinet
2923 409 3286 479 sapientiam,
3317 409 3589 478 expendit
3616 409 3818 464 inten-

2113 503 2267 558 tione
2306 515 2591 572 perversa.
2624 500 2771 567 Quid
2798 501 2952 556 enim
2987 499 3141 554 aliud
3176 512 3351 568 quam
3377 497 3590 554 idolum
3619 505 3819 553 strue-

2115 605 2176 647 re
2205 598 2307 657 est,
2364 605 2497 645 cum
2525 589 2655 659 quis
2686 589 2774 644 his
2818 588 3160 644 muneribus
3189 602 3305 642 non
3354 587 3555 650 Deum,
3610 586 3708 642 sed
3753 598 3822 640 se

2114 679 2395 734 desiderat
2450 677 2740 744 honorari,
2788 691 2893 732 nec
2924 677 3037 732 Deo
3082 674 3292 730 referre
3322 674 3473 745 quod
3523 674 3595 730 ab
3623 688 3688 728 eo
3717 687 3822 727 ac-

2114 769 2344 838 ceperit,
2379 769 2472 824 sed
2521 782 2579 822 se
2622 766 2809 836 potius
2839 765 3001 836 quasi
3048 764 3426 820 simulacrum
3496 759 3823 816 ostentari?

2114 857 2254 925 Quae
2288 871 2462 912 causa
2514 856 2724 911 multos
2752 855 2887 910 olim
2920 853 3121 924 genuit
3165 851 3447 920 hodieque
3479 848 3663 920 gignit
3695 847 3822 902 hae-

2114 945 2336 1010 reticos,
2369 945 2507 1000 dum
2540 944 2643 1014 qui
2671 958 2771 1013 pro
2804 942 3151 998 obscuritate
3200 939 3426 1011 generis
3465 946 3519 992 et
3549 938 3679 991 vita:
3709 936 3824 991 de-

2114 1032 2399 1100 litescunt,
2434 1047 2535 1101 pro
2569 1046 2851 1088 novorum
2893 1032 3229 1101 dogmatum
3291 1026 3686 1083 moliminibus
3715 1039 3823 1080 ce-

2110 1119 2317 1174 lebrari
2346 1126 2640 1189 appetunt.
2679 1119 2744 1173 Et
2788 1119 2909 1174 haec
2955 1118 3172 1173 faciunt
3205 1124 3269 1172 ut
3316 1117 3618 1180 intereant,
3671 1113 3824 1182 quia

2107 1206 2279 1276 juxta
2308 1206 2405 1261 Dei
2457 1220 2702 1262 censura
2730 1205 3011 1276 contingit
3046 1212 3127 1269 ut,
3174 1204 3312 1259 dum
3342 1201 3551 1272 passim
3603 1200 3821 1269 praedi-

2111 1293 2230 1348 cari
2264 1307 2332 1349 ac
2358 1293 2666 1349 enitescere
2694 1299 2912 1362 optant,
2954 1292 3024 1346 ad
3072 1290 3315 1347 extremi
3364 1302 3601 1345 occasus
3642 1286 3820 1358 igno-

2111 1381 2318 1436 minias
2347 1396 2405 1436 se
2432 1381 2739 1437 subruant.

2181 1469 2353 1526 Vnus.
2385 1471 2438 1526 5.
2465 1500 2533 1510 —
2570 1491 2591 1519 ι
2624 1469 2917 1539 Projectus
2953 1476 3038 1524 est
3068 1468 3288 1524 vitulus
3336 1476 3490 1538 tuus,
3512 1469 3820 1541 ISamaria,

2115 1577 2136 1603 ι
2170 1555 2351 1612 iratus
2376 1564 2462 1613 est
2486 1556 2647 1612 furor
2673 1570 2831 1611 meus
2853 1556 2910 1610 in
2941 1570 3056 1611 eos.
3094 1576 3113 1603 ι
3150 1554 3429 1622 Samaria,
3478 1567 3541 1614 ut
3595 1559 3825 1615 dictum

2045 1629 2083 1683 Β
2112 1650 2215 1708 est,
2264 1642 2673 1712 interpretatur
2721 1643 2987 1698 custodia.
3020 1644 3087 1699 Et
3135 1658 3267 1713 quae
3296 1654 3379 1700 est
3411 1645 3531 1701 haec
3568 1646 3826 1702 custodia

2112 1729 2222 1783 nisi
2254 1730 2349 1785 illa
2380 1746 2511 1800 quae
2543 1732 2905 1801 componitur
2946 1745 3044 1800 pro
3079 1746 3319 1787 suorum
3351 1734 3647 1789 nominum
3678 1749 3823 1804 pro-

2115 1821 2417 1890 pagatione
2446 1820 2672 1875 cautela
2691 1820 2719 1875 7
2748 1820 2935 1891 Hujus
2952 1819 3222 1876 Samariae
3251 1822 3456 1876 vitulus
3492 1822 3821 1893 projicitur,

2113 1921 2244 1962 cum
2306 1908 2400 1963 illa
2450 1908 2509 1963 in
2558 1923 2677 1978 qua
2754 1909 3018 1964 lascivire
3070 1909 3424 1978 concupiscit
3476 1910 3640 1964 fama;
3694 1925 3822 1967 suae

2114 1995 2317 2065 gloria,
2350 2011 2464 2051 non
2507 1997 2694 2052 solum
2737 1996 3138 2054 addemnatur.
3185 1997 3281 2052 sed
3307 1998 3479 2053 etiam
3506 2012 3608 2067 pro
3646 2000 3822 2055 sorde

2111 2083 2422 2153 respuitur.
2459 2084 2781 2140 Notandum
2810 2085 2961 2155 quod
2998 2099 3110 2139 non
3141 2085 3353 2141 dicitur
3381 2086 3569 2142 furere
3608 2087 3816 2154 Deum,

2112 2173 2209 2228 sed
2238 2173 2405 2228 irasci
2446 2174 2536 2228 Dei
2571 2173 2823 2229 furorem
2854 2179 2909 2227 in
2967 2190 3072 2228 eos.
3120 2174 3377 2229 Primum
3430 2174 3593 2241 iram,
3658 2183 3814 2244 post-

2112 2262 2348 2317 modum
2375 2261 2626 2317 furorem
2667 2262 2846 2331 ponit,
2896 2270 2961 2317 ut
2992 2262 3251 2317 ostendat
3291 2263 3473 2318 Deum
3506 2263 3688 2332 primo
3734 2264 3822 2319 eis

2110 2363 2184 2405 ex
2209 2364 2409 2404 eorum
2441 2351 2725 2439 pravitate
2771 2350 3225 2406 conversationis
3271 2349 3520 2420 iratum;
3570 2358 3819 2420 postmo-

2111 2437 2276 2505 dum,
2305 2437 2445 2508 quia
2462 2437 2546 2493 ex
2588 2439 2682 2493 Dei
2730 2438 3088 2509 blasphemia
3134 2439 3242 2494 sibi
3284 2453 3494 2494 nomen
3539 2453 3821 2511 arrogare

2113 2525 2444 2595 voluerunt,
2472 2527 2642 2597 cujus
2691 2527 2772 2582 rei
2822 2527 2909 2582 vel
2966 2527 3293 2582 meminisse
3323 2527 3479 2582 nefas
3517 2536 3659 2591 erat,
3694 2542 3821 2583 me-

2115 2612 2220 2669 rito
2250 2614 2318 2668 ad
2337 2614 2757 2671 subvertendos
2777 2630 2872 2671 eos
2904 2615 2958 2670 in
2983 2616 3233 2671 furorem
3264 2629 3517 2671 versum.
3555 2637 3576 2664 ι
3606 2616 3825 2686 Usque-

2114 2717 2232 2772 quo
2256 2716 2369 2757 non
2402 2711 2669 2772 poterunt
2693 2703 3044 2759 emundari?
3078 2725 3099 2752 ι

2188 2790 2353 2846 Vens.
2389 2788 2443 2843 6.
2476 2820 2545 2829 —
2573 2809 2600 2841 (ι
2631 2790 2777 2856 Quia
2819 2804 2891 2845 ex
2934 2790 3128 2852 Israel,
3155 2793 3213 2846 et
3251 2790 3368 2860 ipse
3411 2797 3495 2846 est
3528 2788 3757 2846 artifex.
3790 2813 3815 2839 ι

301 2876 401 2947 qui
441 2891 645 2934 sumus
670 2880 845 2935 Israel
871 2885 918 2935 te
944 2888 1310 2949 cognovimus.
1346 2885 1541 2951 Israel,
1594 2893 1655 2941 ut
1688 2882 1878 2955 lsupra
1908 2887 2000 2942 di-
2039 2911 2079 2967 ο
2115 2878 2194 2934 Ac
2214 2877 2261 2933 si
2290 2878 2544 2934 diceret:
2585 2877 2855 2945 Quandiu
2912 2878 3034 2934 haac
3082 2892 3283 2967 eorum
3341 2878 3689 2967 perversitas
3726 2878 3816 2934 in-

300 2970 457 3019 ctum
479 2973 583 3032 est,
613 2966 850 3021 directus
895 2971 1014 3035 Dei,
1048 2970 1136 3025 vel
1158 2975 1417 3041 princeps
1473 2988 1593 3026 cum
1614 2973 1727 3028 Deo
1768 2974 1996 3029 dicitur.

298 3051 539 3119 Quidam
571 3054 722 3108 enim
753 3069 826 3109 ex
857 3056 1151 3113 diuturnis
1183 3058 1523 3115 criminibus
1563 3075 1767 3116 sensus
1799 3075 2000 3131 repro-

300 3140 474 3197 bitate
521 3142 764 3207 confusi,
798 3158 910 3199 non
973 3152 1204 3201 veterna
1258 3160 1364 3202 sua
1417 3147 1649 3214 scelera,
1680 3148 1737 3202 in
1786 3148 2001 3218 quibus

298 3230 475 3285 vitam
531 3244 672 3299 pene
703 3239 1128 3304 transegerunt,
1186 3237 1282 3291 sed
1315 3244 1770 3293 momentancam
1817 3237 2000 3306 respi—

297 3317 599 3385 rationem,
633 3332 751 3388 qua
771 3320 841 3375 ad
874 3321 1054 3377 Deum
1096 3337 1196 3392 pro
1227 3324 1437 3393 quavis
1479 3323 1821 3379 adversitate
1852 3330 2000 3379 ται

296 3413 622 3472 recurrunt,
678 3407 1034 3464 attendentes
1081 3425 1140 3465 se
1194 3410 1455 3477 directos,
1491 3410 1664 3466 sesui
1709 3425 1840 3466 cum
1887 3413 2000 3467 Deo

294 3491 599 3562 principes,
631 3507 689 3549 se
708 3494 829 3564 jam
864 3496 1040 3551 Deum
1074 3512 1239 3553 nosse
1271 3499 1544 3567 fatentur,
1571 3506 1625 3553 et
1667 3497 2000 3568 perfuncto—

296 3578 440 3635 riam
496 3580 604 3634 diei
652 3581 914 3650 pietatem
967 3598 1100 3639 cum
1160 3585 1331 3641 totius
1392 3586 1501 3641 aevi
1554 3586 1646 3641 sui
1692 3586 2002 3642 sceleribus

296 3665 618 3721 metiuntur
647 3667 774 3738 (Tit.
808 3684 845 3735 ι,
878 3670 980 3739 l6).

367 3753 516 3810 Vnus
542 3757 592 3808 3.
624 3786 691 3794 —
728 3779 747 3804 ι
784 3757 1023 3827 Projecit
1048 3759 1223 3815 Israel
1256 3761 1497 3827 bonum,
1558 3761 1826 3816 inimicus
1865 3774 2000 3831 pro-

300 3864 318 3889 »
364 3850 641 3913 sequetur
667 3858 820 3899 eum.
861 3868 888 3893 ‹‹
918 3849 1127 3901 Bonum
1172 3850 1347 3903 Israel
1398 3849 1623 3921 projicit
1653 3850 1827 3920 quod,
1865 3864 2000 3907 cum

292 3937 536 4000 urgente
562 3932 815 4000 periculo
855 3935 1211 4003 aggreditur,
1272 3935 1506 3992 fortuna
1556 3938 1830 3993 redeunte
1859 3937 2000 4008 reji-

290 4015 462 4073 citur.
492 4018 617 4073 Ideo
643 4034 763 4072 eum
793 4023 1043 4075 inimicus
1076 4023 1458 4094 persequitur,
1488 4024 1585 4080 ubi
1618 4025 1790 4081 totius
1836 4025 2000 4081 bona;

290 4105 619 4160 intentionis
669 4107 969 4164 deficiente
1002 4109 1230 4178 affectu,
1280 4111 1442 4167 nulla
1493 4112 1640 4169 hosti
1678 4114 2002 4170 constantia

292 4192 524 4246 virtutis
554 4192 795 4249 internae
822 4196 1125 4253 resistitur.

361 4279 532 4335 Vens.
564 4281 618 4335 4.
649 4309 722 4322 —
750 4304 770 4331 ι
804 4283 917 4353 Ipsi
941 4294 1347 4357 regnaverunt,
1367 4298 1558 4344 etnon
1586 4303 1661 4345 ex
1687 4305 1810 4359 me;
1842 4291 1997 4361 prin-

296 4390 316 4415 ι
360 4366 514 4436 cipes
567 4371 930 4439 exstiterunt,
982 4381 1037 4429 et
1068 4389 1180 4429 non
1219 4377 1483 4446 cognovi.
1531 4399 1551 4426 ι
1606 4378 1846 4449 Regnat,
1897 4382 1995 4437 sed

289 4470 362 4511 ex
395 4456 506 4510 Deo
540 4471 651 4511 non
702 4468 924 4529 regnat,
977 4463 1243 4533 quisquis
1281 4466 1566 4536 angustiis
1606 4470 1997 4536 prementibus

292 4546 487 4615 pravis
510 4547 630 4601 suis
663 4549 920 4605 moribus
943 4551 1202 4621 imperat,
1237 4562 1578 4611 cumtamen
1606 4557 1664 4612 in
1703 4560 1994 4615 conscien-

291 4636 381 4691 tiae
405 4635 636 4706 angulis
673 4636 966 4708 affectum,
1016 4641 1063 4696 si
1096 4642 1329 4699 libertas
1388 4644 1654 4713 arrideat,
1687 4646 1759 4701 ad
1811 4647 1997 4702 vomi—

290 4730 411 4779 tum
470 4724 746 4780 redeundi
801 4739 1102 4785 conservat
1134 4731 1213 4802 (ΙΙ
1265 4732 1422 4800 Petr,
1455 4750 1513 4788 Il.
1566 4736 1678 4800 22),
1725 4737 1995 4805 Principes

288 4814 565 4877 existunt,
595 4827 695 4868 seu
728 4815 878 4872 Deus
900 4832 1014 4873 non
1045 4820 1335 4889 cognoscit
1371 4835 1383 4874 :
1410 4836 1545 4877 cum
1589 4837 1792 4878 sensus
1831 4831 1996 4879 exte-

290 4899 465 4956 riores
494 4901 562 4955 ad
614 4901 815 4958 horam
868 4906 976 4961 sub
1029 4908 1191 4978 regia
1233 4908 1470 4964 rationis
1513 4910 1729 4966 ditione
1771 4912 1997 4967 sibimet

294 4988 714 5058 principantur,
781 4995 875 5048 sed
930 4995 1079 5050 Dens
1128 4997 1305 5066 hujus
1347 4998 1720 5053 restrictionis
1769 5014 1992 5067 causas,

292 5078 432 5146 quia
459 5092 573 5134 non
607 5083 908 5151 approbat,
942 5085 1135 5140 nescit.
1172 5084 1356 5154 Super
1382 5086 1534 5142 enim
1576 5087 1785 5143 horum
1838 5089 1993 5144 simi-

294 5161 441 5218 libus
467 5165 720 5238 legitur:
757 5190 777 5217 ‹
813 5168 955 5223 Cum
997 5169 1278 5225 occideret
1318 5184 1414 5225 eos
1454 5172 1792 5241 quaerebant
1838 5187 1993 5240 eum,

293 5268 323 5301 ››
363 5260 416 5308 et
441 5257 879 5314 revertebantur
929 5259 1091 5315 (Psal.
1149 5272 1358 5325 Lxxvu,
1395 5259 1502 5323 34).
1541 5280 1562 5306 ι
1615 5280 1635 5307 α
1675 5262 1996 5331 Argentum

301 5360 321 5386 ι
366 5354 536 5398 suum
572 5353 625 5399 et
669 5359 885 5401 aurum
912 5361 1085 5402 suum
1120 5347 1378 5402 fecerunt
1401 5347 1508 5403 sibi
1535 5348 1685 5404 idola
1713 5357 1776 5405 ut
1815 5350 1996 5406 inter-

302 5449 321 5474 ι
368 5428 535 5488 irent.
568 5452 595 5480 »
624 5434 933 5501 Argentum
979 5451 1139 5489 suum
1170 5440 1221 5491 et
1267 5452 1466 5491 aurum
1518 5452 1677 5492 suum
1721 5439 1827 5493 sibi
1867 5439 1999 5495 facit

2110 2973 2364 3023 correcta
2423 2967 2726 3023 manebit?
2784 2968 2867 3022 Ac
2915 2967 2964 3022 si
3016 2966 3498 3036 responderetur:
3559 2965 3821 3022 Profecto

2109 3055 2230 3122 diu,
2266 3055 2405 3125 quia
2430 3071 2498 3109 ea:
2524 3057 2698 3110 Israel
2721 3062 2803 3111 est
2834 3060 2884 3109 et
2908 3059 3024 3125 ipse
3054 3056 3279 3122 arti/“em.
3332 3053 3525 3122 Israel,
3560 3062 3623 3110 ut
3662 3068 3819 3123 prte-

2115 3143 2359 3200 libatum
2416 3151 2519 3211 est,
2571 3143 2893 3199 secundum
2939 3143 3223 3213 quosdam
3289 3143 3463 3199 etiam
3518 3143 3817 3213 antiquos,

2108 3237 2194 3286 vir
2220 3233 2408 3286 videns
2454 3234 2624 3286 Deum
2657 3232 3106 3301 interpretatur;
3143 3232 3264 3288 ideo
3316 3245 3454 3302 ergo
3485 3245 3598 3286 non
3650 3230 3820 3287 facile

2107 3320 2519 3387 emundantur,
2570 3320 2710 3390 quia
2743 3320 2871 3376 talis
2920 3319 3252 3377 idololatriae
3299 3320 3544 3375 artiﬁces
3594 3333 3667 3374 ex
3727 3320 3820 3376 bis

2108 3408 2464 3478 potissimum
2514 3424 2636 3465 esse
2691 3410 2892 3475 solent,
2941 3409 3043 3478 qui
3070 3409 3140 3464 de
3181 3408 3277 3464 Dei
3333 3422 3435 3479 per
3489 3407 3820 3478 Scripturas

2108 3495 2433 3566 cognitione
2486 3510 2603 3565 prae
2650 3495 2872 3552 czeteris
2917 3495 3263 3566 gloriantur,
3317 3505 3373 3552 et
3409 3511 3479 3551 ex
3519 3510 3584 3552 eo
3630 3505 3816 3553 sextae

2108 3597 2229 3639 suae
2272 3584 2533 3640 tenacius
2573 3585 2792 3640 haerent
2832 3599 2949 3654 quo
2994 3598 3218 3641 sacram
3270 3586 3539 3656 paginam
3574 3599 3676 3655 pro
3710 3600 3824 3642 sua

2109 3673 2344 3730 libidine
2372 3674 2541 3744 quasi
2588 3674 2815 3730 acutius
2866 3674 3220 3743 intorquent,
3255 3674 3514 3744 aliosque
3554 3675 3824 3731 securius

2109 3762 2217 3818 sibi
2247 3762 2529 3830 alliciunt,
2562 3778 2679 3833 quo
2716 3762 3160 3832 perspicaciores
3189 3777 3247 3818 se
3274 3763 3332 3818 in
3363 3763 3560 3819 divino
3583 3763 3821 3834 eloquio

2108 3851 2221 3907 dici
2271 3852 2537 3907 audiunt.
2573 3853 2660 3905 Ea:
2689 3852 2863 3906 Israel
2891 3865 3027 3923 ergo
3055 3856 3105 3905 et
3136 3856 3252 3921 ipse
3276 3857 3355 3906 est
3411 3854 3637 3920 artifex,
3671 3852 3820 3922 quia

2109 3954 2222 3995 non
2263 3940 2374 3996 nisi
2420 3954 2493 3996 ex
2522 3953 2733 4010 magna
2776 3940 2990 4010 ingenii
3037 3941 3354 3996 acrimonia
3393 3940 3645 4011 praeditis
3673 3942 3820 3997 solet

2111 4028 2228 4085 ﬁeri
2256 4028 2457 4084 talium
2481 4029 2811 4085 fabularum
2838 4028 3027 4084 index.

2180 4116 2349 4172 Vnus.
2380 4117 2433 4169 7.
2469 4146 2537 4156 —
2570 4138 2591 4165 ι
2636 4115 2789 4171 Fecit
2821 4115 2983 4171 illum
3030 4123 3086 4171 et
3128 4129 3242 4171 non
3300 4123 3386 4171 est
3425 4116 3597 4183 Deus,
3658 4129 3816 4186 quo-

2027 4206 2071 4260 D
2107 4227 2128 4253 ι
2173 4204 2329 4259 niam
2383 4205 2442 4260 in
2494 4218 2842 4260 aranearum
2900 4203 3040 4260 telas
3090 4204 3201 4260 erit
3239 4203 3459 4260 vitulus
3512 4202 3811 4259 Samaria-3.

2111 4315 2132 4340 ι
2175 4293 2320 4360 Quia
2370 4300 2609 4349 ventum
2651 4291 3039 4359 seminabunt,
3071 4300 3127 4348 et
3172 4293 3462 4349 turbinem
3507 4300 3742 4349 metent.
3784 4316 3807 4342 ι

2106 4381 2287 4437 Deum
2319 4380 2469 4443 facit,
2497 4381 2594 4437 sed
2641 4384 2783 4435 Deus
2832 4397 2939 4435 non
2988 4386 3086 4443 est,
3122 4381 3391 4451 quisquis
3416 4395 3516 4450 pro
3545 4389 3719 4450 captu
3751 4389 3811 4436 et

2108 4468 2515 4539 imaginatione
2566 4482 2674 4524 sua
2722 4469 2904 4524 Deum
2959 4469 3399 4537 circumscribit,
3438 4476 3501 4525 ut
3561 4470 3632 4525 ad
3683 4470 3819 4539 ejus

2107 4564 2331 4612 natura;
2383 4555 2775 4612 dissertionem
2837 4557 3119 4628 attingere
3162 4557 3389 4626 nititur,
3447 4557 3600 4627 quod
3649 4557 3818 4613 nullo

2107 4646 2272 4701 modo
2298 4644 2514 4700 homini
2545 4644 3077 4716 comprehensibile,
3121 4652 3223 4703 aut
3250 4646 3401 4702 Deus
3425 4660 3546 4703 esse
3578 4652 3761 4716 potest
3797 4660 3813 4698 :

2107 4734 2400 4803 Quidquid
2446 4734 2601 4789 enim
2674 4734 2991 4804 pervideas,
3039 4734 3178 4790 falso
3256 4735 3439 4791 Deum
3491 4735 3812 4792 existimas.

2109 4845 2131 4872 ι
2175 4822 2454 4889 Quoniam
2472 4822 2530 4877 in
2556 4836 2896 4879 arenearum
2918 4823 3058 4879 telas
3085 4826 3194 4879 erit
3213 4823 3433 4880 vitulus
3469 4824 3763 4891 Samaria,
3784 4848 3809 4874 α

2106 4912 2245 4981 quia
2275 4909 2486 4966 scilicet
2548 4911 2865 4980 petulantia
2923 4927 3053 4981 qua:
3078 4911 3339 4982 subjacet
3381 4911 3459 4966 illi
3494 4910 3818 4967 forinsecus

2106 5000 2384 5056 dealbataa
2443 5000 2736 5065 custodiae,
2794 5007 2860 5057 ut
2905 5000 3090 5073 magis
3145 5000 3300 5056 enim
3349 5000 3573 5067 fallant,
3629 5000 3817 5056 multa

2107 5095 2288 5156 agunt
2340 5087 2449 5143 sub
2503 5088 2818 5157 hypocrisis
2868 5089 3073 5158 specie,
3125 5088 3545 5145 adnihilabitur
3585 5097 3641 5145 et
3674 5103 3814 5144 eva-

2107 5182 2298 5231 nescet
2347 5189 2416 5230 ac
2451 5176 2498 5230 si
2546 5190 2897 5233 aranearum
2946 5177 3088 5233 telae.
3142 5179 3279 5243 Quae
3321 5178 3472 5233 enim
3518 5176 3816 5239 insulsior,

2106 5270 2158 5318 et
2194 5265 2360 5333 quasi
2393 5265 2636 5322 vitulina
2665 5264 2882 5333 levitas,
2919 5280 3092 5336 quem
3114 5265 3290 5322 libros
3309 5275 3632 5333 contexere,
3666 5280 3817 5336 quos

2107 5352 2378 5421 explodat
2404 5362 2460 5410 et
2501 5354 2765 5411 exsibilet
2831 5356 3004 5411 totius
3061 5354 3512 5412 Christianitatis
3557 5355 3815 5411 auctori-

2110 5441 2236 5497 tas?
2260 5440 2365 5508 Qui
2423 5441 2546 5499 telae
2595 5456 2936 5499 aranearum
2986 5450 3143 5511 sunt,
3204 5447 3345 5515 quia
3395 5457 3596 5500 eorum
3622 5443 3817 5501 studio
