3934 6086
167 175 264 228 381

871 174 1326 231 TROPOLOGLE
1363 176 1437 231 IN
1476 176 1680 245 OSEE,
1723 179 1860 235 AMO

2074 179 2215 236 JER.
2259 210 2324 223 —
2369 183 2500 238 LIB.
2544 144 2612 239 11.
2655 184 2724 240 IN
2762 185 2956 241 ossa.

3562 187 3667 241 382

163 310 336 378 ﬁunt,
370 309 469 380 qui
507 310 708 365 intima
758 325 863 365 sua
908 310 965 364 in
1021 310 1141 365 vita
1177 325 1284 366 sua
1334 312 1663 382 projiciunt,
1712 322 1766 370 et
1804 314 1864 369 in
1903 321 1944 371 A
1978 317 2220 371 mantias
2248 317 2572 384 addiscunt,
2607 334 2707 388 per
2736 333 2883 389 quas
2938 319 3011 373 ad
3070 318 3402 387 mysterium
3448 317 3667 387 iniqui-

142 400 325 456 brevi
352 399 763 465 eventilantur,
795 399 937 469 quia
982 414 1096 454 non
1144 400 1309 455 aliter
1339 414 1513 470 quam
1548 402 1766 470 spuria,
1806 410 1863 458 ut

157 486 399 557 legitur,
432 487 775 543 vitulamina
825 488 1160 543 radicantur
1188 489 1338 559 (Sap.
1382 505 1456 556 tv,
1519 492 1596 558 3).
1639 492 1868 546 Aranea

156 576 316 633 enim
362 590 495 631 cum
535 577 609 631 sit
638 584 983 631 venenatum
1020 576 1254 643 animal,
1286 592 1355 632 ex
1386 578 1598 643 ,virosis
1627 579 1865 634 visceri-

159 665 272 720 bus
295 678 443 733 opus
460 678 719 735 egerens,
742 664 820 718 nil
852 664 1007 719 aliud
1028 665 1296 734 explicat,
1326 666 1432 723 nisi
1465 667 1617 736 quod
1647 666 1868 739 Istudiis

158 752 440 807 inanibus
486 752 724 829 seipsam
779 760 1076 807 extenuat.
1130 755 1352 808 Ventum
1395 754 1546 810 enim
1582 755 1867 812 seminant

157 842 264 911 qui
292 840 508 896 erroris
537 841 778 896 nebulas
806 849 861 896 et
901 841 1118 897 naenias
1145 857 1539 912 supervacuas
1598 858 1866 915 spargere

156 929 351 1000 pluris
380 936 598 999 putant.
640 929 926 983 Turbmem
958 938 1199 997 metunt,
1231 946 1366 987 cum
1404 933 1610 987 mentis
1638 933 1866 988 caacita-

154 1025 274 1073 tem
308 1026 364 1071 et
384 1025 600 1072 motum
647 1025 901 1072 externa;
942 1018 1304 1074 adversitatis
1362 1020 1689 1076 incurrunt.
1747 1022 1865 1076 Hoc

152 1107 318 1161 enim
362 1105 659 1175 proprium
684 1105 933 1161 haeretici
980 1106 1210 1173 habent,
1246 1116 1307 1162 ut
1358 1124 1489 1163 cum
1535 1110 1716 1165 facere
1755 1111 1862 1166 sibi

152 1208 377 1249 nomen
405 1208 478 1249 ex
509 1193 791 1264 dogmatis
830 1194 1156 1251 diversitate
1185 1197 1448 1267 gestiant,
1505 1198 1867 1268 vilipensioni

152 1291 210 1339 et
237 1282 374 1338 odio
402 1283 664 1337 omnium
698 1296 830 1337 mox
858 1291 1106 1351 pateant.

230 1390 260 1420 α
301 1371 544 1426 Culmus
590 1378 748 1425 stans
779 1385 893 1426 non
935 1380 1020 1427 est
1047 1372 1101 1426 in
1132 1387 1216 1439 eo,
1260 1387 1491 1443 germen
1534 1389 1649 1429 non
1701 1374 1862 1431 faciet

154 1477 185 1511 ι
230 1458 506 1514 farinam.
542 1481 564 1508 ι
600 1460 826 1514 Culmus
858 1467 968 1515 stat
995 1475 1127 1516 cum
1159 1462 1316 1517 verbi
1349 1463 1529 1518 fastus
1557 1463 1861 1534 exuberat;

153 1548 740 1604 consuetudinarium
761 1549 913 1603 enim
943 1548 1026 1604 eis
1062 1557 1165 1615 est,
1197 1559 1261 1605 ut
1292 1552 1596 1607 verborum
1645 1565 1864 1621 pompae

153 1634 512 1700 deserviant,
548 1642 603 1690 et
631 1635 942 1690 dialecticis
971 1635 1413 1706 allegationibus
1443 1640 1715 1695 universa
1746 1653 1864 1709 per-

152 1733 429 1781 tractant.
480 1726 546 1780 In
585 1725 774 1781 culmo
820 1739 956 1795 ergo
1015 1726 1298 1792 vacuitas,
1346 1727 1403 1782 in
1436 1736 1589 1784 statu
1636 1728 1862 1783 dicendi

151 1815 465 1870 vivacitas.
527 1814 633 1870 Sed
679 1813 736 1868 in
775 1814 875 1879 eis,
914 1828 1046 1882 quea
1079 1829 1178 1883 per
1206 1815 1434 1871 culmen
1466 1817 1678 1872 scilicet
1710 1817 1863 1887 ligu—

151 1910 392 1969 rantur,
418 1903 609 1959 verbis
640 1918 852 1970 germen
890 1916 1005 1957 non
1024 1910 1128 1971 est,
1161 1902 1301 1973 quia
1345 1904 1401 1958 in
1452 1905 1648 1974 vapidi
1678 1905 1864 1960 cordis

152 1990 527 2047 sermonibus
560 1990 722 2047 nulla
751 1990 1081 2045 viviﬁcandi
1111 1990 1251 2047 alios
1273 1991 1529 2048 efficacia
1557 2001 1658 2048 est.
1703 1995 1859 2048 Fari-

151 2095 289 2133 nam
321 2094 426 2132 mn
447 2077 600 2143 facit,
629 2077 762 2147 quis
789 2076 1008 2132 nullam
1043 2075 1279 2133 internae
1322 2079 1692 2149 pinguedinis
1732 2079 1862 2134 dul-

154 2166 420 2223 cedinem
471 2179 656 2221 sermo
713 2164 918 2235 gignit.
976 2164 1139 2231 Quod
1193 2166 1346 2221 enim
1389 2181 1490 2237 pro
1538 2167 1655 2223 solo
1701 2169 1863 2239 vulgi

154 2254 356 2310 favore
377 2260 530 2309 ἰυὸ
562 2253 681 2309 ﬁeri
728 2253 1087 2324 intelligitur,
1132 2253 1233 2309 vix
1273 2263 1377 2311 aut
1424 2270 1732 2326 nunquam
1790 2258 1862 2313 ab

156 2343 362 2398 animo
407 2342 769 2398 audientium
815 2349 1110 2412 gratanter
1172 2343 1483 2413 excipitur.
1543 2345 1659 2401 Aut
1713 2354 1863 2401 certe

154 2433 414 2496 farinam
444 2445 549 2484 non
580 2430 732 2497 facit,
765 2430 905 2485 dum
946 2430 1028 2485 nil
1072 2430 1432 2487 fructuosum
1468 2432 1577 2487 nisi
1609 2434 1762 2502 quod
1790 2434 1862 2488 ad

156 2519 396 2575 laudem
415 2532 580 2574 suam
617 2518 954 2587 reciprocari
984 2519 1174 2575 valeat
1215 2519 1505 2589 exprimit.
1546 2543 1566 2569 ε
1622 2522 1782 2586 Quod
1809 2529 1864 2579 et

162 2629 186 2655 ι
222 2608 269 2663 si
302 2607 515 2674 iecerit,
552 2628 579 2655 ››
632 2607 689 2661 id
741 2614 824 2663 est
869 2607 916 2662 si
968 2607 1110 2678 quid
1151 2608 1291 2664 utile
1338 2607 1582 2676 dixerit,
1616 2632 1644 2659 »
1694 2611 1861 2666 alieni

157 2696 462 2753 comedent
482 2710 624 2755 eam.
658 2715 684 2747 io
725 2695 1002 2751 diabolico
1056 2696 1265 2752 scilicet
1306 2698 1513 2767 pastui,
1564 2698 1661 2767 qui
1717 2713 1863 2767 prae-

158 2786 333 2855 cipue
389 2784 659 2853 superbia
726 2791 920 2838 nostra
983 2784 1263 2851 nutritur,
1313 2788 1593 2842 reservari
1643 2795 1865 2843 constat

157 2873 572 2943 eloquentiam.
625 2872 785 2928 Unde
829 2871 1099 2927 Salomon
1153 2888 1165 2927 :
1215 2895 1237 2920 ι
1272 2874 1395 2929 Non
1453 2875 1586 2942 sint,
1648 2875 1857 2944 inquit,

157 2962 334 3018 alieni
366 2960 674 3030 participes
704 2960 785 3016 tui
820 2962 991 3025 (Prov.
1027 2976 1083 3024 v,
1121 2962 1230 3031 17).
1267 2981 1290 3010 ι

230 3050 406 3106 Vens.
442 3051 495 3115 8,
527 3052 577 3104 9.
619 3080 688 3088 —
734 3070 755 3097 ‹
793 3049 1111 3104 Devoratus
1137 3060 1219 3105 est
1240 3049 1448 3116 Israel;
1489 3064 1648 3105 nunc
1676 3049 1860 3106 factus

164 3162 186 3187 ι
230 3148 318 3194 est
349 3138 405 3193 in
436 3137 767 3193 nationibus
787 3137 953 3206 quasi
1004 3151 1107 3192 vas
1138 3137 1524 3193 immundum.
1556 3138 1704 3205 Quia
1754 3138 1858 3208 ipsi

159 3249 190 3277 »
231 3226 620 3283 ascenderunt
693 3226 764 3281 ad
843 3227 1042 3292 Assur,
1096 3239 1313 3296 onager
1398 3226 1690 3282 solitarius
1747 3225 1853 3282 sibi

164 3338 187 3364 ι
232 3314 531 3384 Ephraim.
573 3336 593 3361 ι
623 3314 799 3368 Israel
828 3314 1159 3380 devoratur,
1194 3329 1326 3369 cum
1359 3314 1438 3381 hi,
1489 3315 1593 3385 qui
1640 3329 1712 3371 ex
1757 3315 1855 3371 Dei

160 3403 492 3474 cognitione
540 3402 785 3457 directos
847 3416 908 3457 se
959 3402 1265 3469 aestimant,
1316 3403 1581 3473 exigente
1628 3412 1859 3473 peccato

159 3494 233 3549 ad
266 3491 656 3547 omnimodam
702 3490 1024 3547 intellectus
1079 3491 1482 3547 hebetudinem
1533 3492 1858 3548 devolvun-

160 3588 276 3637 tur.
307 3579 417 3645 Qui
440 3578 588 3635 enim
621 3578 857 3633 scientia
886 3592 921 3634 a
975 3581 1084 3634 Deo
1124 3579 1258 3635 data
1304 3579 1585 3646 abutitur,
1634 3594 1859 3636 necesse

158 3676 341 3726 estut
399 3667 670 3739 longioris
725 3682 833 3723 usu
896 3667 1169 3737 nequitiae
1226 3682 1453 3737 semper
1473 3668 1530 3722 in
1578 3668 1859 3724 deteriora

160 3763 443 3812 mutetur.
482 3757 653 3821 Nunc,
712 3754 769 3809 id
796 3761 880 3810 est
932 3768 1004 3810 ex
1036 3768 1231 3811 amore
1262 3756 1629 3825 praesentium
1675 3756 1860 3813 factus

158 3845 329 3902 estin
361 3844 693 3899 nationibus
735 3843 901 3914 quasi
930 3857 1032 3898 vas
1078 3843 1463 3912 immundum,
1524 3844 1662 3900 dum
1712 3845 1860 3901 inter

161 3932 499 4004 peregrinas
550 3932 824 3987 vitiorum
890 3946 1380 4003 quorumcunque
1463 3934 1732 4005 origines,
1799 3948 1859 3990 se

159 4020 423 4078 omnium
483 4021 730 4090 receptui
788 4028 1017 4090 praestat
1077 4028 1362 4090 apertum.
1420 4023 1548 4088 Vas,
1606 4022 1755 4077 enim
1800 4023 1857 4078 in

158 4110 342 4166 veteri
395 4108 515 4179 lege
568 4110 720 4178 quod
782 4123 898 4163 non
952 4108 1198 4164 habebat
1239 4109 1596 4179 operculum,
1660 4112 1854 4167 haberi

1975 405 2106 459 tatis
2176 405 2520 462 efﬁcaciores
2590 407 2755 463 ﬁunt.
2813 407 2922 461 Sed
2990 409 3039 460 ei
3111 406 3351 461 mercede
3424 410 3667 461 nationes

1975 493 2325 562 conducunt,
2353 495 2491 551 dum
2521 497 2783 566 quaedam
2836 496 3054 551 faciunt
3088 509 3219 565 quea
3250 495 3521 550 vitiorum
3560 493 3665 550 sibi

1972 582 2262 637 incentiva
2307 592 2464 649 sunt,
2496 586 2651 640 verbi
2705 586 2913 655 gratia,
2979 599 3111 640 cum
3160 584 3272 639 sint
3304 584 3402 653 qui
3453 582 3586 638 allia
3612 590 3668 638 et

1973 670 2334 727 ferventioris
2361 681 2585 729 natura;
2628 673 2918 744 pigmenta
2968 672 3420 738 commasticant,
3454 671 3669 740 quibus

1974 758 2047 813 ad
2075 759 2441 829 petulentiam
2502 762 2748 817 acriores
2794 762 2961 817 fiunt.
3007 763 3078 816 Et
3135 761 3203 816 de
3250 760 3467 815 czeteris
3513 759 3667 814 vitiis
3726 768 3731 769 ί

1976 846 2119 902 idem
2151 847 2416 918 intellige.
2456 872 2477 897 ι
2520 849 2687 906 Nunc
2732 851 3092 922 congregabo
3129 865 3241 910 eos.
3274 857 3329 904 et
3375 848 3667 919 quiescent

1980 957 1999 983 ι
2049 936 2339 1006 paulisper
2386 939 2457 993 ab
2500 953 2672 995 onere
2720 941 2867 1010 regis
2918 947 2972 995 et
3009 938 3354 1008 principum.
3420 958 3441 984 ι
3513 936 3666 991 Con—

1973 1032 2175 1095 gregat
2210 1028 2357 1080 Deus
2411 1042 2520 1093 eos,
2553 1042 2685 1081 cum
2738 1028 2886 1082 inter
2944 1029 3250 1083 innumera
3305 1025 3548 1080 crimina
3595 1025 3665 1079 ad

1971 1113 2478 1169 considerationem
2531 1116 2622 1170 sui
2656 1116 2909 1184 ipsorum
2946 1116 3224 1186 recolligit
3270 1113 3663 1184 vagabundos.

1971 1202 2043 1256 Et
2100 1202 2204 1257 hoc
2242 1217 2399 1258 nunc
2456 1202 2536 1270 fit,
2582 1204 2719 1274 quia
2769 1212 2883 1260 tota
2930 1206 3025 1259 illa
3074 1203 3401 1274 recogitatio
3461 1217 3495 1257 a
3538 1216 3668 1256 con-

1972 1300 2169 1359 spectu
2263 1292 2521 1358 rationis,
2612 1294 2778 1362 quasi
2850 1294 3123 1363 quiddam
3188 1291 3663 1362 perfunctorium,

1977 1377 2196 1433 transit.
2259 1378 2421 1444 Quod
2469 1395 2584 1435 non
2640 1381 2762 1435 sine
2818 1389 2970 1435 certo
3038 1394 3237 1436 eorum
3292 1379 3509 1449 judicio
3560 1384 3664 1441 est,

1973 1467 2113 1536 quia
2161 1467 2399 1537 spiritus
2446 1470 2689 1538 ‘eorum,
2748 1483 2879 1523 cum
2932 1469 3043 1522 Deo
3091 1467 3359 1532 sentiens,
3418 1465 3668 1520 creditus

1972 1556 2045 1610 ab
2083 1555 2165 1611 eis
2196 1569 2312 1610 non
2341 1564 2422 1611 est
2469 1557 2651 1624 (Psal.
2698 1570 2909 1622 Lxxvu,
2943 1556 3016 1626 8).
3069 1554 3366 1624 Paulisper
3419 1553 3487 1606 ab
3515 1566 3671 1606 onere

1969 1646 2118 1712 regis
2146 1649 2198 1698 et
2226 1647 2538 1712 principum
2560 1645 2885 1713 quiescunt,
2933 1659 3065 1699 cum
3098 1659 3132 1699 a
3179 1643 3331 1698 fastu
3362 1640 3666 1710 superbiae,

1972 1734 2071 1802 qui
2111 1746 2280 1788 omne
2338 1733 2660 1788 sublimiter
2718 1733 2878 1800 vidit,
2948 1733 3109 1788 vela
3165 1731 3383 1788 carnali
3439 1727 3666 1792 affectu,

1971 1830 2025 1876 et
2072 1821 2421 1876 exteriorum
2478 1836 2753 1877 sensuum
2810 1836 2970 1877 mens
3037 1821 3109 1876 ad
3157 1828 3384 1889 tempus
3449 1817 3669 1886 disper-

1971 1909 2127 1964 sione
2161 1909 2247 1964 vel
2290 1911 2671 1979 oppressione,
2722 1911 2913 1965 animo
2945 1910 3017 1965 ad
3053 1923 3112 1965 se
3162 1909 3460 1974 redeunte,
3503 1906 3666 1961 laxa-

1976 2005 2088 2052 tur.

2043 2086 2215 2142 Vnus.
2245 2089 2330 2139 ti.
2364 2116 2426 2126 —-
2462 2109 2482 2135 ι
2525 2086 2669 2152 Quia
2717 2085 3121 2156 multiplicavit
3146 2083 3423 2154 Ephraim
3463 2081 3671 2138 altaria

1978 2193 1998 2221 ι
2033 2175 2105 2228 ad
2134 2175 2510 2243 peccandum,
2558 2174 2719 2231 factae
2754 2183 2891 2230 sunt
2943 2174 2995 2229 ei
3044 2188 3159 2228 arae
3205 2175 3265 2228 in
3312 2171 3604 2228 delictum.
3641 2190 3663 2217 ι

1970 2262 2248 2330 Ephraim
2276 2262 2485 2316 altaria
2523 2264 2598 2317 ad
2642 2264 2974 2332 peccandum
3018 2261 3376 2331 multiplicat,
3409 2273 3542 2315 cum
3571 2272 3670 2327 per

1972 2351 2178 2406 mentis
2208 2351 2627 2407 vicissitudines
2684 2352 2992 2406 innumera
3051 2350 3336 2405 malorum
3382 2346 3672 2417 proposita

1971 2438 2222 2495 seriatim
2248 2439 2586 2495 alternando
2600 2439 2947 2510 frequentat.
2972 2438 3297 2495 Secundum
3317 2438 3472 2492 enim
3493 2447 3670 2491 emer-

1972 2535 2169 2599 gentes
2210 2529 2386 2583 varize
2407 2528 2822 2597 conspersionis
2871 2527 3127 2593 habitus,
3160 2542 3318 2582 nunc
3360 2526 3463 2591 ira,
3514 2536 3671 2578 nunc

1973 2617 2166 2676 libido,
2190 2631 2346 2672 nunc
2358 2618 2646 2686 superbia,
2673 2631 2831 2673 nunc
2851 2617 3104 2681 ambitio,
3128 2623 3183 2671 et
3198 2623 3401 2671 caetera
3421 2628 3670 2683 quaeque

1973 2706 2319 2761 intrinsecus
2347 2719 2407 2761 se
2434 2714 2810 2761 commutant.
2845 2706 2947 2760 Tot
2975 2719 3111 2775 ergo
3143 2704 3273 2759 colit
3318 2702 3542 2768 altaria,
3598 2701 3667 2756 ad

1972 2801 2113 2864 quot
2178 2794 2448 2864 peccandi
2508 2808 2568 2849 se
2618 2794 2827 2866 ingerit
2879 2801 3030 2849 vota.
3084 2794 3320 2862 Propter
3368 2791 3476 2846 hoc
3523 2790 3671 2846 fiunt

1901 2908 1939 2962 ρ
1971 2886 2023 2937 ei
2075 2899 2185 2936 arae
2216 2887 2274 2935 in
2322 2884 2594 2948 delictum,
2629 2891 2694 2938 ut
2741 2884 2924 2952 ipsum
2959 2883 3129 2938 etiam
3158 2887 3484 2950 respuatur,
3515 2878 3667 2949 quod

1966 2986 2040 3029 ex
2092 2972 2337 3027 scintilla
2392 2973 2632 3027 rationis
2693 2972 3012 3028 innascitur
3081 2971 3186 3040 piae
3247 2966 3670 3040 recogitationis

1968 3060 2205 3116 bonum.
2240 3060 2519 3115 Delictum
2542 3061 2693 3115 enim
2725 3075 2759 3115 a
2795 3059 3217 3129 derelinquendo
3261 3057 3492 3119 dicitur,
3535 3068 3668 3110 cum

1966 3148 2176 3205 scilicet
2230 3149 2443 3204 bonum
2477 3149 2630 3219 quod
2690 3149 2812 3205 fieri
2843 3150 3028 3215 debet,
3084 3147 3384 3203 deseritur.
3436 3145 3668 3200 Peccato

1966 3248 2102 3305 ergo
2148 3237 2400 3291 succedit
2449 3236 2741 3304 delictum,
2802 3251 2932 3292 cum
2979 3251 3051 3292 ex
3105 3250 3273 3305 pmna
3328 3234 3454 3303 ejus
3507 3232 3668 3287 bonae

1967 3338 2199 3394 quoque
2244 3325 2560 3380 voluntatis
2599 3324 2895 3380 suboritur
2954 3325 3295 3395 plerumque
3337 3319 3664 3391 repudium.

2036 3412 2204 3467 Vnus.
2230 3412 2407 3466 1'2.—
2428 3435 2449 3461 ι
2477 3413 2729 3468 Scribam
2746 3414 2794 3468 ei
2822 3413 3324 3482 multiplicesleges
3342 3424 3512 3475 meas,
3537 3422 3667 3479 quae

1971 3523 1992 3549 ιι
2021 3500 2177 3556 velut
2196 3500 2394 3556 alienae
2411 3509 2753 3571 computata}
2773 3508 2926 3557 sunt.
2961 3524 2980 3549 ι
3005 3502 3331 3569 Multiplices
3367 3500 3504 3564 leges
3533 3510 3669 3551 suas

1964 3591 2015 3643 ei
2044 3589 2194 3643 Deus
2222 3588 2439 3656 scribit,
2485 3604 2617 3644 cum
2668 3597 2723 3645 et
2752 3589 2933 3659 legem
2978 3587 3323 3651 naturalem,
3368 3586 3667 3656 legemque

1964 3676 2349 3746 conscriptam
2381 3676 2507 3746 ejus
2547 3677 2616 3733 ad
2656 3677 2944 3747 integrum
3001 3675 3285 3731 memoria:
3328 3674 3544 3739 inserit,
3605 3678 3668 3726 ut

1963 3763 2265 3833 eojustius
2302 3764 2611 3820 damnetur
2666 3780 2782 3834 quo
2838 3776 3209 3834 nequaquam
3266 3775 3436 3831 penes
3484 3760 3666 3814 Deum

1965 3852 2035 3908 de
2096 3851 2425 3920 ignorantia
2476 3852 2776 3923 levigatur.
2826 3854 2952 3920 Qua
3025 3859 3215 3907 tamen
3274 3850 3418 3903 velut
3474 3848 3667 3900 alienae

1963 3949 2394 4011 computantur,
2430 3956 2560 3998 cum
2608 3943 2679 3997 ab
2723 3942 2848 4012 ejus
2881 3942 3074 3997 animo
3114 3941 3226 3995 imo
3273 3953 3306 3994 a
3346 3937 3662 4002 voluntate,

1966 4044 2098 4099 quae
2129 4029 2394 4099 signatur
2452 4043 2551 4098 per
2575 4028 2867 4098 Ephraim,
2905 4029 3071 4098 quasi
3101 4042 3205 4083 nec
3235 4028 3389 4083 scita:
3413 4040 3517 4082 nec
3554 4039 3665 4081 au-

1966 4119 2097 4175 ditae
2121 4127 2379 4175 extorres
2401 4118 2712 4174 habentur.

156 4198 477 4269 jubebatur
507 4196 865 4261 immundum,
898 4204 952 4252 et
997 4211 1158 4252 mens
1201 4197 1448 4252 hominis
1489 4214 1619 4268 quae
1657 4213 1853 4255 casum
1897 4206 1938 4260 Ι)
2042 4207 2211 4264 Vnus.
2244 4209 2327 4260 l3.
2358 4235 2431 4247 —
2456 4224 2487 4259 α
2516 4205 2740 4262 Hostias
2786 4204 3025 4261 afferent
3068 4205 3187 4275 [al.,
3238 4200 3518 4274 offerent],
3553 4201 3666 4256 im-

161 4298 197 4339 a
218 4300 278 4340 se
300 4300 416 4340 non
443 4286 691 4341 dimovet
716 4284 990 4341 irruentis
1020 4285 1297 4353 criminis,
1343 4287 1542 4342 merito
1589 4288 1861 4358 arguitur

162 4374 529 4442 impuritatis.
574 4377 714 4444 Quia
753 4377 866 4443 ipsi
914 4374 1271 4429 ascenderunt
1309 4374 1383 4428 ad
1442 4376 1641 4443 Assur,
1689 4377 1742 4432 id
1773 4384 1858 4433 est

162 4460 395 4516 malitiae
440 4461 715 4532 gradibus
755 4462 1259 4531 apprehenderunt
1316 4463 1624 4534 gurgustia
1664 4464 1857 4520 libidi-

161 4562 305 4603 num
338 4548 522 4605 aulas.
553 4551 823 4618 Ephraim
855 4563 987 4605 mox
1022 4549 1205 4606 factus
1230 4558 1314 4607 est
1342 4566 1544 4619 onager
1583 4552 1691 4606 sibi
1735 4554 1860 4606 soli-

162 4637 366 4702 tarius,
395 4636 536 4692 dum
589 4637 899 4693 voluntatis
948 4637 1241 4693 habitatus
1288 4638 1454 4694 exsul
1506 4652 1541 4694 a
1579 4640 1696 4696 Deo
1752 4640 1854 4696 sibi

158 4725 285 4789 soli,
334 4723 389 4778 id
421 4731 506 4779 est
547 4726 761 4780 carnali
810 4725 1079 4790 lasciviae,
1113 4741 1244 4796 quae
1282 4727 1547 4797 signatur
1600 4742 1700 4797 per
1746 4742 1857 4784 ona

158 4828 351 4884 grum,
385 4817 609 4869 constat
642 4814 913 4869 intentus.
952 4837 971 4862 ι
1029 4814 1270 4869 Munera
1311 4815 1594 4871 dederunt
1638 4825 1855 4872 amato-

163 4923 183 4950 ι
254 4901 439 4957 ribus.
491 4901 686 4970 (Vnus.
742 4901 850 4972 l0.)
893 4902 999 4958 Sed
1041 4911 1097 4959 et
1145 4904 1405 4960 mercede
1451 4905 1856 4962 conduxerunt

156 5012 185 5040 ι»
247 4989 529 5045 nationes.
582 5012 603 5037 ι
659 4993 890 5046 Munera
953 4993 1293 5046 amatoribus
1337 4992 1496 5059 dant,
1565 5008 1697 5050 cum
1748 4994 1854 5049 im-

157 5079 418 5149 pendunt
446 5085 502 5133 et
544 5079 1135 5149 superimpenduntur
1184 5081 1564 5147 daemonibus,
1611 5082 1699 5138 vel
1728 5097 1854 5138 ma-

156 5166 327 5238 lignis
355 5166 708 5234 hominibus,
739 5167 840 5237 qui
865 5167 973 5223 sibi
1004 5176 1105 5223 aut
1132 5170 1480 5238 rapacitatis.
1513 5172 1625 5227 'aut
1668 5171 1856 5227 obsce-

157 5270 242 5311 nae
272 5254 606 5325 voluptatis,
638 5257 831 5325 copias
875 5256 1331 5313 subministrent.
1369 5259 1513 5315 Hinc
1558 5267 1643 5316 est
1698 5260 1854 5330 quod

157 5343 362 5400 taedere
422 5357 556 5400 cum
617 5344 884 5415 malignis
944 5352 1104 5415 pacto
1157 5346 1472 5416 spiritibus,
1523 5349 1595 5404 ad
1651 5363 1851 5405 eorum

158 5432 459 5502 aliquoties
492 5431 741 5488 hominis
769 5446 828 5488 se
872 5433 1239 5502 submittunt,
1289 5442 1345 5491 et
1389 5436 1463 5491 ab
1509 5435 1591 5492 eis
1646 5450 1850 5492 necro-

1970 4316 1991 4342 ι
2035 4293 2338 4350 molabunt
2386 4308 2589 4349 carnes
2638 4303 2694 4350 et
2753 4295 3070 4361 comedent,
3118 4302 3173 4349 et
3218 4293 3497 4347 Dominus
3551 4303 3664 4344 non

1969 4405 1990 4432 ι
2035 4384 2304 4453 suscipiet
2343 4397 2457 4438 eas.
2497 4404 2517 4430 ι
2565 4385 2785 4437 Hostias
2843 4381 3117 4449 afferunt,
3171 4381 3272 4451 qui
3306 4376 3665 4449 pmnitentias

1965 4470 2268 4540 aliquoties
2319 4469 2578 4539 publicas
2613 4478 2667 4525 et
2719 4477 2951 4526 caeteras
2987 4469 3378 4525 ecclesiasticze
3430 4465 3663 4521 institu-
3746 4468 3747 4473 ‘

1963 4556 2137 4612 tionis
2164 4556 2536 4623 ceremonias,
2571 4556 2698 4626 plus
2746 4572 2820 4612 ex
2850 4558 2972 4612 sola
3012 4555 3266 4627 generali
3295 4551 3663 4611 consuetudi-

1963 4659 2035 4701 ne
2098 4659 2273 4715 quam
2329 4659 2400 4701 ex
2470 4644 2765 4716 religionis
2815 4645 3019 4714 pietate
3074 4651 3419 4714 proponunt.
3465 4643 3663 4698 Carnes

1964 4732 2278 4799 immolant,
2326 4747 2458 4788 cum
2515 4740 2745 4803 peccata
2804 4732 3062 4787 carnalia
3111 4731 3443 4787 detestando
3500 4727 3663 4785 factis

1962 4821 2412 4878 confessionibus
2462 4822 2635 4892 quasi
2699 4827 2972 4876 mactant.
3030 4818 3135 4874 Sed
3190 4826 3381 4873 tamen
3435 4832 3532 4873 eos
3568 4830 3661 4870 co-

1963 4911 2221 4978 medunt,
2251 4910 2391 4980 quia
2436 4924 2634 4966 eorum
2681 4924 2793 4966 usu
2821 4924 2942 4965 sese
2973 4906 3331 4979 ingurgitare
3362 4920 3477 4959 non
3514 4904 3659 4960 desi-

1961 5006 2129 5054 nunt.
2156 4999 2269 5053 Has
2294 5013 2430 5069 ergo
2462 4999 2673 5054 hostias
2706 4998 2858 5054 Deus
2883 5011 2998 5051 non
3031 4994 3287 5064 suscipit,
3318 4992 3459 5063 quia
3500 4991 3660 5048 nullo

1960 5087 2128 5141 modo
2159 5085 2367 5154 officia,
2427 5101 2560 5156 quae
2589 5085 2947 5142 extrinsecus
2998 5083 3498 5146 administrantur,
3551 5080 3657 5136 nisi

1959 5188 2029 5230 ex
2063 5174 2263 5230 intimo
2318 5175 2705 5245 proferantur,
2752 5172 3009 5229 attendit.
3059 5194 3078 5220 α
3114 5172 3280 5228 Nunc
3325 5170 3659 5226 recordabi-

1965 5284 1985 5311 ι
2031 5270 2126 5317 tur
2155 5261 2486 5331 iniquitates
2514 5275 2734 5329 eorum,
2767 5269 2821 5317 et
2844 5260 3099 5316 visitabit
3143 5267 3371 5331 peccata
3416 5272 3655 5327 eorum;

1964 5372 1984 5398 ι
2030 5349 2136 5419 ipsi
2204 5351 2260 5405 in
2316 5350 2631 5421 {Egyptum
2684 5351 3114 5404 convertentur.
3167 5370 3186 5396 ι
3227 5350 3400 5411 Nunc,
3451 5346 3507 5401 id
3554 5353 3655 5413 est,

1958 5438 2015 5492 in
2049 5438 2155 5494 hoc
2184 5438 2279 5493 tali
2310 5452 2511 5493 eorum
2551 5444 2725 5505 statu,
2780 5452 2963 5491 eorum
3013 5435 3331 5506 iniquitates
3388 5433 3658 5492 recorda-
