3934 6086
229 171 331 223 383

1109 170 1171 223 V.
1223 168 1552 224 GUIBERTI
1593 167 1883 225 ABBATIS
1922 166 1978 220 S.
2025 164 2276 220 MARUE
2317 164 2406 219 DE
2447 162 2838 220 NOVIGENTO

3622 156 3737 212 384

229 312 345 369 tur,
376 318 508 361 eum
542 318 642 374 per
670 304 975 375 cujuslibet
1008 304 1315 360 illationem
1375 304 1583 376 flagelli
1632 305 1923 361 diuturna
1961 304 2002 357 Α
2031 320 2059 352 »
2100 314 2276 369 super
2299 314 2496 355 omnes
2522 293 2686 353 areas
2713 295 2901 353 tritici.
2943 319 2961 343 -
3009 294 3299 351 Mercedem
3350 308 3520 363 super
3546 306 3740 347 omnes

231 391 486 461 ipsorum
532 394 804 463 nequitia
859 393 1182 449 meminisse
1235 393 1480 448 videtur.
1542 392 1716 458 Quasi
1771 391 1924 446 enim

237 487 477 548 putatur
514 481 665 536 Deus
694 480 950 533 oblivisci
1021 494 1268 550 quorum
1314 480 1639 535 dissimulat
1697 478 1925 535 interim

235 581 456 623 errores
489 567 702 622 ulcisci.
759 567 988 621 Peccata
1037 582 1220 621 eorum
1264 568 1472 625 visitat.
1514 582 1645 622 cum
1695 581 1798 637 per
1827 567 1959 639 ad-v

234 669 534 711 versorum
565 655 1090 725 congeminationes
1119 657 1319 712 crebro
1349 661 1498 710 eoo
1528 670 1594 711 ea
1632 671 1691 711 se
1722 656 1929 711 vidisse

232 745 601 800 demonstrat.
635 743 888 798 Verbum
927 744 1077 798 enim
1113 743 1621 812 frequentativum,
1661 744 1815 814 quod
1846 751 1931 800 est

232 831 443 896 visitat,
521 831 911 887 assiduitatem
1022 832 1255 887 visionis
1338 832 1641 903 significat.
1698 835 1819 901 Ipsi
1871 835 1928 887 in

234 920 527 986 ﬂgyptunt
577 923 959 973 convertuntur
1027 934 1159 975 cum
1216 934 1318 988 pro
1390 920 1752 975 correctionis
1806 920 1932 974 luce

232 1004 630 1060 obstinationis
664 1005 929 1072 tenebris,
964 1007 1120 1077 quod
1148 1008 1432 1077 Egyptus
1478 1006 1689 1073 innuit,
1727 1006 1930 1062 obvol-

236 1099 478 1148 vuntur.

300 1180 471 1236 Vnus.
512 1182 594 1234 lt.
645 1211 713 1221 —
765 1200 790 1231 α
845 1182 912 1236 Et
935 1180 1147 1237 oblitus
1173 1190 1256 1237 est
1305 1182 1477 1238 Israel
1512 1182 1761 1237 Factoris
1818 1182 1929 1248 sui,

241 1288 261 1314 ι
304 1274 359 1323 et
388 1267 693 1322 adilicavit
722 1267 980 1331 delubra,
1007 1269 1261 1324 etJudas
1307 1268 1706 1337 multiplicavit
1763 1268 1935 1324 urbes

241 1376 261 1402 ι
307 1355 577 1410 munitas.
618 1378 638 1404 ι
676 1357 844 1411 Israel
878 1370 912 1411 a
937 1357 1050 1412 Deo
1103 1358 1182 1423 fit,
1225 1371 1357 1413 cum
1398 1371 1497 1427 per
1527 1356 1625 1412 Dei
1673 1356 1933 1412 timorem

235 1456 270 1496 a
294 1455 402 1497 sua
434 1456 531 1511 per
559 1443 842 1499 vanitates
860 1443 1251 1499 exinanitione
1285 1444 1356 1499 ad
1404 1457 1600 1499 veram
1627 1443 1932 1499 essentiam

237 1539 467 1587 creatur
489 1539 546 1587 et
598 1531 871 1588 subsistit.
929 1531 1101 1598 Quasi
1144 1532 1299 1588 enim
1342 1546 1457 1587 non
1487 1539 1590 1598 est,
1643 1531 1746 1601 qui
1793 1531 1930 1587 sub-

238 1619 507 1674 stantiam
555 1620 705 1674 viva
755 1619 1085 1675 intentionis
1137 1620 1365 1685 amittit,
1417 1634 1595 1690 quam
1662 1618 1936 1690 prodigus

242 1705 394 1761 filius
462 1705 519 1760 in
576 1707 899 1762 meretrices
972 1706 1263 1777 expendit.
1314 1706 1474 1762 Unde
1529 1713 1586 1761 et
1624 1706 1936 1776 Apostolus

237 1791 546 1849 Corinthiis
577 1793 865 1849 scribens:
910 1816 930 1842 ι
995 1794 1295 1858 Omnibus,
1329 1795 1428 1860 ait,
1472 1795 1574 1864 qui
1613 1803 1749 1851 sunt
1788 1794 1937 1850 inter

240 1895 340 1936 vos
389 1882 573 1950 (Rom.
637 1897 736 1948 xu,
804 1881 879 1953 3),
939 1904 959 1931 ι
1023 1889 1216 1952 aperte
1282 1881 1532 1938 innuens
1575 1881 1716 1952 quia
1755 1880 1938 1951 aliqui

240 1968 387 2023 inter
432 1982 527 2025 eos
576 1977 758 2036 erant,
810 1969 909 2040 qui
935 1969 1254 2025 secundum
1301 1969 1409 2024 hoc
1438 1982 1557 2025 esse
1598 1983 1711 2024 non
1753 1974 1934 2025 erant.

240 2055 565 2112 Secundum
616 2057 723 2112 hoc
765 2056 939 2112 Israel
981 2056 1163 2125 factus
1214 2063 1316 2121 est,
1365 2071 1499 2112 eum
1569 2070 1671 2127 per
1707 2071 1937 2113 sensum

241 2145 529 2201 interioris
581 2147 780 2217 gratia
820 2146 888 2201 ad
947 2146 1193 2201 solidum
1262 2153 1565 2201 concretus
1605 2150 1707 2201 est.
1760 2147 1940 2202 Juxta

242 2232 396 2302 quod
421 2233 621 2289 etiam:
651 2256 671 2283 α
689 2234 912 2290 laetetur
932 2233 1105 2289 Israel
1125 2232 1182 2287 in
1206 2247 1271 2288 eo
1288 2232 1388 2303 qui
1410 2233 1540 2289 fecit
1563 2248 1697 2289 eum
1724 2256 1744 2281 ι
1764 2234 1936 2304 (Psat.

243 2336 431 2388 cxux,
464 2322 538 2393 2).
572 2323 760 2394 Hujus
794 2326 1037 2377 Factoris
1084 2324 1172 2377 sui
1198 2323 1367 2377 Israel
1395 2322 1772 2387 obliviscitur,
1805 2338 1938 2379 cum

242 2422 396 2475 eum,
444 2408 543 2478 qui
575 2424 633 2465 se
664 2409 895 2465 reficere
923 2409 991 2463 de
1042 2423 1148 2463 sua
1177 2407 1590 2464 annihilatione
1650 2414 1936 2479 potuerat,

243 2504 564 2551 aversatur.
648 2496 882 2551 Delubra
947 2495 1213 2561 aedificat,
1288 2510 1422 2552 cum
1483 2496 1575 2566 pie
1640 2497 1940 2553 recedente

246 2584 484 2639 Domino
538 2585 966 2651 conscientiam,
1008 2599 1075 2641 ac
1110 2585 1156 2640 si
1194 2584 1392 2642 fanum
1436 2585 1757 2655 proprium,
1792 2583 1941 2640 illico

242 2671 634 2742 nequissimus
666 2672 840 2728 hostis
872 2672 1075 2737 intrat;
1131 2672 1251 2728 sine
1301 2672 1579 2730 alterutro
1628 2674 1782 2729 enim
1836 2674 1936 2730 ho-

246 2757 387 2826 spite
422 2772 580 2814 mens
609 2775 723 2815 non
753 2768 958 2816 exstat.
1009 2761 1192 2817 Judas
1241 2761 1443 2817 deinde
1495 2761 1652 2816 urbes
1702 2764 1943 2815 munitas

2033 404 2189 443 areas
2217 389 2389 442 tritici
2418 386 2624 457 diligit,
2680 383 2892 439 scilicet
2946 381 3099 437 illam
3132 394 3252 451 qua
3304 380 3574 449 superius
3601 392 3745 434 con-

2034 478 2283 533 duxerat
2313 476 2569 531 nationes
2599 474 2905 544 plusquam
2960 486 3157 526 omnes
3205 484 3379 526 sacra
3422 468 3747 538 Scriptura

2036 565 2297 636 paginas,
2330 578 2461 634 qua
2482 560 2987 618 distribuunturiu
3022 561 3215 624 libros,
3245 567 3300 613 et
3332 558 3386 613 hi
3411 564 3745 621 suntarea,

2036 671 2104 712 ae
2140 656 2185 711 si
2243 655 2509 725 quadam
2560 651 2982 722 particulariter
3033 649 3240 705 excisa
3283 655 3565 702 terrarum
3598 659 3749 714 por-

2036 744 2231 800 tiones.
2286 745 2449 798 Area
2486 756 2623 812 ergo
2682 738 2853 795 tritici
2903 738 3036 793 libri
3088 743 3223 793 sunt
3271 734 3449 789 divini
3495 732 3745 803 eloquii,

2035 847 2182 902 quas
2212 832 2458 900 quisque
2476 838 2690 899 quanto
2713 829 2840 897 plus
2868 825 3091 890 excolit,
3124 838 3189 880 eo
3219 822 3508 878 uberiores
3543 834 3753 890 super-

2037 934 2126 975 na
2181 916 2566 987 intelligentia
2630 916 2854 971 fructus
2921 911 3234 967 adinvenit.
3289 909 3564 965 Triticum
3626 914 3744 975 est,

2040 1021 2154 1076 quo
2179 1007 2350 1076 juxta
2376 1002 2678 1072 psalmum,
2710 1001 2886 1055 valles
2907 998 3207 1054 abundant
3239 998 3407 1063 (Psat.
3439 1010 3589 1061 inv,
3628 996 3745 1063 l4),

2038 1102 2093 1149 et
2126 1094 2295 1162 cujus
2333 1092 2495 1160 adipe
2527 1089 2626 1144 lilii
2668 1089 2799 1143 Sion
2862 1087 3150 1141 satiantur
3183 1086 3353 1154 (Psat.
3403 1095 3572 1147 cxxx,
3626 1080 3745 1148 l7}.

2039 1182 2217 1249 Super
2237 1193 2413 1233 omnes
2442 1191 2579 1246 ergo
2608 1191 2771 1230 areas
2825 1177 2996 1229 tritici
3036 1187 3252 1229 merces
3289 1169 3569 1238 diligitur,
3601 1179 3747 1222 cum

2038 1282 2210 1338 super
2238 1280 2406 1322 omne
2434 1265 2585 1335 quod
2617 1265 2674 1318 in
2711 1263 3019 1333 Scripturis
3049 1261 3335 1332 reperitur
3382 1256 3753 1313 adulationes

2037 1356 2343 1427 sortilegia,
2373 1355 2586 1425 quibus
2616 1353 2686 1408 ad
2718 1352 2935 1424 ﬂagitia
2984 1352 3168 1421 major
3215 1349 3408 1404 aditus
3436 1359 3494 1400 se
3533 1343 3748 1413 aperit,

2041 1444 2227 1514 magis
2265 1457 2439 1513 quam
2468 1442 2625 1498 verbi
2656 1439 2750 1496 Dei
2783 1438 3057 1495 exercitia
3078 1444 3449 1507 appetuntur.
3480 1433 3561 1487 Ea
3582 1431 3754 1486 enim

2046 1547 2177 1603 qua
2216 1536 2317 1587 aut
2370 1546 2482 1587 usu
2518 1539 2621 1586 aut
2665 1528 2992 1585 curiositate
3022 1527 3326 1591 delectant,
3361 1520 3489 1577 fidei
3534 1526 3755 1574 nostra

2047 1620 2362 1690 sacrilegiis
2393 1620 2737 1689 plerumque
2765 1623 3059 1672 emuntur.

2117 1711 2266 1767 Vens
2295 1712 2350 1774 2,
2376 1707 2429 1762 3.
2461 1736 2534 1748 —
2575 1730 2596 1756 ι
2647 1708 2794 1762 Area
2849 1712 2904 1760 et
2935 1703 3188 1759 torcular
3245 1716 3357 1757 non
3418 1711 3607 1772 pascet
3646 1714 3753 1757 eos

2049 1823 2068 1849 ι
2099 1808 2155 1856 et
2187 1798 2387 1854 vinum
2426 1796 2735 1852 mentietur
2761 1794 2862 1850 eis.
2893 1793 3016 1850 Non
3084 1791 3431 1847 habitabunt
3476 1792 3532 1847 in
3589 1799 3754 1846 terra

2090 1887 2335 1945 Domini.
2377 1908 2395 1935 ι
2449 1888 2595 1940 Area
2651 1890 2788 1939 sunt
2849 1882 3050 1937 divina
3111 1879 3433 1946 volumina,
3489 1892 3750 1950 quorum

2045 1978 2207 2034 cultu
2284 1974 2641 2044 multiplices,
2701 1981 2756 2027 et
2813 1969 3134 2040 exquisitas
3191 1968 3624 2039 allegoriarum,
3691 1976 3752 2023 et

2045 2063 2376 2135 tropologia
2425 2061 2620 2132 fruges
2653 2058 2934 2115 elicimus.
2999 2054 3165 2123 Quod
3198 2056 3255 2110 in
3308 2055 3653 2125 propheticis
3691 2062 3751 2110 et

2046 2152 2368 2224 apostolicis
2438 2150 2642 2207 litteris
2708 2148 2921 2218 sapius
2995 2145 3344 2214 experimur.
3405 2143 3750 2199 Torcularia

2047 2250 2183 2300 sunt
2213 2242 2315 2312 qui
2341 2238 2905 2300 intellectualitatem,
2960 2249 3136 2304 quam
3200 2246 3470 2288 vocamus
3522 2246 3752 2302 anago-

2047 2347 2182 2403 gen,
2216 2341 2347 2398 qua
2375 2327 2447 2381 ad
2479 2326 2576 2381 Dei
2631 2322 3167 2393 contemplationem
3220 2322 3484 2391 pertinet,
3521 2334 3550 2375 e
3590 2318 3754 2373 Scri-

2050 2418 2235 2491 pturis
2261 2415 2584 2486 exprimere
2616 2419 2849 2469 norunt.
2886 2413 2959 2465 De
2987 2410 3203 2480 quibus
3232 2423 3368 2479 ergo
3400 2407 3645 2469 elicitur,
3684 2413 3753 2459 ut

2047 2513 2133 2563 est
2178 2519 2334 2572 area,
2396 2510 2451 2558 et
2502 2502 2603 2572 qui
2652 2500 2909 2565 eliciunt,
2960 2508 3021 2553 ut
3063 2506 3145 2553 est
3186 2497 3458 2563 torcular,
3507 2511 3591 2549 eos
3638 2510 3754 2548 non

2053 2595 2231 2666 pascit
2265 2595 2403 2648 dum
2430 2592 2497 2646 de
2521 2604 2654 2645 area
2700 2588 2933 2643 moralis
2980 2587 3231 2642 scientiae
3259 2593 3536 2641 tractatus
3570 2583 3749 2654 igno-

2052 2691 2201 2749 rant,
2235 2690 2290 2737 et
2314 2681 2383 2735 de
2433 2677 2700 2735 torculari
2734 2676 3055 2746 quidquam
3107 2673 3349 2729 caelestis
3378 2686 3496 2743 qua
3542 2673 3611 2727 de
3634 2671 3756 2726 Deo

2052 2772 2401 2828 imbuuntur
2453 2766 2743 2836 sapientia
2818 2763 3164 2820 elaboraudo
3231 2770 3576 2831 extorquere
3630 2773 3751 2814 non

246 2846 607 2917 multiplicat,
641 2864 773 2904 cum
804 2849 1099 2905 rationalis
1129 2850 1370 2912 devotio.
1399 2864 1533 2919 qua
1567 2864 1669 2905 nos
1714 2848 1786 2904 ad
1830 2848 1944 2903 Deo
1981 2876 2023 2932 ρ
2053 2867 2279 2917 curam,
2342 2857 2490 2924 Quid
2547 2855 2700 2910 enim
2740 2853 2967 2909 beatius
3023 2865 3200 2921 quam
3248 2851 3488 2905 interna
3546 2848 3754 2903 vinum

249 2935 640 2991 conﬁtendum
674 2936 779 2991 rite
811 2936 1095 3003 sollicitat,
1142 2937 1301 3008 lapsa
1343 2938 1396 2992 in
1450 2951 1782 3006 perversum
1814 2950 1947 2991 con-

250 3031 337 3079 tra
399 3024 659 3093 pietatem
709 3024 1094 3092 confessionis,
1156 3040 1258 3082 seu
1293 3026 1537 3091 incuria,
1584 3040 1684 3081 seu
1726 3024 1945 3095 pudore

247 3110 573 3166 seobstruit
600 3120 655 3167 et
684 3112 969 3169 obfirmat.
1008 3116 1171 3169 Urbes
1226 3117 1466 3169 munitas
1492 3114 1756 3180 adilicat,
1810 3127 1943 3169 cum

249 3200 320 3254 ad
352 3214 604 3269 quaque
634 3200 887 3257 facinora
912 3217 1045 3272 qua
1071 3203 1326 3273 gesserit,
1366 3202 1708 3273 repagulum
1769 3201 1944 3257 obsti-

246 3286 497 3341 nationis
555 3286 816 3357 objectat,
876 3295 931 3344 et
978 3303 1213 3345 murum
1262 3289 1481 3346 vitiosa
1534 3286 1948 3357 (vetsuperha)

247 3373 630 3430 conclusionis
658 3374 892 3430 exaltat.
933 3396 959 3423 ‹‹
1000 3376 1068 3431 Et
1101 3377 1320 3432 mittam
1371 3377 1563 3445 ignem
1597 3375 1656 3430 in
1689 3374 1949 3430 civitates

252 3480 273 3507 ι
316 3459 462 3530 ejus,
496 3467 549 3516 et
606 3461 902 3517 devorabit
947 3462 1095 3518 ades
1156 3462 1322 3518 illius.
1362 3485 1382 3509 ι
1420 3465 1483 3518 1η
1528 3463 1777 3516 civitates
1831 3460 1951 3529 ejus

250 3544 400 3614 ignis
429 3545 698 3613 mittitur,
735 3561 868 3603 cum
926 3545 984 3600 in
1042 3547 1193 3603 illius
1233 3547 1432 3603 arcani
1479 3546 1765 3610 vecordia,
1816 3560 1950 3615 quae

250 3632 471 3689 nullius
496 3633 656 3690 bona
681 3635 987 3704 apertionis
1016 3635 1306 3705 spiramen
1364 3635 1631 3701 admittit,
1687 3633 1952 3704 concupi-

250 3722 483 3777 scentia
508 3722 741 3794 gravior
769 3738 842 3779 ex
872 3738 977 3779 sua
1007 3724 1384 3780 occultatione
1417 3723 1567 3794 ignis
1598 3723 1703 3791 (vel
1737 3722 1949 3791 fervor)

254 3808 539 3865 inastuat.
576 3810 734 3865 Edes
764 3811 913 3865 illius
943 3811 1198 3878 devorat,
1232 3825 1365 3867 cum
1387 3811 1558 3866 ardor
1605 3809 1953 3865 intrinsecus

252 3911 352 3967 per
391 3896 863 3953 incontinentiam
910 3912 1031 3953 sese
1066 3898 1123 3953 in
1171 3897 1522 3954 exhibitione
1562 3895 1954 3951 membrorum

250 3988 505 4055 corporis
550 3985 897 4041 manifestat.
952 3986 1067 4042 Nec
1106 3986 1259 4041 enim
1316 3985 1501 4041 caveri
1560 3990 1759 4052 potest,
1808 3983 1949 4053 quin

253 4073 407 4143 quod
446 4073 549 4129 diu
583 4075 731 4129 intro
760 4074 1096 4144 concipitur,
1123 4089 1220 4144 per
1252 4072 1566 4144 quemlibet
1608 4071 1947 4127 sensualita-

257 4161 327 4216 tis
346 4160 627 4228 habitum,
659 4159 856 4231 aliqua
880 4162 1297 4231 significatione
1322 4174 1436 4216 non
1472 4160 1705 4230 prodeat

915 4267 1145 4324 CAPUT
1182 4267 1282 4323 IX.

330 4373 498 4429 Vnus.
530 4376 576 4427 l.
618 4405 678 4414 -—
713 4395 734 4421 α
760 4373 886 4430 Noli
913 4372 1111 4439 latari,
1139 4372 1332 4437 Israel,
1354 4372 1467 4428 noli
1495 4372 1780 4428 exsultare
1807 4373 1959 4427 sicut

266 4485 286 4511 ι
333 4463 546 4533 populi,
580 4464 719 4534 quia
784 4463 1098 4519 fornicatus
1127 4477 1187 4517 es
1218 4476 1251 4516 a
1290 4463 1406 4517 Deo
1452 4467 1571 4515 tuo.
1605 4480 1626 4507 ι
1658 4459 1831 4514 Israel
1869 4459 1958 4515 la-

258 4551 369 4606 tari
396 4552 752 4621 prohibetur,
782 4566 914 4607 cum
956 4550 1096 4620 quia
1120 4549 1374 4605 exsultat
1411 4548 1481 4603 de
1504 4560 1624 4603 sua
1678 4555 1960 4616 proventu

259 4640 678 4708 sacularitalis,
717 4638 781 4705 is,
838 4638 937 4708 qui
996 4637 1288 4707 quondam
1337 4636 1405 4691 de
1434 4635 1529 4690 Dei
1576 4634 1792 4690 visione
1830 4648 1964 4702 gau-

258 4727 392 4784 dere
418 4728 657 4795 solebat,
695 4727 983 4799 arguitur.
1010 4725 1153 4790 Noti,
1180 4723 1388 4795 inquit,
1413 4724 1687 4779 exsultare
1710 4725 1849 4778 sicut
1872 4736 1964 4791 po-

254 4818 466 4890 puti,id
482 4824 564 4873 est
579 4814 1122 4885 neeorumineptam
1148 4813 1424 4881 laetitiam,
1450 4812 1550 4883 qui
1577 4812 1647 4867 de
1677 4812 1789 4867 Deo
1819 4808 1962 4865 nihil

258 4919 520 4976 unquam
554 4917 819 4974 sapuere,
852 4901 1196 4968 consideres,
1232 4916 1343 4957 non
1382 4899 1669 4956 licentiam
1702 4898 1960 4966 imiteris,

261 5001 444 5050 necte
468 5006 669 5050 eorum
727 4989 1061 5061 vulgaritati
1088 4990 1426 5055 cenlormes,
1460 4988 1599 5059 quia
1648 4987 1815 5058 longe
1850 4988 1966 5042 mi-

261 5082 604 5139 sericordius
648 5079 934 5151 judicium
960 5078 1273 5134 sortientur
1321 5079 1422 5148 qui
1456 5078 1606 5134 bona
1633 5091 1738 5131 nec
1776 5090 1966 5145 cmpe-

262 5176 402 5226 runt
450 5184 626 5239 quam
672 5176 735 5224 tu
780 5166 882 5238 qui
939 5166 1052 5221 Deo
1101 5167 1221 5238 jam
1266 5165 1588 5237 cognitione
1629 5162 1860 5229 hasisti,
1912 5169 1970 5218 et

263 5256 433 5313 modo
487 5256 805 5311 fornicatus
866 5269 942 5311 es.
1006 5254 1151 5310 Nota
1215 5253 1370 5323 quod
1454 5252 1636 5308 latari
1706 5252 1968 5318 interius,

262 5343 517 5400 exterius
548 5343 841 5398 exsultare
872 5343 1133 5413 pertinet.
1159 5341 1302 5407 Quia
1325 5355 1462 5411 ergo
1504 5339 1696 5409 impiis
1721 5337 1971 5410 gaudere

263 5446 377 5488 non
406 5438 511 5498 est,
543 5429 851 5500 utrobique
876 5430 1119 5487 vetitum
1145 5434 1245 5485 est.
1294 5450 1314 5477 ι
1356 5426 1611 5485 Dilexisti
1656 5426 1972 5483 mercedem

2056 2946 2377 3004 dulcedinis
2428 2945 2497 2999 de
2552 2941 2858 3011 Scripturis
2921 2940 3174 3009 exigere,
3206 2946 3259 2994 et
3317 2950 3567 2993 amorem
3605 2948 3761 3004 pra-

2053 3036 2299 3093 sentium
2335 3046 2434 3103 per
2455 3045 2657 3088 earum
2688 3031 2961 3085 haustum
2989 3042 3023 3083 a
3058 3041 3165 3082 suo
3192 3040 3365 3082 sensu
3395 3024 3701 3080 obliterare
3727 3021 3758 3077 ?

2056 3129 2124 3181 Et
2154 3128 2338 3178 vinum
2381 3126 2456 3175 eis
2488 3118 2783 3183 mentitur,
2846 3117 2986 3187 quia
3030 3129 3229 3171 eorum
3261 3129 3423 3170 mens
3449 3114 3520 3169 ab
3554 3110 3754 3168 aterni

2055 3210 2407 3269 condimenti
2454 3222 2657 3279 sapore
2714 3214 2768 3262 et
2811 3205 3000 3261 calore
3066 3204 3392 3260 fraudatur.
3430 3202 3607 3257 Terra
3638 3199 3755 3253 Do-

2057 3304 2193 3355 mini
2222 3307 2304 3354 est
2325 3311 2552 3367 corpus,
2580 3293 2736 3366 quod
2765 3292 2965 3349 evictis
3025 3291 3389 3362 passionibus
3425 3288 3625 3345 ditioni
3668 3299 3761 3341 ra-

2059 3389 2227 3446 tionis
2269 3388 2382 3443 Deo
2425 3385 2696 3455 subjecta
2737 3382 3063 3452 subjectum
3095 3388 3198 3437 est.
3232 3381 3297 3434 In
3335 3379 3445 3434 hac
3473 3384 3621 3431 terra
3647 3390 3761 3429 non

2058 3480 2321 3536 habitant
2351 3475 2489 3546 quia
2517 3475 2671 3530 enim
2704 3471 2865 3527 mites
2888 3484 3003 3525 non
3048 3475 3204 3537 sunt,
3236 3475 3291 3523 et
3340 3470 3515 3522 Deum
3576 3464 3758 3520 inses-

2056 3582 2240 3625 sorem
2291 3580 2405 3622 non
2457 3564 2704 3628 habent,
2756 3573 2864 3616 sua
2921 3558 3179 3628 ipsorum
3227 3568 3467 3625 corpora
3512 3552 3764 3607 habitare

2059 3657 2215 3727 quod
2269 3662 2353 3711 est
2410 3650 2708 3722 possidere,
2771 3662 2887 3703 non
2951 3645 3283 3716 pravalent.
3340 3642 3560 3711 Corpus
3603 3639 3762 3695 enim

2060 3758 2254 3807 suum,
2281 3742 2435 3814 quod
2483 3738 2665 3795 Adam
2722 3734 2991 3790 obediens
3021 3732 3369 3798 obtinuerat,
3428 3727 3765 3785 inobediens

2062 3838 2303 3893 ficorum
2359 3832 2507 3888 foliis
2554 3827 2817 3885 obnubit.
2858 3848 2878 3873 ι
2928 3824 3193 3895 Spiritus,
3231 3823 3331 3888 ait,
3388 3829 3525 3875 tuus
3574 3818 3763 3873 bonus

2058 3925 2302 3993 deducet
2354 3935 2443 3976 me
2490 3919 2549 3974 in
2600 3924 2809 3972 terram
2863 3918 3007 3968 ιω
3068 3920 3283 3968 rectam
3349 3908 3514 3980 (Psal.
3589 3920 3761 3971 exui,

2068 4013 2198 4078 l0):
2240 4032 2260 4059 ι
2297 4023 2428 4080 qua
2489 4007 2612 4062 ideo
2664 4010 2819 4059 recta
2855 4009 2957 4064 est,
3012 4000 3153 4070 quia
3206 4000 3423 4054 Domini
3467 4002 3569 4051 est.
3608 4015 3628 4041 ι
3667 3993 3765 4049 Re-

2074 4124 2091 4147 ο
2139 4111 2339 4153 versus
2391 4102 2475 4151 est
2523 4091 2798 4162 Ephraim
2833 4090 2893 4145 in
2958 4090 3293 4160 Egyptum,
3322 4093 3377 4142 et
3411 4085 3470 4139 in
3517 4082 3765 4152 Assyriis

1995 4197 2036 4251 ι)
2072 4212 2091 4237 ι
2138 4185 2420 4257 pollutum
2449 4180 2710 4237 comedit.
2752 4200 2770 4226 ι
2807 4178 3074 4247 Ephraim
3107 4177 3179 4239 ,in
3212 4175 3520 4242 .IEggptum
3568 4182 3761 4226 rever-

2071 4276 2229 4341 titur,
2251 4286 2385 4329 cum
2414 4269 2683 4325 voluntas
2730 4272 2944 4332 nostra,
2989 4277 3121 4333 qua
3163 4262 3329 4332 panis
3357 4258 3552 4316 aeterni
3594 4257 3762 4327 fruge

2070 4360 2320 4432 gaudere
2367 4357 2664 4420 debuerat,
2705 4352 2777 4406 ad
2808 4352 3122 4421 Egyptum
3182 4347 3437 4404 maeroris
3482 4352 3538 4401 et
3581 4358 3764 4415 angu-

2069 4451 2209 4514 stia,
2260 4444 2454 4503 saculi
2512 4441 2769 4498 videlicet
2818 4437 3251 4504 sollicitudines,
3312 4444 3366 4491 et
3425 4434 3647 4490 labores
3703 4446 3762 4487 se

2068 4538 2459 4604 undecunque
2540 4529 2807 4586 declinat.
2882 4527 3042 4584 Unde
3102 4524 3451 4596 quibusdam
3504 4521 3759 4577 dicitur:

2076 4648 2095 4674 ι
2141 4624 2342 4681 Venite
2399 4621 2470 4676 ad
2525 4634 2634 4686 me,
2689 4630 2887 4673 omnes
2937 4615 3041 4685 qui
3116 4613 3391 4670 laboratis
3439 4619 3495 4667 et
3548 4609 3765 4666 onerati

2069 4714 2204 4771 estis
2253 4710 2471 4783 (Matth.
2531 4725 2590 4772 ιι,
2650 4710 2758 4772 28).
2826 4728 2847 4753 ι
2920 4706 2982 4759 In
3056 4705 3306 4772 Assyriis
3361 4700 3627 4772 pollutum
3672 4711 3763 4751 co-

2074 4803 2266 4869 medit,
2312 4802 2453 4857 dum
2493 4813 2623 4855 cum
2667 4797 2771 4859 his,
2806 4795 2909 4866 qui
2957 4796 3016 4850 in
3042 4793 3310 4850 domibus
3358 4804 3561 4863 regum
3612 4793 3766 4853 sunt,

2073 4902 2128 4949 et
2148 4906 2261 4947 non
2285 4896 2535 4961 angusta
2559 4893 2840 4944 sectantes
2860 4881 3473 4940 mollibusinduuntur
3494 4875 3672 4944 (ibid.,
3693 4873 3769 4941 8),

2076 4982 2312 5052 etjuxta
2336 4979 2461 5045 Job,
2484 4977 2740 5033 suaviter
2777 4974 3006 5039 vivunt,
3053 4972 3111 5026 in
3163 4968 3380 5040 quibus
3409 4979 3524 5021 non
3562 4964 3771 5034 reperi-

2078 5077 2173 5126 tur
2202 5063 2644 5138 sapientianb,
2684 5075 2878 5127 xxvm,
2912 5058 3017 5129 13),
3049 5056 3308 5114 obscenis
3335 5052 3591 5111 obsoniis
3636 5065 3772 5107 con-

2076 5144 2562 5227 cupiscentiarum
2627 5164 2685 5206 se
2750 5147 3112 5220 ingurgitare
3155 5159 3269 5202 non
3324 5142 3552 5199 desinit.
3598 5139 3775 5196 Assur

2080 5245 2231 5301 enim
2257 5244 2470 5299 dicitur
2493 5240 2641 5305 aula,
2676 5252 2806 5309 qua
2837 5236 2975 5292 solet
3002 5249 3126 5291 esse
3149 5234 3328 5304 regia.

2155 5334 2324 5389 Vens.
2359 5338 2484 5386 4—
2513 5352 2533 5378 ι
2581 5328 2705 5383 Non
2736 5324 3003 5382 libabunt
3037 5323 3281 5379 Domino
3333 5320 3554 5389 vinum,
3578 5327 3632 5375 et
3663 5333 3771 5375 non

2090 5446 2109 5470 ι
2156 5422 2463 5493 placebunt
2490 5418 2562 5474 ei.
2615 5438 2635 5465 ι
2675 5419 2869 5472 Vinum
2904 5414 3134 5468 Domino
3175 5426 3282 5466 non
3309 5410 3471 5474 libat,
3513 5408 3773 5481 quisquis
