3924 6088
136 274 240 330 385

850 267 1312 328 merome”:
1352 268 1419 323 IN
1459 265 1661 333 esse,
1705 264 1889 322 AMOS
1929 265 2011 321 ET
2049 263 2194 321 JER.
2233 295 2301 306 —
2343 265 2473 321 me.
2519 267 2589 321 ιι.
2631 268 2703 324 1N
2742 266 2931 324 osse.
3539 272 3640 325 33.;

132 414 319 471 divini
351 411 565 470 amoris
611 425 782 482 penes
827 410 1010 466 Deum
1040 405 1360 471 dulcedine,
1411 410 1464 461 et
1496 402 1685 461 calore
1715 416 1830 458 non
1869 404 1916 457 Δ
1945 402 2013 458 Et
2046 418 2159 457 ecce
2194 420 2229 457 a
2270 408 2527 459 vastitate
2557 403 3021 474 proﬁciscuntur,
3074 403 3127 459 id
3159 411 3244 460 est
3272 406 3636 462 correctionis

132 507 363 556 aestuat.
398 499 559 556 Unde
596 512 701 553 nec
743 499 791 553 ei
827 498 1045 566 placere
1084 500 1343 565 possunt,
1374 491 1515 563 quia
1564 489 1834 560 quisquis

134 600 205 642 ex
238 586 355 640 Deo
384 585 452 639 ad
484 584 600 638 Deo
622 581 1067 651 supplicandum
1098 595 1208 635 non
1243 578 1495 643 ducitur,
1522 576 1774 647 profecto
1799 589 1834 631 a

137 674 299 739 Filio,
349 675 449 743 qui
499 672 734 728 indubie
775 671 928 725 Deus
955 678 1058 733 est,
1110 669 1248 739 quia
1289 680 1423 723 eum
1472 666 1624 720 Deus
1670 665 1836 719 Pater

137 777 250 817 non
298 762 496 827 traxit,
542 773 915 830 nequaquam
955 757 1306 828 agnoscitur,
1350 755 1562 810 nedum
1611 752 1835 822 placere

138 856 379 919 putetur
403 849 593 915 (Joan.
630 862 708 912 vi,
748 846 863 913 44).
905 865 931 895 α
965 844 1252 900 Sacriﬁcia
1281 856 1501 909 eorum,
1532 842 1696 911 quasi
1734 853 1833 909 pa-

138 958 166 985 »
209 938 304 992 nis
349 936 692 1007 lugentium.
748 956 768 981 ι
822 936 882 988 ln
924 934 1097 989 veteri
1132 932 1251 1001 lege
1290 932 1388 1001 qui
1435 930 1504 985 de
1555 928 1837 984 sacriﬁcio

137 1039 243 1095 pro
274 1024 518 1080 mortuis
547 1023 902 1089 vescebatur,
957 1029 1013 1076 et
1062 1020 1397 1075 immundus
1444 1018 1560 1087 ipse
1589 1025 1731 1083 erat,
1781 1024 1837 1085 et

138 1126 303 1167 cassa
349 1111 560 1166 oblatio
597 1110 929 1179 putabatur.
963 1108 1130 1173 Quasi
1161 1109 1325 1175 panis
1363 1119 1501 1175 ergo
1535 1106 1837 1173 lugentium

137 1204 414 1270 sacriﬁcia
457 1214 641 1252 eorum
682 1207 838 1260 sunt,
888 1196 1028 1266 quia
1068 1195 1458 1264 quodcunque
1505 1194 1577 1249 ab
1620 1193 1701 1248 eis
1746 1193 1836 1248 vel

138 1288 384 1352 orando,
425 1286 513 1342 vel
560 1286 959 1341 eleemosinam
1015 1282 1330 1353 largiendo,
1382 1280 1499 1337 Deo
1546 1281 1834 1347 defertur,

137 1376 274 1431 vitae
300 1389 523 1440 eorum,
556 1388 689 1443 quae
726 1373 889 1428 nulla
919 1372 1230 1426 imitatione
1261 1370 1437 1440 digna
1465 1377 1570 1436 est,
1601 1381 1839 1437 compa-

140 1472 347 1529 ratur,
402 1462 503 1532 qui
556 1460 785 1517 nullum
844 1460 1163 1529 attigerunt
1217 1471 1476 1526 saporem
1523 1455 1838 1512 cmlestium

141 1553 515 1623 gaudiorum,
538 1558 593 1606 et
614 1564 865 1620 quorum
891 1547 1084 1603 studia
1107 1547 1182 1601 nil
1208 1545 1411 1601 melius
1439 1545 1547 1601 dici
1580 1553 1837 1614 possunt,

141 1652 323 1708 quam
373 1636 638 1692 materies
686 1635 1095 1704 lacrymarum.
1154 1631 1328 1686 Panis
1383 1631 1533 1687 enim
1584 1640 1683 1699 pro
1725 1635 1841 1683 vita

144 1696 404 1796 ponitur,
456 1733 516 1779 ut
549 1731 633 1778 est
666 1738 678 1776 :
731 1744 749 1770 ι
806 1696 1099 1777 Mittamus
1133 1720 1358 1790 lignum
1391 1720 1445 1773 in
1478 1696 1680 1788 panem
1715 1719 1841 1788 ejus
1882 1696 1921 1750 Β

142 1814 287 1883 (Jer.
324 1827 381 1878 ιι,
422 1812 531 1880 t9).
583 1832 609 1859 »ι
640 1811 849 1866 Omnes
879 1810 980 1879 qui
1024 1809 1330 1862 comedunt
1364 1821 1518 1873 eum,
1560 1807 1843 1860 contami-

149 1924 168 1947 ι
214 1901 551 1966 nabuntur,
585 1898 725 1968 quia
757 1898 920 1967 panis
951 1910 1152 1952 eorum
1182 1895 1391 1950 animae
1421 1896 1697 1964 ipsorum,
1730 1907 1846 1948 non

149 2011 169 2037 ι
218 1986 458 2042 intrabit
509 1986 565 2040 in
617 1985 851 2040 domum
896 1984 1142 2039 Domini.
1204 2002 1229 2032 η
1288 1982 1391 2047 Qui
1424 1995 1630 2051 panem
1681 1980 1843 2035 illum

143 2075 437 2130 comedunt
461 2072 951 2140 contaminamur,
984 2071 1123 2142 quia
1153 2071 1257 2142 qui
1281 2084 1481 2127 eorum
1509 2069 1616 2125 sibi
1645 2083 1847 2125 exem—

148 2164 243 2233 pla
280 2161 649 2227 inviscerant,
697 2161 895 2216 eadem
946 2174 1065 2230 qua
1118 2161 1196 2215 illi
1230 2160 1478 2215 foeditate
1509 2158 1641 2213 vitm
1683 2158 1843 2212 dam-

147 2259 389 2306 nantur.
441 2251 595 2305 ldem
629 2249 915 2321 signiﬁcat
946 2249 1097 2318 quod
1131 2247 1497 2303 morticinum
1537 2246 1692 2315 tangi
1728 2246 1848 2315 lege

146 2348 384 2395 velatur
423 2339 569 2409 (Lee.
617 2352 699 2404 χι,
748 2338 862 2407 24).
904 2336 1045 2402 Quia
1081 2339 1248 2405 panis
1298 2350 1501 2395 eorum,
1544 2332 1845 2397 subaudis,

145 2438 230 2483 est
267 2431 465 2481 anima:
517 2431 787 2496 ipsorum,
841 2425 896 2479 id
948 2432 1031 2479 est
1080 2424 1210 2479 vitae
1256 2435 1455 2477 eorum
1509 2421 1843 2486 fomentum,

148 2516 305 2586 quod
350 2523 433 2571 est
478 2516 647 2585 quasi
677 2514 967 2584 quoddam
1006 2513 1213 2567 animae
1252 2523 1449 2565 eorum
1483 2509 1841 2564 alimentum.

148 2604 310 2660 Sicut
354 2606 510 2659 enim
554 2602 863 2659 virulentia
898 2600 1013 2655 vita
1061 2597 1309 2668 serpenti
1339 2605 1440 2664 est,
1492 2596 1569 2652 ita
1614 2596 1848 2652 cuilibet

150 2693 355 2762 iniquo
391 2691 666 2761 pabulum
700 2703 805 2745 sua
852 2689 1129 2758 nequitia.
1168 2686 1323 2741 Unde
1359 2693 1414 2740 et
1461 2685 1530 2740 de
1560 2686 1847 2740 detracto-

148 2781 319 2836 ribus
367 2778 633 2834 Salomon
690 2792 702 2830 :
757 2797 785 2827 α
842 2777 1072 2842 Carnes,
1110 2774 1322 2843 inquit,
1377 2773 1450 2828 ad
1500 2772 1847 2828 vescendum

154 2889 180 2915 η
210 2867 532 2923 conferunt
565 2866 749 2931 (Prov.
784 2878 949 2929 xxm,
994 2865 1102 2933 20).
1136 2881 1163 2913 ››
1196 2862 1321 2926 Quo
1351 2869 1551 2916 contra
1585 2861 1800 2915 sanctis
1832 2874 1844 2913 :

1944 491 2329 561 impatientes,
2360 508 2464 549 nec
2497 507 2656 549 mora
2696 508 2729 548 a
2758 493 2959 563 seipsis
2983 492 3328 550 alienantur.
3362 497 3634 565 Egyptus

1944 596 2030 634 eos
2062 590 2394 652 congregat,
2447 596 2578 639 cum
2623 582 2896 637 szeculare
2943 581 3198 637 studium
3251 583 3356 637 sibi
3407 597 3504 638 eos
3534 598 3635 655 co:

1944 669 2182 724 adunat.
2217 669 2374 736 Quod
2424 678 2508 727 est
2536 671 2723 726 dicere
2759 685 2771 723 :
2807 670 2949 725 Cum
2982 684 3015 723 a
3043 684 3148 724 sua
3188 672 3405 726 ratione
3435 672 3633 741 dispa-

1945 764 2191 825 rantur,
2252 758 2360 813 sub
2422 771 2561 813 cura
2624 764 2810 812 tamen
2879 756 3149 826 [Egyptia
3205 756 3625 824 glomerantur.

1945 846 2226 915 Memphis
2263 827 2672 915 inter’pretatur
2720 845 2786 897 de
2837 859 2927 897 ore
2981 858 3184 896 eorum.
3245 842 3631 913 Sepeliuntur,

1945 947 2075 988 cum
2154 932 2227 987 ab
2283 932 2435 986 omni
2504 939 2701 986 sancta
2770 929 3072 984 vivacitate
3145 943 3343 984 corum
3405 930 3635 1001 ingenia

1947 1021 2300 1076 obruuntur.
2338 1020 2407 1074 Et
2449 1019 2555 1074 hoc
2584 1020 2667 1073 eis
2699 1019 2766 1073 de
2795 1032 2891 1073 ore
2920 1030 3119 1072 eorum
3151 1018 3359 1083 evenit,
3394 1018 3534 1073 dum
3567 1019 3636 1073 de

1947 1124 2117 1180 pmna
2160 1108 2396 1178 peccati,
2451 1123 2567 1178 quo
2621 1108 2762 1163 alios
2803 1108 2872 1163 ad
2923 1107 3069 1161 male
3120 1106 3406 1176 agendum
3456 1120 3636 1176 prava

1951 1197 2233 1252 locutione
2264 1195 2575 1264 decipiunt,
2604 1195 2685 1250 eis
2714 1195 3006 1265 contingit.

2018 1304 2044 1329 ‹‹
2087 1282 2467 1339 Desiderabile
2505 1289 2809 1353 argentum
2856 1296 3054 1337 eorum
3101 1282 3286 1337 urtica
3337 1282 3634 1338 haeredita-

1955 1390 1975 1417 ι
2020 1370 2138 1433 bit,
2190 1371 2361 1440 lappa
2414 1370 2471 1425 in
2528 1370 2915 1426 tabernaculis
2968 1384 3189 1425 eorum.
3258 1390 3282 1418 »
3337 1370 3639 1425 Desii-abite

1950 1459 2174 1528 argenti
2218 1475 2399 1513 eorum
2448 1463 2627 1513 urtica
2674 1458 2992 1520 bteredilat,
3033 1473 3163 1513 cum
3197 1458 3250 1514 id
3281 1459 3432 1529 quod
3462 1459 3640 1528 potis-

1950 1546 2161 1601 simum
2207 1547 2358 1616 apud
2413 1545 2698 1616 improbos
2730 1545 3032 1615 gloriosius
3058 1544 3396 1613 aestimatur,
3430 1545 3641 1601 scilicet

1951 1642 2016 1690 ut
2045 1635 2253 1690 divinae
2306 1635 2613 1704 Scriptura;
2660 1624 2953 1689 scientiam
3006 1633 3214 1688 clarior
3242 1642 3416 1703 atque
3447 1634 3643 1703 copio-

1953 1726 2067 1779 sior
2125 1723 2397 1778 facundia
2455 1723 2776 1788 comitetur,
2835 1721 2906 1776 ad
2964 1721 3137 1776 totius
3190 1720 3425 1775 vilitatis
3469 1728 3645 1789 atque

1952 1812 2225 1883 nequitiae
2266 1820 2525 1868 extrema
2553 1811 2877 1867 descendat.
2928 1810 3122 1866 Urtica
3154 1823 3407 1879 namque
3450 1809 3645 1878 despi-

1952 1900 2153 1955 cabilis
2199 1899 2509 1954 admodum
2559 1906 2612 1954 et
2666 1898 2831 1965 ignea
2891 1897 3067 1952 herba
3120 1904 3221 1952 est.
3278 1896 3646 1951 Desiderabile

1953 2001 2088 2056 ergo
2135 1986 2358 2055 argenti
2405 2000 2587 2039 eorum
2635 1989 2813 2038 urtica
2858 1984 3174 2051 haereditat,
3221 1999 3353 2039 cum
3387 1985 3646 2040 votivum

1957 2075 2096 2130 illud
2151 2072 2427 2130 aﬁ‘ectatze
2471 2072 2812 2143 eloquentia:
2862 2074 3131 2143 pretium,
3178 2087 3289 2127 non
3340 2073 3524 2128 solum
3574 2072 3646 2127 ob

1955 2163 2373 2233 turpitudinem
2433 2163 2563 2216 vita;
2626 2161 3058 2227 contemnitur,
3115 2161 3210 2215 sed
3276 2161 3447 2216 etiam
3508 2161 3649 2217 alios

1955 2250 2244 2315 versutiis,
2291 2248 2457 2312 dolis,
2489 2255 2542 2303 et
2590 2248 2834 2304 obscena
2866 2249 3235 2303 mordacitate
3282 2249 3547 2320 decoquit
3594 2257 3649 2304 et

1956 2337 2202 2393 infestat.
2251 2336 2478 2392 Dictum
2530 2345 2613 2392 est
2664 2344 2857 2391 autem
2911 2336 3207 2392 haereditat
3258 2338 3413 2406 quod
3462 2351 3650 2393 mores

1955 2441 2152 2481 eorum
2194 2425 2403 2480 misera
2451 2426 2832 2495 perpetuitate
2876 2424 3184 2487 contineat,
3223 2433 3322 2480 aut
3355 2425 3494 2496 quia
3522 2426 3647 2482 hee-

1955 2528 2045 2569 res
2075 2522 2363 2581 superstes
2392 2520 2473 2568 est
2515 2514 2640 2582 ejus
2674 2511 2774 2567 cui
2802 2512 3083 2580 succedit;
3127 2512 3198 2567 ad
3233 2512 3545 2582 haereticos,
3579 2514 3649 2570 de

1957 2603 2169 2674 quibus
2214 2615 2390 2670 supra
2420 2601 2636 2657 dictum
2684 2608 2787 2667 est,
2819 2607 2874 2656 et
2902 2615 3059 2655 nunc
3086 2600 3255 2656 etiam
3306 2601 3520 2672 agitur,
3553 2617 3646 2659 re-

1959 2693 2194 2757 feratur,
2240 2703 2487 2760 quorum
2521 2689 2728 2758 scripta
2766 2703 2879 2744 non
2930 2689 3094 2744 modo
3124 2704 3227 2759 pro
3269 2690 3356 2745 sui
3387 2699 3648 2747 contem-

1958 2778 2305 2850 ptibilitate,
2360 2777 2457 2832 sed
2519 2776 2688 2832 etiam
2752 2791 2853 2846 pro
2924 2777 3177 2848 ingenita
3234 2787 3432 2834 contra
3479 2793 3648 2835 omne

1958 2866 2112 2937 quod
2145 2865 2269 2920 ﬁdei
2316 2865 2586 2934 congruit
2634 2866 2939 2920 acerbitate
2982 2865 3353 2922 damnantur.
3396 2867 3467 2923 Et
3511 2866 3651 2938 quia

158 2981 177 3004 ι
221 2955 485 3019 Gustate,
534 2955 632 3017 ait,
666 2960 721 3007 et
762 2951 945 3006 videte
976 2951 1249 3042 quoniam
1288 2948 1489 3004 suavis
1534 2959 1618 3004 est
1651 2948 1850 3004 Domi-
1891 2987 1930 3042 ε
1960 2955 2301 3024 plerumque
2347 2966 2443 3008 eos
2482 2953 2854 3009 excluserunt
2899 2959 3045 3007 eos
3087 2954 3189 3025 qui
3236 2953 3457 3023 probati
3488 2961 3654 3010 erant

152 3058 269 3099 nus
313 3043 495 3110 (Psal.
547 3055 753 3107 xxxm,
805 3039 877 3109 9).
929 3060 949 3085 ι
1003 3038 1211 3093 Morale
1256 3045 1340 3093 est
1382 3040 1553 3092 etiam
1596 3044 1657 3091 ut
1688 3036 1851 3091 dica-

154 3140 253 3185 tur
280 3130 415 3198 quis
443 3128 598 3198 pasci
644 3130 701 3181 in
739 3141 807 3182 eo
852 3124 1007 3195 quod
1036 3138 1095 3180 se
1126 3125 1385 3181 delectat.
1434 3125 1533 3180 Est
1573 3137 1711 3194 ergo
1759 3124 1848 3178 di-

154 3232 283 3274 cere
335 3233 347 3272 :
404 3219 568 3273 Panis
612 3229 745 3271 cum
793 3226 1032 3283 corpora
1076 3214 1329 3279 nutriat,
1385 3213 1594 3267 animae
1651 3224 1851 3266 eorum

155 3307 392 3374 dicitur,
448 3305 589 3375 quia
639 3317 714 3359 ex
764 3317 829 3358 eo
882 3302 1037 3373 quod
1100 3302 1385 3371 significat
1429 3299 1852 3370 jucunditatem

157 3394 573 3464 temporalem,
637 3390 979 3447 animalitati
1038 3389 1435 3459 improborum
1505 3390 1668 3445 cibus
1731 3403 1853 3444 esse

157 3483 536 3554 dignoscitur.
574 3480 630 3536 Is
674 3496 781 3534 non
821 3481 998 3534 intrat
1040 3484 1098 3532 in
1144 3479 1363 3532 domum
1407 3480 1660 3538 Domini,
1714 3479 1855 3547 quia

157 3571 493 3641 bujusmodi
524 3570 805 3641 gaudium
831 3570 904 3623 ab
933 3568 1089 3623 omni
1120 3567 1290 3622 corde
1319 3566 1477 3636 quod
1509 3567 1657 3621 Deus
1688 3565 1852 3620 inha-

159 3661 304 3715 bitat
356 3659 716 3714 severissime
763 3663 986 3713 constat
1034 3655 1288 3712 excludi.
1351 3654 1512 3710 Unde
1570 3662 1654 3709 est
1711 3653 1854 3709 illud

154 3750 262 3806 Job
292 3763 306 3801 :
342 3770 362 3796 ι
397 3747 815 3802 Abominabilis
842 3746 893 3802 ei
925 3746 984 3801 tit
1010 3745 1174 3814 panis
1204 3744 1263 3798 in
1295 3745 1411 3799 vita
1448 3756 1575 3809 sua,
1605 3750 1660 3797 et
1691 3742 1857 3798 cibus

160 3858 187 3884 ››
228 3844 365 3891 ante
397 3835 791 3891 desiderabilis
819 3833 957 3905 (Job,
985 3847 1195 3896 χχχιιι,
1223 3834 1312 3885 20.
1353 3852 1374 3879 ι

228 3925 405 3981 Vens.
445 3927 496 3978 5.
527 3952 599 3964 -
655 3945 675 3972 ι
724 3923 870 3989 Quid
901 3922 1114 3977 facietis
1158 3920 1215 3975 in
1244 3920 1335 3975 die
1377 3916 1634 3985 solemni,
1669 3917 1727 3972 in
1767 3917 1859 3973 die

160 4034 188 4065 ι
229 4012 561 4069 festivitatis
612 4012 876 4066 Domini?
925 4031 945 4058 ι
1000 4010 1130 4065 Dies
1176 4006 1446 4064 solemnis
1498 4005 1719 4061 Domini
1750 4012 1854 4073 est,

160 4115 293 4156 cum
328 4101 524 4168 positis
569 4100 813 4153 inimicis
840 4097 1153 4155 scabellum
1202 4096 1411 4166 pedum
1441 4094 1567 4165 ejus
1611 4108 1859 4164 regnum

164 4188 469 4244 tradiderit
519 4190 626 4242 Deo
669 4194 725 4242 et
776 4186 929 4241 Patri
979 4186 1025 4255 (Ι
1067 4185 1185 4240 Cor.
1231 4198 1330 4248 xv,
1384 4184 1472 4251 24,
1527 4182 1639 4251 25).
1699 4182 1858 4237 Diem

163 4292 302 4348 ergo
333 4276 644 4332 solemnem
695 4274 965 4344 intellige,
1014 4288 1146 4329 cum
1188 4272 1348 4342 impii
1377 4273 1856 4341 submerguntur,

164 4364 532 4421 festivitatem
578 4378 732 4429 vero,
779 4377 912 4418 cum
960 4361 1033 4416 ad
1066 4360 1564 4430 contemplandam
1597 4359 1693 4415 Dei
1727 4372 1859 4429 spe-

165 4454 307 4510 ciem
357 4452 518 4508 electi
567 4457 999 4522 promoventur.
1049 4449 1193 4515 Quid
1240 4450 1416 4518 igitur
1458 4450 1693 4514 facietis,
1727 4462 1861 4504 cum

164 4544 278 4599 tale
304 4540 612 4597 discrimen
644 4540 789 4595 inter
819 4546 1096 4609 utrasque
1125 4546 1303 4593 sortes
1331 4535 1672 4592 advenerit?

235 4631 412 4687 Vens.
462 4632 512 4683 6.
566 4660 631 4668 —
680 4645 707 4680 α
762 4628 905 4684 Ecce
950 4628 1104 4681 enim
1156 4623 1387 4696 profecti
1426 4630 1564 4679 sunt
1616 4636 1650 4678 a
1679 4622 1861 4679 vasti-

168 4742 187 4767 ι
234 4727 353 4775 tate
405 4734 417 4771 :
474 4717 758 4788 Egyptus
793 4714 1164 4786 congregavit
1202 4727 1317 4779 eos,
1370 4704 1646 4780 Memphis
1695 4724 1862 4781 sepe-

162 4825 190 4857 »
232 4806 331 4862 liet
360 4819 475 4860 eos.
516 4828 534 4851 ι
571 4804 736 4860 Redit
763 4803 836 4859 ad
865 4817 1063 4861 eorum
1094 4801 1549 4870 descriptionem.
1586 4801 1862 4870 Saperius

161 4893 390 4948 dixerat
420 4892 559 4962 quia
582 4895 751 4960 panis
795 4906 976 4945 eorum
1008 4894 1066 4943 in
1107 4888 1325 4942 domum
1370 4890 1587 4942 Domini
1633 4904 1739 4941 non
1767 4888 1862 4942 in-

163 4989 364 5045 traret,
398 4996 465 5036 ac
506 4980 553 5036 si
601 4980 814 5037 diceret
860 4994 872 5033 :
921 4978 1205 5045 Quoniam
1252 4976 1416 5032 nulla
1462 4976 1862 5032 convenientia

162 5078 242 5125 est
281 5068 402 5124 luci
449 5068 519 5124 ad
566 5068 831 5124 tenebras
876 5068 952 5137 (ΙΙ
993 5066 1111 5121 Cor.
1173 5079 1253 5133 vr,
1296 5064 1399 5135 14),
1450 5065 1735 5135 voluptati
1789 5064 1861 5119 ad

164 5158 597 5227 temperantias,
634 5156 1095 5226 proﬁciscuntur,
1150 5154 1205 5209 id
1235 5162 1318 5210 est
1353 5167 1387 5208 a
1417 5162 1571 5209 recta
1600 5152 1864 5209 conside-

166 5248 386 5301 ratione
432 5252 774 5316 evagantur,
818 5252 872 5299 et
917 5243 1025 5298 hoc
1064 5244 1148 5297 eis
1194 5257 1228 5298 a
1260 5243 1523 5298 vastitate
1561 5241 1861 5312 contingit,

168 5334 305 5404 quia
334 5334 550 5389 scilicet
594 5347 627 5387 a
660 5332 773 5386 Deo
811 5330 1176 5386 solitudinem
1206 5344 1366 5386 mens
1393 5330 1639 5385 incurrit
1674 5345 1687 5384 :
1720 5330 1863 5387 Cum

170 5436 345 5491 supra
381 5420 617 5477 dixisset
657 5419 825 5490 quasi
869 5432 969 5473 eos
1009 5420 1326 5489 corrigens,
1371 5416 1507 5484 quid
1547 5418 1762 5483 facietis
1806 5421 1865 5470 in

171 5508 253 5563 die
277 5510 526 5569 solemni,
569 5521 703 5563 mox
735 5520 935 5562 eorum
970 5506 1314 5575 proterviam
1348 5505 1601 5562 subtexit
1626 5505 1819 5561 dicens
1849 5520 1860 5560 :

1961 3047 2216 3109 argento,
2264 3041 2671 3095 controversiis
2721 3040 3088 3096 manentibus
3139 3040 3194 3094 in
3236 3040 3394 3097 libris
3426 3055 3647 3109 eorum,

1960 3129 2059 3200 qui
2110 3135 2312 3183 contra
2359 3142 2561 3184 eorum
2614 3142 2838 3184 errores
2898 3129 3319 3203 pugnacissime
3375 3137 3649 3201 egerant,

1960 3215 2242 3286 opuscula
2295 3230 2494 3272 eorum
2551 3230 2652 3285 pro
2704 3229 2810 3270 sua
2869 3216 3176 3271 inutilitate
3232 3224 3367 3273 sunt
3418 3217 3663 3277 abolitat

1960 3302 2119 3370 Quod
2152 3304 2209 3357 in
2257 3303 2515 3373 antiquis
2558 3302 2839 3358 haereticis
2882 3312 2965 3358 est
3016 3303 3406 3374 undequaque
3452 3305 3656 3374 proba-

1962 3402 2105 3461 tum,
2144 3407 2414 3463 quorum,
2453 3393 2620 3463 quasi
2651 3407 2997 3449 aranearum
3032 3395 3173 3461 telae,
3207 3395 3276 3449 de
3306 3395 3522 3465 quibus
3549 3411 3655 3452 su-

1963 3496 2067 3552 pra
2109 3481 2519 3548 disseruimus,
2575 3482 2907 3552 disparuere
2964 3482 3281 3550 volumina,
3344 3491 3399 3539 et
3449 3485 3659 3541 nostris

1961 3569 2320 3640 temporibus
2374 3584 2407 3624 a
2462 3570 2810 3640 quibusdam
2865 3569 3252 3639 parasitastris
3300 3570 3474 3627 libelli
3521 3572 3655 3629 facti

1963 3664 2118 3724 sunt,
2168 3663 2224 3713 et
2269 3658 2314 3711 si
2348 3656 2590 3712 nimium
2623 3666 2839 3726 tenues,
2893 3664 3093 3713 contra
3133 3656 3258 3711 ﬁdei
3291 3666 3499 3714 nostrae
3532 3673 3656 3730 my-

1964 3747 2154 3811 steria,
2188 3759 2319 3814 quae
2366 3744 2421 3798 in
2453 3744 2792 3813 indignitate
2825 3745 2913 3800 sui
2966 3744 3023 3798 in
3056 3744 3177 3814 ipsa
3218 3758 3325 3799 sua
3355 3758 3488 3800 mox
3519 3754 3658 3801 sunt

1965 3831 2220 3889 novitate
2272 3838 2630 3901 consumpta.
2693 3833 2885 3901 Lappa
2932 3836 2989 3885 in
3043 3832 3407 3885 tabernaculis
3466 3848 3652 3887 eorum

1965 3927 2047 3975 est
2081 3959 2096 3985 ,
2152 3919 2289 3989 quia
2357 3918 2631 3974 nimirum
2692 3918 2801 3973 nisi
2859 3918 3272 3974 desideriorum
3327 3918 3652 3975 carnalium

1967 4006 2415 4077 impuritatibus,
2440 4021 2570 4077 quae
2592 4020 2796 4078 graves
2823 4014 2959 4061 sunt
2987 4006 3224 4073 stimuli,
3249 4005 3655 4075 subderentur,

1968 4109 2271 4166 nunquam
2309 4096 2379 4150 ad
2414 4102 2628 4150 tantam
2678 4108 2880 4149 sensus
2908 4093 3129 4162 reprobi
3165 4092 3558 4164 ignominiam,
3592 4101 3660 4150 ut

1968 4185 2037 4240 de
2092 4183 2305 4239 divinis
2348 4183 2497 4237 male
2550 4183 2845 4247 sentirent,
2900 4190 3280 4237 verterentur.
3340 4182 3516 4237 Porro
3574 4189 3660 4237 ta-

1899 4283 1944 4337 1)
1974 4271 2288 4329 bernacula
2333 4270 2454 4340 ipsa
2492 4277 2626 4325 sunt
2653 4282 2911 4338 corpora,
2960 4269 3016 4323 in
3050 4269 3266 4339 quibus
3312 4270 3433 4325 sive
3461 4278 3663 4326 contra

1971 4374 2224 4427 carnem,
2266 4358 2385 4414 sive
2414 4366 2615 4413 contra
2642 4355 2909 4426 spiritum
2940 4356 3271 4425 militamus,
3302 4358 3423 4415 sive
3453 4358 3554 4415 ubi
3580 4358 3662 4413 in-

1971 4447 2404 4520 praesentiarum
2442 4446 2898 4515 peregrinamur.

2044 4536 2216 4592 Vsus.
2246 4535 2302 4589 '7.
2335 4563 2403 4572 —
2435 4553 2456 4581 ι
2510 4531 2804 4588 Venerunt
2834 4532 2952 4587 dies
2985 4531 3344 4601 visitationis,
3371 4540 3661 4589 venerunt

1976 4646 1999 4674 ι
2042 4624 2163 4679 dies
2210 4620 2622 4677 retributionis.
2676 4639 2704 4670 ››
2748 4621 2873 4673 Dies
2928 4624 3255 4674 uisitationis
3310 4627 3465 4687 sunt,
3526 4634 3662 4677 cum

1972 4713 2125 4769 Deus
2172 4709 2657 4779 impcenitentibus
2691 4708 2747 4762 in
2796 4710 3058 4777 praesenti
3109 4707 3335 4779 flagella
3385 4708 3662 4775 immittit,

1970 4800 2067 4857 sed
2102 4798 2477 4853 retributionis
2510 4796 2658 4852 illico
2686 4795 3081 4865 subsequitur,
3114 4797 3213 4866 qui
3249 4798 3663 4866 perseveranti-

1972 4890 2082 4945 bus
2112 4888 2357 4957 incmpta
2386 4885 2551 4941 sorde
2579 4891 2681 4939 aut
2724 4883 2961 4954 perﬁdia
2995 4883 3369 4942 immutabilis
3417 4886 3663 4943 miseriae

1971 4983 2178 5031 sortem
2218 4974 2421 5029 reddit.
2476 4972 2699 5042 Duplici
2746 4972 2900 5027 enim
2940 4971 3277 5028 contritione
3330 4973 3466 5028 tales
3516 4973 3667 5029 Deus

1972 5072 2261 5120 conterere
2298 5062 2613 5118 consuevit.
2647 5062 2717 5116 Et
2749 5075 2865 5115 non
2910 5062 3169 5128 conterit,
3202 5076 3349 5131 quos
3377 5063 3662 5129 omnium,

1972 5153 2109 5208 dum
2162 5146 2472 5218 advivunt,
2534 5151 2900 5206 detestatione
2951 5151 3279 5219 prostituit,
3340 5158 3395 5208 et
3446 5152 3666 5208 exactis

1975 5241 2129 5309 ipsis,
2166 5240 2417 5310 ipsorum
2465 5239 2795 5294 memoriam
2841 5253 2972 5295 cum
3004 5239 3158 5294 omni
3209 5252 3314 5294 suo
3354 5240 3581 5310 opitico,
3613 5247 3668 5296 et

1977 5337 2221 5385 tractatu
2255 5329 2435 5384 instar
2478 5328 2653 5398 panni
2683 5327 3052 5385 menstrualis
3084 5327 3323 5384 infamat
3352 5338 3405 5385 et
3434 5329 3672 5400 abjicit?

1980 5440 2000 5466 α
2046 5417 2269 5482 Scitote,
2321 5417 2519 5485 Israel,
2572 5418 2810 5473 stultum
2861 5415 3220 5487 prophetam,
3277 5417 3547 5474 insanum
3580 5419 3668 5475 vi-

1980 5527 2000 5553 ι
2046 5520 2176 5560 ιἰιιιι
2215 5506 2590 5574 spiritualem.
2617 5506 2662 5561 Ο
2702 5505 2897 5573 Israel,
2934 5504 3143 5574 inquit,
3190 5514 3384 5562 motus
3410 5506 3676 5567 videlicet
