3924 6088
244 192 345 245 387

1128 186 1188 241 V.
1230 184 1557 242 GUIBERTI
1594 184 1884 241 ABBATIS
1922 186 1976 241 S.
2022 184 2262 239 MARl/E
2301 184 2391 238 DE
2428 182 2832 241 NOVIGENTO

3630 184 3736 236 388

245 319 592 386 affectuales,
626 318 728 391 qui
778 319 892 375 Deo
933 317 1127 388 judice
1164 331 1439 374 sensuum
1472 325 1796 373 vestrorum
1829 331 1928 373 er-
1964 325 2009 377 Α
2038 318 2250 384 visitat,
2286 331 2417 373 cum
2463 316 2665 372 crebro
2711 329 2779 372 ea
2828 329 2887 371 se
2932 313 3139 371 vidisse
3167 314 3456 384 puniendo
3497 314 3740 370 demon-

245 411 365 467 rori
390 410 763 474 dimittimini,
796 423 953 463 nunc
983 407 1038 461 in
1068 408 1172 462 hoc
1202 416 1391 463 vestro
1414 407 1590 463 exitio
1619 415 1674 463 et
1701 407 1939 463 rationis

244 498 585 556 exterminio
616 496 907 552 addiscere
951 496 1239 564 poteratis.
1268 494 1405 561 Quae
1440 495 1702 564 stultitia,
1734 509 1938 566 quaeve

247 584 472 640 insania
519 584 577 638 in
628 581 854 651 spiritu,
909 581 1011 650 qui
1060 595 1160 636 vos
1213 595 1406 652 regere
1456 582 1748 649 debuerat,
1790 581 1924 637 deli-

248 673 443 729 tescit?
486 671 579 726 cui
624 671 669 725 si
717 685 818 726 vos
847 670 1111 733 subdere,
1145 678 1200 725 et
1229 670 1301 725 ab
1331 685 1397 725 eo
1441 670 1561 740 regi
1592 670 1934 735 voluissetis,

246 769 550 826 nunquam
580 755 653 810 ad
683 754 789 809 tale
821 755 1228 809 inconveniens
1259 738 1528 810 vitiorum
1560 762 1660 810 aut
1688 756 1939 824 pertulis-

244 844 562 900 venissetis.
617 864 645 892 ‹‹
696 843 933 912 Propter
964 842 1392 898 multitudinem
1433 843 1755 913 iniquitatis
1804 850 1940 910 tuae,

249 954 276 983 »
315 940 369 989 et
399 932 830 988 multitudinem
850 932 1133 987 amentiae.
1164 952 1186 978 ι
1219 930 1364 997 Quia
1384 932 1632 987 multum
1659 931 1941 987 exerrasti

246 1035 282 1076 a
321 1022 569 1077 bonitate
601 1028 656 1075 et
690 1021 817 1087 (ide,
848 1034 961 1075 non
989 1019 1333 1088 dispariliter
1361 1020 1597 1076 tradidit
1628 1028 1679 1075 te
1701 1020 1852 1075 Deus
1882 1020 1941 1074 in

248 1110 659 1180 ignominiosos
705 1122 892 1164 casus.
942 1110 1023 1164 Ac
1069 1108 1117 1163 si
1147 1108 1360 1164 diceret
1400 1123 1412 1162 :
1455 1108 1601 1175 Quia
1626 1108 1778 1178 quod
1815 1122 1938 1177 pee-

247 1200 438 1265 cabas,
486 1199 667 1253 Deum
704 1198 913 1253 habere
947 1198 1004 1251 in
1036 1197 1296 1252 notitiam
1340 1211 1454 1252 non
1487 1197 1752 1266 putabas,
1787 1196 1942 1252 dedit

250 1297 302 1344 te
331 1288 484 1343 Deus
511 1288 569 1342 in
599 1286 972 1355 cogitationes
997 1285 1293 1355 reprobas.

319 1420 491 1475 Vens.
527 1424 579 1473 8.
613 1447 681 1457 —
718 1441 737 1466 ι
777 1417 1110 1487 Speculator
1151 1417 1420 1487 Ephraim
1468 1432 1600 1474 cum
1651 1418 1762 1474 Deo
1796 1432 1937 1473 meo.

256 1532 275 1556 ι
321 1508 603 1578 Propheta
649 1506 894 1576 laqueus
943 1505 1129 1562 ruinae
1175 1506 1360 1561 factus
1396 1515 1481 1561 est
1525 1520 1699 1576 super
1746 1521 1943 1563 omnes

256 1617 277 1642 ν
320 1595 446 1650 vias
476 1594 620 1665 ejus,
643 1601 697 1648 et
732 1592 957 1647 insania
987 1593 1044 1646 in
1078 1593 1247 1647 domo
1278 1593 1371 1648 Dei
1404 1592 1547 1662 ejus.
1586 1613 1613 1642 ιι
1654 1593 1937 1662 Ephraim,

251 1682 617 1738 voluntarius
643 1681 854 1736 scilicet
904 1680 1137 1736 habitus
1176 1680 1385 1736 mentis
1421 1682 1729 1749 speculator
1758 1682 1943 1736 factus

250 1776 353 1836 est,
389 1776 453 1825 ut
497 1783 565 1825 ea
599 1784 729 1840 qum
779 1769 891 1825 Deo
923 1770 1227 1839 pertinent,
1270 1770 1422 1837 velit,
1466 1778 1521 1825 et
1550 1772 1663 1825 Deo
1694 1771 1943 1841 gerenda

250 1865 549 1927 proponat,
603 1880 622 1905 ι
670 1857 834 1923 velle,
880 1856 1167 1927 inquiens,
1221 1857 1360 1912 mihi
1392 1857 1632 1928 adjacet,
1677 1846 1945 1928 perlicere

258 1967 278 1992 ο
320 1958 438 2000 non
486 1944 713 2000 invenio
759 1946 929 2014 (Rom.
975 1959 1074 2011 vn,
1125 1946 1213 2013 l8)
1270 1960 1282 1999 :
1336 1967 1357 1991 -
1393 1947 1663 2001 voluntas
1699 1946 1852 2000 enim
1885 1946 1943 1999 in

253 2034 470 2089 bonum
507 2035 563 2088 in
611 2033 924 2103 Scripturis
965 2034 1174 2103 saepius
1203 2033 1504 2103 accipitur,
1535 2042 1589 2090 et
1637 2034 1709 2090 ob
1750 2035 1942 2104 provi-

251 2123 526 2185 dentiam,
574 2137 692 2193 qua
722 2130 951 2191 peccata
995 2129 1051 2177 et
1097 2122 1341 2177 adversa
1386 2122 1633 2187 olfaciat,
1669 2124 1946 2192 propheta

252 2217 518 2279 vocetur;
571 2218 625 2265 et
670 2210 810 2279 proh
857 2208 1043 2265 dolori
1096 2211 1322 2277 laqueus
1376 2215 1549 2265 ruinae
1606 2212 1686 2278 lit,
1739 2219 1804 2267 ut
1851 2226 1945 2265 se-

253 2299 437 2367 ipsum
471 2299 685 2354 scilicet
724 2297 934 2369 illaque
963 2307 1018 2354 et
1055 2299 1163 2355 sibi
1195 2300 1494 2355 consilium
1528 2300 1941 2366 subtrahendo,

252 2396 304 2443 et
335 2388 461 2443 aliis
506 2389 769 2457 exempla
805 2388 1108 2457 pravitatis
1145 2390 1427 2445 attribuat
1455 2403 1623 2445 ruere
1662 2388 1940 2444 faciendo.

253 2476 324 2531 Et
353 2476 399 2531 is
445 2481 619 2530 ruina
649 2478 874 2541 laqueus
907 2476 968 2547 fit
1009 2492 1174 2546 super
1221 2493 1402 2531 omnes
1447 2480 1566 2531 vias
1614 2478 1752 2546 ejus,
1789 2477 1945 2546 quod

254 2578 369 2618 non
398 2572 481 2619 est
518 2564 676 2619 aliud
718 2579 895 2633 quam
933 2579 1086 2620 suas.
1124 2566 1416 2621 Hebraicze
1444 2566 1597 2621 enim
1645 2566 1947 2621 locutionis

253 2660 357 2717 est,
398 2661 458 2707 ut
487 2660 570 2708 est
615 2652 757 2708 illud
805 2668 817 2707 :
856 2675 877 2701 ι
912 2653 1201 2723 .IEthiopia
1242 2655 1549 2724 praeveniet
1582 2668 1789 2710 manus
1819 2655 1947 2723 ejus

256 2740 431 2809 (Psal.
467 2754 640 2807 van,
675 2742 781 2811 32),
818 2762 845 2789 »
874 2741 931 2796 id
960 2749 1043 2797 est
1072 2757 1228 2805 suas,
1267 2765 1287 2791 α
1323 2744 1456 2811 Deo,
1486 2766 1504 2790 -
1534 2758 1665 2799 cum
1702 2743 1758 2797 in
1787 2742 1945 2797 omni

258 2829 568 2884 intentione
615 2829 769 2899 ejus,
831 2845 960 2900 quae
1013 2830 1119 2886 via;
1178 2831 1474 2887 interiores
1532 2832 1605 2886 ad
1658 2831 1946 2886 exteriora

254 2918 440 2986 operis
470 2925 839 2973 excurrentes
863 2926 1017 2984 sunt,
1050 2919 1279 2974 nonnisi
1310 2919 1522 2988 peccati
1558 2920 1750 2989 lapsus
1780 2919 1947 2974 inve-

254 3004 468 3073 niatur,
514 3014 568 3060 et
596 3007 782 3062 omnis
831 3007 1047 3062 consilii
1081 3008 1289 3075 aditus,
1325 3009 1477 3077 quod
1510 3008 1796 3078 signilicat
1825 3007 1948 3062 col-

254 3093 396 3161 lum,
427 3093 565 3164 quia
598 3095 725 3150 inde
756 3103 1008 3165 permeat
1039 3097 1303 3163 verbum,
1336 3097 1691 3151 obstruatur.
1720 3096 1947 3148 Insania

253 3185 311 3235 in
338 3182 492 3236 domo
519 3185 617 3237 Dei
661 3183 779 3251 ejus
807 3192 910 3248 est,
944 3198 1078 3239 cum
1118 3186 1430 3254 pessimum
1463 3186 1588 3255 ejus
1617 3184 1690 3239 ad
1736 3183 1949 3239 scelera

253 3270 529 3337 studium,
557 3272 714 3340 quod
750 3271 1084 3342 principalis
1111 3272 1238 3341 ejus
1269 3272 1594 3342 frequentat
1622 3272 1680 3325 in
1714 3272 1947 3326 modum

254 3357 353 3412 Dei
383 3358 646 3425 cultura»,
679 3359 901 3414 devotio
932 3359 1083 3414 intra
1108 3361 1343 3415 domum
1367 3360 1748 3425 conscientia,
1775 3361 1949 3415 totius

255 3447 415 3516 pensi
467 3454 522 3502 et
551 3448 825 3503 moderati
872 3449 1102 3517 penitus
1141 3463 1350 3519 expers
1399 3456 1504 3513 est,
1553 3457 1607 3505 et
1640 3450 1697 3504 in
1729 3456 1947 3504 tantam

254 3546 415 3588 mens
459 3541 699 3602 proruat
746 3533 1094 3602 vecordiam,
1142 3543 1206 3591 ut
1253 3545 1470 3593 secreta
1511 3536 1834 3606 cupiditas,
1888 3536 1947 3590 in

254 3631 511 3690 apertam
542 3631 808 3692 erumpat
839 3624 1172 3679 amentiam.

322 3756 491 3813 Vens.
524 3757 579 3810 9.
611 3785 685 3797 —
728 3778 749 3805 ι
804 3757 1091 3813 Profunda
1135 3766 1518 3828 peccaverunt
1547 3760 1695 3815 sicut
1724 3760 1782 3814 in
1825 3760 1949 3815 die-

261 3864 282 3890 »
326 3843 436 3898 bus
463 3842 678 3896 Gabaa.
719 3864 740 3889 ι
784 3841 1076 3908 Profunde
1106 3853 1299 3912 peccat
1342 3844 1613 3913 quisquis
1647 3844 1719 3898 ad
1750 3857 1949 3913 pecca-

255 3940 380 3987 tum
411 3938 526 3985 tota
557 3930 736 3984 animi
774 3929 1183 3986 deliberatione
1221 3931 1427 3987 inhiat.
1478 3931 1787 3987 Historiam
1836 3932 1951 3987 Be—

256 4032 395 4089 gum
457 4018 686 4073 videtur
744 4025 996 4088 tangere,
1059 4020 1292 4088 quando
1351 4035 1383 4076 e
1440 4019 1635 4075 Gabaa
1693 4019 1827 4075 Saul
1889 4020 1950 4075 in

254 4121 448 4177 regem
488 4106 805 4161 assumitur
838 4107 883 4174 (Ι
922 4108 1053 4174 Reg.
1081 4121 1161 4174 χι,
1210 4108 1288 4177 4),
1326 4121 1556 4163 recusso
1588 4108 1686 4163 Dei
1710 4108 1948 4177 imperio

2044 413 2205 460 strat.

2117 492 2288 548 Vens.
2328 493 2409 544 10.
2450 521 2511 530 -
2543 511 2570 539 ‹‹
2600 489 2773 556 Quasi
2808 505 2955 546 uvas
2986 490 3043 546 in
3069 491 3291 547 deserto
3322 490 3515 546 inveni
3540 489 3739 558 Israel,

2046 600 2073 628 »
2116 577 2281 649 quasi
2298 578 2484 647 prima
2497 592 2664 648 poma
2679 578 2937 635 ficulnea
2960 579 3017 633 in
3045 580 3345 635 cacumine
3365 580 3493 649 ejus
3512 578 3628 633 vidi
3645 592 3746 648 pa-

2047 688 2075 715 »
2119 677 2233 722 tres
2260 680 2485 721 eorum.
2522 688 2541 713 ι
2568 666 2735 731 Quasi
2764 681 2892 722 uvae
2920 668 2978 721 in
3000 668 3209 721 deserto
3229 668 3402 721 Israel
3424 668 3742 734 invenitur,

2046 770 2177 810 cum
2207 756 2500 825 dispersus
2529 769 2562 809 a
2589 757 2773 825 seipso
2803 756 3052 811 carnalis
3077 763 3271 811 noster
3292 754 3530 812 affectus
3559 755 3745 810 divini

2046 844 2270 899 timoris
2299 844 2645 914 aspiratione
2674 843 2989 914 colligitur;
3022 851 3076 900 et
3106 848 3267 910 quasi
3296 858 3413 900 uva
3440 848 3499 898 in
3530 844 3744 898 deserto

2047 932 2352 1002 reperitur,
2385 946 2519 987 cum
2566 931 2626 987 in
2656 932 2905 987 desolata
2944 933 3240 1002 quondam
3279 939 3468 987 mente
3498 931 3745 987 internae
3788 934 3807 943 ’

2046 1021 2506 1090 compunctionis
2545 1020 2785 1076 dulcedo
2835 1021 3099 1076 sentitur.
3154 1019 3327 1086 Quasi
3353 1023 3540 1089 prima
3574 1036 3747 1088 poma

2045 1111 2286 1179 ﬁculneae
2329 1118 2518 1179 patres
2580 1109 2889 1177 videntur,
2938 1123 3069 1164 cum
3120 1116 3311 1163 motus
3356 1109 3663 1164 rationales
3710 1121 3747 1162 a

2047 1199 2263 1268 quibus
2314 1197 2791 1254 aﬁectualitatum
2862 1196 3305 1267 intemperantia
3354 1197 3691 1252 moderatur
3724 1238 3741 1264 ,

2050 1287 2299 1356 primum
2334 1287 2432 1342 Dei
2466 1287 2672 1356 illapsu
2703 1301 2776 1342 ex
2807 1287 2987 1342 veteri
3022 1299 3129 1340 sua
3159 1284 3468 1340 acerbitate
3499 1284 3745 1350 reducti,

2050 1374 2381 1430 maturitate
2438 1376 2613 1430 menti
2673 1374 2852 1429 indita
2908 1372 3307 1428 dulcorantur.
3372 1372 3505 1427 Haec
3555 1376 3745 1440 prima

2042 1480 2208 1533 poma
2232 1468 2290 1516 in
2335 1467 2610 1517 cacumine
2639 1465 3010 1532 reperiuntur
3054 1462 3195 1531 quia
3226 1460 3569 1530 principalia
3610 1475 3749 1516 cor-

2050 1552 2139 1607 dis
2190 1551 2365 1607 nostri
2396 1552 2588 1607 studia
2636 1553 2693 1605 in
2749 1551 3063 1606 intentione
3094 1562 3367 1619 superna,
3419 1564 3550 1619 qua:
3596 1548 3751 1605 inte-

1983 1624 2021 1677 Β
2052 1641 2295 1696 rioritati
2327 1649 2534 1695 nostrae
2574 1639 2932 1710 dignoscitur
2960 1637 3350 1708 praeeminere,
3401 1636 3744 1691 fundantur.

2050 1734 2199 1783 πω)
2232 1728 2455 1784 lsraelis
2497 1742 2634 1799 ergo
2681 1733 2819 1782 sunt
2851 1734 3041 1796 patres
3082 1733 3324 1781 maturae
3367 1724 3605 1779 rationis
3640 1725 3749 1778 ba—

2051 1818 2227 1884 bitus,
2257 1817 2357 1887 qui
2408 1816 2530 1885 pias
2560 1822 2841 1886 generant
2890 1813 3234 1869 affectiones.
3288 1813 3395 1868 Per
3440 1812 3749 1867 ﬁculneam

2051 1919 2214 1960 amor
2242 1905 2488 1973 proximi
2526 1905 2583 1958 in
2629 1903 2940 1973 Scripturis
2970 1903 3269 1971 accipitur,
3302 1902 3448 1955 sicut
3489 1901 3545 1954 in
3576 1901 3748 1954 vinea

2051 2007 2212 2049 amor
2254 1994 2351 2048 Dei
2384 1994 2753 2063 exprimitur.
2789 1993 2985 2045 Prima
3023 2005 3158 2061 ergo
3180 2005 3347 2058 poma
3373 1988 3613 2058 ﬁculneae
3641 2002 3746 2058 po-

2053 2084 2198 2137 tiora
2269 2089 2404 2137 sunt
2472 2081 2747 2137 exercitia
2807 2079 3229 2136 misericordiae.
3300 2080 3489 2132 Patres
3551 2077 3747 2146 itaque

2054 2170 2252 2240 primis
2309 2169 2568 2225 ficulneae
2617 2184 2800 2240 pomis
2850 2169 3233 2237 adaptantur,
3295 2166 3433 2236 quia
3494 2167 3745 2235 primum

2054 2259 2330 2314 fratribus
2374 2272 2520 2329 quos
2548 2258 2811 2313 videmus
2854 2255 3128 2313 beneficia
3179 2255 3507 2324 impendere
3536 2253 3749 2309 suade-

2053 2361 2202 2410 mur,
2244 2355 2304 2401 ut
2342 2346 2544 2412 Deum,
2596 2360 2770 2415 quem
2818 2346 3013 2400 videre
3060 2358 3174 2399 non
3215 2356 3540 2412 possumus,
3589 2348 3749 2411 post-

2053 2435 2287 2491 modum
2334 2434 2703 2504 attingamus.
2768 2434 2906 2490 Uvis
2960 2447 3093 2488 vero
3146 2432 3243 2487 lilii
3300 2441 3744 2501 comparantur,

2053 2524 2193 2592 quia
2223 2520 2463 2577 affectus
2506 2523 2708 2588 nostri,
2754 2521 2925 2591 quasi
2954 2535 3024 2576 ex
3072 2520 3373 2591 largitione
3404 2528 3659 2590 paterna,
3694 2526 3751 2573 et

2053 2612 2233 2666 lactea
2287 2610 2634 2677 innocentia,
2679 2624 2809 2680 quae
2844 2624 2944 2679 per
2971 2623 3206 2665 succum
3240 2608 3498 2664 ficulneae
3526 2607 3751 2677 figura-

2054 2709 2184 2767 tur,
2246 2700 2316 2753 ad
2375 2699 2693 2754 dilectionis
2752 2698 2848 2753 Dei
2904 2698 3315 2768 pinguedinem
3377 2705 3431 2752 et
3487 2710 3751 2766 saporem

2052 2787 2282 2842 avidius
2314 2786 2679 2842 imbuuntur.
2735 2788 2797 2840 ln
2828 2794 2981 2841 terra
3009 2787 3167 2841 enim
3193 2786 3431 2855 spiritus
3459 2785 3650 2850 datur,
3671 2792 3752 2858 ut

1985 2919 2026 2975 C
2055 2874 2357 2942 proximus
2407 2874 2718 2944 diligatur;
2764 2875 2832 2929 de
2878 2875 3018 2930 coelo
3049 2888 3184 2929 vero
3214 2879 3650 2942 consequenter,
3686 2878 3751 2926 ut

2055 2963 2227 3018 Deus.

2127 3072 2154 3099 α
2201 3050 2309 3120 Ipsi
2351 3058 2542 3106 autem
2594 3050 2959 3106 intraverunt
3002 3050 3073 3106 ad
3126 3050 3498 3121 Beelphegor,
3547 3056 3602 3105 et
3641 3048 3752 3104 ab-

2057 3159 2084 3191 »
2126 3139 2354 3195 alienati
2386 3147 2521 3195 sunt
2552 3138 2610 3194 in
2639 3139 2996 3206 confusione,
3030 3146 3085 3194 et
3114 3138 3248 3194 facti
3279 3146 3416 3194 sunt
3444 3137 3752 3193 abomina-

2057 3248 2084 3280 »
2126 3228 2268 3283 biles
2313 3228 2461 3283 sicut
2504 3240 2572 3282 ea
2628 3241 2760 3296 quze
2817 3227 3164 3283 dilexerunt.
3221 3248 3240 3274 ι
3301 3226 3397 3280 Ad
3423 3225 3755 3295 Beelphegor

2056 3316 2292 3380 intrant,
2344 3331 2474 3371 cum
2521 3330 2660 3383 suae,
2703 3329 2881 3385 quam
2934 3314 3187 3370 diximus
3237 3314 3524 3369 electionis
3568 3312 3750 3379 obliti,

2056 3405 2258 3460 totium
2301 3403 2634 3476 ignominiaa
2673 3418 2793 3459 sese
2828 3403 3155 3472 labyrintho
3197 3401 3492 3472 injectant.
3527 3402 3596 3456 Et
3639 3415 3758 3456 me-

2055 3493 2163 3548 rito
2214 3492 2448 3554 dicitur,
2482 3491 2718 3559 intrant,
2767 3491 2907 3561 quia
2953 3505 3012 3546 se
3057 3490 3427 3560 experientiae
3465 3490 3755 3546 universae

2054 3580 2481 3635 libidinositatis
2548 3580 2947 3635 immersitant.
3019 3578 3370 3649 Beclphegor
3439 3578 3590 3634 enim
3668 3581 3759 3630 vir

2059 3671 2337 3736 tentiginis
2382 3667 2623 3735 dicitur,
2678 3670 2736 3723 in
2786 3682 2904 3738 quo
2960 3666 3337 3737 turpitudinis
3383 3666 3754 3722 exsecranda;

2060 3756 2415 3826 impudentia
2470 3757 2795 3812 denotatur.
2857 3757 2920 3809 In
2975 3756 3293 3822 confusione
3350 3755 3759 3810 abalienantur

2057 3846 2194 3902 dum
2228 3859 2344 3915 quo
2374 3844 2803 3900 confusibiliora
2833 3850 3186 3913 perpetrant,
3223 3843 3303 3898 nil
3332 3856 3390 3898 se
3415 3841 3757 3897 confusibile

2058 3948 2227 4005 agere
2265 3933 2629 3988 arbitrantur
2669 3933 2820 3988 unde
2868 3939 2952 3987 est
2983 3932 3162 4001 quod,
3206 3932 3362 4000 apud
3393 3930 3753 4000 Apostolum,

2059 4023 2294 4093 quidam
2349 4022 2404 4076 in
2458 4021 2742 4090 pudendis
2801 4022 2924 4076 suis
2971 4020 3206 4090 gloriari
3257 4020 3458 4075 dicunt
3502 4020 3582 4085 (II
3631 4020 3752 4074 Cor.

2056 4126 2139 4176 xr,
2177 4110 2284 4180 18).
2331 4109 2741 4163 Abominabiles
2792 4108 2957 4174 fiunt,
3003 4109 3103 4177 qui
3136 4107 3310 4163 totius
3341 4108 3471 4163 boni
3506 4108 3757 4164 hominis

256 4208 359 4264 pro
386 4193 504 4250 solo
549 4195 805 4265 gentium
838 4209 1011 4250 more.
1048 4194 1183 4251 Saul
1217 4196 1627 4266 interpretatur
1646 4201 1944 4265 appetitus,
1987 4214 2032 4268 ι)
2063 4199 2322 4254 fortunas
2385 4198 2679 4251 amittunt.
2739 4195 2888 4262 Quid
2950 4203 3035 4251 est
3089 4196 3244 4251 enim
3311 4195 3757 4251 abominabilem

256 4281 451 4337 Gabaa
480 4283 657 4337 colles.
694 4282 738 4336 E
785 4282 1028 4337 collibus
1057 4282 1193 4337 Saul
1233 4282 1305 4338 ad
1353 4297 1597 4354 regnum
1647 4283 1946 4352 accipitur,

257 4370 491 4441 quando
522 4386 552 4426 e
584 4370 809 4451 magnis
839 4371 1166 4427 animorum
1198 4373 1525 4428 tumoribus
1551 4372 1815 4427 oboritur
1844 4385 1953 4441 ap—

259 4459 493 4529 petitus,
524 4473 641 4514 non
677 4460 778 4529 qui
810 4458 975 4515 nobis
1022 4459 1227 4527 subsit,
1268 4461 1442 4530 juxta
1474 4461 1630 4530 quod
1663 4460 1734 4515 ad
1761 4474 1888 4515 eam
1919 4472 1954 4513 a

259 4548 501 4603 Domino
529 4547 760 4615 dicitur,
790 4548 885 4603 sed
914 4548 1015 4617 qui
1048 4548 1214 4604 nobis
1246 4547 1742 4617 impudentissime
1770 4548 1951 4603 domi-

261 4644 449 4691 netur.
484 4636 633 4691 Dum
656 4639 809 4692 enim
832 4636 1041 4692 fastum
1063 4638 1441 4707 concipimus,
1462 4638 1683 4708 majora
1706 4637 1955 4707 profecto

262 4738 437 4795 quam
486 4725 651 4780 nobis
697 4733 1043 4795 competant,
1090 4726 1284 4781 statim
1322 4733 1742 4797 consequenter
1770 4725 1955 4781 ambi-

262 4828 411 4870 mus.
447 4835 476 4863 «
521 4814 937 4869 Recordabitur
968 4813 1303 4884 iniquitates
1339 4829 1562 4881 eorum,
1604 4823 1660 4871 et
1701 4815 1957 4871 visitabit

265 4920 294 4953 ι)
334 4909 563 4971 peccata
591 4915 812 4957 eorum.
857 4922 877 4948 ι
927 4902 1234 4971 Postquam
1268 4902 1548 4973 iniquitas
1582 4902 1638 4956 in
1667 4902 1959 4957 stolidita-

266 4997 376 5045 tem
408 4990 676 5052 vertitur,
709 4996 771 5045 ut
818 4989 1038 5045 nefaria
1070 4990 1329 5046 libertate
1362 4998 1649 5059 peccetur,
1681 4997 1957 5060 tanquam

266 5078 513 5133 clamore
545 5079 741 5149 aliquo
782 5080 948 5145 Deus,
988 5085 1049 5133 ut
1090 5078 1291 5134 ulcisci
1331 5085 1614 5148 properet,
1647 5078 1955 5134 excitatur.

269 5165 429 5221 Unde
478 5180 590 5222 vox
620 5168 925 5237 sanguinis
969 5166 1111 5222 Abel
1157 5167 1310 5236 (Gen.
1346 5181 1422 5233 ιν,
1463 5169 1561 5234 lO;
1588 5180 1751 5233 xvut,
1784 5169 1875 5235 20)
1906 5173 1962 5223 et

264 5254 481 5310 clamor
522 5254 897 5311 Sodomorum
926 5256 1154 5311 dicitur.
1202 5256 1349 5310 Dum
1381 5255 1532 5310 enim
1565 5254 1755 5324 quiete
1779 5255 1960 5310 delin-

267 5342 487 5412 quitur,
521 5344 688 5413 quasi
718 5344 869 5400 Deus
897 5344 1276 5400 obliviscitur.
1305 5342 1612 5399 Recordari
1640 5355 1778 5413 ergo
1810 5343 1964 5399 vide-

269 5437 391 5496 tur,
448 5445 581 5487 cum
627 5434 956 5501 peccantem
1002 5432 1258 5486 adversis
1308 5430 1668 5502 aggreditur.
1728 5431 1957 5485 Peccata

2060 4300 2200 4353 esse,
2244 4285 2356 4340 nisi
2407 4286 2465 4338 in
2507 4298 2778 4339 successu
2824 4284 2901 4354 pii
2943 4283 3132 4353 operis
3172 4298 3440 4353 prospero
3473 4291 3759 4352 proventu

2062 4373 2295 4429 carere?
2337 4373 2408 4427 Et
2455 4372 2561 4427 hoc
2607 4376 2748 4426 sicut
2800 4388 2863 4426 ea
2915 4387 3048 4442 quae
3092 4372 3373 4441 diligunt;
3424 4372 3571 4425 sicut
3616 4369 3760 4424 vitia

2061 4463 2213 4518 enim
2272 4474 2403 4530 quae
2450 4468 2884 4530 prosequuntur
2945 4460 3115 4516 etiam
3175 4460 3295 4515 solo
3352 4459 3582 4514 nomine
3634 4456 3760 4513 sine

2064 4558 2198 4606 actu
2229 4549 2511 4604 bonorum
2558 4549 2846 4604 memoriis
2876 4548 3097 4605 horrori
3141 4555 3296 4609 sunt,
3336 4549 3416 4603 sic
3446 4548 3616 4602 etiam
3650 4545 3758 4615 ipsi

2066 4638 2169 4709 qui
2198 4651 2397 4693 eorum
2442 4637 2782 4692 commercio
2832 4650 2891 4692 se
2921 4637 3248 4692 involvunt.
3292 4635 3344 4691 Si
3378 4636 3528 4690 enim
3566 4636 3762 4690 sordes

2065 4725 2335 4795 qualibet
2388 4739 2488 4794 per
2528 4739 2586 4780 se
2630 4724 2847 4794 putidae
2895 4732 3049 4790 sunt,
3097 4733 3249 4780 certe
3298 4725 3608 4794 putidiores
3656 4722 3762 4793 qui

2066 4814 2277 4868 harum
2309 4812 2628 4868 volutabris
2656 4826 2716 4868 se
2745 4822 2943 4881 sponte
2974 4813 3259 4883 injiciunt.

2138 4901 2309 4957 Vnus.
2348 4905 2429 4955 tl.
2459 4932 2527 4940 —-
2572 4923 2592 4949 α
2630 4902 2905 4970 Ephraim
2940 4901 3109 4972 quasi
3159 4902 3280 4957 avis
3326 4901 3598 4968 avolavit,
3646 4899 3765 4971 glo-

2074 5011 2095 5037 ι
2140 4989 2227 5044 ria
2254 5004 2455 5044 eorum
2496 5003 2531 5044 a
2577 4996 2767 5059 partu,
2802 4997 2857 5045 et
2904 4990 2976 5046 ab
3012 4998 3194 5057 utero,
3226 4998 3281 5045 et
3323 5004 3358 5045 a
3396 4996 3696 5059 conceptu.
3734 5011 3756 5036 »

2068 5078 2335 5146 Ephraim
2374 5081 2534 5143 quasi
2577 5080 2693 5131 avis
2740 5077 2950 5145 avolat,
3001 5077 3139 5133 dum
3187 5076 3493 5147 aliquoties
3523 5076 3597 5131 ad
3628 5077 3765 5132 boni

2071 5167 2452 5236 appetentiam
2506 5173 2658 5223 tacta
2718 5166 3076 5222 rationaliter
3127 5167 3395 5221 alacritas
3449 5165 3765 5221 voluntatis

2071 5256 2306 5324 aspirat,
2338 5255 2434 5311 sed
2465 5255 2658 5311 subita
2695 5269 2755 5311 se
2800 5255 3031 5311 levitate
3065 5255 3393 5311 subducens
3425 5254 3483 5309 in
3512 5269 3578 5309 eo
3609 5253 3764 5324 quod

2072 5351 2320 5412 coeperat
2363 5344 2599 5399 minime
2639 5352 2982 5412 perseverat,
3033 5344 3217 5398 Gloria
3242 5358 3447 5409 eorum,
3481 5350 3545 5398 ut
3586 5352 3767 5398 retro-

2073 5432 2249 5501 grade
2295 5432 2619 5502 aggrediar,
2661 5448 2693 5483 a
2741 5436 2995 5500 conceptu
3036 5437 3139 5500 est,
3172 5446 3305 5487 cum
3354 5432 3612 5502 ejusdem
3659 5445 3761 5486 vo-
