3934 6086
181 199 290 251 389

900 195 1359 252 TROPOLOGI/E
1396 195 1463 249 ΙΝ
1502 194 1692 260 OSEE,
1732 194 1916 250 AMOS
1954 196 2043 252 ET
2082 196 2232 252 JER.
2280 226 2346 235 —
2386 195 2516 250 LIB.
2558 194 2629 251 II.
2673 194 2742 250 IN
2782 195 2971 251 OSEE.

3579 203 3682 255 390

178 329 429 385 luntatis
477 336 710 395 statum,
766 327 867 397 qui
917 327 973 382 in
1023 341 1083 383 se
1129 326 1341 395 sapius
1394 326 1700 393 alternant,
1754 341 1874 396 spe-
1918 330 1963 383 Α
1993 325 2172 381 libera
2194 334 2477 396 suntqua
2505 327 2586 382 eis
2612 327 2919 396 signantur
2949 341 3142 396 opera,
3191 328 3331 399 quia
3379 331 3525 386 ﬁunt
3565 346 3681 388 non

174 418 343 473 cialis
366 418 556 488 gratia
588 418 682 482 sit,
722 431 853 485 qua
879 423 1210 471 sanctorum
1249 414 1451 486 gloria,
1485 415 1556 470 ob
1583 416 1884 470 conscien-

177 506 273 561 tia
294 506 713 571 testiinonium,
750 505 820 559 ab
853 505 1117 574 Apostolo
1146 513 1384 559 vocatur
1414 505 1497 573 (ll
1539 505 1655 559 Cor.
1694 519 1729 570 ι,
1769 502 1880 571 l2),

171 596 234 650 in
268 596 397 663 ipsa
425 596 671 662 primum
711 593 806 647 Dei
854 592 1222 661 aspiratione,
1271 606 1389 661 qua
1438 591 1691 660 primum
1740 592 1882 647 bene

171 682 380 737 vivere
407 680 933 737 delectamurf'Post
954 680 1104 735 hanc
1144 679 1575 750 conceptionem
1619 679 1884 749 sequitur

172 780 409 837 uterus,
478 769 611 825 boni
673 769 934 824 videlicet
980 768 1249 837 propositi
1300 776 1431 823 ante
1471 767 1883 824 exhibitiouem

170 860 393 929 operis,
444 858 775 914 diuturnior
807 858 956 911 intra
1006 864 1249 912 mentem
1292 857 1456 911 fotus.
1507 855 1681 922 Quasi
1727 856 1878 911 enim

133 934 534 1002 .intrinsecus
584 946 827 1013 fovetur,
897 945 1050 1015 quod
1099 945 1459 1000 retractando
1522 944 1763 1000 fideliter
1808 958 1880 999 ex

167 1035 348 1091 solidi
392 1035 795 1090 deliberatione
840 1033 1081 1098 consilii,
1134 1032 1311 1088 veluti
1375 1046 1474 1101 per
1527 1030 1884 1087 discretionis

170 1124 449 1179 membra
478 1122 727 1177 divisum
762 1120 1001 1177 actionis
1032 1134 1242 1190 corpus
1289 1120 1615 1175 roboratur.
1666 1119 1882 1174 Deinde

171 1221 363 1281 partu
409 1211 787 1280 expromitur,
832 1224 964 1265 cum
1012 1208 1234 1264 visibus
1289 1207 1589 1264 hominum
1642 1208 1699 1263 in
1748 1208 1879 1262 boni

170 1300 446 1356 exercitii
478 1299 874 1370 prosecutionc
906 1298 1266 1368 proponitur.
1291 1298 1435 1363 Quia
1454 1311 1593 1366 ergo
1614 1298 1882 1366 Ephraim

171 1390 347 1458 quasi
387 1391 507 1442 avis
553 1401 652 1457 per
692 1387 994 1442 elationem
1044 1385 1236 1441 avolat
1285 1399 1469 1455 usque
1507 1386 1579 1440 ad
1628 1394 1877 1454 partum,

172 1478 233 1532 id
264 1481 356 1532 est
402 1490 589 1546 usque
614 1476 751 1531 dum
790 1474 862 1529 ab
912 1473 1244 1530 hominibus
1286 1472 1466 1528 videri
1515 1474 1710 1543 possit,
1755 1473 1883 1543 ejus

171 1566 421 1621 interior
459 1565 640 1636 gloria
673 1571 1012 1633 perseverat,
1055 1576 1229 1632 quam
1278 1576 1413 1617 mox
1444 1563 1714 1617 humana
1745 1562 1880 1617 lau-

170 1654 267 1708 dis
291 1667 497 1709 mucro
535 1652 786 1708 trucidat
830 1651 1019 1719 (Vens.
1060 1654 1147 1722 1‘2)
1184 1673 1206 1699 ι
1234 1650 1395 1717 Quod
1446 1650 1492 1705 si
1534 1650 1878 1705 enutrierint

172 1765 196 1788 ι
243 1742 394 1796 filios
423 1755 578 1807 suos,
633 1741 852 1810 absque
887 1739 1079 1795 liberis
1118 1755 1212 1795 eos
1265 1738 1465 1795 faciam
1520 1738 1576 1793 in
1628 1738 1875 1794 homini-

176 1852 198 1879 ι
238 1831 390 1895 bus;
425 1829 521 1883 sed
542 1841 597 1884 et
630 1843 711 1883 va
755 1830 854 1895 eis,
892 1842 1021 1883 eum
1067 1842 1348 1884 recessero
1379 1828 1449 1882 ab
1478 1826 1587 1882 eis!
1627 1848 1647 1874 ι
1708 1827 1876 1882 Filios

167 1917 486 1974 enutriunt
526 1916 625 1985 qui
660 1916 767 1986 pia
814 1916 1263 1971 conversationis
1303 1929 1475 1985 opera
1510 1915 1567 1968 in
1604 1916 1693 1970 his
1741 1928 1876 1983 pro—

171 2006 425 2061 ficiendo
454 2006 798 2075 provehunt.
833 2007 894 2059 In
925 2005 1228 2059 hominibus
1258 2004 1460 2072 absque
1498 2004 1683 2057 liberis
1705 2002 1873 2069 ﬁunt,

169 2096 280 2165 qui
314 2095 467 2150 inter
512 2094 813 2149 hominum
843 2094 1067 2148 favores
1116 2107 1149 2147 a
1180 2092 1438 2149 libertate
1476 2092 1653 2147 animi
1707 2091 1878 2147 attri-

169 2184 321 2239 buta
354 2183 531 2253 vulgo
563 2196 704 2238 aure
741 2185 828 2249 [f.,
852 2181 1014 2253 vulgi
1052 2184 1227 2248 aura]
1262 2180 1545 2236 serviliter
1590 2194 1649 2234 se
1684 2179 1874 2234 dimit-

170 2278 332 2327 tunt.
358 2271 467 2325 Sed
492 2287 571 2325 va
590 2273 687 2337 eis,
721 2286 838 2324 cum
873 2270 1024 2325 Deus
1062 2269 1273 2324 recedit
1304 2268 1372 2322 ab
1410 2271 1507 2336 eis,
1543 2268 1683 2337 quia
1740 2267 1878 2322 nul-

168 2359 291 2414 lius
325 2360 489 2415 bona
531 2360 648 2428 spei
697 2358 993 2413 residuum
1029 2364 1132 2423 est,
1188 2358 1299 2412 imo
1337 2354 1722 2411 damnationis
1775 2369 1876 2410 ex-

110 2484 117 2491 .
170 2455 378 2503 trema
430 2446 812 2501 infortunium
861 2455 964 2513 est,
1011 2459 1141 2501 cum
1189 2444 1540 2514 pervertitur
1598 2444 1877 2499 rectitudo

172 2535 533 2591 intentionis.
560 2534 786 2590 Recedit
809 2547 1061 2602 namque
1089 2534 1256 2599 Deus,
1300 2546 1433 2587 curn
1468 2532 1683 2587 bonum
1721 2531 1878 2601 quod

173 2626 241 2679 fit
275 2638 391 2678 non
418 2625 478 2677 tit
509 2631 772 2692 respectu
804 2622 1000 2691 ipsius.

249 2712 428 2768 Vens.
456 2714 540 2765 13.
578 2742 638 2750 -—
672 2733 692 2759 ι
728 2711 1020 2779 Ephraim,
1069 2712 1135 2763 ut
1165 2708 1301 2773 vidi,
1347 2708 1534 2777 Tyrus
1574 2715 1699 2763 erat
1741 2706 1872 2762 fun-

180 2824 201 2847 ι
249 2801 387 2855 data
412 2801 467 2853 in
497 2797 944 2868 pulchritudine.
985 2821 1004 2843 ι
1043 2798 1113 2851 Et
1141 2805 1222 2851 est
1255 2796 1457 2851 littera
1507 2810 1709 2852 sensus
1743 2812 1755 2851 :
1809 2797 1878 2851 Ut

1990 429 2094 484 pro
2127 415 2295 470 laude
2336 415 2611 470 humana.
2648 437 2669 462 ι
2708 416 2892 471 Ubera
2922 417 3146 471 arentia
3179 440 3197 465 ι
3233 420 3446 489 pariter
3469 421 3684 477 dantur

1988 518 2119 558 cum
2150 504 2535 573 intelligentia
2579 505 2898 575 spiritualis
2944 506 3156 575 inopia,
3208 522 3327 577 qua
3366 508 3591 563 interna
3629 518 3684 565 et

1987 601 2227 647 externa
2259 592 2603 647 sensualitas
2643 594 2754 646 Deo
2799 593 2964 648 aliter
3006 595 3314 663 irrogatur.
3374 596 3473 651 Vel
3514 598 3682 651 ubera

1988 686 2131 732 eo:
2174 688 2309 735 sunt
2348 683 2582 745 arentia,
2615 696 2745 735 eum
2781 680 2835 734 in
2868 690 3054 736 mente
3081 683 3423 737 annullatur
3464 686 3681 740 utrius-

1989 782 2102 836 que
2134 768 2458 823 testamenti
2498 768 2753 823 scientia.

2060 856 2231 912 Vens.
2267 859 2350 909 15.
2381 887 2447 896 -
2482 877 2508 902 α
2538 856 2747 912 Omnes
2794 857 3066 927 nequitia
3105 873 3303 914 eorum
3348 860 3407 914 in
3455 859 3677 930 Galgal,

1994 964 2016 992 ι
2051 947 2190 1014 quia
2225 945 2300 1001 ibi
2331 959 2426 1000 eos
2465 959 2673 1001 exosos
2717 945 2914 1000 habui.
2944 967 2970 993 ››
3025 947 3220 1017 Galgal
3270 948 3680 1016 interpretatur

1987 1032 2373 1086 volutabrum:
2429 1035 2614 1088 Omnes
2662 1045 2798 1101 ergo
2836 1048 3017 1086 eorum
3060 1035 3313 1103 nequitia:
3359 1038 3418 1088 in
3462 1037 3679 1088 voluta-

1988 1122 2100 1187 bra,
2151 1121 2291 1190 quia
2351 1128 2465 1175 tota
2511 1134 2711 1175 eorum
2762 1120 2963 1176 vitioso
3027 1122 3368 1191 frequentia,
3426 1122 3680 1179 libidinis

1987 1209 2165 1264 solius
2203 1209 2508 1264 lentesccre
2539 1208 2677 1263 solet
2704 1216 2759 1262 et
2789 1211 3091 1264 extenuari
3125 1211 3232 1266 sub
3273 1212 3428 1266 vitio.
3478 1211 3679 1277 Quan-

1988 1305 2282 1367 tacunque
2309 1296 2463 1352 enim
2496 1297 2552 1351 in
2595 1296 2853 1366 quolibet
2879 1298 3208 1364 credulitas,
3241 1307 3680 1369 quantumcun-

1987 1401 2102 1456 que
2146 1386 2396 1455 superba
2423 1386 2706 1455 majestas,
2741 1385 2813 1439 ad
2844 1386 2897 1440 id
2930 1386 3159 1441 molitiei
3194 1388 3423 1442 tandem
3471 1388 3676 1457 despu-

1984 1489 2144 1530 mare
2176 1489 2243 1529 ac
2271 1474 2461 1529 reﬂari
2492 1474 2868 1544 dignoscitur.
2905 1474 3114 1545 Magna
3154 1474 3490 1541 Alexandri,
3553 1490 3680 1530 ma-

1989 1577 2104 1633 gna
2132 1563 2373 1619 Casaris
2398 1563 2784 1632 undecunque
2827 1562 3086 1618 ferocitas
3128 1563 3412 1619 multoties
3467 1564 3681 1619 Sarda-

1919 1626 1960 1681 B
1989 1626 2177 1721 napali
2210 1660 2295 1707 est
2335 1660 2569 1719 experta
2612 1626 2956 1720 temperiem,
3003 1653 3234 1721 etquod
3286 1652 3491 1707 Indum
3540 1667 3682 1707 con-

1987 1741 2250 1796 tinuabat
2278 1738 2499 1795 Oceano
2530 1739 3006 1795 muliercularum
3039 1741 3240 1795 vilium
3284 1741 3682 1796 miserabiliter

1985 1826 2429 1896 circumscripsit
2454 1835 2736 1897 aspectus.
2773 1830 2990 1883 Exosos
3014 1828 3123 1884 sibi
3159 1830 3308 1884 Deus
3342 1844 3438 1885 eos
3488 1830 3678 1895 habet,

1986 1917 2125 1985 quia
2176 1915 2396 1971 rabiem
2443 1916 2690 1971 efferata
2740 1916 2982 1972 licentia
3044 1932 3159 1972 non
3213 1919 3477 1973 sustinet.
3539 1918 3682 1973 Nota

1984 2004 2188 2059 diluvii
2234 2018 2457 2069 causas,
2491 2012 2545 2059 et
2574 2018 2608 2058 a
2642 2005 2918 2073 propheta
2951 2005 3225 2074 appellari
3273 2007 3423 2061 hanc
3471 2013 3680 2074 pestem

1985 2107 2103 2148 non
2132 2092 2298 2147 aliter
2318 2104 2494 2161 quam
2529 2092 2798 2147 malleum
2830 2092 3115 2148 universa
3147 2102 3329 2148 terra.
3370 2117 3390 2142 ι
3444 2094 3679 2163 Propter

1990 2201 2012 2227 ι
2050 2180 2327 2235 malitiam
2392 2180 2869 2236 adinventionum
2930 2196 3131 2237 eorum
3180 2182 3250 2237 de
3314 2182 3481 2237 domo
3554 2196 3680 2237 mea

1991 2289 2013 2317 ι
2048 2269 2273 2339 ejiciam
2315 2282 2440 2336 eos;
2481 2283 2597 2323 non
2645 2268 2853 2323 addam
2910 2277 2971 2324 ut
3026 2269 3260 2339 diligam
3306 2283 3420 2325 eos.
3466 2291 3487 2317 ι
3535 2272 3678 2325 Cum

1986 2357 2119 2427 quis
2147 2356 2651 2412 consuetudinarie
2675 2364 2884 2426 peccat,
2908 2367 3206 2427 utcunque
3235 2357 3525 2413 tolerabile
3572 2365 3675 2424 est,

1985 2459 2116 2500 cum
2175 2452 2365 2500 autem
2433 2446 2715 2500 novitates
2786 2446 3168 2500 adinveniunt
3235 2445 3565 2512 criminum,
3625 2452 3680 2500 et

1982 2533 2115 2603 jura
2146 2533 2435 2603 quispiam
2467 2539 2691 2588 natura
2727 2534 3165 2603 transgreditur,
3220 2535 3378 2589 bonis
3407 2534 3677 2589 omnibus

1987 2621 2303 2677 inaudibile
2334 2629 2437 2688 est,
2472 2637 2542 2676 ne
2570 2621 2706 2676 dum
2743 2623 2874 2688 Deo,
2908 2623 3009 2692 qui
3042 2622 3368 2679 inventores
3394 2622 3677 2678 malorum

1986 2717 2147 2765 tanta
2183 2709 2479 2765 atrocitate
2518 2709 2787 2777 trucidat,
2822 2718 2884 2765 ut
2920 2725 3016 2765 eos
3063 2711 3460 2766 memorabiles
3508 2725 3676 2780 pere-

1987 2800 2168 2870 grina
2194 2800 2390 2854 mortis
2415 2798 2615 2853 reddat
2644 2799 2927 2868 exemplo,
2961 2800 3116 2869 quod
3151 2800 3360 2868 passim
3414 2799 3673 2868 Scriptu-

173 2890 318 2956 vidi,
372 2889 427 2943 id
470 2867 573 2953 eSt,
625 2887 775 2942 sicut
833 2886 973 2950 vidi,
1017 2885 1287 2954 Ephraim
1326 2889 1444 2973 erat
1491 2885 1640 2940 sicut
1696 2867 1956 2973 Tyrus
1992 2867 2186 2943 rarum
2228 2888 2412 2943 elucet
2466 2867 2993 2943 testimonio.7Hosv
3016 2888 3085 2942 de
3133 2867 3303 2942 domo
3351 2901 3457 2942 sua
3504 2867 3676 2957 ejicit,

176 2978 421 3043 fundata
470 2980 526 3029 in
572 2976 997 3044 pulchritudine.
1045 2974 1321 3043 Ephraim
1366 2972 1537 3041 Tyrus
1583 2982 1686 3040 est,
1737 2973 1877 3042 quia

178 3065 279 3122 illa
311 3065 585 3135 frugifera
617 3064 904 3129 voluntas,
948 3077 1077 3132 qua
1106 3076 1225 3117 sua
1273 3069 1328 3117 et
1360 3061 1676 3117 multorum
1726 3061 1879 3117 utili-

174 3156 304 3222 tati,
352 3156 491 3210 dum
550 3161 699 3209 recte
742 3151 1078 3216 intenderet,
1114 3150 1416 3215 militabat,
1459 3165 1618 3205 nunc
1665 3151 1723 3204 in
1773 3164 1872 3205 an-

179 3254 352 3316 gusto
373 3242 688 3313 reponitur,
718 3242 856 3296 dum
885 3240 1004 3295 solo
1027 3239 1283 3294 humano
1314 3238 1492 3293 favori
1523 3253 1623 3308 spe
1656 3252 1877 3308 pauper

179 3334 499 3403 adequitat.
562 3332 749 3400 Tyrus
793 3330 945 3384 enim
994 3329 1320 3393 Angustiam
1364 3334 1545 3382 sonat.
1601 3327 1727 3383 Vox
1777 3327 1875 3382 Dei

176 3429 261 3476 est
305 3436 318 3474 :
353 3422 421 3476 Ut
451 3420 587 3485 vidi,
612 3418 819 3488 inquit,
860 3417 912 3472 id
935 3424 1017 3472 est
1040 3417 1328 3485 quomodo
1368 3415 1427 3469 in
1471 3416 1696 3470 deitatis
1736 3429 1875 3471 mea

177 3507 654 3571 consideratione,
708 3505 1028 3576 perpendi:
1081 3504 1353 3572 Ephraim
1393 3510 1518 3559 erat
1574 3517 1876 3572 compara-

180 3599 300 3654 tive
346 3598 552 3665 Tyrus.
607 3596 675 3651 Et
723 3595 844 3650 hac
889 3593 1129 3659 fundata
1173 3595 1234 3646 in
1278 3592 1686 3661 pulchritudine
1730 3598 1873 3657 erat,

179 3685 323 3755 quia
353 3686 411 3739 in
439 3683 706 3739 exteriori
761 3681 1100 3737 habitudine
1130 3682 1299 3751 capti
1343 3680 1547 3749 operis,
1590 3693 1708 3749 qua
1767 3678 1876 3734 sibi

179 3782 235 3829 et
263 3773 394 3829 aliis
425 3772 776 3841 complacere
806 3770 1154 3834 decreverat,
1205 3783 1324 3824 sua
1367 3767 1698 3823 intentionis
1735 3766 1876 3823 fun-

179 3862 454 3917 damenta
484 3866 767 3930 posuerat,
804 3866 867 3913 ut
897 3859 954 3913 in
978 3872 1042 3913 eo
1060 3857 1213 3927 quod
1234 3857 1370 3912 foris
1386 3857 1727 3924 ostenderet,
1761 3870 1875 3912 non

184 3951 287 4006 Dei
316 3950 521 4015 virtus,
554 3948 646 4004 sed
680 3960 787 4003 sua
818 3945 1189 4016 pulchritudo
1214 3952 1542 4014 patesceret.
1583 3944 1705 4010 Quo
1734 3959 1877 4000 con-

185 4046 276 4095 tra
307 4038 363 4093 in
392 4037 609 4108 psalmo
642 4052 654 4090 :
684 4059 704 4084 ι
740 4034 850 4099 Sic,
882 4035 1091 4105 inquit,
1127 4034 1184 4088 in
1217 4042 1413 4089 sancto
1461 4034 1703 4103 apparui
1753 4034 1873 4098 tibi,

185 4134 252 4183 ut
282 4127 531 4181 viderem
559 4125 827 4179 virtutem
852 4125 1020 4193 (Psal.
1056 4137 1189 4183 Lxu.
1223 4121 1300 4191 3),
1325 4142 1351 4172 ι)
1386 4137 1498 4177 non
1532 4136 1715 4177 meam
1735 4137 1875 4191 esse,

1989 2990 2136 3045 quos
2169 2989 2203 3030 a
2256 2976 2538 3031 bonorum
2579 2974 2882 3037 consortio.
2934 2976 3037 3045 qui
3093 2984 3229 3031 sunt
3287 2990 3393 3031 sua
3451 2975 3675 3041 domus,

1981 3063 2255 3119 excludit.
2284 3064 2353 3119 Ut
2382 3063 2586 3134 diligat
2609 3078 2703 3120 eos
2733 3079 2846 3119 non
2880 3064 3054 3130 addit,
3084 3065 3225 3134 quia
3267 3063 3368 3133 qui
3430 3062 3677 3117 aliorum

1982 3151 2336 3221 corruptioni
2364 3166 2593 3220 operam
2622 3151 2844 3215 dedere,
2882 3152 2967 3207 vel
2999 3165 3105 3207 sua
3134 3163 3506 3221 nequaquam
3556 3163 3679 3219 per-

1984 3240 2197 3295 ditione
2251 3240 2501 3294 contenti
2553 3241 2610 3295 in
2667 3241 2975 3310 rcprobnm
3032 3254 3263 3295 sensum
3328 3239 3529 3293 merito
3584 3251 3679 3293 eos

1983 3329 2178 3385 tradit.
2212 3350 2233 3377 α
2265 3327 2475 3384 Omnes
2505 3328 2788 3397 principes
2816 3343 3015 3384 eorum
3056 3329 3400 3384 recedentes.
3440 3348 3461 3375 ι
3510 3328 3679 3381 Prin-

1983 3420 2152 3488 cipes,
2183 3424 2246 3473 ut
2277 3430 2456 3486 supra
2506 3420 2735 3487 sapius.
2786 3432 2988 3473 sensus
3030 3425 3166 3472 sunt
3213 3416 3546 3471 exteriores.
3608 3414 3677 3470 Hi

1983 3511 2120 3561 sunt
2162 3504 2478 3567 recedentes,
2532 3519 2835 3573 nunquam
2880 3504 3142 3559 videlicet
3184 3519 3242 3559 se
3288 3503 3438 3559 intra
3476 3517 3535 3558 se
3584 3517 3676 3559 co-

1984 3593 2262 3658 hibentes,
2298 3593 2394 3647 sed
2432 3606 2491 3647 se
2530 3605 2630 3660 per
2675 3590 2963 3646 exteriora
3010 3598 3363 3660 spargentes.
3415 3589 3575 3645 Unde
3623 3598 3678 3645 et

1984 3680 2159 3751 paulo
2190 3694 2368 3749 supra
2390 3681 2459 3735 de
2487 3680 2655 3735 domo
2686 3693 2792 3733 sua
2812 3694 2871 3734 sc
2890 3680 3209 3748 ejecturum
3240 3691 3334 3733 eos
3370 3677 3678 3732 commina-

1987 3777 2100 3835 tur,
2136 3769 2290 3837 quod
2326 3768 2388 3822 fit
2420 3782 2552 3824 cum
2580 3781 2614 3821 a
2646 3776 2849 3834 mente,
2900 3781 3030 3837 qua
3070 3767 3167 3821 Dei
3219 3766 3379 3822 sedes
3415 3780 3534 3822 esse
3573 3765 3676 3821 de-

1985 3858 2209 3923 buerat,
2245 3856 2312 3911 ad
2364 3855 2658 3911 tractanda
2697 3855 2815 3910 sola
2863 3855 3128 3910 forastica
3173 3854 3517 3910 sensualitas
3562 3854 3676 3909 Deo

1976 3945 2171 4017 judice
2200 3943 2597 4015 proturbatur.

2055 4033 2229 4090 VERS.
2274 4030 2458 4086 16.‘—
2492 4055 2510 4080 α
2568 4032 2881 4088 Percussus
2914 4039 2998 4087 est
3036 4031 3332 4102 Ephraim,
3380 4031 3549 4087 radix
3592 4045 3678 4087 eo-

1989 4144 2010 4171 ι
2041 4136 2172 4178 rum
2202 4121 2490 4177 exsiccata
2518 4129 2621 4185 est,
2659 4120 2910 4177 fructum
2961 4135 3334 4191 nequaquam
3377 4120 3607 4176 facient.
3648 4142 3668 4168 ι

186 4217 284 4272 sed
316 4223 473 4270 tuam
502 4214 713 4269 nedum
734 4212 995 4281 gloriam.
1029 4232 1050 4258 -
1081 4211 1355 4281 Ephraim
1384 4210 1585 4266 educet
1610 4210 1682 4265 ad
1712 4211 1875 4266 inter-
1913 4216 1955 4270 Ι)
1985 4208 2255 4277 Ephraim
2320 4209 2658 4279 percutitur,
2710 4224 2838 4265 cum
2904 4216 3089 4265 status
3140 4209 3469 4273 voluntatis,
3545 4221 3676 4278 qua

187 4304 452 4360 fectorem
481 4303 627 4357 filios
656 4315 807 4356 suos.
847 4322 866 4347 ι
911 4299 1184 4369 Ephraim
1226 4299 1399 4354 habet
1445 4299 1609 4367 filios,
1643 4299 1876 4368 quando

186 4392 455 4447 voluntas
483 4390 716 4445 effectus
755 4387 939 4443 exerit
979 4387 1178 4442 bonos.
1215 4387 1329 4442 Hos
1374 4394 1565 4442 tamen
1595 4387 1665 4441 ad
1700 4387 1873 4442 inter-

183 4480 449 4536 fectorem
478 4477 688 4540 educit,
722 4476 956 4546 quando
982 4474 1052 4529 ad
1083 4488 1247 4530 suam
1278 4475 1531 4543 ipsorum
1565 4475 1872 4543 perniciem

182 4567 548 4623 adulatorum
582 4564 797 4634 linguis
823 4562 1076 4633 exponit.

250 4657 417 4712 Vens.
455 4655 536 4708 14.
578 4683 647 4692 —-
691 4675 711 4701 α
779 4653 863 4707 Da
918 4651 1021 4716 eis,
1062 4648 1321 4705 Domine.
1363 4648 1511 4716 Quid
1551 4648 1716 4704 dabis
1752 4648 1874 4704 eis?

188 4767 207 4792 ι
246 4745 328 4800 Da
358 4742 440 4799 eis
471 4742 705 4798 vulvam
752 4741 875 4796 sine
920 4739 1135 4796 liberis.
1172 4760 1191 4787 ι
1249 4738 1375 4795 Vox
1415 4739 1724 4807 propheta,
1773 4745 1874 4794 aut

180 4833 487 4904 cujuslibet
518 4831 699 4886 sancti
732 4830 841 4885 viri
875 4836 1036 4884 tanta
1066 4826 1355 4897 hypocrisi
1398 4826 1623 4881 irritati.
1663 4829 1746 4880 Da
1774 4828 1870 4892 eis,

184 4923 429 4987 Domine,
462 4919 518 4974 id
561 4926 645 4975 est
694 4916 917 4988 aliquid
964 4916 1047 4972 eis
1094 4914 1436 4971 incommodi
1488 4914 1874 4984 inprasentia-

180 5024 303 5065 rum
340 5009 595 5065 restitue.
630 5007 699 5062 Et
729 5005 871 5076 quid
903 5004 1135 5075 dignius
1163 5002 1245 5059 eis
1269 5002 1406 5058 dare
1431 5003 1659 5072 poteris,
1692 5017 1868 5073 quam

181 5106 241 5155 ut
294 5097 558 5160 vulvam,
604 5095 659 5151 id
709 5102 795 5151 est
846 5092 1338 5162 conceptaculum.
1390 5104 1507 5161 qua
1553 5091 1869 5147 libertatem

182 5185 433 5243 benevoli
480 5192 643 5240 actus
691 5183 986 5253 recipiant.
1039 5195 1158 5236 non
1209 5179 1497 5235 habeant?
1547 5179 1748 5236 Melius
1786 5187 1871 5237 est

177 5275 322 5331 enim
368 5273 588 5330 bonum
636 5286 784 5341 opus
829 5285 933 5327 nec
979 5268 1272 5325 affectasse
1318 5282 1495 5337 quam
1542 5266 1869 5324 affectatum

178 5363 484 5420 simulacro
552 5360 747 5431 aliquo
807 5359 932 5415 falsi
982 5357 1179 5428 operis
1225 5356 1560 5427 perdidisse.
1612 5355 1664 5412 Si
1700 5356 1865 5413 liberi

178 5453 450 5508 dicuntur
505 5450 644 5519 quia
704 5448 895 5504 servili
943 5446 1100 5516 operi
1150 5459 1263 5500 non
1317 5444 1674 5511 subdantur,
1730 5459 1867 5515 ergo

1986 4296 2137 4368 frugi
2167 4311 2288 4353 esse
2325 4297 2621 4365 debuerat,
2659 4312 2692 4352 a
2727 4298 2867 4354 bene
2898 4298 3136 4353 volendo
3179 4297 3514 4354 conteritur.
3564 4299 3674 4353 Ra-

1985 4387 2084 4440 dia
2115 4403 2320 4453 eorum,
2355 4388 2409 4443 id
2439 4395 2522 4443 est
2546 4388 2671 4457 ejus
2703 4388 2981 4443 motivum
3021 4387 3367 4450 exsiccatur,
3411 4402 3543 4443 cum
3586 4386 3670 4441 iu-

1983 4476 2158 4530 tentio
2201 4488 2236 4530 a
2265 4476 2475 4531 divina
2504 4477 2624 4546 spei
2673 4476 2862 4531 virore
2913 4474 3164 4531 arefacta
3209 4482 3488 4531 cassatur.
3539 4473 3675 4540 Qua

1982 4564 2185 4618 merito
2212 4564 2381 4619 radix
2410 4564 2640 4631 dicitur,
2675 4565 2812 4634 quia
2845 4566 2914 4620 ab
2961 4564 3079 4633 ipsa
3107 4563 3344 4633 emergit
3385 4561 3673 4632 quidquid

1980 4651 2153 4707 vitale
2185 4652 2499 4723 peragitur.
2549 4655 2806 4707 Fructum
2845 4666 3189 4721 nequaquam
3232 4651 3457 4717 facient,
3510 4649 3670 4719 quia,

1981 4740 2129 4795 sicut
2153 4739 2544 4810 cogitationes,
2591 4740 2673 4796 sic
2714 4754 2889 4810 opera
2924 4740 2997 4795 ab
3040 4738 3193 4794 omni
3245 4738 3492 4794 utilitate
3527 4738 3673 4793 defi-

1981 4829 2142 4884 ciunt
2174 4851 2194 4877 ι
2229 4828 2388 4895 Quod
2430 4828 2534 4884 etsi
2579 4829 2905 4899 genuerint,
2960 4826 3297 4882 interticiam
3345 4825 3669 4882 amantissi-

1981 4936 2007 4968 »
2039 4931 2133 4972 ma
2162 4918 2307 4973 uteri
2348 4931 2569 4973 eorum.
2599 4939 2620 4964 ι
2668 4915 2946 4982 Gignunt,
3001 4929 3135 4971 cum
3184 4914 3402 4985 aliquid
3459 4922 3671 4971 natura

1979 5013 2236 5077 cogente,
2266 5021 2398 5076 qua
2426 5006 2563 5061 boni
2589 5019 2796 5075 expers
2824 5018 2945 5060 esse
2978 5018 3091 5059 non
3124 5003 3292 5069 valet,
3340 5002 3428 5072 pie
3462 5010 3666 5073 agunt.

1979 5094 2255 5151 Interﬁcit
2303 5109 2436 5150 vero
2478 5095 2631 5150 Deus
2687 5094 3072 5149 amantissima
3108 5095 3252 5147 uteri
3288 5107 3484 5155 eorum.
3532 5105 3668 5148 cum

1979 5183 2266 5254 quidquid
2304 5184 2363 5238 in
2412 5183 2775 5249 conscientia,
2828 5181 2914 5237 vel
2966 5180 3288 5237 secundum
3333 5180 3529 5236 saculi
3574 5181 3671 5236 ho-

1977 5278 2276 5340 nestatem,
2309 5271 2401 5327 vel
2448 5270 2765 5328 secundum
2822 5269 3147 5326 naturalem
3171 5269 3481 5326 bonitatem
3528 5283 3671 5325 con-

1976 5366 2128 5414 stare
2157 5367 2396 5428 poterat,
2430 5359 2501 5414 ad
2532 5358 2833 5415 cumulum
2853 5357 3056 5428 judicii
3079 5358 3332 5429 dissipat,
3366 5365 3421 5414 et
3448 5358 3671 5429 disper-

1974 5446 2075 5503 dit.
2110 5449 2517 5501 Amantissima
2548 5453 2740 5502 autem
2778 5446 2910 5502 dicit
2941 5448 3084 5501 uteri
3113 5446 3400 5518 quidquid
3447 5447 3671 5516 gratius
