3924 6088
238 166 331 219 391
1127 164 1185 218 V.
1230 162 1562 223 GUIBERTI
1600 163 1891 221 ABBATIS
1927 164 1984 221 S.
2028 159 2267 221 MANE
2308 160 2394 219 DE
2434 162 2830 221 NOVIGENTO

3630 168 3737 221 392

239 299 391 356 intra
411 300 587 356 animi
617 301 810 357 sinum
857 299 930 355 ad
969 313 1194 356 morum
1250 300 1588 370 probitatem
1638 301 1928 371 pertinens
1965 304 2007 357 A
2036 315 2152 371 quo
2215 302 2326 356 Deo
2384 299 2692 370 postposito
2736 300 3020 370 respectui
3060 307 3287 356 terreno
3366 301 3735 358 incumbunt.

239 389 412 457 possit
442 389 657 445 haberi.

312 477 478 533 Vens.
509 482 591 531 l7.
624 507 689 516 -ο
734 499 755 525 ι
808 475 1028 545 Abjicet
1053 490 1149 530 eos
1192 476 1344 531 Deus
1384 490 1568 543 meus,
1626 478 1766 546 quia
1816 492 1931 532 non

242 588 263 613 ι
298 566 609 621 audierunt
638 579 791 631 eum,
821 572 876 618 et
904 573 1075 619 erunt
1101 563 1235 633 vagi
1261 565 1317 618 in
1346 564 1697 621 nationibus.
1731 587 1751 613 ι
1787 564 1933 631 Quia

236 654 413 709 Deum
459 667 572 707 non
623 652 888 718 audiunt,
935 654 1073 706 Deus
1106 666 1190 705 eos
1233 651 1448 721 abjicit,
1486 652 1627 721 quia
1671 653 1934 709 videlicet

235 742 375 796 dum
405 753 777 810 nequaquam
805 740 919 795 Deo
964 739 1194 795 obedire
1224 740 1543 809 patiuntur,
1576 749 1631 796 et
1676 755 1844 797 aures
1880 741 1929 795 ei

234 828 543 883 obstruunt
572 828 918 894 animorum,
951 827 1023 883 ob
1055 828 1460 896 reprobitatem
1494 828 1627 884 vitae
1656 844 1750 885 eos
1787 845 1853 885 ac
1885 854 1927 885 si

235 915 547 986 abjectivos
590 916 853 971 ostendit.
914 915 1060 983 Vagi
1106 920 1166 968 in
1216 918 1527 970 nationibus
1585 925 1740 984 sunt,
1792 918 1931 972 dum

234 1019 335 1074 per
365 1004 504 1059 vitia
540 1005 813 1059 universa
860 1018 919 1059 se
962 1012 1265 1074 spargunt.
1313 1004 1586 1060 Nationes
1626 1019 1727 1075 pro
1776 1005 1934 1061 vitiis

232 1092 387 1163 poni,
411 1092 457 1148 si
490 1107 603 1148 non
633 1092 794 1158 alias,
842 1101 1038 1162 gentes
1057 1093 1279 1151 saltem.
1321 1107 1469 1162 quas
1505 1094 1712 1149 evertit
1740 1094 1930 1149 Domi-

233 1195 346 1237 nus
382 1188 515 1236 ante
548 1179 693 1236 filios
724 1179 919 1245 Israel,
960 1181 1231 1236 innuunt.

912 1318 1145 1377 CAPUT
1186 1321 1256 1376 Χ.

307 1444 477 1499 Vsas.
511 1446 559 1497 t.
604 1473 673 1482 —
723 1467 743 1491 ι
794 1442 935 1498 Vitis
981 1442 1250 1499 frondosa
1300 1444 1493 1512 Israel,
1546 1446 1768 1501 fructus
1827 1447 1935 1502 ad-

238 1556 260 1583 ι
291 1540 559 1603 aequatus
604 1539 689 1586 est
735 1530 801 1586 ei.
852 1532 1179 1587 Secundum
1227 1533 1652 1589 multitudinem
1712 1534 1936 1592 fructus

242 1643 262 1668 ι
298 1621 386 1676 sui
416 1619 822 1688 multiplicavit
843 1618 1065 1674 altaria.
1106 1640 1126 1666 ι
1171 1621 1337 1673 Israel
1366 1623 1495 1675 vitis
1523 1623 1786 1687 frondosa
1827 1632 1929 1689 est,

235 1722 366 1764 cum
424 1708 502 1772 hi,
567 1707 665 1777 qui
715 1721 816 1777 per
874 1707 1301 1777 Scripturarum
1360 1709 1656 1764 scientiam
1722 1711 1790 1766 de
1838 1711 1930 1766 Dei

234 1798 471 1862 visione,
522 1795 576 1850 id
612 1802 694 1851 est
742 1795 1068 1865 cognitione
1120 1810 1177 1851 se
1207 1797 1449 1867 jactant,
1500 1798 1621 1853 sine
1665 1799 1934 1868 operibus

235 1885 348 1940 sibi
417 1884 728 1940 verborum
794 1883 1245 1954 multiplicitates
1310 1894 1685 1956 exaggerant.
1765 1888 1936 1941 Israel

234 1977 366 2028 vitis
390 1973 654 2041 frondosa
677 1972 754 2040 lit,
788 1985 917 2027 cum
953 1970 1073 2026 sola
1123 1970 1311 2027 inanis
1338 1972 1680 2042 eloquentiae
1727 1988 1936 2044 pompa

239 2077 298 2117 se
328 2060 598 2132 contegit.
635 2060 791 2116 Sicut
817 2073 952 2129 ergo
984 2059 1157 2114 Israel
1196 2059 1315 2114 solo
1364 2059 1613 2128 nomine,
1669 2061 1749 2117 sic
1805 2063 1936 2117 vitis

241 2150 362 2206 sine
389 2163 575 2220 opere.
607 2149 840 2202 Fructus
866 2150 916 2202 ei
945 2147 1308 2217 adaequatur,
1346 2163 1475 2204 cum
1510 2162 1677 2204 vanae
1725 2149 1936 2220 loqua-

240 2238 395 2295 citati
444 2226 591 2307 opus
633 2237 989 2307 subsequens
1038 2237 1342 2306 respondet
1389 2236 1732 2293 omnimodae
1776 2238 1934 2294 falsi-

243 2327 387 2383 tatis.
469 2325 779 2382 Secundum
819 2325 1222 2379 multitudinem
1277 2327 1493 2391 fructus
1555 2328 1645 2380 sui
1729 2328 1936 2381 altaria

241 2414 606 2485 multiplicat,
666 2413 723 2468 id
778 2420 861 2468 est
904 2412 1076 2483 juxta
1133 2412 1564 2481 exercitiorum,
1631 2428 1761 2484 quae
1834 2429 1937 2484 per

241 2504 592 2575 hypocrisim
641 2502 808 2568 fiunt,
846 2501 1250 2571 quantitatem,
1287 2501 1483 2557 titulos
1520 2500 1625 2556 sibi
1667 2502 1934 2558 adulato-

241 2593 342 2649 riae
372 2590 736 2663 vulgaritatis
758 2589 1105 2645 accumulat.
1145 2612 1163 2637 ι
1189 2590 1365 2644 Juxta
1405 2590 1722 2645 ubertatem
1769 2597 1934 2647 terra;

249 2704 269 2729 ι
303 2695 419 2736 suae
448 2680 786 2736 exuberavit
814 2677 1155 2733 simulacris.
1191 2698 1212 2724 ι
1238 2677 1412 2733 Terra
1449 2678 1750 2747 exuberat,
1801 2693 1930 2735 cum

243 2769 586 2841 insignibus,
619 2769 715 2825 sed
749 2767 892 2823 ﬁctis
920 2766 1193 2836 operibus
1218 2774 1474 2822 nostrum
1504 2780 1713 2836 corpus
1740 2767 1935 2823 abun—

242 2858 356 2913 dat.
391 2860 608 2927 Corpus
634 2864 827 2912 autem
859 2869 974 2910 non
1030 2868 1187 2909 mens
1235 2862 1526 2923 operatur,
1572 2869 1704 2910 cum
1749 2864 1934 2911 mente

242 2960 429 3002 vacua
456 2953 510 3001 et
541 2944 788 3014 insipida
827 2943 898 2998 ad
949 2943 1055 2998 hoc
1088 2942 1220 2998 boni
1262 2942 1556 3012 quippiam
1607 2942 1688 3010 fit,
1743 2951 1806 3000 ut
1856 2959 1935 2999 so-

242 3033 534 3091 lummodo
584 3032 866 3088 videatur.
915 3031 1062 3098 Quot
1107 3044 1244 3100 ergo
1286 3037 1423 3086 sunt
1469 3044 1660 3099 opera,
1728 3040 1805 3088 tot
1860 3034 1929 3087 ad

244 3124 530 3178 humanos
558 3121 780 3176 favores
811 3118 973 3190 quasi
1016 3118 1326 3189 eriguntur
1354 3118 1685 3174 simulacra.

340 3211 512 3266 Vens.
540 3212 686 3264 2.—
722 3231 741 3257 ‹
797 3209 1056 3264 Divisum
1101 3214 1185 3263 est
1230 3221 1329 3262 cor
1374 3220 1595 3263 eorum.
1634 3228 1660 3257 »
1711 3209 1813 3265 Cor
1841 3225 1932 3263 eo-

242 3316 365 3355 rum
405 3299 704 3366 dividitur,
760 3297 895 3352 dum
934 3296 1092 3350 aliud
1128 3294 1183 3348 in
1230 3309 1397 3363 opere
1424 3304 1743 3364 exercetur,
1777 3297 1934 3352 aliud

245 3390 303 3446 in
354 3397 542 3445 mente
599 3393 897 3443 tractatur.
957 3386 1234 3448 Quaerunt
1302 3384 1455 3440 enim
1509 3386 1567 3440 in
1621 3384 1936 3442 intentione

243 3477 493 3544 laudem,
554 3489 686 3531 cum
716 3472 1075 3530 extrinsecus
1137 3473 1246 3527 Deo
1292 3487 1627 3549 congruum
1666 3473 1935 3529 studeant

245 3565 431 3636 specie
475 3571 641 3620 tenus
687 3561 961 3617 exhibere
1010 3559 1283 3616 laborem.
1329 3560 1490 3617 Unde
1543 3568 1598 3616 et
1638 3560 1937 3631 Apostolus

244 3668 378 3709 eum
411 3651 513 3723 qui
539 3665 672 3707 cum
715 3662 895 3705 uxore
928 3655 1032 3715 est,
1066 3650 1222 3704 circa
1263 3649 1560 3705 mundana
1604 3650 1933 3716 sollicitum,

245 3742 383 3798 dicit
409 3754 528 3796 esse
556 3738 804 3794 divisum
835 3738 894 3807 (I
916 3740 1045 3793 Cor.
1079 3752 1178 3805 vn,
1216 3738 1328 3807 33),
1358 3738 1494 3794 dum
1544 3737 1757 3794 scilicet
1805 3739 1938 3794 hinc

240 3831 339 3902 jus
396 3835 602 3885 tractat
656 3829 953 3893 uxorium,
1030 3826 1187 3882 illinc
1238 3826 1540 3896 aliquoties
1618 3836 1937 3896 respectare

245 3925 514 3974 monetur
543 3916 615 3971 ad
641 3916 835 3970 Deum.
878 3936 897 3963 σ
932 3914 1101 3970 Nunc
1126 3913 1471 3983 interibunt;
1522 3914 1639 3983 ipse
1679 3914 1938 3970 confrin-

246 4025 277 4059 ν
312 4014 403 4076 get
432 4004 742 4060 simulacra
773 4016 998 4069 eorum,
1037 4002 1479 4072 depopulabitur
1507 4015 1638 4057 aras
1667 4017 1882 4059 eorum.
1912 4023 1932 4052 ι

247 4094 440 4166 (Vnus.
471 4092 523 4163 3)
559 4114 580 4141 α
615 4090 759 4158 Quia
787 4105 946 4146 nunc
976 4089 1165 4146 dicent
1197 4105 1210 4144 :
1257 4089 1381 4146 Non
1420 4096 1503 4145 est
1552 4105 1653 4146 rex
1694 4091 1876 4147 nobis.
1912 4113 1932 4140 ι

244 4185 398 4240 Nunc
425 4180 747 4247 interibunt,
782 4179 837 4234 id
877 4187 982 4244 est,
1017 4179 1073 4233 in
1121 4179 1229 4234 hoc
1278 4178 1398 4248 ipso
1444 4186 1599 4235 statu
1645 4179 1934 4249 peribunt,

2039 390 2159 457 Ipse
2216 391 2511 444 simulacra
2551 404 2730 443 eorum
2790 387 3115 460 confringit,
3170 403 3303 444 cum
3352 389 3589 459 spiritus
3627 403 3743 445 ex-

2039 478 2414 533 candescente
2454 477 2763 532 criminum
2806 491 2942 547 rogo
2990 478 3062 532 ad
3112 477 3382 545 pudenda
3435 486 3561 533 acta
3605 492 3743 547 pro-

2038 565 2251 632 siliens,
2308 566 2596 636 quidquid
2671 565 2814 621 falso
2882 565 3352 635 protendebatur,
3423 565 3737 621 imminuit.

2039 661 2186 707 Aras
2215 668 2395 707 eorum
2441 653 2842 722 depopulatur,
2894 667 3024 707 cum
3078 654 3366 722 proposita
3407 661 3464 708 et
3507 653 3740 708 institu-

2040 741 2222 797 tiones
2261 741 2466 797 exsilia
2512 742 2717 807 reddit,
2766 747 2905 795 QII
2963 749 3019 796 et
3059 742 3245 808 nulla,
3299 742 3514 811 quibus
3570 741 3742 811 quasi

2039 830 2280 885 summis
2307 837 2365 885 et
2388 829 2809 899 principalibus
2843 829 3223 885 innitebatur.
3264 848 3292 881 α
3325 828 3490 896 Quia,
3524 829 3737 899 inquit,

2040 932 2199 973 nunc
2231 918 2438 989 dicent.
2476 938 2503 964 ››
2537 917 2656 972 Hoc
2677 920 2761 972 est
2785 917 2973 973 dicere
3006 933 3018 972 :
3052 915 3198 982 Quia
3238 931 3396 973 nunc
3424 918 3736 981 intereunt,

2041 1005 2229 1062 dicent
2250 1020 2363 1061 non
2402 1013 2485 1061 est
2536 1019 2640 1061 rex
2682 1006 2861 1072 nobis,
2916 1006 2969 1060 id
3012 1014 3096 1061 est
3145 1005 3284 1075 quia
3334 1007 3743 1061 ostentationes

2043 1102 2254 1149 nostrae
2305 1094 2378 1149 ad
2420 1093 2689 1149 caecitatis
2746 1093 2986 1148 internae
3040 1101 3268 1148 traxere
3334 1107 3437 1147 nos
3486 1106 3738 1162 poenam,

2043 1182 2144 1253 qui
2175 1196 2280 1238 nos
2306 1189 2467 1252 regat
2506 1195 2620 1237 non
2663 1189 2749 1238 est
2794 1181 3000 1236 modus
3049 1182 3106 1235 in
3157 1180 3338 1236 nobis.
3372 1181 3532 1247 Quod
3582 1181 3740 1236 enim

2042 1270 2300 1341 spiritus,
2338 1270 2445 1327 hoc
2473 1283 2596 1338 rex,
2633 1270 2742 1325 hoc
2783 1278 2839 1325 et
2886 1270 3109 1325 modus.
3148 1291 3168 1318 ι
3221 1269 3344 1325 Non
3373 1268 3526 1324 enim
3568 1268 3740 1325 time-

2043 1373 2175 1414 mus
2201 1359 2542 1427 Dominum;
2594 1366 2650 1413 et
2681 1372 2799 1424 rex,
2856 1357 2998 1428 quid
3052 1357 3217 1414 faciet
3263 1355 3524 1413 nobis?»
3558 1356 3640 1412 Ac
3692 1358 3740 1411 si

2043 1446 2295 1502 dicerent
2329 1462 2340 1501 :
2375 1449 2518 1501 Cum
2569 1461 2772 1502 sumus
2803 1461 2837 1501 a
2889 1446 2983 1501 Dei
3032 1446 3233 1502 timore
3287 1446 3510 1510 nudati,
3569 1446 3740 1506 ratio.

2046 1550 2178 1604 quae
2230 1535 2349 1590 solo
2404 1535 2497 1590 Dei
2548 1535 2750 1590 timore
2802 1542 3045 1599 constat,
3099 1535 3241 1604 quid
3272 1534 3433 1589 nobis
3466 1534 3623 1603 pensi
3685 1542 3744 1588 et

1976 1597 2015 1652 Β
2047 1597 2323 1678 moderati
2353 1621 2566 1689 afferet,
2603 1636 2735 1678 cum
2758 1622 2997 1678 viduata
3026 1597 3132 1687 sit;
3154 1636 3226 1677 ex
3275 1637 3342 1677 eo
3390 1597 3545 1691 quod
3592 1635 3741 1690 pen—

2042 1710 2175 1767 det?
2230 1710 2348 1766 Nisi
2402 1710 2557 1765 enim
2612 1724 2738 1765 eam
2803 1710 2915 1765 Deo
2982 1710 3284 1765 fecerimus
3342 1708 3739 1779 appendicem,

2043 1799 2257 1855 frustra
2285 1812 2410 1854 eam
2443 1797 2689 1853 dicimus
2719 1797 3015 1853 rationem.
3542 1813 3555 1828 ι

2116 1888 2284 1944 Vens.
2316 1888 2369 1942 4.
2423 1917 2491 1925 -
2524 1908 2546 1936 ι
2602 1886 2931 1955 Loquimini
2981 1885 3158 1940 verba
3212 1886 3451 1941 visionis
3496 1886 3735 1950 inutilis,

2046 1997 2073 2026 »
2104 1985 2158 2031 et
2181 1975 2392 2030 ferietis
2425 1974 2636 2043 fmdus;
2667 1983 2722 2029 et
2753 1973 3097 2044 germinabit
3130 1972 3295 2043 quasi
3326 1972 3673 2027 amaritudo.
3705 1994 3736 2020 ››

2046 2065 2268 2119 Dicitur
2296 2064 2367 2118 ad
2399 2062 2591 2128 Israel,
2634 2063 2736 2132 qui
2772 2064 2860 2115 vir
2884 2063 3072 2115 videns
3102 2064 3267 2115 Deum
3313 2059 3525 2115 dicitur
3554 2060 3738 2114 inter-

2044 2151 2276 2223 pretari.
2334 2152 2414 2206 Ac
2447 2150 2495 2205 si
2526 2150 2739 2206 diceret
2772 2165 2785 2203 :
2818 2150 2933 2205 Vos
2972 2150 3100 2202 vitis
3145 2149 3429 2214 frondosa,
3462 2147 3568 2203 sub
3600 2161 3736 2217 pre-

2043 2241 2184 2296 tioso
2206 2240 2340 2295 vitis
2386 2239 2616 2295 nomine
2674 2252 2835 2294 mens
2878 2236 3203 2308 garrulitati
3268 2237 3502 2302 intenta,
3561 2250 3738 2305 super

2043 2330 2139 2384 Dei
2197 2328 2509 2399 agnitione,
2566 2327 2721 2397 quod
2777 2335 2860 2382 est
2924 2326 3087 2389 visio,
3147 2324 3374 2380 inutilia
3433 2324 3736 2394 loquimini

2044 2418 2239 2474 verba.
2279 2418 2346 2472 Et
2376 2416 2543 2485 plane
2573 2415 2817 2477 inutilia,
2844 2414 2983 2484 quia
3008 2415 3100 2469 det
3127 2414 3249 2469 sine
3292 2422 3481 2468 mente
3524 2425 3735 2467 sonum

2044 2504 2251 2561 locutio
2297 2503 2566 2560 fastuosa.
2604 2504 2733 2558 Haec
2781 2502 2947 2572 quasi
2976 2501 3190 2557 ironice
3246 2508 3383 2556 sunt
3433 2500 3600 2556 dicta.
3665 2499 3738 2554 Et

2042 2594 2252 2650 ferietis
2301 2594 2488 2648 foedus
2529 2594 2599 2648 de
2643 2592 2994 2647 continentia
3034 2591 3296 2646 videlicet
3345 2589 3597 2658 corporis
3647 2603 3733 2643 ve-

2042 2681 2164 2748 stri,
2192 2681 2347 2736 unde
2382 2679 2742 2751 gloriosiores
2780 2678 3111 2745 videamini,
3144 2691 3279 2733 cum
3311 2678 3505 2732 animo
3546 2683 3737 2730 vestro

2042 2769 2321 2826 stabilitas
2379 2776 2562 2838 pacta.
2631 2767 2733 2823 Sed
2800 2768 2904 2823 hoc
2966 2766 3150 2823 [(Βᾱιιε
3210 2765 3378 2835 quasi
3411 2762 3739 2819 amaritudo

1975 2892 2014 2946 ο
2044 2857 2346 2928 germinat,
2375 2857 2516 2926 quia
2536 2856 2721 2912 cordis
2753 2855 3093 2911 instabilitas
3133 2862 3189 2911 et
3226 2853 3417 2910 carnis
3469 2852 3738 2946 petulan-

2044 2948 2143 3013 tia,
2169 2960 2269 3016 per
2326 2945 2498 3001 totius
2543 2944 2921 3014 irruptionem
2967 2942 3350 2998 immunditiae
3389 2938 3737 2996 convenien-

2045 3037 2179 3092 tiam
2208 3034 2397 3090 subito
2430 3041 2646 3089 mutuae
2703 3032 3024 3102 sponsionis
3075 3031 3370 3086 amaricat.
3420 3029 3539 3085 Hoc
3582 3027 3740 3083 enim

2041 3132 2126 3180 est
2155 3138 2387 3194 germen
2423 3121 2756 3191 hypocrisis,
2790 3120 2945 3191 quod
2992 3121 3048 3175 in
3081 3128 3366 3176 momento
3398 3119 3511 3174 Deo
3553 3117 3743 3172 ultore

2041 3213 2255 3268 revelat
2287 3212 2472 3281 impiae
2505 3219 2719 3266 statum
2750 3210 2976 3265 mentis.
3011 3209 3172 3265 Unde
3220 3208 3520 3278 sequitur:

2121 3323 2141 3349 -
2176 3300 2485 3365 Iudicium,
2521 3299 2732 3369 inquit,
2753 3312 2927 3368 super
2957 3298 3145 3353 sulcos
3174 3297 3317 3367 agri.
3350 3318 3370 3343 υ
3427 3294 3576 3351 Sulci
3610 3294 3741 3364 agri

2044 3389 2273 3446 vexatio
2314 3396 2398 3445 est
2431 3395 2662 3457 propter
2694 3388 2873 3442 Deum
2919 3385 3191 3456 corporis.
3243 3382 3566 3454 Hypocritae
3610 3380 3740 3436 sul-

2044 3493 2141 3534 cos
2159 3491 2296 3548 agro
2327 3492 2432 3531 suo
2465 3476 2700 3542 faciunt,
2728 3475 2867 3530 dum
2900 3475 3193 3530 cruciatus
3223 3487 3326 3528 suo
3373 3471 3598 3541 corpori
3637 3484 3743 3540 per

2044 3566 2418 3622 abstinentias
2468 3563 2744 3619 inferunt.
2797 3563 2981 3632 Super
3015 3562 3118 3617 bos
3163 3561 3225 3616 fit
3249 3560 3556 3630 judicium,
3600 3572 3738 3613 cum

2046 3655 2201 3710 falsae
2237 3651 2557 3708 sanctitatis
2603 3651 2842 3707 evidens
2895 3649 3188 3714 omnibus,
3234 3649 3346 3704 Deo
3369 3645 3741 3718 propatulum

2046 3743 2303 3807 faciente,
2335 3742 2507 3798 datur
2539 3740 2832 3796 indicium.
2890 3739 3087 3795 Sulcos
3127 3737 3253 3807 agri
3282 3737 3363 3792 sic
3409 3737 3587 3791 solere
3645 3734 3741 3789 iu—

2046 3832 2219 3902 telligi
2284 3830 2546 3885 Salomon
2626 3836 2869 3884 testatur
2925 3843 2937 3882 :
3005 3845 3033 3880 ‹
3098 3827 3429 3897 Diligenter,
3524 3823 3736 3894 inquit,

2043 3931 2245 3973 exerce
2275 3930 2479 3988 agrum
2514 3923 2702 3980 tuum,
2739 3923 2799 3971 ut
2832 3922 3022 3985 postea
3048 3913 3294 3969 aedifices
3313 3912 3549 3967 domum
3572 3918 3733 3965 tuam

2046 4004 2229 4074 (Prov.
2265 4019 2420 4072 xxw,
2453 4004 2561 4073 27).
2585 4024 2613 4053 »
2652 4004 2719 4059 Et
2739 4004 2808 4059 de
2828 4017 2978 4072 equo
3005 4001 3101 4057 Dei
3130 4001 3234 4056 Job
3268 4016 3281 4054 :
3313 3997 3738 4065 «Terram,ait,

2049 4093 2271 4165 ungula
2303 4092 2439 4148 fodit
2470 4093 2587 4157 (Job
2616 4106 2812 4159 xxx1x,
2844 4089 2966 4160 2t);
2990 4104 3122 4145 cum
3145 4086 3392 4144 audierit
3412 4085 3738 4150 buccinam,

2046 4181 2183 4237 dicit
2211 4196 2223 4236 :
2260 4179 2423 4239 Vah!
2455 4180 2618 4250 (Ibid.
2642 4179 2757 4247 25.)
2790 4201 2812 4227 ι

1538 4354 1826 4399 EXPLICIT
1870 4355 2051 4399 LIBER
2098 4353 2434 4400 SECUNDUS.

1566 4691 1885 4765 LIBER
1966 4690 2426 4765 TERTIUS

482 4887 1729 4996 TBOPOLOGIARUM
1799 4889 1949 4992 IN
2047 4888 2405 4994 OSEE
2504 4883 3511 4992 CONTINUATIO.

316 5256 574 5313 Tertium
605 5255 662 5310 in
694 5254 840 5311 beati
866 5254 1004 5313 Osee
1054 5252 1198 5309 libro
1225 5253 1547 5309 libellulum
1596 5266 1941 5323 prtesumen-
1978 5254 2020 5308 Ι)
2053 5252 2289 5323 protulit
2320 5266 2542 5323 semper
2586 5258 2642 5307 et
2682 5251 2947 5322 proferet,
2997 5264 3030 5306 a
3073 5263 3182 5305 sua
3233 5246 3651 5304 illuminatione
3687 5253 3741 5300 et

245 5355 329 5404 tes
356 5347 555 5412 Deum,
591 5343 690 5415 qui
733 5342 985 5398 Trinitas
1011 5349 1113 5408 est,
1165 5355 1277 5396 non
1318 5348 1430 5396 tam
1476 5340 1717 5397 vocibus
1760 5354 1938 5411 quam

247 5433 512 5491 medullis
562 5444 817 5496 oramus,
859 5437 924 5486 ut
971 5429 1073 5500 qui
1111 5430 1267 5500 quod
1318 5428 1466 5495 vult,
1496 5442 1599 5499 per
1629 5441 1775 5499 quos
1816 5428 1938 5485 vult

2047 5342 2235 5396 calore
2279 5355 2393 5396 non
2444 5355 2533 5395 me
2585 5340 2837 5409 patiatur
2883 5338 3174 5404 abscondi,
3229 5345 3283 5392 et
3316 5335 3416 5407 qui
3464 5335 3568 5390 scit
3622 5332 3739 5389 solo

2048 5443 2167 5485 sua:
2213 5429 2597 5485 miserationis
2635 5427 2894 5495 obtentu,
2942 5440 3054 5482 non
3106 5426 3413 5482 securitate
3449 5435 3737 5493 perversa,
