3934 6086
108 262 210 314 393

817 253 1275 312 TROPOLOGIE
1314 256 1380 309 IN
1420 253 1617 325 OSEE,
1657 253 1839 310 AMOS
1878 254 1964 309 ΕΤ
2000 254 2150 308 JER.
2191 282 2261 293 —
2298 253 2430 307 LIB.
2474 253 2547 307 ll.
2598 252 2670 307 IN
2709 249 2913 307 OSEE.

3505 253 3610 306 394

107 400 296 446 tantas
322 388 726 459 mysteriorum
756 385 1123 441 difficultates
1160 397 1514 455 aggressum,
1549 383 1800 453 prosperi
1842 391 1887 443 A
1916 399 2093 452 regem
2138 400 2296 438 suum
2339 384 2575 438 transire
2625 382 2777 449 facit,
2829 396 2961 438 cum
3013 383 3313 438 exterioris
3365 383 3612 439 hominis

105 486 304 548 portus
327 479 451 547 jam
489 477 729 548 jamque
778 474 1017 530 haerenti
1043 479 1097 528 et
1124 472 1317 528 timido
1344 471 1539 543 largiri
1597 472 1801 542 digne-

105 575 199 623 ιιιῐ·
227 580 547 623 accessum.
825 603 829 606 ν

626 651 981 719 SEQUITUR
1015 649 1266 706 CAPUT.

169 744 348 801 Vnus.
391 746 442 797 5.
471 773 538 780 —
576 763 595 791 ι
628 742 846 796 Vaccas
888 739 1182 794 Bethaven
1224 737 1526 794 coluerunt
1574 734 1804 792 habita-

106 853 131 883 π
173 841 325 889 tores
351 831 642 898 Samarite,
680 830 818 899 quia
846 828 996 884 luxit
1016 841 1189 897 super
1216 840 1349 882 eum
1375 825 1624 895 populus
1655 823 1801 893 ejus,

105 943 130 970 ››
170 931 229 977 et
251 920 454 977 aeditui
485 919 613 988 ejus
642 931 817 986 super
859 930 994 972 eum
1045 914 1485 971 exsultaverunt
1517 914 1573 967 in
1623 911 1806 982 gloria

107 1031 128 1057 ι
171 1011 324 1080 ejus,
376 1009 517 1079 quia
549 1005 818 1076 migravit
843 1005 914 1059 ab
943 1019 1083 1073 eoa:
1122 1003 1413 1059 Bethaven
1462 1000 1807 1069 interpreta-

106 1105 201 1154 tur
229 1098 424 1152 domus
454 1097 607 1161 idoli,
637 1094 910 1149 Samarize
937 1091 1237 1146 custodiam
1276 1096 1459 1145 sonat.
1516 1089 1810 1142 Habitato-

103 1202 189 1241 res
214 1200 358 1256 ergo
398 1186 663 1240 Samaria:
700 1197 889 1237 vaccas
919 1181 1148 1251 “colunt,
1197 1193 1330 1234 cum
1386 1178 1488 1248 qui
1535 1176 1807 1233 exteriori

103 1291 228 1331 suae
284 1273 559 1330 custodite
607 1270 891 1327 dominari
954 1284 1013 1325 se
1066 1268 1328 1333 credunt,
1376 1275 1431 1322 et
1498 1280 1806 1336 corporum

104 1358 520 1416 continentiam
573 1371 693 1412 suae
750 1354 1010 1425 potestati
1061 1352 1375 1416 ascribunt,
1430 1350 1603 1421 juxta
1653 1350 1809 1421 quod

104 1448 375 1518 superius
420 1446 651 1510 dicitur,
692 1446 906 1510 feriatis
953 1440 1533 1510 fwdus,petulantias
1576 1439 1807 1494 interio-

107 1552 200 1593 res
226 1552 345 1592 non
380 1536 672 1600 deserunt,
708 1534 820 1587 imo
869 1530 1369 1600 amplectunturet
1416 1527 1708 1594 excolunt,
1755 1533 1809 1581 et

112 1629 217 1682 hoc
266 1626 326 1681 in
384 1625 695 1690 Bethaven,
747 1621 803 1676 id
853 1621 1023 1676 estin
1082 1620 1250 1674 domo
1292 1618 1447 1685 idoli,
1500 1630 1702 1685 nempe
1749 1616 1807 1670 in

109 1714 462 1771 conscientia
497 1714 553 1767 in
584 1726 703 1781 qua
734 1710 833 1765 Dei
865 1707 1058 1765 cultus
1098 1707 1443 1762 transfertur
1492 1706 1549 1760 in
1579 1703 1808 1760 diaboli.

112 1804 329 1860 Vaccas
362 1816 463 1872 pro
482 1800 716 1856 lascivia
739 1797 872 1869 poni
892 1797 1045 1854 testis
1073 1804 1158 1851 est
1190 1810 1201 1849 :
1241 1817 1262 1844 ι
1290 1795 1670 1864 Congregatio
1692 1801 1814 1849 tau-

110 1907 312 1949 rorum
346 1892 406 1946 in
427 1889 620 1945 vaccis
652 1887 997 1958 pepulorum
1031 1885 1198 1955 (Psat.
1225 1899 1398 1952 vau,
1426 1884 1537 1952 31).
1570 1904 1591 1931 ι
1624 1882 1815 1937 Sama-

110 1984 259 2038 riam
292 1988 487 2036 autem
534 1978 771 2041 habitat,
805 1974 909 2046 qui
934 1989 991 2030 se
1020 1987 1117 2043 per
1140 1988 1199 2029 se
1230 1972 1424 2028 vivere
1454 1985 1617 2041 posse
1663 1979 1816 2027 caste

111 2076 427 2140 computat.
459 2068 723 2122 Habitare
745 2065 900 2120 enim
937 2077 1039 2133 pro
1068 2063 1343 2116 dominari
1371 2060 1625 2131 ponitur,
1676 2059 1817 2130 quia

111 2160 183 2215 ab
238 2157 490 2213 habendo
535 2155 863 2211 inflectitur.
916 2151 1063 2218 Quia
1110 2163 1211 2220 per
1256 2163 1460 2205 vaccas
1500 2148 1815 2217 appetitum

114 2246 371 2303 libidinis
418 2244 696 2315 signarat,
728 2254 801 2296 ex
835 2241 939 2295 hoc
986 2238 1180 2293 innuit
1218 2238 1371 2308 quod
1427 2234 1816 2306 pluralitatem

116 2336 274 2391 illam
328 2332 705 2405 singulariter
753 2343 913 2385 nunc
960 2326 1215 2397 replicat.
1278 2326 1472 2392 Luxit,
1525 2324 1814 2394 inquiens,

112 2441 280 2495 super
331 2439 450 2478 eum
491 2422 726 2492 populus
755 2420 890 2488 eius,
943 2417 1041 2473 sed
1083 2415 1403 2472 notandum
1455 2414 1612 2485 quod
1666 2427 1817 2483 pra:-

115 2513 370 2569 mittitur
417 2512 570 2580 quia.
620 2509 720 2564 Est
774 2513 967 2563 autem
1026 2503 1258 2560 dicere:
1313 2501 1430 2572 Ipsi
1496 2499 1821 2570 provisores

114 2611 280 2659 erant
311 2601 586 2656 forasticaa
607 2596 900 2663 custodite,
936 2602 991 2651 et
1023 2594 1130 2649 hoc
1168 2593 1291 2648 ideo
1318 2590 1630 2663 {nimirnm,
1682 2589 1822 2660 quia

119 2691 372 2762 populus
416 2687 828 2759 cogitationum
884 2683 1050 2751 luxit,
1100 2682 1155 2737 id
1200 2688 1284 2737 est
1348 2679 1820 2735 immurmuravit

118 2780 352 2835 inhians
405 2790 581 2846 super
627 2774 836 2843 ipsum,
880 2772 984 2842 qui
1024 2770 1285 2827 frenabat
1312 2768 1568 2825 exterius
1602 2766 1818 2836 appeti-

120 2876 262 2924 tum.
308 2867 544 2935 Populus
590 2863 727 2934 ejus,
774 2861 991 2918 scilicet
1046 2860 1337 2935 appetitus
1386 2857 1617 2919 dicitur,
1679 2857 1818 2925 quia

120 2957 249 3013 talis
275 2932 740 3025 concupiscentia
793 2952 944 3021 parit
988 2932 1299 3004 introrsum
1337 2945 1616 3015 plurimos
1671 2951 1818 2999 stre—

120 3048 296 3116 pitus.
324 3045 498 3100 Porro
524 3042 716 3097 aeditui
767 3041 883 3109 ejus
910 3053 1073 3107 super
1108 3052 1233 3091 eum
1260 3033 1556 3091 exsultant
1597 3034 1656 3086 in
1697 3032 1821 3100 glo—

116 3139 206 3189 ria
233 3136 376 3204 ejus,
400 3146 533 3189 cum
580 3128 906 3199 versipelles
942 3126 1211 3182 versutia:
1270 3130 1479 3189 motus,
1514 3120 1613 3192 qui
1659 3128 1821 3177 exte-

118 3225 300 3280 riores
337 3221 670 3278 custodiunt
725 3216 958 3273 habitus
990 3214 1202 3285 pariter
1233 3210 1598 3283 conjubilant
1646 3222 1822 3277 super

121 3315 337 3369 honore
358 3317 414 3366 et
436 3309 618 3380 gloria
648 3307 919 3377 impensae
950 3302 1139 3360 laudis
1164 3302 1539 3357 extrinsecus.
1602 3295 1821 3352 Exsul-

119 3408 263 3469 tant,
300 3401 560 3469 inquam,
591 3400 650 3450 in
678 3396 853 3463 gloria
911 3395 1049 3463 ejus,
1088 3390 1220 3461 quia
1252 3390 1511 3457 migravit
1538 3387 1606 3442 ab
1656 3401 1733 3449 eo,
1764 3383 1822 3440 id

118 3498 219 3556 est,
263 3495 383 3545 tota
413 3486 509 3542 illa
544 3486 674 3541 laus
725 3483 1031 3549 alienatur,
1062 3488 1119 3536 et
1153 3478 1321 3550 quasi
1361 3476 1607 3548 emigrat
1649 3489 1684 3530 a
1723 3488 1825 3530 co-

120 3578 380 3650 gnitione
451 3574 736 3645 appetitus
806 3571 962 3627 illius
1013 3569 1115 3640 qui
1176 3567 1499 3636 turpissime
1554 3564 1734 3620 fervet
1765 3562 1825 3617 in

120 3668 337 3722 animo.
396 3663 559 3731 Quod
606 3669 787 3718 totum
831 3667 914 3715 est
955 3674 967 3713 :
1003 3656 1252 3713 Cautelze
1282 3654 1462 3710 animi
1493 3667 1625 3723 quae
1676 3657 1825 3705 an

120 3755 484 3827 prospiciunt
529 3764 813 3821 corporeae
874 3745 1224 3812 habitudini,
1276 3744 1546 3799 laetantur
1610 3739 1828 3810 vulgus

121 3848 384 3915 ineptum
436 3855 471 3897 a
525 3839 728 3896 notitia
786 3837 874 3894 sui
926 3834 1136 3891 interni
1194 3840 1397 3899 status,
1447 3830 1549 3902 qui
1578 3831 1825 3885 multum

120 3933 424 4003 displicere
445 3935 685 4000 poterat,
718 3928 888 3997 longe
916 3924 1055 3981 fieri.

190 4020 368 4079 Vens.
410 4023 465 4073 6.
508 4047 583 4060 —
610 4036 637 4070 α
696 4016 989 4091 Siquidem
1020 4021 1075 4069 et
1114 4011 1236 4082 ipse
1278 4010 1336 4065 in
1366 4012 1547 4064 Assur
1606 4005 1830 4062 delatus

128 4134 149 4159 ι
179 4117 265 4167 est
290 4122 507 4165 munus
531 4107 654 4178 regi
676 4104 868 4162 ultori.
911 4124 933 4152 ι
961 4102 1353 4170 Quaecunque,
1398 4097 1608 4167 inquit,
1660 4094 1829 4152 talem

124 4198 440 4270 quemlibet
465 4196 726 4253 omnium
773 4193 909 4249 foris
962 4192 1145 4262 gloria
1199 4192 1604 4259 prosequatur,
1642 4183 1831 4254 siqui-

1911 472 2219 542 prudentia
2239 486 2369 542 qua;
2399 486 2459 528 se
2491 471 2690 541 palliat
2718 472 3021 537 rationem,
3050 472 3194 541 quin
3219 471 3408 541 potius
3447 483 3612 529 astu-

1910 561 2050 617 tiam
2079 562 2432 628 saecularem,
2467 575 2568 630 per
2597 561 2785 617 undas
2822 560 3189 629 voluptatum
3232 561 3305 616 ad
3346 560 3612 632 indignos

1911 657 2074 706 actus
2103 650 2259 705 omni
2286 650 2618 706 tentationis
2662 657 2831 705 vento
2870 648 3267 704 circumlatam
3313 651 3607 718 excedere,

1909 746 1965 795 et
1994 739 2161 809 quasi
2185 739 2515 809 dispumare
2558 738 2885 808 compellit;
2918 739 3128 807 saepius
3164 738 3319 793 enim
3350 739 3615 809 provenit

1913 835 1978 884 ut
2004 842 2063 883 se
2106 828 2421 898 hypocrisis
2459 828 2559 883 diu
2611 827 2876 883 cohibere
2904 841 3022 882 non
3054 827 3249 897 possit.
3289 828 3365 881 Et
3400 829 3613 882 excelsa

1909 917 2047 971 idoli
2091 916 2523 987 disperduntur,
2565 930 2698 972 cum
2728 915 2990 986 superbae
3041 915 3432 987 cogitationes,
3481 931 3613 987 quze

1913 1004 2171 1061 animum
2212 1018 2385 1060 suum
2407 1019 2440 1059 a
2461 1005 2574 1060 Deo
2597 1011 2915 1074 apostatare
2940 1005 3275 1069 docuerant,
3315 1005 3619 1060 annullan-

1915 1102 2029 1151 tur.
2063 1095 2194 1158 Quz
2228 1095 2439 1148 excelsa
2484 1097 2762 1163 peccatum
2800 1092 2979 1149 Israel
3021 1092 3315 1160 dicuntur,
3364 1092 3502 1163 quia
3545 1108 3617 1149 ex

1914 1196 2096 1253 prava
2119 1181 2359 1237 affectus
2402 1181 2661 1238 libertate
2686 1180 2977 1236 oriuntur.
3034 1202 3061 1229 ις
3108 1181 3301 1251 Lappa
3322 1181 3393 1249 [et
3433 1182 3618 1238 tribu-

1920 1292 1941 1319 ι
1975 1270 2064 1326 lus
2095 1270 2361 1326 ascendet
2404 1283 2576 1339 super
2626 1283 2756 1325 aras
2799 1283 3020 1333 eorum,
3073 1290 3094 1317 ι
3152 1270 3346 1338 Lappa
3386 1269 3621 1326 humilis

1916 1359 2096 1415 herba
2122 1365 2223 1425 est,
2256 1359 2490 1414 tribulus
2521 1357 2581 1413 in
2618 1357 2874 1429 virgulta
2902 1358 3201 1427 proserpit,
3233 1357 3328 1413 sed
3370 1365 3620 1429 utraque

1915 1455 2255 1517 exasperata
2307 1446 2677 1517 aculeis.§Per
2724 1447 2954 1515 lappam
2995 1460 3133 1516 ergo
3192 1446 3429 1501 luxuria
3478 1447 3621 1503 finde

1917 1549 2136 1605 semper
2192 1535 2431 1591 humilis
2485 1535 2769 1599 innuitur,
2827 1548 2927 1604 per
2979 1534 3257 1589 trihnlum
3311 1534 3618 1603 cupiditas.

1916 1639 2048 1695 quae
2086 1626 2541 1694 seexporrigens
2566 1624 2805 1679 dilatare
2836 1630 3098 1678 conatur.
3128 1622 3259 1678 Haec
3299 1637 3462 1692 super
3494 1639 3622 1677 aras

1855 1720 1893 1773 Β
1922 1729 2103 1767 eorum
2149 1713 2485 1777 ascendunt,
2533 1713 2674 1784 quia
2728 1726 2903 1782 super
2931 1725 3131 1767 eorum
3177 1724 3243 1766 ac
3272 1711 3320 1766 si
3359 1712 3621 1783 religiosa

1921 1801 2211 1873 proposita
2231 1801 2351 1872 jam
2379 1800 2670 1857 evidenter
2699 1800 2980 1869 irrepunt.

1997 1910 2019 1937 ιι
2058 1890 2126 1944 Ει
2164 1889 2354 1944 dicent
2404 1890 2735 1945 montibus:
2790 1888 3016 1957 Operite
3044 1902 3186 1957 nos;
3234 1896 3290 1944 et
3329 1888 3571 1944 collibus
3608 1903 3619 1942 :

1928 2000 1950 2027 ι
1994 1979 2189 2036 Cadite
2222 1992 2396 2048 super
2423 1993 2546 2034 nos.
2582 1999 2602 2026 ι
2662 1978 2729 2033 Hi
2757 1978 2856 2047 qui
2899 1977 3190 2047 quondam
3245 1985 3465 2033 montes
3504 1978 3628 2032 fne-

1923 2074 2073 2135 rant,
2110 2067 2267 2137 apud
2320 2081 2379 2122 se
2422 2067 2633 2123 scilicet
2679 2066 3026 2137 arrogantiae
3062 2066 3353 2121 nimietate
3398 2074 3627 2122 tumue-

1925 2163 2074 2222 rant,
2103 2156 2225 2226 jam
2252 2156 2371 2225 spei
2406 2155 2683 2210 inanitate
2710 2153 2894 2210 reﬂati
2922 2153 3072 2209 veris
3105 2155 3414 2221 montibus,
3461 2154 3512 2209 id
3539 2161 3625 2210 est

1925 2243 2136 2299 sanctis
2165 2243 2411 2299 acclines
2441 2243 2513 2298 ab
2539 2242 2620 2299 eis
2648 2242 2857 2312 operiri
2887 2243 3234 2313 protegendo
3274 2243 3619 2310 desiderant,

1925 2340 1980 2389 et
2002 2346 2036 2388 a
2057 2332 2376 2388 minoribus
2408 2332 2742 2403 quibusque
2772 2331 2985 2400 electis,
3018 2331 3118 2401 qui
3158 2338 3294 2387 sunt
3323 2331 3510 2397 colles,
3562 2339 3628 2388 ut

1925 2435 2096 2492 super
2139 2435 2199 2477 se
2255 2421 2467 2477 cadant
2524 2427 2787 2487 exorant,
2839 2433 2898 2475 se
2945 2419 3207 2475 videlicet
3252 2419 3333 2475 eis
3385 2419 3625 2476 misere-

1925 2501 2132 2558 scendo
2175 2500 2488 2557 inﬂectant.
2547 2500 2708 2566 Quod
2768 2506 2950 2555 totum
3005 2506 3090 2554 est
3121 2513 3133 2552 :
3162 2498 3271 2564 Qui
3301 2512 3359 2553 se
3401 2506 3629 2554 sanctos

1927 2604 2087 2661 posse
2118 2590 2240 2645 fieri
2273 2602 2381 2644 sua
2425 2589 2705 2654 custodia,
2747 2587 2903 2658 quod
2927 2600 3026 2656 per
3056 2586 3376 2642 Samariam
3406 2587 3625 2658 signari

1927 2670 2201 2736 diximus,
2260 2669 2636 2734 aestimarant,
2684 2680 2880 2723 veram
2954 2665 3201 2722 aliorum
3268 2666 3629 2722 sanctitatem

1928 2759 2026 2815 Dei
2051 2772 2157 2828 ope
2186 2757 2560 2824 attendentes,
2615 2756 2786 2812 falsos
2821 2769 2879 2811 se
2920 2768 3029 2811 sua
3070 2753 3338 2824 opinione
3367 2769 3484 2810 non
3513 2755 3629 2811 du-

1928 2848 2131 2905 bitant.

1999 2936 2171 2993 VEKS.
2200 2938 2252 2991 9.
2283 2966 2349 2976 —
2378 2957 2401 2985 ‹
2426 2935 2516 2990 Ex
2557 2933 2759 2990 diebus
2800 2932 2996 2990 Gabaa
3022 2931 3276 3003 peccavit
3311 2931 3505 2999 Israel,
3551 2931 3630 2988 ibi

1856 3005 1897 3062 ο
1933 3046 1954 3074 »
1999 3031 2297 3081 steterunt.
2331 3046 2352 3072 α
2385 3023 2578 3080 Gabaa
2609 3023 3102 3091 iutererpretatur,
3130 3028 3191 3077 ut
3221 3035 3370 3091 saepe
3410 3020 3627 3076 dictum

1928 3115 2104 3168 colles.
2137 3113 2244 3169 Per
2276 3111 2446 3168 colles
2494 3111 2587 3167 hic
2639 3109 3014 3181 intelligimus
3046 3110 3301 3178 privatos
3351 3107 3529 3165 animi
3561 3108 3627 3164 ti-

1930 3215 2135 3259 mores.
2170 3204 2258 3257 Eae
2292 3201 2484 3256 diebus
2509 3214 2646 3271 ergo
2686 3200 2889 3256 horum
2921 3199 3144 3254 collium
3188 3199 3365 3253 Israel
3412 3203 3626 3267 peccat,

1931 3291 2072 3362 quia
2098 3304 2132 3345 a
2187 3298 2440 3360 tempore
2483 3303 2600 3360 quo
2655 3288 2715 3344 in
2767 3286 3039 3358 superbia
3084 3300 3190 3342 sua
3233 3286 3441 3342 misera
3471 3299 3633 3341 mens

1931 3379 2277 3450 prosperari,
2333 3378 2488 3450 quod
2556 3378 2676 3434 dies
2723 3377 3073 3448 signiﬁcant,
3133 3375 3322 3445 coepit,
3395 3374 3633 3431 affectus

1933 3481 2051 3524 sese
2084 3465 2353 3536 pravitati
2411 3464 2707 3536 subjugat.
2740 3464 2834 3517 Ibi
2872 3466 3151 3526 steterunt,
3202 3462 3259 3517 id
3302 3468 3387 3519 est
3436 3475 3633 3533 perse-

1933 3562 2304 3612 veraverunt.
2340 3556 2496 3610 Stare
2544 3553 2699 3609 enim
2738 3566 2839 3623 pro
2870 3566 3213 3621 perseverare
3260 3551 3516 3621 ponitur,
3568 3557 3633 3606 ut

1934 3652 2017 3701 est
2049 3659 2062 3699 :
2093 3663 2122 3695 ιο
2183 3643 2499 3699 Adversum
2553 3656 2641 3698 me
2696 3641 3317 3711 appropinquaverunt
3369 3646 3425 3695 et
3453 3646 3630 3695 stete-

1934 3740 2074 3790 runt
2142 3733 2300 3803 (Psat.
2358 3745 2578 3798 xxxvu,
2655 3729 2760 3800 l2).
2831 3751 2852 3777 ι
2914 3728 3061 3785 Nota
3119 3728 3276 3798 quod
3351 3726 3525 3783 Israel
3577 3734 3633 3783 et

1936 3819 2213 3890 prraim
2240 3833 2373 3874 cum
2399 3815 2771 3888 singulariter
2796 3822 3113 3885 ponuntur,
3147 3814 3293 3869 duos
3321 3813 3445 3869 illos
3464 3812 3636 3868 habi—

1938 3916 2032 3965 tus
2079 3907 2303 3974 mentis,
2353 3905 2454 3977 qui
2518 3911 2655 3961 sunt
2709 3903 2948 3960 affectus
3007 3909 3063 3958 et
3119 3902 3407 3970 voluntas,
3438 3915 3539 3971 per
3574 3916 3633 3957 se

1938 3996 2178 4068 figurari
2208 3995 2512 4063 dicuntur;
2563 4008 2698 4049 cum
2727 4000 2920 4049 autem
2951 3990 3271 4062 pluraliter,
3301 3990 3631 4047 eorumdem

1940 4085 2247 4143 habituum
2276 4090 2465 4139 motus
2486 4082 2914 4153 intelliguntur.

2011 4172 2184 4231 Vnus.
2229 4174 2313 4227 lO.
2344 4201 2413 4212 —
2456 4192 2478 4221 ι
2538 4171 2664 4228 Non
2716 4168 3152 4240 comprehendet
3197 4181 3291 4224 eos
3340 4169 3398 4223 in
3448 4168 3642 4225 Gabaa

126 4256 252 4344 dem
285 4294 342 4343 et
389 4285 509 4355 ipse
539 4287 596 4340 in
623 4288 823 4349 Assur,
879 4256 1035 4352 quod
1079 4287 1162 4336 est
1193 4256 1249 4334 in
1289 4256 1506 4344 aulam,
1539 4275 1741 4342 fertur,
1775 4272 1831 4328 id
1872 4302 1916 4356 Β
1952 4284 1971 4311 ι
2016 4261 2280 4333 praelium
2306 4274 2481 4356 super
2535 4259 2676 4315 tilios
2716 4258 3056 4356 iniquitatis.
3089 4258 3267 4313 Juxta
3291 4256 3639 4315 desiderium

127 4384 209 4433 est
239 4373 560 4448 gurgustiis
615 4373 889 4429 vitiorum
942 4370 1184 4425 latenter
1214 4365 1595 4435 immergitur,
1636 4368 1832 4417 etnon

130 4463 531 4534 perfunctorie,
598 4462 695 4518 sed
767 4459 933 4531 quasi
983 4456 1214 4529 proprie
1267 4452 1567 4525 proprium
1620 4462 1838 4505 munus

128 4552 345 4609 diaboli
371 4551 573 4618 factus,
597 4550 701 4621 qui
726 4549 978 4619 idipsum
1009 4546 1165 4617 quod
1192 4549 1556 4607 muneratur,
1604 4535 1836 4594 ulcisci-

130 4650 241 4698 tur.
303 4662 325 4689 ι
404 4638 673 4697 Confusio
726 4637 1007 4707 Ephraim
1053 4635 1256 4704 capiet,
1320 4638 1376 4686 et
1453 4626 1839 4685 confundetur

134 4752 155 4779 ι
200 4728 371 4785 Israel
408 4729 467 4783 in
497 4728 791 4784 voluntate
829 4740 954 4782 sua.
994 4745 1015 4772 ι
1079 4722 1337 4788 Confusio
1368 4719 1635 4788 Ephraim
1665 4713 1837 4783 capit,

130 4833 265 4874 cum
294 4818 653 4873 voluntatem
684 4822 959 4881 nostram,
993 4826 1124 4883 quae
1164 4808 1368 4865 innixa
1408 4820 1527 4863 esse
1566 4804 1845 4860 debuerat

130 4906 344 4965 rationi
406 4904 730 4962 obscuritas
784 4901 1144 4958 discretionis
1199 4895 1504 4966 intercipit.
1556 4893 1728 4948 Israel
1781 4892 1842 4944 in

130 4998 411 5051 voluntate
463 4974 563 5049 sua
604 4991 1002 5057 confunditur,
1051 5002 1205 5054 cum,
1256 4993 1317 5041 ut
1362 4984 1443 5040 sic
1497 4982 1706 5048 dicam,
1734 4994 1843 5035 vo-

134 5085 289 5142 lendi
350 5083 464 5138 imo
512 5078 818 5152 appetendi
867 5068 987 5149 jam
1046 5077 1265 5132 ratione
1316 5081 1370 5129 et
1416 5071 1709 5128 voluntate
1769 5067 1841 5123 ad

136 5174 288 5229 mala
317 5171 654 5239 declivibus,
696 5169 894 5225 nullus
945 5166 1149 5222 modus
1172 5172 1227 5220 et
1278 5162 1417 5218 ordo
1447 5160 1507 5216 in
1544 5157 1843 5215 affectione

137 5269 389 5318 tenetur.

208 5351 379 5409 Vnus.
428 5349 568 5415 7,8.
620 5375 695 5388 —
735 5367 757 5395 ι
815 5343 1085 5401 Transire
1138 5339 1267 5398 fecit
1331 5337 1588 5396 Samaria
1650 5347 1844 5405 regem

143 5461 163 5489 ι
205 5454 382 5496 suum
410 5436 581 5508 quasi
601 5448 868 5506 spumam
890 5446 1063 5503 super
1083 5430 1281 5487 faciem
1313 5440 1500 5497 aquae.
1539 5425 1609 5479 Et
1637 5423 1848 5492 disper-

137 5550 167 5579 ››
206 5530 422 5586 dentur
457 5525 686 5582 excelsa
724 5522 880 5591 idoli,
934 5527 1231 5591 peccatum
1270 5515 1463 5573 Israel.
1520 5535 1541 5560 ι
1590 5512 1847 5567 Samaria

500 5626 778 5689 PATROL.
834 5620 1037 5686 CLVI.

1948 4372 1975 4401 ››
2019 4365 2212 4407 meum
2241 4347 2548 4419 corripiam
2577 4362 2690 4403 eos.
2730 4368 2751 4395 ι
2788 4349 2855 4403 1η
2887 4347 3076 4404 Gabaa
3133 4360 3217 4400 eos
3244 4361 3351 4400 non
3382 4360 3636 4417 compre-

1946 4439 2144 4496 hendit
2185 4439 2456 4508 prmium,
2507 4436 2646 4507 quia
2701 4434 2799 4491 ubi
2846 4433 3007 4490 nulla
3068 4434 3304 4489 tentatio
3345 4441 3449 4502 est,
3481 4434 3645 4490 nulla

1945 4529 2118 4584 etiam
2150 4525 2380 4583 rebellio
2411 4532 2611 4581 contra
2642 4523 2939 4595 quodlibet
2976 4521 3203 4577 vitium.
3236 4522 3308 4577 Et
3356 4522 3643 4591 quomodo

1948 4617 2080 4688 quis
2128 4621 2310 4686 potest
2341 4614 2448 4670 dici
2483 4620 2753 4679 tentatus,
2788 4611 2909 4682 qui,
2945 4618 3254 4680 antequam
3285 4610 3335 4664 ei
3383 4608 3648 4666 diabolus

1947 4714 2243 4778 suggerat.
2275 4703 2464 4760 studio
2482 4710 2565 4759 est
2597 4702 2770 4758 totius
2800 4698 3173 4770 malignitatis
3216 4698 3450 4756 afflatus
3476 4699 3504 4753 ?
3530 4699 3648 4754 Hoc

1945 4795 2194 4865 praelium
2221 4808 2384 4863 super
2410 4791 2559 4861 ﬁlio:
2586 4791 2899 4859 iniquitatis
2926 4794 3040 4855 est;
3069 4799 3243 4855 super
3270 4800 3444 4856 opera
3482 4787 3647 4842 vidc-

1949 4884 2350 4953 licetquorum
2384 4886 2566 4936 mater
2592 4878 2867 4949 iniquitas
2894 4884 2997 4932 est.
3035 4876 3208 4930 Filios
3251 4889 3353 4945 pro
3401 4876 3649 4945 operibus

1952 4972 2088 5043 poni
2150 4972 2420 5041 frequens
2467 4968 2775 5038 Scripturte
2832 4979 2973 5021 usus
3014 4971 3122 5020 est.
3180 4963 3340 5019 Servi
3396 4977 3652 5034 namque

1951 5059 2223 5118 debitoris
2299 5069 2542 5115 uxorem
2619 5064 2673 5112 et
2731 5055 2874 5110 filios
2931 5052 3210 5108 Dominus
3257 5052 3422 5123 jubet
3480 5052 3653 5108 vendi

1954 5150 2168 5216 (Matth.
2223 5162 2380 5213 xvm,
2432 5149 2544 5214 25),
2614 5144 2670 5199 id
2725 5151 2809 5198 est
2880 5141 3257 5207 voluntatem,
3308 5149 3363 5196 et
3405 5155 3580 5211 opera
3624 5156 3657 5198 a

1952 5239 2217 5295 libertate
2268 5234 2491 5291 arbitrii
2548 5246 2750 5288 sensus
2778 5230 3137 5300 improbitate
3191 5229 3456 5286 subduci.
3508 5231 3660 5287 Deus

1954 5342 2049 5384 eos
2068 5327 2241 5397 juxta
2265 5322 2609 5379 desiderium
2637 5334 2808 5375 suum
2839 5317 3094 5387 corripit,
3132 5318 3270 5389 quia
3294 5317 3467 5389 juxta
3503 5319 3658 5389 quod

1957 5429 2154 5471 omnes
2186 5411 2445 5468 homines
2476 5408 2599 5463 vult
2639 5407 2828 5462 salvos
2879 5405 3023 5471 fieri,
3066 5412 3121 5461 et
3150 5406 3221 5461 ad
3269 5405 3358 5461 sui
3408 5407 3662 5477 agnitio-

1958 5519 2086 5561 nem
2138 5502 2324 5558 redire
2371 5498 2509 5566 (Tit.
2548 5512 2582 5564 ι,
2618 5496 2694 5563 1),
2733 5496 2788 5551 in
2835 5494 3102 5564 praesenti
3132 5509 3248 5562 eos,
3292 5501 3353 5549 ut
3391 5495 3663 5563 corrigat,

3224 5596 3300 5653 i3
