3934 6086
292 252 395 305 39ἒί

1180 249 1245 303 ν.
1286 247 1623 306 GUIBEBTI
1671 249 1961 305 ABBATIS
2001 252 2053 306 S.
2100 249 2341 307 ΜΑΒΙᾸΞ
2384 252 2471 307 DE
2515 249 2906 307 NOVIGENTO

3690 258 3795 309 396

291 389 474 459 punit.
503 387 565 443 Id
597 386 750 443 enim
780 384 1137 456 potissimum
1175 383 1475 447 desiderat,
1527 391 1590 438 nt
1649 383 1983 453 resipiscant
2020 386 2065 439 Α
2095 384 2244 438 diam
2298 385 2586 450 metimus,
2623 400 2754 440 cum
2790 392 3138 453 peccatorem
3170 386 3240 441 ab
3278 399 3470 441 errore
3528 386 3638 441 viae
3670 401 3797 442 suae

291 491 436 547 quos
468 475 727 545 castigat.
768 496 787 521 ι
834 473 1355 543 Congregabuutnr
1398 486 1570 540 super
1616 486 1712 527 eos
1765 473 1979 542 populi,

295 588 316 613 ι
348 579 479 620 cum
511 564 896 633 corripientur
948 570 1179 630 propter
1224 560 1369 615 duas
1404 560 1737 629 iniquitates
1767 574 1920 616 snas.
1957 582 1977 608 ι

290 650 781 721 Duzeiniqnitates
810 657 963 715 sunt,
1000 663 1117 704 una
1146 648 1434 717 peccandi,
1496 647 1676 703 altera
1716 648 1982 716 impaeni-

288 749 411 796 tens
447 753 544 793 cor
571 738 837 794 habendi.
879 739 1103 806 Propter
1132 738 1235 791 has
1279 737 1419 791 duas
1448 738 1770 806 iniquitates
1801 737 1980 793 corri‘

283 829 545 898 piuntur,
580 842 711 882 cum
765 840 799 881 a
825 839 932 881 sua
960 826 1339 881 obstinatione
1371 831 1426 880 et
1452 839 1486 879 a
1516 825 1684 880 solita
1724 825 1981 895 nequitia

280 916 558 972 divinitus
582 923 1071 986 compunguntur.
1103 915 1264 969 Tunc
1293 929 1457 982 super
1494 929 1579 969 eos
1618 916 1809 983 populi
1837 928 1979 970 con-

281 1013 618 1076 gregantur,
652 1019 784 1059 cum
812 1003 1010 1059 inolita
1039 1003 1261 1058 dudum
1292 1001 1435 1057 vitia
1494 1002 1832 1058 insolentius
1883 1017 1979 1058 so—

282 1095 378 1149 lito
422 1094 684 1149 animum
751 1092 1162 1162 insequuntur.
1230 1091 1298 1145 Hi
1350 1099 1486 1146 sunt
1556 1091 1808 1162 ngyptii
1873 1091 1974 1161 qui

278 1196 536 1253 egressos
561 1195 595 1236 a
623 1196 681 1237 se
710 1180 993 1236 Israelitas
1041 1194 1225 1250 usque
1251 1180 1323 1234 ad
1353 1179 1529 1234 maris
1560 1179 1738 1235 Rubri
1790 1185 1978 1234 trans—

283 1272 426 1327 itum
462 1284 665 1341 urgere
685 1269 977 1325 videntur.

354 1359 523 1414 Vnus.
559 1361 642 1412 tl.
675 1386 744 1397 --
800 1379 819 1406 ι
857 1357 1128 1426 Ephraim
1184 1356 1365 1411 vitula
1402 1356 1567 1411 docta
1599 1355 1837 1425 diligere
1868 1354 1976 1409 tri-

286 1453 547 1511 nturam,
605 1451 659 1499 et
682 1458 787 1514 ego
816 1443 1055 1499 transivi
1110 1457 1287 1513 super
1335 1443 1825 1513 pulchritudinem
1844 1441 1973 1497 colli

286 1556 305 1581 η
349 1535 493 1605 ejus.
534 1556 553 1581 ι
595 1533 800 1590 Vitulae
832 1532 1154 1588 triturantis
1179 1540 1387 1587 natura
1436 1535 1521 1587 est
1550 1531 1791 1586 libenter
1816 1530 1889 1585 ad
1921 1529 1973 1584 id

278 1621 449 1677 ofticii
501 1636 797 1678 recurrere
828 1622 885 1676 in
913 1635 1027 1691 quo
1078 1621 1286 1690 raptim
1335 1621 1636 1690 aliquoties
1678 1618 1977 1675 consuevit

281 1712 550 1767 triturata
601 1690 968 1781 praegustare.
1025 1709 1278 1765 Vitulam
1337 1710 1428 1764 hic
1474 1723 1590 1764 non
1646 1709 1831 1763 solum
1874 1721 1974 1777 pro
2016 1690 2075 1743 θ’

281 1800 532 1866 lascivia,
573 1800 665 1853 sed
723 1806 777 1853 et
815 1813 914 1867 pro
965 1798 1311 1853 fecunditate
1376 1796 1616 1867 positam
1677 1804 1969 1867 putamus.

276 1890 544 1957 Ephraim
573 1902 708 1957 ergo
737 1888 914 1940 vitula
943 1887 1098 1940 docta
1130 1886 1357 1951 diligere
1387 1888 1642 1939 trituram
1677 1891 1781 1951 est,
1841 1898 1971 1940 cum

277 1978 550 2033 voluntas
579 1985 772 2031 nostra
825 1989 925 2044 per
953 1974 1211 2030 divinam
1255 1974 1662 2030 correctionem
1709 1973 1973 2041 fecunda,

278 2067 426 2122 bona
459 2080 493 2121 a
522 2064 688 2121 malis
714 2073 994 2133 tanquam
1036 2076 1219 2133 grana
1250 2076 1283 2116 a
1308 2061 1487 2131 paleis
1538 2061 1829 2129 disparare
1854 2063 1973 2132 jam

274 2168 453 2224 prona
500 2161 604 2210 est.
650 2152 969 2208 Primordia
1023 2150 1178 2206 enim
1232 2157 1447 2212 nostra,
1517 2149 1689 2219 juxta
1742 2149 1974 2204 beatum

276 2243 636 2314 Gregorium,
693 2241 860 2297 mista
904 2247 1039 2295 sunt
1082 2239 1266 2294 malis.
1307 2240 1487 2307 Super
1508 2238 1976 2307 pulchritudinem

274 2334 397 2387 colli
437 2332 554 2400 ejus
586 2331 738 2386 Deus
792 2328 995 2385 transit
1035 2342 1168 2383 cum
1214 2328 1526 2383 novitatem
1582 2326 1799 2381 consilii
1826 2327 1971 2397 ejus,

274 2433 425 2488 qnze,
459 2426 523 2473 ut
554 2418 630 2473 ita
663 2417 871 2483 dicam,
902 2416 1023 2487 jam
1062 2430 1135 2471 ex
1180 2416 1552 2471 conversione
1594 2428 1791 2469 recens
1828 2414 1975 2469 facta

275 2504 639 2575 pulchrescit,
716 2505 832 2560 alta
913 2504 1366 2560 consideratione
1447 2516 1549 2573 per
1638 2502 1976 2557 tentationes

274 2596 499 2664 aliquas
527 2592 854 2649 conculcari
883 2593 1034 2648 sinit.
1067 2592 1379 2661 Scriptura:
1416 2604 1556 2646 usus
1585 2597 1688 2656 est,
1724 2598 1787 2645 ut
1819 2590 1972 2644 dica-

274 2691 372 2740 tur
434 2683 585 2738 Deus
637 2682 821 2737 facere
868 2680 1021 2751 quod
1063 2680 1183 2736 ﬁeri
1234 2679 1529 2749 permittit.
1586 2684 1734 2733 ua
1792 2679 1975 2734 Potest

274 2785 510 2841 quoque
564 2778 618 2826 et
649 2784 750 2840 per
799 2769 1008 2825 collum
1041 2784 1154 2823 non
1186 2770 1369 2823 solum
1404 2767 1773 2834 consiliuum,
1806 2768 1977 2838 cujus

276 2860 468 2917 fistula
515 2866 616 2925 est,
665 2859 967 2915 consilium
1036 2872 1170 2913 vero
1222 2858 1510 2927 justorum
1566 2856 1708 2911 bene
1768 2856 1974 2927 agendi

2094 473 2344 528 converti
2406 474 2726 539 fecerimus,
2780 474 3033 528 animam
3084 474 3319 543 quidem
3357 474 3483 544 ejus
3525 489 3560 529 a
3613 484 3798 530 morte

2093 561 2425 629 liberamus,
2459 569 2513 617 et
2542 569 2901 632 peccatorum
2931 562 3087 618 haud
3108 562 3352 618 dubium
3387 564 3529 634 quin
3564 573 3795 619 nostro-

2093 666 2222 707 rum
2288 652 2712 707 multitudinem
2764 652 3075 720 operimus.
3142 652 3384 707 Innovat
3447 652 3555 708 sibi
3600 655 3797 707 navale

2092 738 2358 808 quisquis
2388 738 2562 793 vitam
2602 738 2895 808 religionis
2926 739 3269 809 aggrediens
3284 740 3429 794 sacri
3461 738 3675 810 eloquii
3710 740 3796 793 in-

2090 827 2228 896 cipit
2256 835 2471 882 secreta
2503 827 2802 882 discutere.
2845 826 2908 880 In
2941 826 3029 881 his
3060 827 3380 893 novalibus,
3417 828 3593 898 juxta
3632 826 3794 896 quod

2090 917 2227 972 alibi
2266 916 2497 981 dicitur,
2550 915 2715 971 multi
2744 915 2854 970 cibi
2881 922 3035 981 sunt,
3089 916 3159 971 ad
3205 930 3403 971 omnes
3451 919 3627 985 (Prov.
3660 931 3790 982 xui,

2088 1005 2178 1076 23)
2240 1005 2501 1060 videlicet
2541 1005 2871 1061 animorum
2931 1005 3553 1075 conversationumqne
3586 1004 3794 1060 modos

2088 1096 2431 1150 documenta
2488 1094 2628 1149 inibi
2674 1108 2933 1164 congrua
2989 1108 3057 1149 ac
3095 1095 3141 1149 si
3192 1093 3409 1150 fercula
3436 1101 3591 1149 sunt.
3634 1093 3792 1160 Quo-

2088 1196 2319 1252 cunque
2348 1182 2500 1237 enim
2532 1182 2574 1237 it
2600 1182 2854 1251 spiritus,
2887 1190 3028 1239 eunt
3057 1182 3272 1252 pariter
3299 1189 3354 1237 et
3384 1189 3539 1237 rotae.
3581 1204 3601 1230 (
3629 1181 3792 1235 Tern-

2091 1293 2112 1318 ι
2160 1285 2267 1340 pus
2314 1279 2505 1326 autem
2533 1271 2867 1339 requirendi
2892 1272 3222 1334 Dominum,
3252 1285 3388 1326 cum
3426 1270 3645 1325 venerit
3681 1269 3788 1340 qui

2092 1381 2112 1408 ι
2157 1359 2379 1415 docebit
2422 1373 2523 1414 vos
2567 1359 2867 1429 justitiam.
2899 1382 2917 1407 ι
2972 1360 3037 1414 In
3084 1359 3189 1426 his,
3240 1358 3449 1428 inquit,
3482 1358 3792 1428 quaedicta

2085 1455 2222 1504 sunt
2275 1450 2526 1503 exerceri
2574 1448 2809 1514 debetis,
2869 1448 3009 1518 quia
3067 1449 3339 1517 temporis
3379 1446 3789 1517 opportunitas

2086 1537 2318 1603 arridet,
2354 1537 2492 1592 dum
2545 1536 2831 1601 advivitis,
2879 1537 3207 1607 requirendi
3259 1537 3586 1602 Dominum,
3629 1550 3789 1605 prte-

2085 1627 2277 1682 sertim
2299 1640 2430 1681 cum
2455 1626 2693 1695 spiritus
2726 1626 2887 1681 vobis
2917 1626 3128 1681 divinae
3151 1626 3272 1695 jam
3327 1624 3790 1693 compnnctionis

2085 1715 2403 1781 advenerit,
2440 1713 2541 1784 qui
2573 1728 2672 1768 vos
2702 1714 2823 1768 sine
2853 1713 3148 1783 magistro,
3183 1714 3305 1768 sine
3360 1712 3653 1768 volumine
3679 1727 3790 1768 vos

2086 1805 2322 1860 inducat
2361 1803 2420 1858 in
2483 1817 2707 1858 onmem
2761 1802 3078 1870 veritatem,
3116 1810 3178 1857 ut
3217 1802 3359 1856 alias
3389 1804 3667 1871 scriptum
3700 1811 3790 1858 est

2085 1892 2273 1963 (.loan.
2306 1906 2422 1955 xvn,
2464 1893 2569 1958 t3),
2625 1892 2780 1961 quod
2807 1890 2899 1945 hic
2924 1889 3171 1960 appellat
3204 1889 3509 1959 justitiam.
3546 1890 3705 1945 Unde
3731 1898 3790 1946 et

2084 1986 2203 2035 est:
2242 2002 2261 2028 ι
2302 1977 2502 2035 Unctio
2530 1980 2655 2048 ejus
2712 1979 2873 2033 docet
2903 1992 3003 2032 vos
3031 1979 3100 2033 de
3127 1978 3396 2033 omnibus
3427 1976 3482 2045 (1
3518 1979 3689 2032 Joan.
3723 1994 3785 2046 ιι,

2083 2069 2198 2137 27).
2242 2088 2261 2114 ι
2298 2067 2367 2122 Et
2397 2066 2469 2121 ab
2516 2065 2783 2135 Apostolo
2810 2078 3043 2134 quoque
3073 2065 3221 2120 hanc
3252 2078 3518 2134 supernae
3554 2064 3789 2121 infusio-

2085 2155 2175 2210 nis
2229 2155 2470 2225 gratiam
2533 2168 2647 2208 non
2711 2153 2769 2208 in
2839 2166 3091 2207 vacuum
3156 2153 3433 2222 recepisse
3481 2166 3790 2209 monemur

2087 2244 2166 2314 (II
2193 2245 2311 2300 Cor.
2342 2258 2417 2311 vr,
2455 2244 2527 2311 l).
2569 2242 2733 2308 Quod
2787 2247 2967 2295 totum
3004 2248 3089 2295 est
3121 2245 3326 2310 tempus
3368 2241 3663 2295 Dominum
3696 2255 3787 2297 re-

2085 2331 2334 2402 quirere,
2371 2344 2502 2386 cum
2535 2329 2654 2399 ipse
2686 2336 2891 2398 praesto
2919 2334 3002 2383 est
3032 2327 3307 2398 aspirare.

2156 2419 2326 2474 Vens.
2407 2419 2491 2471 t3.
2554 2438 2576 2465 ι
2653 2417 2874 2472 Arastis
2948 2415 3318 2491 impietatem,

2092 2530 2112 2555 ι
2161 2505 2501 2572 messuistis;
2562 2504 2886 2561 comedistis
2962 2503 3186 2574 frugem
3278 2504 3578 2570 mendacii,
3641 2507 3789 2575 quia

2090 2616 2110 2643 ι
2154 2594 2404 2650 conlisus
2461 2607 2522 2649 es
2567 2593 2622 2647 in
2674 2593 2786 2648 viis
2834 2592 2965 2659 tuis,
3009 2593 3068 2647 in
3119 2592 3489 2649 multitudine
3547 2592 3785 2650 fortium

2090 2702 2110 2728 ι
2155 2688 2410 2735 tuorum.
2469 2700 2490 2728 ι
2545 2681 2878 2749 impietatem
2930 2680 3118 2735 aravit
3185 2679 3287 2748 qui
3346 2680 3636 2750 quondam
3680 2696 3791 2751 per

2085 2768 2457 2839 hypocrisim,
2511 2769 2662 2838 quod
2708 2782 2809 2837 pro
2852 2768 2970 2823 solo
3000 2768 3112 2823 Deo
3147 2768 3267 2823 ﬁeri
3316 2768 3612 2836 debuerat,
3661 2785 3789 2826 cor-

2085 2872 2195 2927 pus
2237 2856 2910 2913 snumexcarniﬁcationi
2947 2855 3189 2911 addixit.
3239 2857 3308 2911 Et
3333 2857 3471 2926 quid
3517 2864 3631 2912 tam
3684 2859 3784 2913 im-

3414 2416 3785 2486 ωηωωωω

275 2948 627 3019 propositum
663 2956 764 3011 est.
826 2948 922 3002 sed
952 2946 1123 3002 etiam
1154 2946 1352 3002 cervix
1386 2945 1647 3001 elationis
1691 2960 1823 3015 quae
1880 2960 1975 3001 no-
2015 2968 2055 3023 ρ
2088 2944 2268 3013 pium,
2330 2944 2470 3014 quid
2523 2952 2637 3000 tam
2700 2944 2822 3001 sine
2875 2945 3006 3006 Deo.
3058 2958 3234 3015 quam
3279 2945 3537 3015 proprias
3578 2961 3791 3004 carnes

275 3040 423 3095 viter
498 3036 787 3093 conversis
844 3037 1146 3107 aliquoties
1216 3036 1528 3105 subrepere
1584 3034 1742 3090 solet.
1795 3034 1977 3104 Super

277 3127 425 3181 hanc
507 3125 795 3180 cervicem‘
841 3125 1007 3193 Deus
1077 3132 1131 3178 et
1203 3122 1422 3179 consilii
1486 3122 1974 3193 pulchritudinem

276 3214 501 3279 transit,
550 3226 682 3269 cum
737 3220 1053 3282 utrumque
1106 3212 1308 3267 tentari
1361 3212 1599 3267 sinendo
1649 3210 1971 3280 prosternit.

279 3324 301 3351 ς
344 3302 655 3358 Aseendam
682 3313 857 3368 super
890 3298 1184 3367 Ephraim.
1236 3320 1255 3345 ι
1288 3298 1471 3367 Super
1515 3298 1790 3367 Ephraim
1826 3299 1976 3354 Dens

274 3391 548 3456 ascendit,
601 3402 733 3444 cum
781 3388 1081 3454 rationem,
1117 3401 1249 3456 qnze
1286 3386 1384 3441 Dei
1419 3386 1649 3455 propria
1679 3386 1838 3442 sedes
1866 3393 1971 3454 est,

273 3480 709 3551 superequitare
783 3477 974 3543 efficit,
1037 3476 1157 3546 jam
1217 3476 1444 3531 tandem
1502 3490 1633 3531 vere
1685 3476 1974 3547 frugiferas

271 3567 574 3625 voluntati.
613 3588 633 3614 ι
685 3564 886 3621 Arabit
914 3563 1112 3630 Judas,
1156 3571 1209 3619 et
1250 3562 1573 3635 confringet
1622 3563 1730 3619 sibi
1784 3565 1974 3621 sulcos

278 3682 297 3706 ι.
340 3657 533 3713 Jacob.
568 3674 595 3706 ι)
627 3655 799 3709 Iudas
844 3660 988 3720 arat,
1013 3667 1147 3708 cum
1176 3653 1411 3708 sincera;
1456 3652 1732 3708 confessio
1784 3656 1973 3723 poeni-

272 3746 489 3803 tudinis
547 3742 914 3814 superﬁciem
970 3742 1224 3811 corporis
1248 3748 1303 3797 et
1352 3740 1529 3796 animi
1583 3741 1862 3797 convertit
1917 3751 1969 3798 et

271 3834 490 3904 fatigat.
551 3832 713 3886 Jacob
791 3831 899 3885 sibi
944 3832 1117 3885 sulcos
1169 3829 1498 3900 confringit,
1558 3844 1688 3887 cum
1743 3839 1972 3900 peccata

270 3922 696 3991 supplantando
738 3933 1065 3989 tequoream
1142 3919 1459 3988 quamdam
1528 3919 1681 3988 pacis
1735 3921 1970 3975 internze

270 4010 567 4080 planitiem
624 4022 858 4079 aequare
915 4022 1028 4063 non
1076 4007 1302 4063 desinit.
1335 4008 1460 4063 Sibi
1489 4014 1681 4063 autem
1712 4008 1971 4063 confrin-

271 4111 405 4169 gere
429 4096 659 4158 dicitur,
693 4096 833 4165 quia
859 4095 1145 4165 quidquid
1193 4095 1372 4164 pietas
1403 4094 1748 4165 pmnitentize
1788 4096 1966 4151 sancti

271 4184 482 4241 laboris
527 4191 776 4247 exercet,
837 4198 940 4238 suo
998 4183 1252 4239 interiori
1315 4184 1612 4239 commodo
1660 4198 1775 4238 non
1806 4182 1967 4254 vulgi

268 4273 570 4329 favoribus
620 4282 912 4341 operatur.
963 4271 1132 4326 Jacob
1179 4278 1371 4326 autem
1402 4272 1786 4340 supplantator
1833 4270 1967 4326 dici-

267 4371 378 4419 tur.
438 4361 591 4417 Nihil
643 4360 795 4417 enim
851 4359 1031 4416 ludas
1081 4366 1207 4415 arat
1244 4358 1293 4415 si
1346 4359 1521 4414 Jacob
1580 4358 1873 4415 remissius
1912 4359 1967 4414 in

265 4452 453 4507 sulcos
503 4450 936 4521 confringendo,
993 4455 1047 4504 et
1080 4447 1393 4519 praesertim
1441 4448 1499 4503 in
1542 4447 1967 4518 supplantando

264 4540 526 4596 desudat.

338 4630 597 4686 Vaasl2.
629 4658 697 4668 —
734 4649 755 4675 ι
817 4625 1102 4682 Seminate
1165 4624 1326 4681 vobis
1368 4625 1428 4680 in
1506 4624 1741 4681 veritate
1789 4623 1966 4695 justi—

268 4737 289 4764 »
336 4716 492 4783 tiam,
527 4715 718 4771 metite
744 4713 802 4769 in
848 4727 944 4769 ore
993 4712 1464 4783 misericordiam,
1496 4712 1768 4769 innovate
1807 4712 1968 4769 vobis

267 4826 288 4853 ι
332 4804 554 4860 novale.
590 4826 611 4851 ι
652 4805 727 4857 In
766 4804 993 4856 veritate
1042 4801 1151 4857 sibi
1171 4802 1452 4871 justitiam
1497 4802 1758 4869 seminat,
1805 4800 1966 4872 quis-

262 4894 391 4962 quis
422 4894 534 4949 Deo
561 4899 616 4949 et
645 4890 905 4961 proximo
934 4891 1254 4946 secundum
1293 4891 1449 4961 quod
1483 4892 1695 4961 unique
1748 4903 1969 4959 compe-

262 4984 345 5049 tit,
427 4988 654 5037 servata
710 4979 980 5049 zeqnitate
1040 4980 1334 5035 communi
1390 4980 1626 5036 reddere
1680 4978 1836 5049 quod
1892 4977 1968 5034 di.

261 5085 441 5141 gnum
493 5077 594 5136 est,
642 5069 906 5124 destinat.
955 5068 1232 5123 Seminare
1275 5075 1468 5123 autem
1524 5081 1820 5137 proponere
1858 5073 1961 5121 est.

259 5159 333 5214 At
370 5173 504 5215 vero
532 5157 591 5212 in
618 5156 846 5212 veritate
867 5164 923 5213 et
944 5156 1052 5212 sibi
1083 5157 1344 5225 seminat,
1379 5156 1645 5227 quisquis
1687 5157 1807 5210 sine
1848 5154 1966 5213 avi-

258 5248 434 5304 ditate
481 5248 746 5304 favorum
793 5247 902 5303 sibi
951 5246 1055 5303 soli
1116 5246 1174 5302 in
1221 5262 1326 5303 suo
1387 5247 1535 5301 bono
1598 5245 1860 5301 conscius
1908 5244 1963 5299 id

257 5337 493 5392 actitare
544 5336 840 5392 deliberat.
890 5338 954 5390 In
1000 5351 1091 5390 ore
1127 5334 1558 5391 misericordiam
1614 5332 1794 5401 metit,
1830 5347 1963 5389 cum

255 5425 408 5497 quod
430 5425 597 5480 corde
630 5425 914 5495 proponit,
943 5439 1041 5494 spe
1085 5424 1362 5480 metendte
1408 5422 1808 5478 misericordiae
1839 5422 1966 5477 aliis

255 5512 632 5585 pronuntiare
686 5527 796 5567 non
866 5513 1092 5568 desinit.
1166 5515 1232 5568 In
1281 5528 1380 5567 ore
1419 5511 1589 5567 etiam
1649 5515 1963 5568 misericor-

2090 3041 2339 3089 mactare
2370 3048 2485 3089 non
2517 3034 2672 3090 Deo?
2708 3042 2763 3089 et
2793 3034 2925 3104 quis
2944 3034 3135 3103 magis
3176 3047 3340 3089 nemo
3378 3034 3652 3103 appellari
3695 3036 3795 3091 de-

2088 3120 2199 3188 bet,
2245 3135 2421 3191 quam
2459 3122 2562 3191 qui
2605 3136 2836 3177 carnem
2876 3135 3045 3177 suam
3100 3121 3208 3177 sub
3247 3121 3343 3176 tali
3366 3121 3602 3177 obtentu
3650 3124 3789 3179 odio

2089 3209 2301 3265 habet?
2328 3212 2677 3279 Iniquitatem
2728 3210 2982 3276 messuit,
3025 3210 3126 3279 qui
3160 3208 3360 3264 laudes
3404 3209 3518 3264 Deo
3557 3208 3789 3265 dandas

2083 3299 2292 3354 exinde
2321 3300 2427 3355 sibi
2458 3299 2731 3370 sacrilege
2769 3298 3055 3354 adhibuit.
3087 3297 3239 3353 Nihil
3277 3298 3433 3353 enim
3466 3305 3550 3353 est
3585 3298 3789 3352 minus

2082 3401 2338 3457 aequum,
2385 3401 2561 3457 quam
2582 3402 2684 3443 suo
2715 3386 2915 3443 honori
2962 3393 3296 3456 postponere
3332 3387 3531 3440 Deum.
3573 3386 3789 3456 Inique

2080 3490 2214 3547 ergo
2245 3476 2617 3546 messuit,qni
2661 3476 2913 3546 primum
2957 3475 3065 3531 sibi
3097 3483 3212 3531 tam
3262 3474 3513 3544 profanae
3561 3489 3788 3531 merce-

2082 3564 2169 3620 dis
2198 3565 2481 3627 attribuit,
2526 3567 2759 3634 Frugem
2818 3564 3094 3619 mendacii
3144 3564 3405 3630 comedit,
3457 3564 3559 3632 qui
3598 3578 3784 3619 accu-

2080 3661 2243 3709 sante
2293 3668 2352 3708 se
2411 3653 2755 3708 conscientia
2805 3652 2993 3708 fallaci
3048 3652 3378 3707 adulatione
3444 3651 3781 3720 vulgarium

2080 3740 2235 3811 pasci
2289 3740 2580 3796 addidicit.
2622 3739 2762 3805 Quia
2788 3738 3020 3809 conﬁsus
3040 3754 3122 3804 es;
3154 3737 3363 3808 inquit,
3396 3742 3457 3792 in
3485 3739 3604 3810 {niis
3643 3744 3781 3808 tuis,

2079 3829 2291 3884 scilicet
2370 3842 2486 3883 non
2564 3826 2872 3896 respiciens
2944 3827 3013 3881 ad
3072 3826 3359 3881 internam
3422 3827 3781 3883 vacuilatem

2081 3924 2261 3982 tuam,
2312 3916 2383 3972 ad
2412 3930 2480 3971 ea
2521 3922 2747 3971 tantum
2776 3914 3010 3970 oculum
3071 3914 3376 3985 dirigebas,
3410 3930 3542 3984 quae
3570 3916 3639 3970 de
3677 3922 3784 3971 tuo

2077 4004 2468 4073 superstitioso
2497 4018 2667 4074 opere
2713 4002 2961 4059 inaniter
2991 4003 3458 4072 praedicabantur
3498 4003 3651 4058 foris.
3689 4003 3780 4058 Si-

2078 4100 2176 4148 cut
2212 4091 2365 4147 enim
2397 4098 2563 4147 extra
2607 4090 2895 4145 hominem
2933 4089 3048 4158 via,
3074 4091 3155 4145 sic
3209 4099 3374 4145 extra
3418 4091 3778 4161 hypocritam

2075 4192 2182 4234 sua
2213 4179 2271 4234 in
2320 4179 2539 4248 quibus
2559 4177 2794 4234 conﬁdit
2824 4191 3019 4247 opera.
3055 4181 3116 4233 In
3145 4179 3499 4234 multitudine
3537 4195 3777 4251 quoque

2008 4283 2048 4336 ι)
2076 4270 2305 4334 fortium
2348 4281 2588 4323 suorum
2628 4266 2894 4335 conﬁdit;
2925 4280 3060 4322 cum
3113 4266 3172 4321 in
3218 4268 3421 4323 ardua
3467 4283 3778 4325 conversa-

2079 4355 2246 4412 tionis
2275 4369 2407 4426 quaa
2437 4356 2539 4411 vix
2577 4354 2790 4410 sanctis
2825 4354 2967 4410 viris
3002 4355 3310 4411 tolerabilis
3338 4363 3503 4423 esset,
3562 4371 3777 4428 propo-

2075 4445 2183 4500 sito
2233 4458 2390 4515 spem
2443 4444 2687 4514 reponit,
2721 4457 2839 4499 non
2889 4443 3172 4513 aspiciens
3201 4458 3318 4514 quo
3362 4445 3642 4514 intendat,
3674 4447 3777 4503 sed

2076 4548 2208 4603 quae
2237 4533 2437 4590 stolide
2468 4533 2712 4603 peragit.

2147 4621 2316 4679 Vnus.
2356 4623 2438 4677 l4.
2472 4652 2540 4661 -—
2574 4644 2593 4670 ι
2632 4621 2947 4691 Consurget
2994 4621 3281 4678 tumultus
3312 4623 3371 4678 in
3408 4623 3619 4693 populo
3650 4631 3772 4691 tuo,

2079 4732 2100 4759 ι
2136 4718 2191 4766 et
2219 4724 2418 4766 omnes
2443 4710 2789 4767 munitiones
2836 4718 2951 4767 tua}
2976 4711 3383 4779 vastabantur,
3416 4712 3565 4769 sicut
3592 4721 3779 4769 vasta-

2075 4820 2103 4849 »
2138 4806 2232 4855 tus
2260 4806 2344 4855 est
2375 4798 2604 4855 Salman
2636 4813 2670 4854 a
2692 4800 2860 4855 domo
2900 4800 3046 4869 ejus,
3080 4799 3182 4870 qui
3206 4798 3489 4869 judicavit
3520 4801 3656 4857 Baal
3714 4802 3773 4857 in

2077 4912 2101 4940 ι
2143 4890 2235 4945 die
2266 4889 2464 4958 praelii,
2501 4897 2679 4945 matre
2706 4889 2899 4960 {super
2950 4889 3092 4945 filios
3126 4889 3310 4945 allisa.
3348 4912 3368 4939 ι
3409 4892 3688 4946 Tumultus
3715 4895 3778 4947 in

2071 4979 2269 5048 populo
2299 4977 2618 5048 consurgit,
2688 4992 2822 5034 cum
2857 4979 2915 5033 in
2945 4978 3217 5034 cordibus
3240 4992 3428 5049 nuper
3476 4993 3781 5036 converso—

2073 5084 2203 5125 rum
2260 5068 2471 5125 veteris
2552 5068 2795 5125 licentiae
2862 5069 3168 5125 insolentia
3250 5070 3618 5125 recrudescit.
3671 5071 3777 5129 Vel

2071 5157 2244 5213 etiam
2291 5158 2553 5211 tumultus
2595 5158 2915 5228 consurgit,
2967 5171 3101 5213 cum
3133 5156 3330 5227 gravis
3354 5156 3411 5211 in
3464 5158 3777 5227 cogitatio-

2072 5247 2247 5302 nibus
2289 5245 2639 5317 paenitentiee
2688 5254 2876 5302 motus
2912 5246 3170 5316 emergit.
3229 5245 3418 5303 Omnes
3448 5250 3777 5303 munitiones

2069 5336 2531 5408 ejusyastantur
2580 5348 2715 5390 cum
2748 5334 2952 5391 mentis
2987 5334 3258 5389 universa
3300 5334 3594 5405 repagula,
3640 5350 3775 5406 qua:

2071 5424 2180 5479 sub
2206 5424 2326 5480 suis
2350 5424 2606 5480 latibulis
2651 5423 3002 5494 ﬂagitiorum
3060 5423 3281 5492 pridem
3316 5422 3621 5479 occuluere
3662 5425 3774 5481 tri-

2070 5519 2247 5582 stega,
2278 5512 2385 5581 piae
2419 5512 2786 5567 confessionis
2839 5519 3129 5567 eruuntur
3165 5511 3237 5566 ad
3281 5512 3484 5567 lucem.
3539 5513 3769 5570 Salman
