3934 6086
144 274 248 326 397

141 499 297 553 Sicut
342 504 590 552 vastatus
617 503 695 552 est
733 499 957 553 Salman
999 513 1033 550 a
1067 498 1221 551 domo
1251 498 1389 565 ejus,
1438 499 1535 565 qui
1569 497 1847 565 judicavit

138 588 279 641 Baal
308 590 366 640 in
398 587 487 640 die
516 590 712 655 praelii,
740 588 793 641 id
824 594 928 652 est,
967 586 1115 641 sicut
1145 586 1406 641 consumi
1440 587 1605 640 debet
1636 586 1843 640 obscu-

139 674 281 729 ritas
309 674 407 729 illa
436 689 709 744 nequam,
748 689 879 744 quae
912 674 1091 729 divini
1122 674 1359 728 luminis
1394 674 1466 729 ab
1497 674 1689 729 animo
1722 688 1845 743 pro-

142 763 378 819 hibebat
442 777 774 818 accessum:
842 770 896 818 et
954 777 1023 816 ne
1080 762 1138 817 in
1196 760 1437 817 miseriis
1489 762 1841 828 subsisteret,

139 852 358 907 crebris
396 851 876 906 commotionibus
924 851 1298 920 perurgebat;
1340 866 1374 903 a
1406 851 1581 917 domo,
1615 850 1667 905 id
1700 858 1783 907 est
1812 863 1844 904 a

140 939 489 995 conscientia
531 940 645 1005 illa,
691 954 822 1009 quae
876 938 929 993 in
972 940 1059 994 sui
1093 938 1514 994 illuminatione
1557 953 1621 994 ac
1668 939 1713 993 si
1755 939 1844 993 die

139 1029 197 1082 in
230 1042 352 1098 qua
383 1041 513 1083 caro
543 1027 900 1096 spiritusque
939 1025 1278 1095 conﬂigunt,
1325 1028 1462 1080 Baal
1496 1026 1739 1096 judicat,
1788 1027 1841 1081 id

139 1125 223 1171 est
256 1116 451 1171 virum
485 1116 737 1170 damnat.
770 1115 844 1169 De
880 1129 996 1183 quo
1038 1113 1249 1169 dicitur
1282 1128 1294 1166 :
1330 1134 1356 1161 «
1394 1114 1496 1168 Hic
1530 1128 1702 1184 quem
1735 1115 1844 1169 ha—

139 1204 260 1270 bes,
308 1218 425 1259 non
472 1211 557 1258 est
590 1212 725 1258 tuus
774 1202 1182 1268 vir'(Joan.1v,
1228 1202 1333 1271 18).
1365 1221 1391 1253 »
1440 1203 1620 1258 Matre
1669 1216 1844 1273 super

142 1293 296 1348 ﬁlios
328 1291 511 1357 allisa,
554 1306 684 1347 cum
722 1292 843 1346 suis
892 1291 1152 1346 videlicet
1177 1292 1449 1360 operibus
1477 1291 1685 1346 obruta
1714 1306 1844 1346 eon-

138 1381 518 1451 cupiscentia.
571 1380 705 1435 Baal
750 1387 942 1435 autem
998 1380 1408 1449 interpretatur
1454 1383 1561 1447 vir,
1614 1381 1701 1435 vel
1751 1382 1846 1433 ha-

140 1471 290 1537 bens,
350 1470 401 1524 id
461 1477 544 1525 est
606 1468 902 1539 possidens
963 1468 1303 1532 dominium,
1370 1468 1580 1524 scilicet
1632 1470 1845 1525 erroris

848 268 1303 328 TROPOLOGI/E
1342 272 1414 326 IN
1455 268 1660 340 OSEE,
1704 272 1882 328 AMOS
1925 271 2014 330 ET
2053 270 2196 330 JER.
2239 304 2302 317 —
2348 271 2478 330 LIB.
2521 274 2615 330 III.
2659 270 2727 331 IN
2766 271 2959 331 OSEE.

139 409 564 479 interpretatur
627 409 820 463 umbra
882 409 1224 478 prohibendi,
1294 408 1378 463 vel
1441 410 1823 462 commotionis.
1865 411 2287 479 Aptrpetrant.

3547 277 3649 333 398

2371 410 2693 465 Simulacris
2756 407 3104 473 sacriﬁcant,
3176 422 3307 462 eum
3380 408 3642 464 interiori

1952 498 2307 566 periclitante
2339 505 2491 554 statu
2526 498 2692 568 longe
2718 498 2883 553 aliter
2913 511 2971 552 se
3004 496 3305 552 hominum
3339 499 3650 567 conspecti-

1951 586 2079 653 bus,
2123 601 2300 657 quam
2350 602 2438 642 res
2488 587 2639 642 intro
2683 593 2941 657 geratur,
2989 592 3296 641 ostentant.
3357 585 3463 641 Sed
3501 585 3650 641 inter

1951 672 2077 741 ista,
2129 675 2337 745 inquit,
2387 677 2651 745 Ephraim
2696 676 2960 729 nutritius
3003 688 3151 740 sum,
3214 673 3353 728 dum
3400 680 3647 729 mentem

1951 776 2175 833 semper
2219 765 2453 823 intendo
2504 765 2573 819 de
2632 764 3048 820 resurrectione
3102 776 3465 817 commonere
3524 771 3647 831 post

1951 850 2199 921 lapsum,
2248 860 2303 907 et
2347 852 2423 908 ita
2466 853 2735 908 voluntas
2781 859 2976 907 nostra
3026 866 3138 905 non
3196 850 3503 913 colliditur,
3536 850 3649 905 Do-

1950 941 2105 995 mino
2134 949 2489 1010 supponente
2520 929 2777 997 manum.
2826 940 2917 997 Sic
2961 955 3063 996 nos
3111 940 3315 1009 nutrit,
3363 940 3502 996 dum
3550 954 3650 1010 per

1949 1029 2151 1085 ruinas
2189 1037 2243 1084 et
2274 1036 2457 1085 status
2488 1044 2591 1085 nos
2631 1029 2841 1085 erudit.
2904 1051 2925 1078 «
2959 1029 3262 1084 Portabam
3295 1043 3389 1084 eos
3436 1028 3493 1084 in
3526 1029 3652 1084 bra-

1956 1139 1976 1166 ι
2011 1116 2154 1173 chiis
2184 1117 2323 1172 meis
2354 1132 2366 1171 :
2399 1125 2453 1173 et
2496 1117 2826 1173 nescierunt
2866 1117 3020 1187 quod
3061 1131 3324 1172 curarem
3360 1131 3529 1172 eos.»
3584 1118 3646 1172 In

1950 1205 2202 1261 brachiis
2247 1220 2341 1261 eos
2384 1212 2590 1276 portat,
2642 1219 2775 1261 cum
2816 1206 2884 1260 ad
2949 1205 3207 1260 divinam
3258 1205 3649 1262 fortitudinem

1949 1294 2233 1350 sublevat.
2270 1294 2577 1350 Brachium
2608 1294 2760 1349 enim
2803 1308 2904 1363 pro
2950 1293 3281 1349 fortitudine
3312 1293 3440 1363 poni
3486 1295 3647 1359 solet,

1950 1384 2020 1437 Et
2050 1383 2312 1439 nesciunt
2344 1382 2499 1453 quod
2548 1389 2710 1437 curet
2748 1397 2862 1450 eos,
2911 1382 3049 1452 quia
3078 1396 3149 1437 ex
3179 1383 3426 1452 pondere
3467 1391 3652 1438 tenta-

1950 1473 2119 1527 tionis
2168 1486 2309 1542 pene
2356 1472 2722 1541 desperantes
2760 1472 3030 1541 ignorant
3074 1471 3227 1541 quod
3277 1472 3513 1540 provide
3545 1486 3648 1541 per

138 1560 400 1629 signans.
1951 1561 2173 1616 occulta
2204 1560 2529 1629 naufragia,
2560 1575 2632 1616 ne
2658 1560 2727 1614 de
2758 1560 2988 1615 virtutis
3020 1559 3391 1629 prosperitate
3440 1574 3648 1629 super—

214 1646 387 1701 Vuns.
438 1648 522 1699 15.
588 1673 642 1685 -
703 1666 724 1692 ι
759 1642 850 1699 Sic
900 1645 1029 1700 fecit
1098 1645 1258 1700 Vobis
1316 1646 1528 1713 Bethel,
1603 1660 1635 1701 a
1704 1647 1841 1702 faeie
1883 1712 1915 1718 _
1953 1649 2132 1714 biant,
2171 1649 2588 1718 prematipsos.

146 1758 165 1781 ε
207 1734 437 1789 malitiae
465 1734 1029 1804 nequitiarumzli
1056 1742 1395 1789 vestrarum.
1428 1757 1446 1782 ι
1476 1712 1686 1801 Bethel,
1715 1737 1839 1791 licet
1881 1712 1920 1764 Β
2021 1712 2192 1793 Vens:
2233 1739 2284 1790 4.
2333 1768 2400 1775 —-
2434 1712 2456 1784 ξ
2503 1737 2567 1791 In
2618 1734 2887 1792 funiculis
2937 1735 3119 1791 Adam
3163 1736 3386 1791 traham
3429 1750 3542 1803 eos,
3589 1736 3645 1791 in

140 1824 331 1877 domus
389 1826 486 1877 Dei
540 1823 967 1892 interpretetur,
1020 1829 1210 1877 tamen
1257 1838 1330 1877 ex
1370 1822 1519 1879 idolo
1575 1839 1691 1893 quo
1746 1827 1837 1879 Je-

138 1913 379 1967 roboam
414 1912 489 1967 ibi
534 1919 833 1973 statuerat,
873 1912 1232 1981 profanatur.
1285 1913 1383 1967 Est
1430 1926 1567 1982 ergo
1608 1913 1839 1968 dicere:

142 2004 255 2055 llas
321 2000 642 2055 contrarias
719 1998 1103 2063 fortitudines,
1181 2014 1312 2068 qua:
1387 2007 1579 2055 vestra
1645 2009 1843 2057 contra

140 2089 323 2146 Deum
355 2088 534 2143 corda
565 2086 1085 2157 munierantﬁfecit
1109 2087 1273 2142 vobis
1304 2088 1515 2152 Betbel,
1551 2090 1842 2144 conscien-

142 2178 222 2233 tia
260 2176 546 2243 videlicet,
605 2190 782 2245 quam
834 2175 987 2230 Deus
1037 2176 1359 2230 inhabitare
1408 2176 1701 2243 debuerat,
1747 2178 1842 2232 sed

142 2266 359 2321 diaboli
389 2265 636 2321 fantasia
698 2264 1015 2331 imbuerat;
1062 2273 1116 2319 et
1162 2265 1265 2318 hoc
1308 2278 1342 2319 a
1392 2264 1553 2331 facie,
1590 2265 1645 2319 id
1692 2273 1777 2320 est
1811 2280 1844 2321 a

143 2354 603 2410 consideratione
673 2352 1045 2408 immanitatis
1122 2354 1432 2408 criminum
1498 2360 1840 2421 vestrorum,

144 2444 362 2501 Malitia
418 2442 570 2499 enim
626 2443 717 2497 hic
773 2456 872 2511 pro
926 2441 1143 2497 enormi
1199 2457 1309 2497 usu
1358 2442 1683 2512 appellatur
1724 2458 1843 2498 sce-

145 2533 361 2588 lerum.

819 2619 1052 2675 CAPUT
1093 2619 1188 2674 XI.

149 2731 171 2758 ι
206 2709 381 2764 Vens.
430 2712 474 2762 t.
509 2738 577 2748 --
630 2729 651 2756 ι
691 2707 847 2763 Sicut
894 2722 1061 2762 mane
1106 2708 1458 2777 pertransiit,
1514 2708 1845 2778 pertransiit

150 2812 303 2853 irex
354 2797 546 2852 Israel.
586 2820 605 2844 ι
668 2800 780 2851 Rue
843 2798 1013 2850 Israel
1057 2796 1291 2864 spiritus
1350 2804 1541 2852 noster
1592 2804 1697 2863 est,
1748 2798 1842 2853 cui

146 2900 344 2957 regere
376 2887 617 2955 pertinet
651 2885 936 2955 quidquid
980 2885 1090 2939 sub
1123 2883 1330 2940 aliectu
1361 2894 1462 2940 est.
1502 2885 1626 2953 Ipse
1664 2886 1842 2954 enim,

145 2975 465 3030 secundum
489 2973 912 3045 etymologiam,
954 2972 1164 3042 saepius
1210 2973 1419 3028 dictam
1452 2988 1582 3029 cum
1625 2972 1843 3029 ratione

143 3077 212 3118 ac
234 3063 280 3119 si
309 3078 442 3119 cum
474 3064 585 3118 Deo
624 3063 984 3132 principatur
1015 3078 1029 3131 ;
1075 3063 1165 3117 sin
1205 3062 1347 3117 alias
1376 3062 1571 3117 servit.
1618 3063 1671 3117 Is
1700 3077 1842 3133 ergo

145 3169 245 3206 rex
278 3154 419 3205 sicut
447 3167 604 3204 mane
636 3149 961 3220 pertransit,
998 3164 1127 3205 cum
1162 3150 1393 3219 repulsa
1421 3150 1760 3221 ignorantize
1789 3159 1844 3206 et

144 3240 558 3311 cogitationum
590 3239 802 3295 nebula
822 3246 1100 3309 tanquam
1125 3239 1335 3308 pallore
1351 3240 1694 3309 crepusculi,
1722 3240 1843 3310 ple-

145 3329 325 3384 nioris
356 3328 746 3399 intelligentiae
780 3328 1059 3398 etquietis
1081 3329 1325 3397 gratiam
1352 3329 1525 3383 veluti
1546 3329 1729 3385 solare
1745 3330 1842 3400 ju-

148 3418 254 3473 bar
281 3418 531 3487 attingit.
572 3440 593 3464 «
630 3418 774 3481 Quia
803 3430 947 3486 puer
982 3417 1176 3483 Israel,
1208 3425 1262 3473 et
1292 3417 1470 3472 dilexi
1498 3433 1651 3486 cum,
1684 3425 1738 3473 ct
1769 3433 1842 3474 ex

149 3528 170 3553 ε
200 3506 447 3576 Egypto
495 3506 696 3560 vocavi
739 3505 949 3561 Filium
1001 3520 1217 3561 meum.
1250 3528 1271 3553 ι
1334 3507 1504 3559 Israel
1552 3522 1689 3575 puer
1736 3514 1840 3572 est,

140 3603 195 3650 et
220 3595 346 3649 ideo
371 3609 405 3649 a
437 3595 550 3649 Deo
579 3594 859 3664 diligitur,
892 3596 1049 3665 quia,
1076 3604 1380 3665 postquam
1412 3594 1482 3649 ad
1508 3594 1640 3650 vita)
1675 3594 1842 3649 novi-

146 3691 320 3739 tatem
347 3681 597 3749 redierit,
629 3685 739 3738 Deo
768 3698 882 3738 non
917 3683 1139 3753 placere
1164 3698 1278 3739 non
1307 3690 1505 3753 potest.
1540 3686 1628 3738 Ea:
1658 3684 1842 3752 Egy-

140 3775 516 3843 pto'quoque
554 3773 729 3841 ﬁlium
772 3781 957 3840 vocat,
1006 3788 1136 3828 cum
1184 3786 1256 3828 ex
1297 3771 1667 3842 quotidianis,
1712 3787 1843 3841 quae

142 3860 458 3918 immissive
489 3860 574 3916 vel
602 3861 943 3916 naturaliter
974 3860 1229 3916 inﬂuunt
1261 3860 1534 3926 tenebris,
1567 3860 1840 3929 spiritum

142 3959 430 4016 nostrum,
464 3949 565 4020 qui
592 3963 664 4004 ex
696 3964 832 4005 vera
863 3950 988 4006 luce
1014 3951 1179 4021 quasi
1212 3949 1317 4006 lux
1349 3950 1407 4006 in
1454 3949 1618 4005 nobis
1647 3948 1842 4019 gigni-

144 4049 262 4107 tur,
298 4040 451 4095 Deus
473 4039 692 4094 reducit
721 4047 775 4094 et
805 4040 1059 4095 suscitat.

213 4128 391 4184 Vens.
425 4131 477 4182 2.
501 4158 568 4167 —
608 4150 627 4176 ι
663 4128 1030 4185 Vocaverunt
1057 4143 1175 4195 eos,
1216 4128 1297 4184 sic
1326 4128 1594 4183 abierunt
1637 4141 1671 4183 a
1701 4126 1841 4183 facie

146 4238 173 4267 α
207 4231 430 4273 eorum.
471 4240 492 4264 ι
553 4216 712 4283 Quod
758 4217 1131 4287 singulariter
1178 4218 1447 4287 superius
1504 4231 1605 4287 per
1649 4231 1840 4288 regem

142 4306 434 4371 innuerat,
470 4306 577 4361 hoc
608 4306 770 4360 modo
814 4314 1044 4376 propter
1093 4306 1347 4362 diversos
1390 4305 1840 4361 rationalitatum

142 4402 337 4449 motus
376 4394 676 4463 pluraliter
713 4395 979 4463 applicat.
1030 4394 1147 4449 Etsi
1189 4395 1343 4449 enim
1388 4408 1505 4449 una
1546 4400 1628 4449 est
1674 4393 1841 4457 ratio,

149 4491 385 4553 propter
413 4483 605 4551 plures
656 4490 845 4538 tamen
878 4496 1082 4537 causas
1114 4482 1378 4552 plurimae
1408 4489 1542 4538 sunt
1572 4481 1840 4538 rationes.

147 4575 228 4627 Ac
254 4571 301 4626 si
343 4571 551 4626 diceret
586 4586 599 4625 :
637 4571 755 4626 Etsi
803 4572 954 4627 Deus
996 4586 1029 4626 a
1064 4578 1260 4627 nostra
1298 4585 1402 4626 nos
1448 4584 1549 4640 per
1575 4584 1634 4625 se
1678 4569 1842 4626 caeci-

148 4668 266 4717 tate
305 4660 540 4725 revelat,
601 4660 705 4730 ipsi
754 4667 943 4716 tamen
987 4659 1295 4716 rationales
1343 4666 1531 4715 motus
1562 4673 1593 4713 a
1650 4667 1844 4715 nostro

144 4764 255 4805 nos
310 4763 547 4819 corpore
619 4749 923 4819 aliquoties
988 4750 1239 4805 excitare
1292 4749 1685 4817 contendunt;
1746 4749 1845 4804 sed

143 4838 293 4909 quia
322 4852 437 4892 non
463 4845 546 4892 est
583 4837 639 4892 in
680 4837 907 4893 homine
951 4837 1046 4892 via
1095 4839 1241 4907 ejus,
1287 4852 1390 4892 nec
1436 4835 1563 4902 viri,
1616 4842 1679 4892 ut
1708 4835 1844 4891 diri-

147 4935 248 4998 gat
281 4940 513 4997 gressus
540 4941 677 4981 suos
715 4926 891 4993 (Prov.
922 4941 1032 4994 xvt,
1063 4926 1141 4995 9),
1189 4925 1270 4980 illi
1315 4925 1428 4980 Deo
1479 4938 1580 4979 nos
1612 4925 1845 4994 dispen—

147 5015 333 5070 sative
381 5014 705 5070 retardante
751 5014 1046 5078 recedunt,
1098 5014 1294 5083 sicque
1341 5026 1444 5066 nos
1482 5011 1619 5082 quid
1669 5013 1849 5068 simus

143 5118 216 5159 ex
269 5103 438 5159 nobis
498 5103 744 5172 experiri
795 5102 1032 5157 faciunt.
1079 5104 1127 5156 A
1175 5104 1320 5168 facie
1371 5117 1552 5155 eorum
1610 5102 1844 5168 abeunt,

150 5207 283 5249 cum
314 5207 374 5247 se
407 5205 440 5245 a
474 5191 763 5247 rationum
796 5190 1113 5246 redditione
1140 5189 1550 5260 cogitationum
1588 5190 1849 5257 pervica-

149 5282 349 5338 eitates
378 5279 718 5336 excludunt.
757 5301 777 5327 ι
815 5278 1030 5333 Baalim
1075 5278 1465 5344 immolabant,
1506 5285 1560 5331 et
1608 5276 1851 5333 simula-

154 5392 180 5419 ‹‹
216 5373 332 5426 eris
389 5368 814 5425 sacriﬁcabant.
862 5368 1047 5436 (Vens.
1080 5369 1158 5434 3.)
1198 5368 1267 5422 Et
1319 5381 1422 5435 ego
1461 5365 1627 5436 quasi
1673 5366 1851 5421 nutri-

157 5484 176 5507 ι
215 5459 333 5515 tius
388 5456 688 5528 Ephraim.
728 5478 749 5502 ι
822 5458 1036 5511 Baalim
1100 5455 1415 5522 immolant,
1484 5468 1613 5509 cum
1671 5454 1853 5509 multa

146 5547 265 5614 Dei,
299 5546 399 5602 sed
451 5560 567 5601 non
602 5559 703 5615 pro
752 5545 864 5600 Deo
908 5544 1203 5600 tentationi
1250 5558 1399 5612 saepe
1427 5541 1852 5598 succumbendo

1954 1847 1975 1873 ι
2009 1825 2256 1881 vinculis
2291 1825 2609 1880 charitatis.
2646 1847 2673 1874 »
2712 1826 2771 1879 In
2820 1824 2933 1879 alia
2980 1824 3357 1880 translatione
3408 1824 3507 1880 ubi
3556 1826 3650 1881 hic

1950 1915 2130 1969 Adam
2163 1915 2390 1985 legitur,
2428 1914 2544 1969 illic
2583 1914 2820 1968 homines
2874 1913 3184 1980 invenitur,
3238 1914 3317 1967 sic
3356 1913 3509 1968 enim
3557 1914 3648 1968 in—

1950 2011 2314 2072 terpretatur.
2372 2003 2531 2059 Unde
2563 2010 2617 2057 et
2666 2003 2722 2057 in
2766 2001 2967 2057 Genesi
3009 2001 3105 2057 ubi
3156 2001 3413 2057 dicitur:
3453 2024 3474 2050 ι
3530 2003 3649 2057 Vo-

1954 2091 2154 2147 «cavit
2188 2098 2410 2146 nomen
2457 2104 2658 2146 eorum
2707 2090 2889 2145 Adam
2942 2091 3155 2159 (Gen.v,
3186 2093 3292 2155 2,»
3352 2090 3543 2146 itidem
3591 2106 3647 2146 ll‘l

1950 2180 2208 2235 homines
2256 2178 2621 2235 transfertur.
2662 2181 2722 2233 In
2764 2180 3028 2245 funiculis
3057 2192 3192 2249 ergo
3238 2181 3512 2233 hominum
3564 2195 3649 2234 eos

1949 2269 2145 2328 trahit,
2179 2282 2313 2324 eum
2345 2282 2414 2323 ex
2450 2267 2873 2338 passabilitatis,
2901 2275 2955 2323 et
2994 2268 3383 2323 humanarum
3434 2282 3647 2324 aerum-

1949 2372 2160 2413 narum
2194 2357 2391 2412 timore
2420 2372 2515 2412 eos
2544 2357 2614 2411 ad
2642 2371 2699 2411 se
2739 2356 2993 2426 corripit.
3032 2356 3192 2412 Unde
3225 2365 3306 2412 est
3342 2372 3353 2411 :
3393 2378 3413 2405 ι
3455 2357 3648 2413 Multi-

1950 2444 2168 2514 plicatze
2199 2452 2353 2511 sunt,
2390 2444 2601 2514 inquit,
2633 2444 2991 2499 inﬁrmitates
3019 2457 3215 2499 eorum
3251 2459 3262 2498 :
3289 2451 3496 2513 postea,
3534 2466 3559 2494 »
3584 2458 3649 2499 ac

1948 2534 1997 2589 si
2030 2534 2239 2589 diceret
2273 2547 2285 2587 :
2319 2533 2399 2588 Ad
2430 2533 2715 2589 medicum
2751 2554 2777 2581 ››
2822 2532 3292 2588 acceleraverunt
3338 2533 3503 2591 (Psal.
3550 2549 3646 2602 xv,

1948 2623 2028 2692 4).
2065 2644 2085 2670 ι
2121 2621 2229 2677 Sed
2274 2621 2637 2691 postmodum
2690 2621 2842 2691 quod
2884 2622 3043 2691 prius
3085 2621 3285 2677 timore
3344 2622 3651 2693 gerebatur

1952 2709 2009 2764 in
2059 2723 2313 2766 amorem
2365 2711 2632 2778 vertitur,
2683 2710 2838 2766 unde
2884 2716 2938 2765 et
2981 2709 3249 2779 sequitur
3281 2725 3293 2763 :
3324 2713 3383 2765 In
3420 2713 3650 2765 vinculis

1950 2799 2263 2865 charitatis,
2301 2792 2432 2869 quae
2459 2799 2668 2854 scilicet
2712 2799 2864 2855 foras
2898 2798 3069 2854 mittit
3120 2799 3381 2854 timorem
3413 2796 3469 2860 (Ι
3490 2802 3646 2854 Joan.

1952 2903 2027 2955 1v,
2068 2889 2172 2957 18).
2208 2888 2472 2944 Funiculi
2519 2896 2709 2943 autem
2752 2887 2887 2958 ipsze
2934 2885 3258 2943 affectiones
3307 2895 3462 2954 sunt,
3512 2890 3649 2957 qui-

1952 2976 2061 3033 bus
2099 2977 2168 3032 ad
2202 2976 2418 3048 aliquid
2454 2976 2836 3046 appetendum
2881 2975 3040 3031 nullo
3082 2982 3316 3047 cogente
3357 2975 3644 3031 ducimur.

1950 3066 2143 3122 Timor
2175 3080 2312 3121 vero
2359 3066 2725 3135 supradictus
2767 3078 2960 3120 amore
3009 3079 3121 3119 non
3160 3072 3333 3130 caret,
3392 3064 3647 3136 alioquin

1952 3155 2053 3210 hos
2084 3154 2369 3211 funiculos
2401 3168 2518 3209 non
2552 3154 2806 3210 haberet.
2843 3155 2977 3209 Inde
3019 3161 3101 3209 est
3136 3153 3276 3209 illud
3320 3154 3601 3223 poeticum
3631 3170 3644 3208 :

1953 3263 1977 3291 ι
2011 3243 2228 3309 Trahit,
2282 3242 2489 3312 inquit,
2544 3241 2666 3313 (sua
2717 3257 3008 3313 quemque
3062 3242 3330 3312 voluptas
3386 3240 3647 3310 (Vtacu..,

1948 3346 1987 3387 ιι
2054 3333 2291 3400 Eglog.).
2328 3351 2355 3379 »
2405 3352 2425 3379 ‹
2496 3331 2567 3387 Et
2621 3346 2719 3387 ero
2773 3331 2855 3386 eis
2899 3331 3067 3401 quasi
3121 3329 3385 3386 exaltans
3433 3330 3646 3401 jugum

1953 3441 1981 3469 ››
2031 3434 2204 3489 super
2250 3418 2517 3474 maxillas
2563 3434 2784 3487 eorum,
2840 3426 2896 3474 et
2949 3418 3230 3474 declinavi
3290 3418 3363 3473 ad
3409 3432 3542 3474 eum
3584 3425 3647 3474 ut

1956 3530 1977 3556 r
2012 3514 2351 3563 vesceretur.
2403 3528 2430 3557 ι»
2474 3510 2569 3562 Est
2616 3511 2692 3563 eis
2740 3509 2903 3577 quasi
2953 3508 3205 3560 exultans
3249 3508 3447 3575 jugum
3485 3523 3649 3575 super

1950 3598 2209 3651 mamilius
2247 3612 2447 3663 eorum,
2500 3611 2632 3652 cum
2690 3610 2826 3651 vera
2878 3595 3081 3650 mentis
3120 3596 3363 3650 essentia
3420 3608 3650 3665 promo-

1950 3693 2042 3741 vet
2060 3685 2149 3740 sui
2180 3684 2401 3740 timoris
2428 3683 2793 3740 eminentiam
2840 3698 3015 3753 super
3056 3683 3467 3738 intellectuales
3517 3698 3643 3739 sen-

1950 3788 2049 3830 sus
2085 3787 2304 3829 eorum.
2352 3773 2526 3843 Super
2568 3773 2694 3843 ejus
2741 3773 2999 3826 maxillas
3032 3775 3229 3841 jugum
3280 3771 3379 3826 Dei
3420 3771 3645 3827 exalta-

1949 3871 2129 3929 verat,
2176 3862 2278 3933 qui
2321 3861 2469 3917 sicut
2510 3868 2794 3917 tumentes
2848 3874 3019 3930 super
3063 3874 3121 3915 se
3168 3859 3378 3916 ﬂuctus
3421 3875 3645 3931 semper

1950 3966 2083 4007 eum
2118 3951 2403 4006 timuerat.
2436 3950 2616 4005 Tanto
2646 3956 2837 4005 autem
2874 3948 3056 4020 magis
3084 3948 3394 4017 exaltatur,
3424 3957 3643 4019 quanto

1950 4040 2136 4111 magis
2169 4039 2227 4093 in
2262 4040 2485 4095 interna
2511 4039 2725 4094 virtute
2774 4037 3087 4108 proﬁcitur,
3128 4037 3266 4093 dum
3302 4036 3400 4092 illa
3426 4045 3642 4094 aeterna

1949 4128 2245 4185 eharitatis
2273 4128 2444 4183 semel
2489 4134 2839 4197 praegustata
2887 4141 3109 4196 semper
3156 4126 3337 4181 amitti
3386 4127 3639 4187 timetur.

1950 4219 2058 4274 Pro
2105 4216 2397 4272 intellectu
2448 4217 2715 4272 maxillas
2774 4216 3108 4285 accipimus,
3156 4216 3295 4285 quia
3347 4215 3436 4271 his
3482 4230 3549 4272 ac
3596 4217 3643 4271 si

1884 4306 2226 4363 Ddentibus
2280 4305 2427 4361 dura
2476 4320 2725 4376 quaeque
2785 4304 3201 4360 commolimus.
3258 4304 3518 4359 Declinat
3572 4305 3646 4358 ad

1951 4412 2091 4459 eum,
2126 4401 2189 4450 ut
2219 4401 2502 4460 vescatur,
2535 4409 2665 4449 cum
2700 4408 2801 4463 per
2831 4394 3089 4450 timorem
3126 4393 3308 4459 illum,
3340 4409 3455 4464 quo
3486 4408 3647 4449 mens

1953 4482 2264 4539 salubriter
2294 4481 2655 4548 humiliatur,
2689 4481 2860 4537 etiam
2891 4496 2948 4537 se
2980 4481 3050 4536 ad
3082 4495 3183 4537 nos
3206 4482 3354 4537 Deus
3385 4481 3641 4548 inclinat,

1954 4579 2018 4628 ut
2073 4572 2140 4627 de
2187 4572 2312 4641 ejus
2360 4569 2706 4640 aspiratione
2758 4584 3084 4640 pascamur.
3156 4592 3175 4618 ι
3228 4570 3493 4635 Gmnabo,
3542 4572 3640 4638 ait,

1953 4674 2084 4716 cum
2135 4659 2225 4714 illo
2272 4668 2327 4714 et
2374 4657 2488 4727 ipse
2534 4673 2757 4715 mecum
2803 4662 2990 4727 (Apoc.
3036 4658 3257 4724 "1,20).
3296 4678 3316 4705 ι
3346 4656 3502 4723 Quod
3557 4674 3647 4713 su-

1953 4748 2150 4821 perius
2180 4746 2553 4818 singulariter
2581 4748 2716 4803 dicit
2750 4747 2819 4802 ad
2847 4761 3001 4814 eum,
3044 4760 3173 4801 cum
3211 4745 3508 4815 pluraliter
3536 4747 3643 4801 ali-

1955 4851 2073 4909 qua
2103 4851 2204 4905 pro
2236 4836 2487 4892 motibus
2520 4836 2693 4890 variis
2725 4834 3105 4904 praemisisset,
3134 4833 3471 4888 unimodum
3494 4849 3647 4889 men-
3736 4852 3740 4857 ι

1954 4926 2027 4981 tis
2054 4922 2309 4978 habitum
2346 4922 2615 4992 intellige,
2650 4922 2789 4993 quia
2822 4923 2875 4976 in
2903 4921 3183 4976 scissuras
3212 4920 3489 4977 mentium
3533 4923 3648 4977 sci-

1956 5026 2087 5067 mus
2151 5011 2333 5066 Deum
2402 5023 2773 5080 nequaquam
2836 5018 2898 5065 ut
2964 5008 3303 5064 convivetur
3361 5008 3649 5065 declinare

1958 5099 2154 5155 solere.

2031 5188 2200 5244 Vens.
2237 5191 2285 5242 5.
2318 5217 2389 5229 -
2423 5211 2443 5236 ι
2490 5187 2615 5243 Non
2659 5194 2979 5243 revertetur
3028 5187 3085 5241 in
3133 5193 3343 5241 terram
3397 5187 3648 5258 1Egypti,

1964 5298 1985 5324 ι
2019 5284 2074 5331 et
2115 5278 2296 5332 Assur
2343 5276 2460 5346 ipse
2512 5290 2610 5330 rex
2664 5276 2807 5346 ejus.
2850 5298 2869 5321 ιι
2923 5278 2984 5329 In
3032 5280 3230 5329 terram
3281 5277 3510 5345 Ερωτῖί
3548 5293 3654 5331 non

1960 5365 2288 5433 revertitur,
2322 5380 2453 5420 cum
2496 5366 2567 5420 ad
2599 5372 2832 5420 veterna
2877 5365 3122 5419 crimina
3162 5366 3368 5420 reverti
3410 5381 3469 5422 se
3519 5365 3658 5422 ulte—

1961 5452 2084 5508 rius
2118 5467 2229 5507 non
2276 5452 2507 5522 patitur.
2553 5454 2616 5507 Et
2648 5462 2834 5510 tamen
2879 5454 3076 5519 Assur,
3112 5453 3165 5508 id
3202 5461 3285 5509 est
3332 5454 3655 5511 aulicorum

1963 5540 2321 5596 familiaritas
2349 5542 2678 5610 etacceptio
2711 5543 3020 5597 admodum
3073 5543 3177 5597 sibi
3220 5543 3539 5611 expetenda
3585 5546 3661 5598 \‘i—
