3934 6086
249 268 350 320 399

1137 262 1199 318 V.
1240 259 1567 317 GUIBERTI
1604 259 1893 317 ABBATIS
1929 261 1984 316 S.
2029 260 2270 316 ΜΑΒΙᾹΞ
2308 260 2398 314 DE
2436 257 2840 316 NOVIGENTO

3638 256 3751 310 400

239 396 426 454 detur.
454 396 616 464 Quod
646 396 706 452 in
736 394 1085 466 quibusdam
1113 393 1332 449 ordinis
1365 393 1540 449 nostri
1575 392 1714 449 viris
1741 392 1927 449 hodie-
1964 398 2004 450 A
2037 412 2065 444 α
2095 408 2183 450 me
2238 406 2336 448 cor
2388 406 2599 457 meum,
2656 391 2866 460 pariter
2914 389 3260 446 conturbata
3308 396 3395 446 est
3439 388 3742 460 plenitudo

243 497 357 552 que
408 488 663 552 apparet,
715 480 815 550 qui
848 480 1069 554 dum‘a
1116 478 1467 534 fmditatibus
1511 478 1822 533 mundanis
1876 492 1935 534 se

239 571 552 637 continent,
592 574 740 622 tua
781 568 1079 622 curiarum
1132 572 1322 622 tamen
1373 566 1826 622 solemnitatibus
1859 566 1936 620 in-

238 672 433 728 gerere
480 672 537 712 se
581 654 1074 711 irremediabiliter
1099 653 1321 709 ardent.
1356 655 1539 710 Assur
1568 654 1742 720 enim,
1778 653 1933 724 quod

240 754 489 815 repetere
532 758 647 800 non
695 745 868 814 piget,
916 744 1047 797 aula
1092 750 1193 798 est.
1241 765 1261 792 ι
1295 741 1578 809 Quoniam
1623 743 1935 798 noluerunt

238 857 265 882 ››
300 834 575 898 converti,
622 832 813 902 (Vens.
872 834 923 901 6)
972 831 1143 900 coepit
1198 830 1426 901 gladius
1486 831 1542 886 in
1602 830 1936 887 civitatibus

239 943 265 976 »
289 924 336 993 ej
350 938 433 986 us,
467 930 522 977 et
560 928 915 978 consummet
956 919 1159 976 electos
1182 919 1329 989 ejus,
1362 928 1417 975 et
1464 920 1717 976 comedet
1746 920 1933 989 capita

241 1033 262 1060 ι
294 1025 514 1067 eorum.
549 1032 569 1058 ι
628 1010 788 1075 Quod
834 1017 919 1065 est
980 1008 1210 1064 dicere:
1254 1008 1533 1075 Quoniam
1600 1009 1672 1064 ab
1728 1009 1930 1075 Assur,

238 1102 293 1156 id
333 1109 418 1156 est
469 1102 542 1156 ab
604 1099 907 1155 oculorum
958 1111 1196 1153 suorum
1258 1097 1571 1153 noluerunt
1627 1097 1936 1153 vanissima

240 1188 496 1259 pastione
554 1187 783 1255 reverti,
837 1186 1056 1255 gladius
1108 1186 1168 1238 in
1210 1186 1527 1240 civitatibus
1566 1186 1703 1254 ejus,
1754 1185 1808 1241 id
1851 1192 1934 1241 est

239 1291 438 1333 eorum
480 1276 688 1333 mentis
722 1277 911 1346 erepit,
956 1273 1096 1344 quia
1136 1273 1364 1329 insolita
1411 1274 1600 1330 carnis
1658 1274 1936 1330 adversus

238 1366 504 1435 spiritum
552 1364 836 1419 contentio
862 1363 921 1417 in
974 1360 1131 1416 omni
1181 1360 1308 1431 ejus
1344 1362 1734 1429 sensualitate,
1777 1374 1929 1430 quas,

233 1455 406 1525 juxta
451 1453 855 1525 Evangelium,
888 1458 1025 1509 sunt
1071 1451 1349 1519 civitates,
1398 1451 1649 1507 emersit.
1696 1449 1935 1507 Gladius

238 1546 388 1598 enim
424 1556 525 1612 pro
557 1540 837 1597 divisione
882 1542 1135 1610 ponitur,
1164 1547 1228 1596 ut
1273 1547 1356 1595 est
1390 1554 1402 1593 :
1461 1561 1480 1588 ι
1515 1539 1638 1595 Non
1669 1539 1801 1595 veni
1839 1553 1936 1609 pa-

241 1646 358 1686 cem
397 1631 637 1690 mittere.
671 1629 766 1685 sed
796 1630 1054 1700 gladium
1102 1630 1323 1699 (Matth.
1356 1644 1411 1695 x,
1445 1630 1557 1697 3t).
1596 1649 1617 1676 ι
1654 1628 1723 1683 Et
1752 1642 1934 1698 expo-

240 1734 420 1774 nens:
451 1741 472 1769 ι
502 1718 666 1784 Veni,
691 1718 898 1789 inquit,
922 1733 1187 1789 separare
1209 1717 1525 1786 (Ibid.,25),
1549 1724 1699 1772 nete.
1726 1719 1794 1771 Et
1813 1732 1937 1771 eon-

240 1814 410 1861 sumet
438 1808 623 1862 electos
651 1807 791 1876 ejus,
822 1807 876 1862 id
908 1815 990 1864 est
1023 1806 1350 1863 annullabit
1379 1819 1746 1876 quaecunque
1790 1805 1940 1875 prin-

246 1897 519 1966 cipaliora
566 1902 701 1950 sunt
750 1894 808 1949 in
861 1895 1065 1951 intimo
1112 1902 1265 1951 statu
1317 1894 1462 1964 ejus.
1514 1895 1712 1962 Capita
1758 1909 1940 1948 eorum

245 1985 495 2051 comedet,
530 1983 667 2038 dum
698 1991 751 2039 et
781 1984 1080 2040 civitatum
1116 1991 1171 2039 et
1199 1982 1509 2038 electorum
1554 1982 1939 2037 intentionum

243 2072 599 2128 summitates
638 2072 925 2143 aurugine
974 2070 1297 2129 tentationis
1343 2070 1606 2125 absumet
1652 2071 1743 2140 [/.,
1776 2069 1941 2126 auri-

247 2162 423 2232 gine].

318 2251 488 2306 Vens.
524 2254 575 2304 7..
598 2282 666 2289 —
700 2272 721 2299 ι
757 2251 827 2306 Et
876 2249 1124 2320 populus
1184 2263 1347 2305 meus
1394 2248 1662 2318 pendebit
1699 2248 1769 2303 ad
1804 2248 1938 2304 red-

247 2359 274 2391 »
306 2338 450 2394 itum
478 2353 691 2395 meum.
726 2359 753 2389 n
805 2339 955 2395 Licet
994 2353 1194 2395 eorum
1225 2339 1412 2407 capita
1458 2336 1853 2405 comedantur,
1885 2344 1941 2392 et

249 2428 494 2483 titillatio
552 2442 611 2482 se
666 2427 842 2482 menti
902 2428 1097 2498 gravis
1171 2428 1495 2495 immergat,
1558 2424 1696 2480 solet
1748 2432 1940 2481 tamen

246 2516 547 2587 aliquoties
615 2515 853 2571 rationis
907 2515 1155 2570 scintilla
1210 2514 1509 2580 viviscere,
1569 2520 1625 2569 et
1691 2514 1797 2568 hoc
1858 2520 1943 2571 est

247 2604 400 2674 quod
445 2603 694 2674 populus
739 2603 835 2657 Dei
880 2603 952 2657 ad
998 2602 1244 2657 reditum
1276 2602 1401 2672 ejus
1433 2601 1644 2656 dicitur
1672 2602 1938 2670 pendere,

246 2692 386 2761 quia
418 2692 525 2762 piae
556 2690 928 2761 cogitationes
965 2696 1092 2759 post
1125 2696 1204 2744 tot
1230 2702 1360 2758 quae
1410 2687 1735 2757 ingruerint
1767 2686 1937 2752 mala,

245 2780 338 2835 ad.
384 2779 483 2835 Dei
541 2778 810 2834 salutaris
858 2776 1241 2832 visitationem
1296 2776 1418 2831 ﬁeri
1474 2775 1656 2831 solent
1721 2788 1937 2845 pronae.

247 2868 515 2930 Pendere,
545 2868 694 2923 sicut
720 2866 860 2921 alias
889 2867 1162 2928 diximus,
1217 2865 1289 2920 ab
1335 2864 1630 2919 alterutris
1667 2863 1943 2919 dicuntur

245 2963 521 3023 amantes,
563 2963 615 3011 et
656 2955 781 3011 ideo
819 2969 919 3025 pro
957 2970 1137 3008 amore
1163 2953 1412 3022 ponitur.
1450 2973 1472 3000 ι
1502 2954 1717 3022 Iugum
1748 2960 1939 3008 autem

252 3065 270 3089 ι
310 3043 635 3112 imponetur
659 3043 708 3097 ei
735 3041 906 3097 simul
953 3041 1108 3111 quod
1140 3054 1253 3095 non
1287 3039 1600 3095 auferetur.
1639 3058 1665 3091 at
1724 3041 1939 3111 Jugum

244 3131 294 3185 ei
349 3130 684 3200 imponitur,
737 3144 869 3186 cum
911 3137 1160 3198 expertae
1220 3127 1550 3184 teutationis
1587 3128 1819 3184 animus
1875 3129 1941 3185 ti-

249 3233 404 3275 more
457 3218 813 3289 deprimitur.
877 3220 991 3273 lloe
1048 3218 1245 3285 juqum
1300 3232 1406 3270 non
1461 3216 1744 3284 aufertur,
1805 3218 1945 3288 quia

248 3308 411 3363 nulla
458 3308 732 3363 securitas
775 3305 1019 3361 audacia
1061 3318 1322 3376 unquam
1373 3305 1444 3359 ab
1494 3303 1672 3360 animi
1722 3306 1941 3362 cervice

249 3396 546 3453 recutitur.

318 3486 489 3543 Vens.
526 3488 577 3540 8.
611 3515 677 3523 —
723 3507 743 3533 ι
777 3482 1074 3551 Quomodo
1104 3482 1251 3539 dabo
1283 3490 1356 3550 te,
1402 3482 1701 3552 Ephraim,
1753 3490 1944 3553 prote-

248 3595 275 3622 ››
308 3587 438 3645 gam
476 3580 548 3637 te,
587 3572 804 3628 Israel?
852 3572 1152 3639 Quomodo
1209 3572 1357 3627 dabo
1400 3578 1452 3627 te
1498 3571 1648 3627 sicut
1698 3571 1941 3640 Adama,

249 3685 276 3712 ι)
308 3676 517 3733 ponam
556 3668 628 3729 te,
680 3670 744 3717 ut
783 3660 1044 3716 Seboim?
1083 3682 1103 3707 ι
1150 3660 1233 3715 Ac
1276 3659 1323 3714 si
1355 3659 1565 3714 diceret
1597 3672 1609 3713 :
1659 3659 1725 3714 In
1770 3673 1943 3729 quem

249 3760 461 3808 statum
492 3750 831 3807 transferam
874 3750 1229 3805 voluntatem
1271 3747 1610 3815 humanam,
1661 3761 1780 3818 qua
1823 3755 1945 3805 arte

248 3850 538 3913 protegam
570 3840 987 3911 vagabuudum
1019 3852 1120 3908 per
1152 3845 1230 3893 tot
1256 3851 1541 3893 excursus
1570 3844 1624 3893 et
1673 3850 1944 3893 recursus

248 3930 551 3987 affectum?
577 3930 676 3984 His
705 3928 1086 3999 querimoniis
1135 3926 1324 3982 innuit
1368 3933 1591 3996 quanta
1633 3926 1944 3982 difficultas

246 4019 318 4073 sit
351 4018 408 4073 in
440 4016 688 4088 regendo
715 4023 869 4071 statu
911 4023 1119 4071 nostrae
1153 4014 1564 4081 interioritatis,
1596 4028 1746 4085 quae,
1794 4015 1839 4069 si
1869 4015 1942 4071 ad

253 4104 494 4161 virtutes
521 4103 806 4170 evehitur,
860 4102 1207 4168 intumescit,
1253 4101 1312 4157 in
1362 4115 1584 4169 sensus,
1629 4102 1943 4171 vapiditate

248 4193 553 4263 perdeﬁcit,
590 4192 647 4247 in
689 4191 974 4262 ﬂagitium
1015 4189 1304 4257 devoluta,
1360 4189 1617 4258 putescit.
1666 4189 1811 4258 Scio,
1861 4192 1943 4248 in-

2045 502 2073 531 «
2102 495 2248 537 mea.
2287 501 2309 530 ι
2345 483 2446 537 Cor
2479 481 2572 536 Dei
2624 480 2683 534 in
2716 494 2849 534 eum
2888 479 3264 545 convertitur,
3305 492 3440 535 cum
3488 492 3604 533 non
3633 492 3749 533 ex-

2041 577 2204 624 terno
2236 569 2561 639 cujuspiam
2607 568 2895 637 exemplo,
2930 568 3024 623 sed
3069 567 3160 622 sui
3191 567 3374 637 ipsius
3420 566 3493 622 ad
3519 567 3750 621 viscera

2042 657 2267 728 pietatis
2316 657 2768 713 consideratione
2818 655 3150 712 reﬂectitur.
3200 655 3537 711 Humanum
3586 655 3748 710 enim

2040 755 2144 814 est,
2187 747 2423 802 alterius
2457 753 2721 816 respectu
2751 752 2806 801 et
2836 745 3057 800 ratione
3106 744 3316 815 frangi.
3375 745 3593 798 Pariter
3627 759 3751 812 pae-

2041 835 2232 890 nitudo
2251 836 2378 905 ejus
2407 835 2812 903 conturbatur,
2860 835 3021 904 quia,
3050 833 3187 889 dum
3219 848 3353 888 eum
3383 840 3595 888 exertae
3622 846 3750 887 sen-

2041 925 2231 980 tentiae
2262 924 2514 994 paenitet,
2547 925 2763 993 pariter
2796 937 3029 994 quoque
3063 922 3132 977 de
3162 921 3288 976 aliis
3338 935 3486 992 quas
3524 921 3746 976 huma-

2042 1012 2199 1068 nitus
2225 1013 2477 1081 patimur
2503 1013 2781 1069 aerumnis
2814 1011 3121 1066 clementer
3149 1009 3419 1066 afficitur.
3475 1010 3748 1065 Humano
3774 1058 3787 1065 -

2042 1116 2202 1158 more
2254 1101 2515 1172 loquitur
2562 1101 2731 1167 Deus,
2784 1113 2914 1156 cum
2957 1098 3034 1155 nil
3085 1098 3197 1154 tale
3235 1099 3290 1154 in
3341 1113 3473 1154 eum
3509 1097 3744 1163 incidat,

2042 1190 2187 1246 nulli
2220 1197 2410 1246 tamen
2444 1189 2687 1245 dubium
2717 1188 2859 1259 quin
2889 1187 3202 1244 electorum
3228 1201 3467 1243 suorum
3501 1185 3747 1242 calami-

2042 1279 2143 1335 tati
2173 1278 2491 1333 eondoleat.
2542 1277 2641 1333 Vel
2675 1277 2859 1332 aliter.
2912 1276 3021 1332 Cor
3067 1275 3168 1332 Dei
3220 1275 3326 1345 ipsi
3373 1274 3533 1331 electi
3583 1280 3745 1339 sunt,

2041 1367 2110 1422 de
2142 1367 2355 1437 quibus
2383 1366 2613 1422 ’dicitur
2645 1380 2658 1419 :
2693 1364 3193 1434 Appropinquavit
3245 1377 3343 1419 cor
3384 1362 3539 1419 illius
3589 1368 3751 1432 post-

2042 1469 2220 1526 quam
2254 1456 2414 1525 impii
2450 1454 2797 1510 dividuntur
2826 1453 2899 1508 ab
2930 1452 3018 1508 ira
3045 1452 3245 1509 vultus
3271 1452 3397 1522 ejus
3425 1452 3592 1520 (Psat.
3628 1465 3745 1518 LIV,

2043 1546 2151 1609 22).
2205 1545 2314 1601 Cor
2374 1559 2512 1615 ergo
2567 1546 2692 1613 ejus
2750 1543 2807 1597 in
2857 1557 2988 1598 eum
3046 1542 3425 1606 convertitur,
3475 1554 3605 1596 cum
3658 1540 3744 1601 bi.

2045 1634 2259 1705 quibus
2289 1641 2499 1690 cuncta
2526 1648 2656 1703 quae
2686 1645 2720 1687 a
2770 1632 2935 1687 Patre
2964 1630 3207 1695 audivit,
3259 1629 3511 1685 innotuit
3561 1630 3745 1700 (Joan.

2048 1738 2142 1789 xv,
2178 1726 2285 1789 15),
2331 1736 2452 1779 suae
2498 1721 2842 1779 terrenitatis
2878 1720 3139 1786 obtentu,
3184 1718 3339 1789 quod
3385 1726 3467 1774 est
3497 1718 3743 1782 Adama,

2046 1811 2119 1867 ad
2167 1810 2525 1866 altitudinem
2565 1807 3078 1878 contemplationis,
3133 1806 3286 1877 quod
3341 1813 3425 1861 est
3478 1818 3654 1875 capra
3688 1812 3750 1860 et

2047 1900 2301 1966 damula,
2336 1914 2395 1955 se
2444 1898 2702 1954 conferre
2752 1904 3055 1953 conantur.
3104 1897 3269 1951 Tune
3308 1894 3610 1965 pmnitudo
3643 1894 3747 1947 Dei

2049 1989 2264 2060 pariter
2291 1988 2691 2055 conturbatur,
2726 2000 2856 2042 cum
2889 1986 2969 2041 illi
3021 1984 3387 2054 paenitentiae,
3420 1996 3598 2053 quam
3635 1982 3752 2037 illis

2050 2079 2203 2134 Deus
2247 2076 2434 2147 primo
2482 2074 2736 2142 immisit,
2778 2075 2847 2130 de
2885 2072 3183 2144 praesentis
3229 2071 3425 2128 saeculi
3466 2069 3751 2127 diuturno

2048 2166 2274 2223 fastidio
2303 2166 2463 2221 dolor
2492 2172 2546 2220 et
2575 2163 2884 2219 difﬁcultas
2913 2163 3085 2218 etiam
3108 2161 3453 2231 adaugetur.

2118 2254 2291 2311 Vens.
2321 2254 2372 2306 9.
2402 2281 2476 2294 —
2506 2274 2532 2301 ‹‹
2565 2252 2687 2308 Non
2735 2250 2937 2306 faciam
2981 2249 3231 2305 furorem
3283 2247 3382 2304 irae
3425 2260 3582 2314 mete,
3625 2260 3749 2302 non

2050 2362 2078 2394 ι)
2118 2350 2422 2399 convertar
2465 2348 2530 2397 ut
2580 2339 2903 2409 disperdam
2963 2337 3258 2407 Ephraim,
3317 2335 3593 2405 quoniam
3635 2349 3747 2405 ego

2048 2452 2075 2483 ι)
2109 2433 2280 2499 Deus,
2313 2439 2368 2485 et
2399 2444 2512 2485 non
2538 2429 2733 2497 homo;
2769 2428 2827 2483 in
2871 2427 3059 2482 medio
3091 2425 3175 2481 tui
3223 2431 3478 2489 sanctus,
3532 2430 3587 2479 et
3616 2437 3740 2479 non

2054 2518 2406 2589 «ingrediar
2445 2517 2759 2572 civitatem.
2811 2534 2839 2566 tt
2903 2515 2997 2569 Ira
3051 2513 3148 2569 Dei
3207 2521 3291 2569 est
3347 2518 3546 2568 contra
3602 2511 3749 2566 vitia

2050 2615 2245 2663 nostra
2298 2606 2478 2677 digna
2528 2603 3023 2660 animadversione
3080 2601 3329 2672 moveri;
3386 2599 3549 2655 furor
3605 2613 3746 2655 vero

2047 2704 2132 2752 est
2185 2704 2384 2751 contra
2440 2695 2755 2750 humanam
2804 2691 3179 2762 pertinaciam
3248 2688 3476 2759 reprobi
3535 2702 3744 2744 sensus

2051 2785 2300 2841 illatione
2332 2782 2577 2852 accingi.
2626 2783 2880 2835 Furorem
2934 2794 3070 2849 ergo
3121 2781 3219 2832 ira:
3263 2791 3383 2833 suae
3433 2793 3540 2831 non
3584 2776 3745 2835 facit.

2049 2887 2181 2929 cum
2212 2871 2377 2927 nobis
2405 2871 2678 2940 reliquias
2709 2868 3069 2939 cogitationis
3100 2867 3263 2922 bonae
3286 2880 3400 2922 non
3431 2864 3747 2927 subtrahit,

1982 2990 2020 3043 η
2052 2961 2139 3017 ba?
2177 2960 2331 3016 enim
2366 2959 2516 3014 diem
2548 2958 2751 3013 festum
2800 2964 2984 3028 agunt
3021 2955 3148 3010 sibi.
3195 2952 3563 3010 Convertitur
3592 2948 3752 3008 Deus

2052 3055 2110 3103 ut
2148 3048 2413 3118 Ephrat'm
2459 3045 2768 3116 disperdat,
2814 3058 2946 3101 eum
2989 3042 3200 3099 imitari
3229 3043 3462 3099 videtur
3510 3043 3565 3097 in
3615 3042 3749 3112 ejus

2051 3137 2243 3193 animo
2271 3136 2373 3206 qui
2404 3142 2676 3202 tentatur,
2718 3133 2873 3204 quod
2922 3132 3089 3203 quasi
3120 3131 3299 3202 ipsius
3328 3132 3492 3187 bona;
3532 3129 3751 3186 volun-

2054 3226 2184 3282 tatis
2213 3225 2466 3281 studium
2516 3222 2793 3279 radicitus
2829 3220 3063 3277 omnino
3107 3226 3427 3275 consumat.
3480 3220 3615 3286 Ego,
3669 3216 3753 3272 in-

2052 3314 2197 3385 quit,
2231 3316 2366 3368 Deus
2393 3317 2441 3366 et
2462 3328 2565 3366 non
2591 3314 2762 3366 homo.
2798 3309 2958 3376 Quod
2986 3316 3073 3364 est
3095 3308 3281 3364 dicere
3322 3323 3334 3362 :
3368 3308 3549 3362 Homo
3588 3306 3747 3375 quod

2049 3400 2282 3472 cnperit
2311 3399 2683 3470 pervicaciter
2723 3397 2965 3468 peragit,
3014 3411 3120 3467 ego
3168 3410 3303 3452 vero
3343 3396 3495 3450 Deus
3535 3396 3752 3463 impen-

2050 3491 2276 3546 dentem
2324 3488 2495 3544 etiam
2533 3486 2870 3542 sententiam
2920 3498 3021 3555 per
3070 3484 3347 3554 meipsum
3396 3483 3749 3553 suspendere

2051 3578 2206 3634 novi.
2236 3579 2300 3632 In
2329 3575 2504 3630 medio
2544 3574 2820 3645 Ephraim
2848 3581 2931 3630 est
2980 3577 3217 3639 sanctus,
3262 3586 3393 3628 cum
3444 3571 3501 3626 in
3564 3571 3749 3640 ipsius

2051 3667 2327 3723 rationem
2361 3664 2677 3722 meditullio
2706 3662 3025 3719 voluntatis
3066 3661 3234 3732 quasi
3268 3675 3458 3731 regem
3491 3660 3747 3716 circum-

2051 3763 2237 3812 stante
2277 3753 2537 3811 exercitu
2586 3753 2783 3809 inserit
2838 3752 3008 3807 Deus.
3054 3751 3171 3805 Non
3219 3749 3371 3805 enim
3420 3748 3750 3819 ingreditur

2050 3847 2341 3910 civitatem,
2388 3841 2528 3912 quia
2569 3854 2685 3895 non
2739 3838 3046 3906 inhabitat,
3088 3838 3201 3893 imo
3259 3837 3360 3891 vix
3409 3835 3745 3891 summatim

2051 3931 2265 4002 aspirat
2314 3928 2721 3987 conscientiam
2788 3927 3063 3983 vitiorum
3124 3925 3472 3982 tumultibus
3525 3924 3745 3980 obstre-

2053 4026 2299 4089 pentem.

2123 4107 2286 4163 Vsus.
2323 4107 2407 4164 t0.
2441 4134 2513 4148 —
2545 4126 2571 4156 α
2609 4105 2735 4161 Post
2764 4103 3072 4159 Dominum
3118 4100 3523 4168 ambulabunt,
3571 4101 3744 4170 quasi

2057 4213 2084 4246 ››
2115 4193 2202 4249 leo
2237 4194 2448 4265 rugiet,
2489 4193 2628 4264 quia
2669 4192 2786 4263 ipse
2834 4190 3043 4262 rugiet,
3091 4198 3147 4246 et
3195 4188 3588 4245 formidabant
3639 4187 3744 4242 ﬁlii

246 4283 391 4352 quit.
452 4280 593 4352 quid
648 4280 874 4343 faciam.
920 4279 1061 4351 quia
1090 4281 1227 4333 sicut
1285 4278 1497 4333 Adamn
1528 4294 1726 4347 ponam
1772 4285 1842 4347 te.
1884 4285 1933 4334 et
1974 4287 2017 4343 D
2048 4303 2076 4333 ››
2110 4283 2305 4339 maris.
2351 4304 2372 4332 t
2415 4282 2703 4350 Rationes,
2744 4279 3026 4336 voluntati
3068 4278 3252 4334 insitae
3284 4281 3406 4347 post
3451 4278 3745 4331 Dominum

244 4374 385 4425 sicut
432 4370 661 4425 Seboim.
706 4369 926 4424 Adama
973 4368 1384 4437 interpretatur
1439 4370 1671 4421 terrena.
1715 4367 1937 4425 Seboim

243 4463 407 4514 statio
437 4458 573 4530 ejus,
605 4474 774 4525 mare,
805 4457 894 4513 vel
942 4472 1112 4527 capra
1140 4470 1340 4520 eorum,
1393 4455 1483 4510 vel
1531 4455 1774 4511 damuia.
1807 4457 1939 4513 Pri-
1986 4523 1989 4526 Q

244 4563 404 4604 mum
447 4548 626 4619 igitur
675 4561 837 4603 mens
881 4544 1130 4601 hominis
1158 4543 1231 4599 ad
1275 4542 1365 4598 sui
1414 4545 1841 4615 protectionem,
1874 4553 1940 4603 ut

241 4637 481 4704 Adams,
518 4635 768 4706 ponitur,
816 4641 881 4690 ut
913 4633 1297 4691 indesinenter
1343 4645 1696 4707 quacunque
1727 4634 1939 4691 virtute

244 4726 642 4796 praeeminent,
669 4722 915 4794 propriae
947 4722 1297 4780 terrenitatis
1344 4724 1450 4780 sub
1480 4736 1599 4792 qua
1637 4723 1789 4793 degit
1819 4736 1936 4778 me-

242 4823 514 4870 moretur.
548 4813 653 4869 Sed
704 4826 818 4867 non
873 4812 930 4866 in
980 4811 1088 4867 hac
1139 4811 1318 4882 hujus
1359 4810 1711 4867 inﬁrmitatis
1745 4812 1938 4867 consi-

239 4902 529 4959 deratione
577 4900 876 4971 pigrescat,
927 4899 1024 4955 sed
1070 4904 1371 4957 stationem
1421 4900 1480 4955 in
1533 4898 1677 4954 mari
1716 4899 1937 4955 consti—

240 4999 382 5054 tuat.
418 4999 482 5046 ut
511 4990 742 5056 scilicet,
776 4986 923 5044 inter
954 4987 1284 5045 tentationis
1311 4989 1565 5045 assultus
1623 4995 1774 5043 stare
1819 5002 1937 5043 non

238 5080 439 5135 cadere
468 5084 779 5143 assuescat,
831 5090 936 5132 nec
968 5076 1229 5146 pulsatus
1254 5086 1513 5134 versetur
1545 5083 1646 5131 aut
1676 5083 1933 5144 proruat,

238 5166 333 5222 sed
367 5167 601 5235 caprino
636 5178 794 5221 more
836 5163 1100 5220 animum
1144 5165 1215 5220 ad
1248 5165 1379 5220 boni
1416 5164 1602 5219 ardua
1659 5163 1936 5233 propositi

239 5269 462 5326 semper
488 5254 838 5325 exporrigat,
873 5254 930 5309 in
959 5269 1076 5325 quo
1106 5262 1298 5310 tamen
1329 5267 1572 5310 acumen
1602 5252 1935 5309 nullomodo

237 5342 494 5398 discretae
523 5343 855 5399 subtilitatis
900 5343 1146 5399 amittat.
1204 5342 1388 5412 Capra
1414 5340 1567 5398 enim
1616 5340 1933 5397 arduorum

235 5438 321 5487 est
349 5440 637 5502 appetens,
671 5431 908 5487 damula
950 5445 1084 5486 vero
1118 5430 1269 5486 unde
1316 5430 1556 5486 sortitur
1599 5436 1654 5485 et
1698 5442 1928 5498 nomen,

236 5518 420 5578 multa
463 5520 751 5577 luminum
800 5519 922 5574 acie
972 5519 1208 5588 pollens.
1258 5540 1286 5567 ‹‹
1333 5521 1689 5576 Conversum
1735 5525 1819 5574 est
1871 5518 1928 5573 in

2045 4369 2367 4438 ambulant,
2428 4369 2565 4425 dum
2626 4368 2882 4439 primum
2934 4365 3078 4422 ratio
3133 4366 3246 4422 Deo
3304 4365 3632 4435 subjicitur,
3687 4373 3746 4421 et

2046 4465 2459 4529 consequenter
2522 4457 2787 4528 deinceps
2858 4455 3065 4512 rationi
3119 4455 3437 4511 voluntatis
3503 4452 3741 4510 habitus

2044 4546 2457 4603 obsecundant.
2490 4546 2617 4614 lpsa
2664 4545 2831 4611 ratio,
2864 4557 2995 4613 quae
3038 4556 3217 4612 supra
3256 4542 3327 4597 ob
3367 4540 3457 4597 sui
3499 4541 3742 4597 ﬁrmita-

2046 4642 2158 4690 tem
2191 4634 2403 4690 dicitur
2429 4640 2683 4700 sanctus,
2718 4633 2881 4701 quasi
2909 4633 2986 4684 leo
3016 4630 3190 4700 rugit,
3220 4630 3361 4685 dum
3388 4643 3461 4685 ex
3493 4629 3742 4685 clamore

2043 4723 2192 4793 ejus,
2226 4722 2318 4777 cui
2349 4726 2500 4776 alo
2542 4719 2832 4787 innititur,
2877 4717 3058 4774 divini
3110 4717 3323 4773 scilicet
3366 4716 3606 4787 eloquii,
3651 4717 3744 4772 be-

2045 4810 2238 4867 stiales
2268 4810 2662 4878 undecunque
2689 4815 2898 4875 motus,
2933 4805 3100 4877 quasi
3144 4805 3303 4876 regia
3346 4805 3599 4875 quadam
3630 4818 3743 4860 au-

2042 4898 2321 4965 ctoritate,
2353 4903 2633 4966 perterret
2660 4903 2715 4952 et
2743 4895 3016 4951 concutit.
3063 4894 3210 4963 Ipsa,
3243 4893 3502 4963 inquam,
3541 4894 3743 4959 rugiet,

2042 4991 2094 5041 et
2119 4986 2232 5051 ﬁlii
2259 4988 2428 5040 maris
2455 4983 2854 5052 formidabant,
2905 4996 3040 5039 cum
3083 4988 3185 5037 aut
3208 4995 3277 5037 ex
3333 4981 3545 5037 interni
3593 4994 3744 5036 seve-

2041 5077 2209 5133 ritate
2241 5076 2467 5148 judicii,
2521 5083 2623 5132 aut
2659 5082 2809 5131 certe
2856 5072 3250 5129 recordatione
3300 5072 3517 5142 peccati
3567 5071 3638 5127 ad
3684 5086 3746 5129 se

2040 5178 2273 5222 versum
2311 5173 2518 5232 erecta,
2554 5163 2701 5219 ﬁlios
2751 5162 2948 5228 maris,
2979 5161 3035 5217 id
3075 5169 3160 5217 est
3202 5168 3393 5217 motus
3439 5160 3746 5218 saeculares

2039 5252 2347 5309 formidare
2377 5252 2527 5320 facit,
2563 5261 2619 5308 et
2646 5259 2866 5322 quanto
2896 5250 3080 5322 magis
3108 5250 3388 5305 alterutro
3432 5247 3740 5317 imbuitur,

2039 5348 2199 5398 tanto
2237 5342 2421 5413 magis
2468 5340 2754 5411 quidquid
2801 5339 2974 5395 menti
3024 5337 3336 5408 temporale
3372 5344 3429 5393 et
3476 5336 3741 5393 transito-

2038 5433 2190 5487 rium
2216 5431 2463 5495 insonat,
2500 5436 2869 5499 perterretur.

2110 5518 2280 5575 Vsus.
2320 5521 2405 5571 Η.
2437 5546 2503 5557 -—
2531 5538 2559 5565 ‹‹
2594 5518 2661 5572 Et
2686 5516 3011 5572 avolabnnt
3033 5514 3201 5586 quasi
3229 5514 3354 5571 avis
3369 5527 3441 5571 ex
3460 5513 3726 5585 Egypto,
