3934 6086
232 214 326 267 ii)!

946 216 1411 274 TBOPOLOGIE
1452 219 1520 273 IN
1561 219 1754 279 OSEE.
1799 219 1982 275 AMOS
2018 221 2103 275 ΕΤ
2138 222 2280 276 JEB.
2314 251 2383 261 -—
2408 223 2536 277 LIB.
2579 223 2677 278 III.
2727 225 2794 278 IN
2833 223 3030 278 OSEE.

3631 231 3733 281 402

227 365 257 393 ››
288 351 345 401 et
375 345 546 416 quasi
590 346 859 402 columba
908 346 979 403 de
1030 354 1182 403 terra
1230 348 1619 417 Assyriorum,
1652 355 1707 405 et
1745 349 1921 405 collo-
1959 352 2007 405 A
2035 351 2386 409 szeculariter
2436 353 2660 423 placere
2711 354 2994 411 desiderat
3054 355 3123 411 de
3194 364 3557 414 excremento
3615 360 3735 415 vir-

227 454 251 483 »
294 433 441 490 cabo
466 448 563 490 eos
587 433 648 490 in
673 434 940 492 domibus
967 436 1109 492 suis.
1148 456 1171 485 ι
1207 438 1336 491 Filii
1368 440 1537 492 maris
1566 453 1635 493 ea:
1676 437 1927 507 Egypto

223 524 390 591 quasi
417 525 537 577 avis
565 523 818 591 avolant,
850 524 989 580 dum
1022 524 1325 581 instinctus
1352 526 1656 595 superbiae,
1689 527 1791 596 qui
1828 540 1927 597 per

222 625 393 667 avem
445 611 753 683 figuratur,
804 627 877 669 ex
924 613 1138 669 infimis
1179 629 1237 669 se
1266 614 1560 671 desideriis
1604 615 1826 683 allevat,
1872 623 1928 671 et

221 706 568 770 praesentem
643 713 945 756 maerorem
985 702 1197 772 gaudio
1249 702 1534 772 spirituali
1595 712 1925 760 commutat.

218 789 507 860 Egyptus
560 788 715 845 enim
769 805 1044 845 mwrorem
1101 792 1309 862 signat.
1375 793 1543 859 Quasi
1583 793 1828 847 columba
1866 794 1925 848 in

220 876 323 933 illa
352 878 476 935 sine
502 877 646 946 felle,
679 879 775 935 sed
804 880 1038 937 seducta
1064 881 1189 937 sine
1218 881 1406 949 corde,
1442 882 1512 936 de
1548 886 1696 937 terra
1744 887 1927 952 Assy-

217 968 433 1021 riorum
477 966 688 1037 avolat,
745 983 879 1025 cum
920 984 1088 1026 omne
1119 970 1261 1027 illud
1308 985 1343 1026 a
1390 986 1448 1026 se
1486 980 1741 1028 removet
1770 972 1925 1042 quod

220 1056 553 1125 pomposius
600 1056 660 1111 in
704 1057 813 1112 hoc
864 1059 1084 1114 mundo
1131 1073 1199 1113 ac
1257 1060 1534 1116 curialius
1587 1068 1766 1129 putat.
1810 1061 1927 1115 Hoc

216 1145 377 1200 enim
427 1144 683 1201 aulicum
741 1155 926 1203 sonat.
975 1151 1038 1203 In
1087 1148 1330 1203 domibus
1373 1151 1485 1203 suis
1538 1165 1622 1203 eos
1667 1148 1922 1214 collocat,

215 1248 355 1288 cum
397 1233 470 1288 ad
528 1234 938 1291 conscientiam
997 1245 1290 1293 revocatos
1342 1251 1377 1291 a
1414 1251 1521 1292 sua
1574 1237 1923 1307 dispersione

214 1321 528 1379 coadunat.

288 1410 463 1467 Vens.
518 1415 605 1467 l2.
662 1443 726 1452 —
767 1430 795 1464 ‹‹
840 1412 1227 1470 Circumdedit
1285 1428 1374 1469 me
1427 1414 1486 1470 in
1540 1414 1922 1485 negotiatione

210 1520 243 1549 ››
276 1499 576 1569 Ephraim,
637 1507 693 1556 et
744 1501 805 1556 in
888 1502 1015 1557 dolo
1054 1502 1259 1558 domus
1306 1503 1499 1559 Israel.
1568 1523 1595 1553 ››
1646 1503 1922 1573 Ephraim

207 1588 400 1643 Deum
447 1591 505 1642 in
534 1590 899 1657 negotiatione
945 1590 1283 1658 circumdat,
1343 1606 1475 1646 cum
1527 1591 1919 1660 praesidentem

206 1674 321 1730 sibi
394 1673 454 1730 in
513 1676 626 1732 Deo
712 1675 994 1732 rationem
1047 1676 1241 1747 gloria:
1299 1676 1486 1732 inanis
1552 1678 1921 1734 mercimonio

207 1770 577 1835 coangustat.
608 1764 758 1831 Quid
804 1764 958 1821 enim
1012 1773 1097 1820 est
1130 1764 1233 1819 nisi
1269 1766 1566 1836 negotiari,
1622 1781 1721 1836 pro
1755 1767 1920 1839 vulgi

208 1853 512 1908 favoribus
534 1853 680 1908 bene
734 1852 1004 1922 operari?
1028 1854 1305 1923 Ephraim
1342 1868 1477 1925 ergo
1522 1856 1703 1911 Deum
1757 1872 1918 1924 nego-

208 1942 440 1995 tiatione
505 1941 847 2005 circumdat,
887 1955 1019 1997 cum
1074 1943 1146 1997 ad
1196 1943 1550 2013 recipiendas
1606 1958 1707 2014 pro
1746 1944 1918 2001 bene-

206 2027 375 2085 factis
427 2029 645 2097 laudes,
691 2031 1026 2086 sentientem
1072 2046 1205 2087 cum
1251 2031 1364 2086 Deo
1395 2031 1662 2101 spiritum
1704 2033 1919 2089 volun-

205 2118 345 2175 tatis
411 2121 638 2175 vanitas
697 2121 1002 2191 persuadet
1043 2128 1098 2176 et
1134 2121 1347 2177 incitat.
1406 2125 1605 2175 Domus
1643 2123 1821 2176 Israel
1858 2126 1919 2176 in

205 2208 333 2262 doto
391 2207 731 2273 circumdat,
772 2224 905 2265 cum
948 2210 1293 2265 conscientia
1341 2210 1559 2265 carnali
1616 2210 1913 2280 appetitui,

205 2294 367 2364 quod
405 2303 488 2351 est
517 2294 713 2362 Israel,
747 2309 928 2365 prona
965 2295 1022 2350 in
1056 2296 1356 2365 superﬁcie
1394 2297 1772 2368 cogitationis,
1819 2299 1918 2353 im-

207 2382 369 2452 perio
429 2383 664 2438 rationis
721 2383 1115 2453 obtemperare
1144 2399 1202 2438 se
1232 2384 1498 2450 simulat;
1543 2401 1673 2456 quae
1725 2390 1913 2442 tamen

202 2472 695 2541 opportunitatem
723 2472 993 2541 peccandi
1025 2480 1372 2541 aucupatur.
1394 2475 1441 2528 si
1471 2472 1654 2540 liceat,
1682 2493 1709 2522 α
1737 2474 1764 2529 J
1774 2474 1915 2529 udas

210 2580 231 2606 ο
279 2567 473 2614 autem
533 2561 689 2616 testis
737 2560 1024 2616 descendit
1067 2576 1196 2615 cum
1236 2561 1365 2627 Deo,
1416 2569 1469 2616 et
1514 2576 1646 2616 cum
1702 2563 1914 2617 sanctis

205 2666 232 2698 ι
279 2647 481 2703 ﬁdelis.
517 2669 545 2697 »
576 2648 738 2714 Quod
788 2656 872 2704 est
913 2649 1143 2705 dicere:
1187 2649 1591 2706 Pmnitentialis
1638 2650 1912 2706 confessio

203 2751 341 2807 quae
372 2737 529 2807 quod
576 2737 632 2792 in
662 2737 827 2794 nobis
858 2737 1008 2794 Deus
1050 2737 1294 2808 judicat,
1345 2739 1469 2808 ipsa
1497 2741 1671 2795 etiam
1698 2740 1912 2809 pariter
1938 2797 1959 2814 ,

203 2825 570 2892 condemnat,
606 2847 627 2873 ι
657 2826 704 2881 si
735 2825 887 2880 enim
938 2826 1312 2895 nosmetipsos
1347 2825 1761 2896 judicaretnus,
1794 2841 1909 2883 non

2040 447 2251 496 tutum.

2109 529 2280 586 Vens.
2309 533 2359 585 2.
2393 560 2464 571 —
2497 553 2519 580 ι
2566 530 2856 587 Iudicium
2904 546 3043 603 ergo
3100 533 3326 589 Domini
3378 548 3510 590 cum
3562 535 3730 603 Iuda,

2040 639 2067 667 ››
2098 625 2154 674 et
2219 619 2466 675 visitatio
2525 635 2699 689 super
2742 620 2935 677 Jacob.
2991 641 3018 670 »
3068 621 3199 677 Cum
3254 623 3401 676 Iuda
3459 624 3733 690 judicium

2036 709 2256 761 Domini
2273 715 2373 775 est,
2400 709 2550 778 quia
2588 708 2649 763 in
2695 709 2906 765 virtute
2936 709 3328 777 confessionis,
3377 710 3735 767 discretionis

2036 796 2345 865 spirituum
2374 797 2660 854 subtilitas
2689 798 3044 867 permaxima
3078 798 3397 853 necessaria
3419 804 3523 854 est.
3554 799 3733 870 Super

2032 886 2210 939 Jacob
2237 889 2484 940 visitatio
2515 886 2595 953 fit,
2624 900 2755 942 cum
2787 887 2845 941 in
2866 886 3310 956 supplantandis
3329 886 3486 943 vitiis
3524 888 3730 944 rationi

2036 982 2246 1030 nostrae
2277 980 2459 1030 metus
2488 975 2699 1030 divina:
2750 974 2983 1031 ultionis
3034 988 3261 1044 semper
3289 975 3519 1031 assistit.
3580 979 3732 1031 Visi-

2002 1064 2172 1116 -tatio
2201 1064 2353 1118 enim
2387 1063 2691 1133 aliquoties
2745 1078 2848 1132 pro
2899 1066 3181 1132 punitione
3210 1066 3463 1134 ponitur.
3503 1088 3522 1115 ι
3557 1066 3733 1121 Juxta

2039 1171 2059 1198 ι
2098 1151 2222 1206 vias
2256 1152 2384 1221 ejus
2410 1159 2466 1206 et
2507 1151 2679 1220 juxta
2720 1152 3157 1207 adinventiones
3190 1154 3317 1221 ejus
3372 1153 3568 1208 reddet
3595 1153 3666 1210 ei.
3706 1178 3725 1202 »

2022 1240 2195 1307 juxta
2233 1242 2358 1293 vias
2407 1237 2522 1308 ejus
2554 1240 2603 1291 ei
2653 1239 2931 1305 redditur,
2987 1252 3118 1295 cum
3177 1239 3495 1297 intellectus
3542 1249 3732 1297 noster

2034 1342 2136 1397 pro
2184 1328 2467 1398 cujusque
2529 1328 2742 1382 erroris
2812 1327 3133 1397 quantitate
3182 1331 3616 1400 compungitur,
3676 1338 3732 1386 et

2033 1416 2200 1485 quasi
2264 1430 2364 1485 pro
2427 1416 2727 1471 commisso
2785 1416 3041 1485 vapulat,
3092 1417 3231 1472 dum
3283 1417 3497 1473 doloris
3541 1419 3728 1474 intimi

2031 1504 2300 1561 talionem
2357 1504 2638 1574 petulanti
2708 1504 3002 1575 quondam
3075 1505 3269 1561 animo
3340 1513 3727 1575 repraesentat.

1960 1631 2000 1684 Β
2032 1593 2453 1648 Adinventiones
2506 1600 2699 1650 autem
2742 1601 2880 1649 sunt
2935 1608 3303 1664 quaecunque
3359 1593 3418 1649 in
3461 1593 3732 1649 humanis

2032 1681 2235 1738 usibus
2262 1682 2449 1738 debito
2476 1689 2700 1738 natura:
2745 1690 3078 1751 supersunt.
3128 1683 3243 1737 Has
3275 1684 3325 1735 ei
3360 1682 3563 1748 reddit,
3596 1697 3726 1738 cum

2031 1770 2138 1826 sibi
2199 1770 2302 1840 ipsi
2360 1769 2783 1827 intellectuallis
2835 1769 2928 1826 ille
2978 1769 3162 1841 judex
3216 1769 3326 1826 sub
3357 1770 3730 1840 paenitudinis

2029 1856 2373 1914 accerbitate
2393 1857 2661 1914 restituit.

2100 1947 2270 2004 Vens.
2325 1949 2539 2001 34.—
2599 1969 2619 1995 ‹
2683 1948 2748 2002 In
2812 1954 2974 2002 utero
3054 1945 3451 2016 supplantavit
3494 1946 3725 2001 fratrem

2026 2053 2056 2087 ι)
2098 2048 2301 2102 suum;
2333 2043 2389 2090 et
2436 2035 2492 2089 in
2548 2035 2880 2091 fortitudine
2931 2048 3038 2090 sua
3073 2034 3325 2089 directus
3353 2042 3434 2089 est
3465 2048 3596 2089 cum
3622 2047 3727 2089 an-

2031 2145 2051 2171 »
2096 2123 2241 2195 gelo.
2276 2125 2346 2179 Et
2377 2123 2623 2178 invaluit
2644 2124 2714 2179 ad
2747 2122 3040 2193 angelum,
3072 2130 3128 2178 et
3177 2122 3530 2177 confortatus
3557 2130 3660 2177 est.
3697 2144 3716 2169 ι

2023 2214 2087 2266 In
2109 2216 2261 2265 utero
2297 2214 2547 2278 fratrem,
2577 2212 2926 2280 supplantat,
2960 2225 3091 2266 cum
3124 2210 3276 2266 intra
3322 2209 3722 2265 conscientiam

2024 2300 2275 2354 carnalis
2301 2298 2650 2370 rigiditatem
2693 2300 2981 2368 appetitus
3020 2297 3358 2368 praecipitat.
3387 2299 3455 2353 In
3493 2300 3718 2365 fortitu-

2023 2388 2150 2441 dine
2176 2402 2278 2441 sua
2306 2403 2425 2440 cum
2479 2387 2685 2453 Ληρειο
2724 2386 3014 2457 dirigitur,
3044 2399 3177 2441 cum
3208 2385 3441 2441 libertas
3472 2386 3717 2452 arbitrii,

2022 2491 2141 2548 qua
2170 2476 2371 2533 fortius
2401 2476 2543 2531 nihil
2573 2483 2676 2543 est,
2709 2475 2953 2531 sermoni
2985 2475 3202 2541 divino,
3254 2474 3355 2544 qui
3384 2474 3481 2529 Dei
3512 2475 3583 2530 ad
3618 2490 3723 2530 nos

2004 2564 2414 2621 internuntius
2460 2570 2566 2629 est,
2641 2562 2930 2618 irremisse
2973 2560 3258 2616 innititur.
3309 2561 3407 2614 Ad
3452 2563 3721 2629 Angelum

2022 2653 2336 2719 invalescit,
2411 2666 2545 2707 cum
2605 2664 2679 2706 ex
2757 2649 2971 2720 eloquii
3027 2648 3485 2720 frequentatione
3538 2648 3720 2705 divini

2020 2748 2218 2797 contra
2259 2738 2576 2796 contrarias
2623 2737 2982 2794 fortitudines
3024 2737 3323 2807 spirituale
3380 2737 3437 2791 in
3491 2736 3611 2792 dies
3640 2750 3723 2791 ro-

2020 2830 2134 2885 bur
2185 2828 2473 2885 accrescit.
2529 2826 2918 2892 Confortatur,
2959 2826 3098 2882 dum
3149 2826 3298 2882 inter
3342 2825 3720 2881 tentationum

205 2914 414 2984 utique
456 2913 858 2984 judicaremur
888 2914 940 2982 (I
985 2915 1104 2971 Cor.
1134 2930 1192 2977 ιι,
1264 2914 1373 2985 3t).
1430 2936 1458 2962 ››
1510 2915 1574 2969 In
1617 2914 1727 2969 hoc
1787 2915 1908 2985 ipso
1943 2919 1983 2974 C
2017 2916 2333 2980 molimina,
2364 2927 2658 2983 nusquam
2691 2912 2899 2968 mentis
2923 2912 3082 2983 rigor
3111 2920 3319 2968 nutare
3340 2912 3711 2981 permittitur.

204 3017 328 3055 cum
360 3005 465 3057 Deo
521 3004 673 3056 testis
720 3002 1012 3070 descendit,
1047 3002 1103 3057 id
1147 3008 1231 3058 est
1262 3001 1618 3068 humiliatur,
1671 3002 1811 3072 quia
1835 3003 1908 3057 ab

202 3089 485 3160 Ephraim
522 3096 577 3146 et
608 3090 802 3158 Israel,
843 3098 961 3146 tam
1019 3090 1282 3160 superbis
1311 3104 1486 3159 quam
1517 3090 1792 3158 subdolis,
1835 3091 1907 3146 ad

202 3179 359 3234 hanc
393 3178 636 3249 simplici
683 3178 995 3250 dejectione
1030 3179 1368 3235 recurritur.
1416 3180 1495 3233 Et
1547 3195 1666 3233 eum
1702 3182 1907 3233 sanctis

200 3267 388 3336 ﬁdelis
434 3274 538 3334 est,
585 3267 723 3323 dum
776 3267 1179 3331 humilitatem,
1214 3282 1388 3337 quam
1433 3267 1515 3323 eis
1553 3268 1612 3322 in
1642 3268 1906 3337 praesenti

200 3353 472 3424 imperat,
521 3354 579 3427 in
622 3355 915 3424 sequentis
962 3354 1160 3411 saeculi
1199 3354 1549 3411 exaltatione
1603 3356 1902 3425 glorificat.

198 3442 418 3497 Fidelis
470 3457 609 3514 ergo
657 3442 888 3508 dicitur,
921 3443 1062 3514 quia
1111 3444 1268 3514 quod
1323 3443 1487 3499 modo
1538 3443 1775 3513 spondet
1796 3443 1905 3499 ﬁde

198 3530 557 3600 sempiterna
584 3530 799 3586 sanctis
828 3531 1191 3600 exsequitur.

853 3619 1084 3676 CAPUT
1107 3618 1235 3675 XII.

274 3706 448 3764 Vens.
488 3709 535 3762 t.
568 3735 641 3748 —
672 3728 701 3757 «
742 3706 1017 3776 Ephraim
1071 3707 1251 3777 pascit
1291 3714 1528 3763 ventum
1557 3714 1612 3762 et
1640 3707 1905 3778 sequitur

202 3817 227 3843 ι.
267 3802 559 3851 aestum.»
611 3795 886 3865 Ephraim
933 3800 1151 3850 ventum
1206 3796 1406 3865 pascit,
1440 3796 1578 3851 dum
1627 3796 1900 3859 ventosis.

201 3883 262 3939 id
319 3892 405 3939 est
462 3883 826 3954 loquacibus,
867 3897 1151 3939 novarum
1209 3882 1420 3938 scilicet
1452 3897 1644 3938 rerum
1683 3883 1905 3953 cupidis

197 3972 478 4029 efferendi
533 3988 670 4029 suas
689 3973 890 4029 laudes
941 3986 1146 4028 causas
1192 3972 1475 4027 attribuit.
1517 3972 1634 4027 Hoc
1690 3971 1904 4028 dicitur

201 4060 482 4130 Ephraim
515 4060 717 4127 facere,
751 4060 890 4130 quia
921 4060 1141 4131 adjacet
1172 4058 1456 4115 voluntati
1478 4058 1700 4114 laudari
1736 4058 1897 4114 velle.

2023 3023 2044 3050 ι
2083 3001 2265 3057 Flevit
2288 3009 2344 3057 et
2380 3000 2609 3072 rogavit
2656 3014 2812 3056 eum.
2853 3019 2873 3047 ι
2921 2998 2987 3053 In
3027 2997 3167 3054 fletu
3213 2998 3425 3053 humor
3476 2996 3712 3053 interior

2017 3090 2088 3146 ad
2117 3089 2400 3171 exteriora
2430 3089 2673 3144 elicitur.
2709 3088 2869 3144 Flere
2916 3101 3052 3158 ergo
3084 3086 3316 3155 dicitur,
3355 3087 3458 3156 qui
3487 3101 3716 3143 omnem

2016 3177 2348 3234 interiorem
2378 3176 2673 3233 mollitiem
2726 3190 3039 3232 exsnccare
3079 3181 3343 3239 conatur,
3393 3174 3575 3245 Rogat
3604 3188 3715 3229 an-

2016 3266 2229 3338 gelum,
2286 3267 2384 3336 qui
2446 3267 2503 3320 in
2552 3279 2781 3321 summa
2830 3265 3001 3321 habet
3055 3263 3422 3320 veneratione
3452 3271 3507 3319 et
3547 3278 3713 3320 reve-

2014 3355 2200 3412 rentia
2231 3355 2327 3411 Dei
2372 3355 2651 3411 verbum:
2681 3374 2709 3404 «
2754 3355 2819 3409 In
2850 3353 3045 3409 Bethel
3091 3353 3311 3409 invenit
3338 3366 3492 3420 eum,
3548 3359 3605 3408 et
3636 3352 3711 3407 ibi

2017 3466 2039 3493 ι
2084 3445 2310 3500 locutus
2339 3451 2424 3500 est
2463 3448 2599 3496 en
2636 3442 2951 3499 nobiscum.
2980 3442 3260 3512 (V_ERS.'5.
3285 3440 3302 3511 )
3326 3442 3396 3497 Et
3431 3440 3711 3496 Dominus

2017 3556 2039 3582 ι
2077 3534 2230 3589 Deus
2255 3532 2636 3598 exercituum,
2671 3530 2951 3586 Dominus
2981 3528 3307 3585 memoriale
3336 3528 3482 3598 ejus.
3535 3549 3557 3576 ι
3599 3529 3709 3583 Be—

2012 3620 2128 3677 thel
2175 3620 2588 3689 interpretatur
2638 3619 2827 3673 domus
2878 3619 2991 3672 Dei.
3059 3618 3125 3672 In
3187 3616 3377 3672 Bethel
3435 3615 3706 3686 angelum

2010 3711 2236 3775 invenit,
2295 3722 2428 3763 cum
2468 3708 2652 3762 Deum
2702 3706 3148 3761 inhabitatorem
3216 3718 3422 3775 gerens
3452 3718 3552 3773 per
3583 3704 3710 3773 ejus

2011 3794 2415 3865 aspirationem
2472 3792 2656 3848 divini
2703 3792 2917 3863 eloquii
2970 3805 3184 3847 arcana
3228 3790 3480 3859 discutit,
3513 3806 3629 3861 quo
3653 3798 3711 3847 et

2011 3884 2234 3954 prolata
2290 3890 2524 3939 auctore
2590 3884 2875 3953 cognovit.
2919 3880 3194 3950 Quisquis
3246 3879 3401 3935 enim
3440 3880 3709 3949 mysteria

2010 3973 2439 4043 Scripturarum
2466 3970 2590 4027 sine
2619 3969 2714 4026 Dei
2740 3969 2955 4040 Spiritu
2986 3982 3240 4025 reserare
3270 3983 3432 4038 posse
3458 3983 3517 4025 se
3554 3968 3705 4024 aesti-

2010 4068 2147 4125 mat,
2200 4061 2370 4130 plane
2428 4060 2605 4115 veluti
2671 4060 2794 4115 sine
2834 4058 3151 4114 luminibus
3209 4057 3425 4113 alienos
3464 4057 3707 4127 parietes

200 4150 466 4217 Sequitur
503 4154 713 4206 zstum.
772 4150 911 4218 quia
945 4162 1064 4218 quo
1107 4147 1293 4218 magis
1350 4147 1605 4202 exterius
1658 4146 1900 4202 restrin-
1940 4212 1974 4218 _
2007 4162 2284 4204 erroneus
2314 4146 2523 4217 palpat.
2558 4146 2645 4202 Ibi
2672 4146 2949 4201 nobiscum
3001 4146 3280 4216 loquitur,
3338 4145 3479 4216 quia
3506 4160 3706 4202 secun-

201 4212 382 4309 gitur,
429 4251 496 4292 eo
545 4212 804 4292 interius-
836 4212 1022 4307 magis
1064 4212 1272 4307 flagrat
1330 4234 1652 4291 fervoribus
1688 4248 1898 4290 carna-
1938 4212 2147 4292 l)dum
2207 4212 2361 4306 quod
2410 4212 2449 4289 a
2507 4235 2618 4290 Deo
2678 4242 2874 4305 pectus
2923 4212 3163 4306 legentis
3210 4212 3514 4301 imbuitur,
3566 4249 3701 4289 mox

200 4325 347 4381 lium
400 4325 846 4380 incentivorum.
907 4325 991 4380 Ac
1055 4324 1101 4378 si
1157 4325 1414 4380 diceret:
1468 4324 1713 4379 Favorcs
1766 4322 1902 4379 foris

198 4412 439 4483 expetit,
462 4413 558 4468 sed
591 4421 746 4468 tanto
773 4426 906 4468 eum
949 4412 1263 4481 petulantia
1304 4412 1511 4467 durius
1539 4410 1674 4467 urit.
1712 4433 1732 4459 ι
1763 4412 1903 4467 Tota

204 4522 228 4550 ι
266 4501 360 4556 die
391 4501 757 4556 mendacium
804 4507 859 4555 et
889 4502 1212 4556 vastitatem
1245 4500 1606 4569 multiplicat,
1633 4508 1688 4555 et
1718 4499 1902 4556 fmdus

200 4608 233 4644 ι
272 4604 407 4645 cum
440 4589 687 4659 Assyriis
718 4589 958 4655 intiit,et
981 4589 1169 4645 oleum
1199 4588 1260 4643 in
1279 4589 1591 4658 IEgyptum
1613 4588 1847 4643 ferebat.
1873 4609 1895 4637 ι

201 4684 318 4734 tota
364 4677 455 4732 die
500 4678 840 4732 mendacium
891 4676 1392 4747 multiplicatﬁqui
1435 4676 1652 4746 jugiter
1697 4675 1901 4732 alienis

198 4766 372 4824 labiis
430 4779 530 4835 per
582 4778 747 4821 suam
802 4764 1146 4834 hypocrisim
1202 4765 1525 4821 occasiones
1589 4765 1898 4821 mentiendi

199 4851 623 4909 subministrat.
676 4849 782 4906 Sed
808 4852 1119 4904 vastitatem
1173 4850 1534 4920 multiplicat,
1588 4852 1729 4921 quia
1783 4867 1899 4922 quo

198 4940 391 5012 magis
439 4939 635 4995 extolli
666 4952 726 4995 se
756 4938 937 5005 audit,
984 4953 1049 4994 eo
1097 4939 1461 4995 desolationis
1508 4941 1746 4996 internae
1795 4941 1895 4996 de-

196 5037 351 5087 serta
381 5027 603 5091 dilatat,
629 5028 769 5083 dum
800 5027 1109 5084 verborum
1141 5026 1377 5083 ﬂorente
1405 5028 1589 5097 copia,
1622 5043 1753 5098 quae
1783 5042 1897 5083 non

197 5118 474 5175 videntur
530 5115 770 5172 incuriae
843 5116 1153 5185 mancipat.
1229 5115 1424 5170 Fwdus
1473 5130 1594 5170 cum
1647 5117 1898 5185 Assyriis

198 5206 325 5274 init,
374 5205 518 5261 dum
557 5217 691 5260 cum
743 5204 832 5259 his
859 5203 962 5274 qui
991 5203 1380 5273 temporaliter
1399 5203 1724 5274 gloriantur
1748 5218 1899 5259 una-

198 5292 373 5349 nimis
422 5292 504 5347 fit.
550 5292 735 5347 Oleum
790 5294 851 5347 in
886 5294 1180 5362 Egyptum
1225 5299 1434 5361 portat,
1497 5292 1600 5362 qui
1651 5292 1897 5362 gratiam

198 5381 299 5437 Dei
369 5380 426 5436 in
475 5393 729 5436 vacuum
786 5394 845 5436 se
892 5380 1169 5450 recepisse
1212 5394 1327 5435 non
1372 5380 1616 5449 trepidat
1664 5381 1735 5448 (II
1775 5381 1893 5436 Cor.

198 5484 272 5537 vi,
334 5467 407 5539 l).
442 5468 515 5523 Et
536 5469 597 5522 in
647 5470 940 5538 Egyptum
975 5466 1082 5526 fert
1121 5468 1312 5534 oleum,
1363 5466 1465 5539 qui
1522 5467 1899 5525 saecularibus

2004 4339 2183 4381 sacrae
2232 4324 2455 4394 paginae
2504 4323 2891 4379 consentiente
2943 4324 3243 4391 sententia,
3277 4322 3565 4394 quidquid
3594 4323 3701 4378 ob-

2005 4421 2261 4470 strusum
2286 4411 2505 4482 pridem
2531 4412 2824 4467 obstiterat
2854 4411 3073 4482 liquido
3102 4411 3378 4481 aperitur.

2076 4498 2406 4555 Notandum
2461 4497 2616 4568 quod
2655 4497 3029 4568 singulariter
3057 4497 3127 4553 de
3172 4511 3232 4552 se
3286 4497 3528 4567 loquens
3556 4495 3701 4552 sub-

2002 4585 2201 4656 junxit
2247 4592 2525 4651 extremo,
2574 4586 2870 4639 nobiscum.
2904 4585 3180 4640 Inventus
3222 4584 3372 4638 enim
3414 4585 3474 4638 in
3510 4583 3703 4638 Bethel

2004 4674 2285 4727 nobiscum
2316 4672 2596 4742 loquitur,
2627 4672 2768 4742 quia
2796 4680 3007 4727 sanctae
3038 4671 3366 4742 cujuspiam
3405 4671 3702 4727 conscien-

2006 4761 2117 4828 tiae,
2151 4774 2283 4830 quae
2328 4761 2439 4815 Deo
2488 4760 2707 4830 hospite
2737 4760 2967 4829 gaudet,
3012 4774 3215 4815 sensus
3244 4759 3303 4814 in
3350 4773 3515 4815 sacra
3544 4759 3700 4815 Scri-

2008 4858 2181 4920 ptura
2236 4849 2619 4918 perscrutanti
2676 4849 2918 4915 divinos,
2952 4862 3083 4904 cum
3117 4848 3339 4918 aliquid
3387 4847 3698 4904 obscurum

2009 4936 2361 5003 inclaruerit,
2428 4936 2678 5006 profecto
2735 4936 2857 4992 sine
2908 4936 3127 4991 invidia
3164 4950 3199 4991 a
3249 4937 3364 4991 Deo
3404 4934 3515 4990 sibi
3565 4936 3699 4991 data

2005 5025 2190 5082 celare
2210 5025 2533 5095 impatiens,
2555 5032 2658 5080 aut
2687 5024 2969 5081 locutione
3000 5031 3101 5080 aut
3137 5023 3350 5094 scripto
3405 5037 3511 5079 nec
3539 5037 3701 5079 mora

2003 5121 2060 5170 et
2089 5113 2216 5170 aliis
2262 5126 2576 5183 propagare
2602 5105 2893 5183 gaudebit.
2924 5112 3038 5169 Nec
3075 5111 3262 5168 solum
3306 5111 3568 5182 angelus,
3604 5113 3697 5168 sed

2002 5209 2057 5258 et
2115 5203 2376 5257 Dominus
2404 5204 2546 5256 Deus
2579 5203 2913 5255 exercituum
2944 5201 3217 5255 nobiscum
3248 5199 3524 5271 loquitur.
3561 5202 3701 5270 quia

2005 5289 2290 5361 quidquid
2338 5289 2397 5345 in
2433 5290 2631 5346 eodem
2676 5304 2838 5346 sacro
2884 5289 3110 5360 eloquio
3140 5289 3446 5359 reperitur,
3477 5289 3551 5345 ab
3584 5289 3703 5360 ipso

2005 5378 2242 5436 indubia
2267 5378 2560 5449 panditur,
2601 5378 2704 5448 qui
2752 5378 3005 5448 priorum
3036 5377 3444 5435 exercitiorum
3473 5387 3702 5435 nostro-

2002 5482 2133 5526 rum
2185 5466 2472 5539 benignus
2518 5466 2796 5537 incentor,
2851 5481 2984 5538 quae
3054 5468 3144 5525 his
3221 5465 3435 5524 sanctis
3495 5467 3703 5524 studiis
