3934 6086
239 236 342 293 403

1144 238 1209 290 ν.
1258 237 1590 293 GUIBERTI
1632 238 1927 295 ABBATIS
1964 240 2018 296 S.

2056 238 2293 294 MARl/E
2336 238 2426 293 DE
2467 236 2856 293 NOVIGENTO
3628 235 3741 291 404

246 368 678 437 impenduntur,
750 382 872 424 esse
935 368 1230 437 probatur.
1290 369 1594 426 Exercitus
1660 371 1814 427 enim
1862 371 1933 427 ab
1971 373 2018 425 A
2048 370 2358 442 imaginem
2441 370 2779 438 sanctitatis,
2850 384 2982 441 quae
3029 383 3063 425 a
3115 370 3338 425 cunctis
3393 370 3597 427 honori
3644 372 3754 427 ha-

243 456 542 510 eccercendo
567 456 797 517 dicitur,
845 463 898 511 et
927 462 1011 511 est
1068 459 1204 510 Deus
1261 462 1615 525 emercituum,
1658 460 1751 515 cui
1797 459 1941 515 mili-

200 590 205 595 .
248 553 372 601 tant
410 544 684 600 exercitia
738 544 1065 600 animorum
1116 547 1395 612 Dominus,
1440 548 1754 602 memoriale
1799 551 1937 617 ejus.

249 634 516 704 superius
559 632 786 688 dixerat
843 636 1102 688 Dominus
1167 634 1307 688 Deus
1360 639 1714 704 exercituum,
1784 652 1943 693 nunc

249 726 414 779 iterat
470 723 640 777 etiam
697 723 977 788 Dominus,
1024 731 1087 778 ut
1129 738 1229 792 per
1281 724 1387 779 hoc
1435 727 1639 781 innuat
1676 726 1943 781 eumdem

247 826 365 868 esse
416 809 746 876 Dominum,
789 811 888 880 qui
920 812 1068 866 sacri
1101 811 1258 867 verbi
1304 813 1466 868 nobis
1496 814 1752 869 studium
1799 815 1944 870 sub—

250 899 556 965 ministrat,
607 898 705 968 qni
765 899 1056 968 quondam
1109 914 1207 968 per
1260 901 1667 969 prophetarum
1724 916 1849 970 ora,
1878 916 1945 958 ea

249 1003 380 1058 quae
408 987 534 1057 ejus
572 986 819 1057 gratiam
851 988 906 1041 in
937 1002 1135 1043 eorum
1168 988 1327 1044 libris
1359 1002 1393 1043 a
1441 991 1603 1045 nobis
1635 991 1808 1046 anxie
1837 1006 1945 1047 ex-

249 1076 570 1147 quiruntur
620 1075 845 1130 locutus
894 1075 1099 1131 fuerat.
1127 1077 1450 1131 Memoriale
1479 1087 1672 1134 autem
1702 1082 1818 1148 ejus
1841 1081 1947 1135 hoc

250 1171 334 1221 est
367 1168 429 1220 ut
457 1164 558 1233 qui
602 1164 897 1233 quondam
959 1179 1059 1233 per
1107 1164 1231 1220 illos
1286 1167 1556 1236 antiquos
1606 1168 1753 1224 mira
1798 1183 1943 1239 prae-

250 1252 495 1317 dixerat,
556 1266 671 1306 non
721 1252 998 1307 minorem
1038 1253 1323 1323 hodieque
1352 1255 1411 1309 in
1464 1255 1627 1310 nobis
1675 1257 1946 1312 virtutem

250 1355 516 1397 exercere
561 1340 850 1405 credatur,
900 1341 1112 1410 quibus
1162 1342 1305 1398 tanti
1362 1342 1580 1398 consilii
1636 1345 1947 1413 penetralia

252 1430 580 1485 subintrare
656 1428 951 1484 humiliter
1028 1431 1426 1498 quaerentibus
1486 1432 1680 1487 donat.
1748 1456 1767 1481 ι
1835 1434 1948 1488 Ha-

253 1519 469 1584 bentes,
524 1539 543 1565 ι
611 1518 798 1587 inquit
852 1518 1179 1586 Apostolus,
1252 1519 1516 1575 eumdem
1573 1544 1593 1570 ι
1658 1521 1946 1590 spiritum,

260 1629 279 1653 -
318 1605 624 1672 credimus,
717 1608 947 1675 propter
991 1606 1144 1676 quod
1203 1613 1258 1663 et
1314 1606 1608 1677 loquimur
1690 1610 1767 1678 (ιι
1817 1612 1945 1664 Cor.

262 1716 282 1742 ι
321 1668 647 1761 xv1,13).’:
719 1668 735 1675 ’
825 1668 841 1674 ’
1007 1668 1025 1676 ’
1385 1668 1404 1677 ’
1698 1668 1710 1678 ’
1990 1668 2031 1721 Β

330 1782 497 1838 Vens.
529 1784 579 1836 6.
613 1811 681 1820 —
718 1804 736 1830 σ
794 1783 864 1838 Et
921 1789 984 1837 tu
1036 1782 1108 1837 ad
1141 1783 1323 1838 Deum
1361 1790 1528 1839 tuum
1569 1787 1948 1857 converteris;

260 1892 279 1917 ι
322 1870 778 1926 misericordiam
836 1878 890 1926 et
944 1870 1231 1941 judicium
1285 1873 1526 1939 custodi,
1577 1882 1632 1930 et
1672 1890 1840 1945 spera
1894 1878 1953 1933 in

259 1979 279 2006 ι
325 1960 440 2015 Deo
471 1966 569 2015 tuo
616 1973 859 2028 semper.
907 1980 933 2007 »
994 1960 1064 2014 Ει
1094 1960 1168 2013 ad
1214 1963 1378 2014 Deum
1418 1976 1589 2017 suum
1642 1963 1798 2019 haud
1839 1965 1953 2021 du-

256 2048 416 2103 bium
472 2046 617 2117 quin
655 2048 825 2103 Jacob
874 2055 975 2103 aut
1011 2049 1190 2103 Judas
1218 2049 1592 2114 convertitur,
1643 2066 1776 2108 cum
1808 2055 1953 2110 ratio

257 2135 721 2205 pmnitentialiter
771 2149 994 2205 semper
1046 2137 1340 2202 conﬁtens,
1374 2135 1522 2191 inter
1569 2150 1952 2206 supernorum

255 2224 586 2295 largitiones
628 2238 938 2281 munerum
987 2224 1059 2279 ad
1083 2238 1242 2292 eum,
1293 2239 1327 2279 a
1359 2239 1477 2295 quo
1527 2233 1950 2295 prterogantur,

255 2320 573 2382 respectare
623 2319 909 2369 monetur.
976 2312 1408 2367 Misericordiam
1451 2319 1501 2366 et
1536 2313 1811 2383 judicium
1850 2327 1954 2368 cu-

256 2401 469 2459 stodire
515 2401 777 2472 jubetur,
838 2409 901 2456 ut
970 2400 1184 2456 scilicet
1233 2400 1292 2455 in
1335 2402 1621 2471 prazsenti,
1691 2401 1737 2455 si
1811 2401 1955 2456 bene

258 2490 541 2560 invigilet,
594 2504 653 2545 se
739 2490 833 2545 Dei
890 2488 1337 2545 misericordiam
1418 2497 1784 2559 reperturum
1840 2504 1955 2545 non

257 2580 533 2649 desperet,
589 2578 677 2633 sin
732 2586 947 2645 autem,
999 2578 1057 2632 in
1100 2578 1296 2634 futuro
1320 2578 1607 2648 judicium
1656 2577 1952 2633 miserabi-

258 2668 367 2722 lem
401 2666 791 2737 praestoletur;
846 2666 1043 2735 sicque
1084 2666 1232 2721 inter
1260 2682 1416 2735 spem
1470 2666 1872 2722 misericordia:
1900 2676 1953 2723 et

258 2763 477 2811 metum
517 2755 720 2825 judicii
770 2756 1135 2822 constitutus,
1180 2755 1252 2810 ad
1298 2770 1454 2825 spem
1504 2756 1736 2825 pronior
1793 2756 1951 2811 inve-
1986 2819 2007 2837 .

258 2845 476 2911 niatur,
512 2852 576 2899 ut
624 2844 808 2915 magis
872 2858 1067 2899 amore
1114 2857 1290 2913 quam
1342 2844 1524 2901 tinore
1576 2846 1863 2914 trahatur,
1921 2858 1952 2899 a

258 3028 314 3077 et
346 3022 452 3076 hoc
502 3028 587 3076 est
634 3021 791 3091 quod
823 3020 1077 3076 dicitur:
1128 3022 1298 3090 Spera
1336 3024 1395 3076 in
1425 3025 1648 3077 Domino
1695 3024 1802 3078 Deo
1864 3029 1953 3078 tuo

257 3124 484 3177 semper.

330 3198 501 3254 Vnus.
525 3198 579 3251 7.
605 3226 672 3240 -—
710 3220 730 3246 ι
766 3197 1062 3264 Chanaan,
1099 3197 1157 3253 in
1218 3212 1395 3254 manu
1424 3198 1551 3270 ejus
1596 3204 1808 3255 statera
1854 3201 1953 3255 do-

265 3308 285 3335 ι
320 3286 461 3352 losa,
500 3286 850 3342 calumniam
906 3288 1125 3343 dilexit.
1166 3310 1185 3335 ι
1239 3288 1512 3343 Chanaan
1546 3289 1957 3358 interpretatur

258 3377 581 3442 negotiator.
640 3374 943 3445 Negotium
1003 3382 1193 3430 autem
1251 3375 1322 3430 ad
1378 3375 1724 3444 hypocrisim
1776 3391 1957 3446 supra

259 3462 517 3517 diximus
568 3463 866 3531 pertinere.
892 3465 978 3535 ,In
1029 3479 1194 3517 manu
1238 3478 1375 3534 ergo
1431 3466 1693 3521 Chanaan
1751 3471 1958 3520 statera

260 3551 447 3605 dolosa
475 3558 578 3616 est,
640 3550 779 3621 quia
812 3551 867 3606 in
919 3565 1089 3621 opere
1120 3552 1551 3623 bypocritarum
1600 3554 1743 3609 nihil
1798 3555 1956 3624 pensi

258 3648 314 3695 et
368 3639 644 3696 moderati
680 3647 783 3696 est.
819 3640 874 3695 Si
916 3640 1070 3695 enim
1102 3641 1245 3696 bene
1304 3642 1740 3711 perpenderent,
1799 3658 1957 3698 nun-

260 3742 438 3799 quam
495 3728 966 3785 buccinatoribus
1016 3730 1138 3784 suis
1184 3730 1518 3785 inanitatem
1580 3745 1698 3787 sua;
1751 3732 1958 3787 mentis

259 3818 351 3874 vel
394 3818 579 3888 operis
625 3818 768 3874 tanti
826 3818 1161 3874 venderent.
1227 3818 1279 3873 Si
1330 3819 1483 3874 enim
1538 3827 1709 3875 tantas
1753 3822 1958 3877 vacui-

259 3906 361 3962 tati
416 3920 625 3961 nomen
681 3905 1017 3973 sanctitatis,
1078 3906 1232 3976 quod
1278 3906 1435 3962 omni
1484 3908 1753 3964 thesauro
1806 3923 1959 3979 prte—

262 3994 558 4064 ponderat,
610 4007 922 4064 exmquare
976 3994 1138 4062 velis,
1194 4010 1309 4050 non
1357 3995 1481 4051 dico
1523 4011 1637 4051 non
1688 4004 1818 4063 stat,
1861 3998 1958 4052 sed

261 4096 514 4139 necesse
562 4089 761 4152 potest,
807 4084 948 4153 quia
986 4082 1133 4139 inter
1188 4083 1325 4139 nihil
1380 4093 1435 4139 et
1464 4084 1683 4153 aliquid
1723 4099 1956 4154 compa-

262 4168 412 4225 ratio
440 4168 602 4225 nulla
632 4176 871 4226 constat.
922 4169 1286 4239 Calumniam
1320 4187 1553 4242 quoque
1583 4173 1789 4243 diligit,
1820 4173 1959 4244 quia

2051 460 2257 515 beatur
2284 460 2525 515 ostendi.
2559 481 2580 508 ι
2631 459 2840 515 Omnes
2871 458 3091 514 labores
3139 458 3248 514 mei
3297 472 3415 514 non
3451 459 3756 515 invenient

2055 569 2076 595 ι
2123 548 2262 603 mihi
2291 547 2651 618 iniquitatem
2676 561 2852 616 quam
2876 547 3124 616 peccavi.
3168 568 3187 593 ι
3225 546 3383 611 Quod
3403 554 3484 600 est
3514 545 3708 601 dicere
3738 561 3751 598 :

2050 635 2268 691 Idcirco
2319 636 2474 691 omni
2532 650 2672 690 cura
2755 643 2807 688 et
2862 634 3052 689 labore
3116 634 3173 688 in
3210 634 3396 689 colore
3456 632 3759 704 religionis

2051 738 2339 791 exerceor,
2378 730 2441 779 ut
2486 724 2746 778 videlicet
2782 723 2997 778 nemini
3050 737 3272 789 eorum,
3323 722 3423 792 qui
3475 736 3563 777 me
3610 722 3760 777 effe-

2052 820 2209 876 runt,
2260 812 2452 868 veniat
2500 813 2557 867 in
2616 812 2879 867 notitiam
2962 811 3237 881 iniquitas
3310 824 3438 865 mea
3489 809 3759 866 interior.

2052 900 2213 968 Quod
2269 901 2423 966 dicit,
2504 916 2610 954 non
2682 903 2975 966 invenient,
3035 901 3116 955 sic
3171 907 3255 955 est
3330 914 3396 954 ac
3441 899 3488 954 si
3539 901 3763 955 diceret

2053 989 2397 1054 abscondent,
2428 998 2487 1045 ut
2508 997 2590 1045 est
2623 989 2765 1044 illud
2797 1003 2810 1043 :
2844 1007 2872 1038 α
2927 988 3152 1045 Clausis
3190 1003 3307 1043 non
3354 988 3580 1058 aperuit
3618 1002 3763 1043 car-

2055 1092 2239 1134 cerem
2266 1080 2426 1146 (lsai.
2461 1093 2576 1144 xiv,
2614 1078 2723 1147 t7),
2753 1099 2773 1126 ι
2818 1076 2975 1146 quod
3010 1084 3093 1132 est
3125 1077 3404 1131 obstrusit.

2127 1194 2300 1249 Vens.
2351 1197 2401 1248 9.
2436 1225 2503 1233 —
2536 1217 2555 1243 ε
2619 1194 2689 1250 Et
2743 1209 2849 1264 ego
2899 1193 3174 1249 Dominus
3235 1193 3383 1248 Deus
3435 1199 3593 1258 tuus,
3656 1191 3765 1262 qui

2061 1303 2082 1330 ι
2121 1282 2297 1337 eduxi
2330 1291 2380 1339 te
2411 1282 2479 1338 de
2515 1291 2665 1338 terra
2707 1282 2961 1352 Egypti,
3005 1281 3197 1337 adhuc
3220 1282 3416 1336 sedere
3465 1290 3518 1337 te
3547 1280 3767 1336 faciam

2059 1392 2086 1419 »
2144 1372 2200 1425 in
2261 1371 2666 1437 tabernaculis,
2754 1371 2904 1426 sicut
2965 1370 3021 1424 in
3070 1370 3275 1425 diebus
3346 1368 3694 1423 festivitatis.
3740 1388 3763 1413 ι

2060 1460 2275 1515 Eduxit
2312 1475 2415 1515 nos
2474 1463 2618 1514 Deus
2674 1459 2743 1511 de
2775 1463 2921 1513 terra
2968 1461 3213 1526 .Egypti,
3261 1457 3363 1527 qui
3412 1457 3480 1511 de
3505 1454 3770 1511 tenebris

2057 1547 2329 1603 vitiorum
2390 1548 2447 1602 in
2499 1547 2836 1602 admirabile
2879 1547 3073 1602 lumen
3131 1560 3304 1601 suum
3348 1559 3453 1600 nos
3508 1543 3764 1599 vocavit.

2058 1636 2252 1691 Adhuc
2335 1639 2395 1689 in
2468 1637 2836 1691 tabernaculis
2906 1636 3091 1689 sedere
3161 1649 3264 1689 nos
3353 1632 3537 1692 faciet,
3625 1646 3770 1688 cum

2062 1724 2326 1795 quandiu
2411 1725 2851 1794 peregrinamur
2917 1737 2950 1778 a
3013 1723 3272 1789 Domino,
3348 1721 3613 1792 quandiu
3702 1721 3768 1775 in

2064 1813 2169 1867 hoc
2223 1813 2598 1868 tabernaculo
2647 1812 3077 1883 ingemiscimus
3124 1809 3342 1879 gravati
3393 1810 3584 1864 debita
3645 1808 3766 1864 hu-

2062 1900 2321 1966 militate,
2387 1901 2543 1971 quod
2615 1901 2882 1971 signatur
2954 1899 3224 1966 sessione,
3277 1913 3381 1953 nos
3455 1897 3762 1967 deprimet.

2068 2011 2087 2038 ι
2124 1989 2371 2059 Surgite,
2434 1989 2642 2059 inquit,
2694 1997 2997 2059 postquam
3044 1988 3301 2043 sederitis
3352 1988 3518 2057 (Psai.
3565 2000 3767 2053 cxxw,

2062 2079 2135 2145 2).
2177 2100 2196 2125 ι
2227 2078 2626 2133 Tabernacula
2678 2086 2869 2133 autem
2914 2076 3428 2146 pregrinantium,
3472 2075 3563 2131 vel
3607 2075 3771 2130 mili-

2062 2168 2312 2221 tantium
2360 2173 2510 2220 sunt.
2557 2165 2757 2221 Militia
2783 2166 2933 2221 enim
2980 2164 3099 2219 vita
3128 2163 3374 2219 hominis
3402 2163 3521 2229 (Job
3550 2179 3647 2227 vn,
3689 2163 3766 2233 t).

2062 2255 2132 2309 Et
2168 2254 2273 2309 hoc
2327 2258 2467 2308 sicut
2512 2257 2571 2307 in
2599 2254 2791 2307 diebus
2844 2255 3169 2320 festivitatis
3218 2252 3481 2319 facimus,
3528 2252 3773 2322 quando

2062 2342 2485 2412 depressionem
2525 2350 2781 2397 nostram
2834 2344 2891 2397 in
2944 2342 3208 2412 praesenti
3248 2340 3548 2395 luminosae
3611 2340 3774 2395 illius

2062 2431 2178 2501 spei
2204 2432 2416 2502 gaudio
2440 2445 2570 2487 vere
2601 2431 2740 2486 festo
2769 2443 3228 2500 compensamus.

2138 2554 2304 2611 Vnus.
2366 2555 2447 2609 l0.
2482 2583 2551 2594 —
2583 2577 2603 2602 ι
2642 2556 2711 2610 Et
2742 2554 2968 2609 locutus
3028 2568 3156 2609 sum
3203 2567 3378 2622 super
3424 2552 3762 2622 prophetas,

2069 2663 2089 2690 ι
2126 2650 2303 2713 etego
2337 2642 2617 2697 visionem
2651 2641 3053 2711 multiplicavi,
3083 2650 3137 2695 et
3170 2642 3227 2695 in
3251 2655 3427 2695 manu
3452 2640 3770 2709 propheta-

2068 2752 2089 2778 ι
2135 2746 2265 2786 rum
2298 2731 2646 2787 assimilatus
2680 2745 2829 2786 sum.
2869 2751 2889 2777 ι
2916 2732 3090 2799 Super
3142 2731 3435 2798 prophetas
3484 2728 3770 2784 Dominus

2029 2851 2034 2855 -
2064 2821 2339 2892 loquitur,
2377 2837 2509 2877 cum
2539 2822 2688 2877 ultra
2717 2820 2977 2876 omnium
3025 2820 3514 2889 providenttarum
3537 2827 3764 2874 nostra-

258 2932 489 2988 nemine
521 2932 676 2987 enim
734 2932 1078 3001 quidquam,
1139 2932 1249 2987 nisi
1306 2933 1415 2989 sub
1444 2948 1636 2989 amore
1665 2942 1952 3004 speratur,
1991 2964 2033 3021 ο

2063 2924 2193 2965 rum
2228 2910 2731 2980 perspicacitatem,
2781 2923 2888 2964 sua
2930 2908 3050 2963 sola
3103 2909 3453 2978 aspiratione
3505 2922 3607 2963 nos
3655 2908 3767 2963 do—

2063 3014 2189 3054 cere
2241 2999 2537 3069 dignatur.
2595 2998 2872 3054 Visionem
2921 3011 3157 3067 quoque
3206 2995 3571 3066 multiplicat,
3622 2996 3765 3052 dum

2064 3102 2162 3157 per
2203 3088 2467 3143 eumdem
2540 3087 2875 3143 instinctum
2923 3087 2979 3141 in
3029 3094 3226 3141 nostra
3280 3084 3770 3140 intellectualitate

2064 3177 2242 3232 aciem
2272 3175 2629 3231 discretionis
2651 3182 3009 3246 augmentat.
3068 3177 3132 3229 1n
3160 3190 3329 3228 manu
3370 3172 3770 3243 prophetarum

2063 3264 2434 3329 assimilatur,
2485 3264 2624 3319 dum
2672 3263 3043 3332 providentiae
3086 3270 3294 3318 nostra)
3325 3260 3661 3318 exercitium
3691 3260 3769 3315 ad

2063 3351 2563 3420 contemplandam
2618 3351 2792 3406 etiam
2849 3351 3060 3406 divinze
3116 3348 3470 3405 celsitudinis
3516 3347 3767 3417 speciem

2062 3454 2362 3510 assurgere
2420 3439 2748 3495 aemulatur.
2799 3439 2943 3494 Nota
3012 3452 3189 3508 quam
3244 3437 3551 3507 vigilanter
3612 3436 3769 3490 dicat

2064 3528 2438 3584 assimilatur.
2471 3534 2620 3583 us
2650 3527 2831 3583 Omne
2871 3534 3064 3583 autem
3106 3526 3291 3581 simile
3344 3539 3458 3579 non
3488 3532 3572 3579 est
3616 3523 3763 3578 idem

2064 3618 2219 3688 quod
2273 3617 2409 3672 illud
2440 3617 2530 3672 cui
2562 3615 2749 3671 simile
2791 3615 3023 3670 dicitur.
3085 3612 3405 3669 Assimilari
3434 3627 3570 3683 ergo
3617 3613 3771 3668 Deus

2067 3707 2121 3761 in
2147 3720 2324 3762 manu
2357 3705 2770 3775 prophetarum
2822 3704 2985 3770 solet,
3021 3718 3153 3760 cum
3204 3702 3391 3758 omnis
3421 3701 3598 3758 nostri
3627 3716 3766 3757 cou-

2064 3795 2250 3852 tuitus
2292 3808 2466 3863 opera
2511 3794 2824 3849 scintillare
2855 3793 2914 3848 in
2953 3793 3134 3849 Deum
3173 3792 3399 3858 nititur,
3440 3805 3546 3846 nec
3570 3798 3764 3846 tamen

2063 3890 2147 3939 est
2178 3883 2329 3938 Deus
2361 3881 2513 3952 quod
2549 3881 2721 3938 videt.

2138 3998 2304 4055 Vens.
2355 4001 2436 4052 it.
2486 4027 2556 4036 —
2602 4014 2632 4049 α
2664 3996 2721 4052 Si
2770 3995 2982 4051 Galaad
3033 3995 3268 4063 idolum,
3314 4002 3503 4051 tamen
3546 3994 3764 4050 frustra

2071 4107 2093 4135 ι
2135 4094 2299 4143 erant
2329 4087 2387 4141 in
2415 4085 2614 4156 Galgal
2644 4086 2823 4142 bobus
2854 4084 3231 4140 immolantes.
3269 4106 3290 4132 ι
3326 4084 3539 4140 Galaad
3580 4082 3761 4138 inter-

2068 4183 2329 4245 pretatur
2387 4190 2623 4229 acervus
2665 4175 2976 4227 testimonii.
3024 4172 3185 4238 Quod
3231 4179 3316 4227 est
3354 4172 3582 4227 dicere:
3616 4171 3668 4225 Si
3696 4170 3758 4225 hi

261 4257 530 4328 quisquis
614 4258 866 4314 externis
935 4259 1230 4316 favoribus
1291 4260 1470 4316 attolli
1536 4261 1764 4330 appetit,
1838 4261 1950 4316 illis
1990 4266 2033 4320 D
2064 4262 2167 4334 qui
2199 4262 2436 4318 inferius
2490 4261 2827 4326 dilatantur,
2858 4267 2912 4315 et
2946 4274 3119 4329 penes
3155 4261 3337 4315 Deum
3379 4258 3525 4314 male
3569 4272 3759 4328 angu-

260 4346 533 4403 omnibus
583 4361 810 4404 necesse
852 4356 935 4404 est
983 4348 1255 4417 invideat,
1309 4364 1455 4419 quos
1510 4357 1612 4405 aut
1642 4350 1829 4419 potius
1858 4358 1959 4406 aut

262 4436 477 4506 pariter
529 4436 748 4492 laudari
803 4437 986 4493 audit.
1037 4436 1195 4503 Quod
1234 4437 1282 4492 si
1343 4437 1578 4506 invidet,
1637 4446 1784 4494 certe
1824 4453 1958 4494 mox

260 4526 637 4596 consequitur
688 4532 752 4582 ut
820 4525 909 4582 bis
968 4526 1185 4596 quibus
1243 4525 1513 4582 inviderit
1569 4527 1959 4584 amantissime

260 4613 511 4683 deroget.

332 4703 503 4759 Vens.
554 4706 605 4757 8.
665 4733 733 4741 —
777 4724 799 4752 ι
861 4704 932 4758 Et
989 4702 1136 4758 dixit
1175 4703 1492 4772 Ephraim:
1544 4705 1957 4761 Verumtamen

265 4813 287 4840 ι
331 4790 491 4847 dives
535 4789 774 4847 eﬂectus
820 4805 965 4855 sum.
1028 4790 1223 4847 inveni
1260 4792 1477 4847 idolum
1536 4792 1693 4847 milii.
1723 4815 1743 4840 ι
1796 4792 1955 4859 Quod

259 4879 486 4936 vocavit
532 4880 828 4946 Chanaan,
892 4880 996 4935 hoc
1041 4880 1212 4935 etiam
1266 4881 1456 4936 innuit
1514 4896 1614 4949 per
1655 4882 1953 4950 Ephraim.

260 4968 315 5023 Si
345 4968 499 5024 enim
564 4966 660 5024 ille
707 4968 1045 5040 negotiator,
1101 4977 1155 5024 et
1207 4969 1299 5024 hic
1344 4968 1606 5040 frugifer,
1656 4970 1821 5039 plane
1852 4982 1956 5024 ne-

260 5056 478 5127 gotium
538 5055 854 5127 hypocrisis
906 5070 1022 5113 non
1066 5060 1325 5139 emergit,
1384 5058 1490 5113 nisi
1549 5058 1617 5113 de
1655 5056 1956 5126 superficie

257 5144 403 5214 ejus,
455 5158 586 5214 quae
614 5152 854 5213 putatur
911 5146 1190 5218 frugifera
1218 5146 1477 5203 actionis.
1512 5148 1610 5202 Est
1649 5160 1786 5216 ergo
1816 5159 1883 5201 ac
1906 5146 1952 5201 si

258 5232 436 5289 dicat:
464 5232 809 5305 Quicunque
846 5234 903 5290 in
929 5244 1139 5293 statera
1193 5236 1302 5291 mei
1339 5235 1568 5291 habitus
1604 5242 1659 5291 et
1702 5242 1952 5289 externae

258 5319 729 5376 considerationis
773 5323 845 5378 sit
883 5323 1068 5392 dolus,
1114 5338 1219 5395 ego
1268 5331 1456 5379 tamen
1512 5321 1671 5377 dives
1715 5321 1949 5389 efticior,

258 5406 397 5461 dum
425 5419 527 5475 per
565 5407 821 5462 omnium
868 5408 1098 5480 linguas
1154 5410 1494 5480 quotidiana
1525 5409 1772 5464 rumoris
1804 5423 1949 5479 aug-

256 5493 609 5549 mentatione
662 5508 1017 5564 promoveor.
1079 5500 1267 5554 Inveni
1319 5498 1527 5553 idolum
1594 5499 1753 5567 mihi,
1811 5497 1948 5569 quia

2066 4358 2296 4407 stantur
2356 4350 2627 4405 vitiorum
2688 4363 2755 4404 ac
2783 4348 2830 4403 si
2883 4348 3167 4404 idolorum
3217 4348 3473 4404 cultibus
3524 4348 3757 4415 instant,

2068 4452 2304 4508 pensare
2351 4437 2670 4493 debuerant
2699 4438 2840 4507 quia
2886 4438 3160 4492 vitiorum
3194 4436 3516 4492 volutabris
3543 4436 3761 4491 frustra

2064 4542 2185 4583 sese
2227 4526 2624 4593 immersitant,
2659 4540 2791 4581 cum
2816 4526 2894 4581 nil
2926 4526 3083 4581 aliud
3114 4526 3422 4595 explicent,
3457 4526 3567 4581 nisi
3606 4526 3757 4594 quod

2065 4615 2243 4670 aciem
2304 4614 2509 4669 mentis
2551 4614 2607 4668 in
2650 4614 3051 4669 hebetudinem
3112 4613 3406 4669 bestialem
3460 4612 3760 4669 mactando

2062 4710 2432 4759 commutent.
2493 4703 2693 4772 Galgal
2750 4703 2901 4757 enim
2936 4702 3278 4755 volutabrum
3328 4702 3757 4771 interpretatur.

2062 4791 2380 4847 Volutabro
2418 4790 2467 4845 si
2503 4806 2660 4862 ergo,
2711 4799 2777 4847 ut
2832 4791 2913 4846 sic
2955 4790 3163 4856 dicam,
3227 4791 3393 4845 bobus
3438 4789 3757 4857 immolant,

2062 4894 2195 4936 cum
2239 4880 2524 4949 spirituali
2571 4879 2868 4935 alacritate
2911 4893 3145 4935 recussa
3174 4894 3294 4934 sese
3350 4878 3759 4948 ponderositati

2061 4968 2272 5033 carnis,
2331 4967 2498 5038 quasi
2581 4967 2789 5023 stolida
2882 4967 3176 5035 animalia,
3224 4967 3369 5023 foede
3433 4973 3756 5022 attrectant.

2068 5079 2088 5104 ι
2121 5057 2267 5112 Nam
2313 5064 2369 5112 et
2397 5056 2606 5111 altaria
2651 5069 2854 5112 eorum
2893 5056 3060 5126 quasi
3118 5054 3310 5111 acervi
3357 5070 3533 5125 super
3569 5054 3759 5111 sulcos

2065 5165 2087 5193 ι
2123 5144 2268 5215 agri.
2308 5168 2328 5193 ι
2366 5144 2643 5215 Superius
2672 5144 2843 5215 paulo
2868 5158 3065 5199 eorum
3119 5143 3322 5199 altaria
3369 5143 3625 5200 diximus
3654 5144 3758 5214 hy-

2064 5233 2409 5302 pocritarum
2466 5232 2772 5303 proposita.
2808 5233 2871 5287 in
2898 5247 3014 5303 quo
3037 5233 3191 5289 enim
3223 5232 3463 5303 quilibet
3505 5232 3755 5300 ipsorum

2058 5320 2184 5376 vult
2243 5321 2532 5388 honorari,
2588 5321 2749 5376 verbi
2800 5320 3003 5391 gratia,
3066 5320 3267 5391 vigilat
3306 5320 3430 5387 iste,
3509 5318 3755 5375 abstinet

2062 5410 2172 5474 ille,
2231 5410 2330 5464 iste
2368 5408 2512 5475 silet,
2576 5410 2631 5463 in
2688 5422 2829 5477 qua,
2880 5409 3143 5479 inquam,
3197 5408 3552 5464 institutione
3604 5406 3754 5463 volet

2059 5497 2302 5568 insignis
2346 5497 2564 5564 haberi,
2594 5497 2763 5567 quasi
2792 5511 2951 5553 aram
2982 5497 3265 5567 proponit,
3306 5510 3481 5565 super
3506 5509 3684 5566 quam
3721 5510 3755 5551 a
