3934 6086
179 221 228 270 ζιί
242 224 289 268 κς

909 220 1370 275 ΤΗΟΡΟΙᾸΚΞΗΕ
1412 221 1473 273 ΙΝ
1515 223 1708 280 ΟῌΕΕ,
1751 222 1870 274 ΑΜ(

2057 222 2249 276 ’1ΕΗ.
2307 251 2362 260 —
2404 221 2530 274 LIB.
2575 221 2646 275 III
2712 221 2778 274 IN
2813 218 3009 275 ()SEE.

3600 226 3692 275 tot”)

175 355 523 412 levitatibus
575 356 871 412 hominum
920 357 1121 412 debeat
1171 358 1451 412 venerari.
1506 359 1636 413 Hzec
1684 359 1888 412 altaria
1926 362 1972 412 Α
2004 373 2140 413 num
2172 358 2364 428 lapsus
2412 359 2483 414 ad
2523 372 2718 414 eorum
2765 366 3100 428 perpetuam
3148 359 3439 414 infamiam
3485 375 3695 430 propa-

173 449 353 514 quasi
396 448 576 499 acervi
609 448 781 500 sulcos
823 449 949 513 agri
993 446 1158 511 ﬁunt,
1191 460 1322 501 cum
1373 447 1461 500 his
1508 446 1723 516 quibus
1754 461 1891 516 prte-

175 535 403 600 dicant,
451 542 506 590 et
549 549 724 604 super
762 549 908 605 quos
948 536 1260 606 magisterii
1302 537 1641 590 auctoritate
1687 535 1890 604 priesi—

176 624 322 678 dere
364 624 712 689 desiderant,
757 626 920 692 quasi
953 625 1125 679 sulcis
1167 625 1292 693 agri
1331 638 1571 679 acervus
1609 624 1883 680 efliciunt.

177 714 452 766 Acervus
483 713 637 767 enim
669 713 714 767 si
753 714 824 768 sit
849 714 906 768 in
936 713 1127 779 sulcis,
1162 727 1461 781 nunquam
1497 727 1592 767 eos
1619 711 1887 780 permittit

177 800 474 870 attingere
531 801 602 855 ad
651 801 900 870 alicujus
950 801 1250 856 utilitatem
1301 801 1502 870 frugis.
1558 802 1618 854 Et
1674 800 1728 853 hi
1787 799 1888 869 qui

177 889 457 944 simulate
499 890 819 958 przesident,
867 890 1005 944 dum
1055 889 1228 945 dubia
1275 889 1538 958 exempla
1578 897 1884 956 ostentant,

176 991 303 1031 non
351 985 466 1033 tam
509 978 805 1034 instruunt
844 978 1130 1048 simplices
1163 993 1425 1048 quosque
1457 991 1632 1047 quam
1671 990 1886 1047 aggra-

177 1072 329 1118 vant

257 1189 432 1243 Vens.
485 1192 566 1241 1:2.
608 1217 680 1228 —
741 1212 761 1237 ι
814 1189 980 1259 Fugit
1027 1188 1200 1241 Jacob
1253 1188 1307 1242 in
1351 1187 1637 1256 regionem
1686 1187 1881 1254 Syria),

180 1299 200 1321 ι
245 1286 302 1331 et.
337 1277 571 1332 servivit
603 1277 777 1332 Israel
805 1277 858 1331 iu
891 1292 1090 1344 uxore,
1115 1285 1168 1330 et
1200 1277 1256 1331 in
1291 1291 1527 1331 uxorem
1557 1275 1824 1329 servavit.
1859 1295 1878 1320 »

171 1366 242 1418 In
277 1370 550 1429 regio-nem
591 1367 765 1432 Syria:
792 1365 951 1419 Jucob
985 1366 1169 1435 fugit,
1206 1381 1335 1419 curn
1383 1365 1618 1432 spiritus
1669 1371 1882 1429 noster,

171 1454 272 1508 cui
329 1454 469 1508 vitia
519 1454 928 1523 supplantandi
979 1454 1232 1509 ofticiuiu
1278 1461 1377 1519 est,
1424 1462 1586 1508 extra
1641 1467 1880 1506 sensua—

175 1543 401 1598 litatem
446 1542 702 1611 corporis
749 1543 805 1596 in
850 1543 1150 1598 sublimem
1201 1543 1460 1596 habitum
1510 1541 1735 1605 mentis,
1778 1541 1879 1609 qui

173 1632 519 1700 temporalia
593 1631 1047 1700 supergreditur,
1113 1633 1284 1698 juxta
1346 1629 1699 1697 Apostoluui,
1766 1629 1876 1682 Deo
1917 1642 1956 1695 Β

170 1719 404 1774 excedit
453 1719 528 1782 (ΙΙ
551 1723 668 1775 Cor.
716 1734 768 1783 v,
807 1721 916 1786 t3).
961 1719 1196 1787 Fugisse
1237 1726 1424 1772 autem
1461 1717 1689 1780 dicitur,
1739 1715 1878 1786 quia

169 1817 228 1862 et
285 1809 471 1862 David
529 1822 563 1861 a
619 1808 826 1863 forensi
893 1809 1135 1876 strepitu
1190 1807 1415 1877 fugiens
1468 1807 1763 1876 elongasse
1820 1819 1877 1859 se

173 1905 426 1951 testatur
453 1898 614 1963 (Psat.
648 1912 757 1961 Liv,
785 1897 858 1964 8).
895 1897 1055 1965 Syria
1085 1896 1232 1950 enim
1253 1897 1500 1949 sublimis
1534 1895 1875 1962 interpreta—

173 1993 292 2040 tur.
352 1985 434 2039 [bi
485 1986 541 2038 in
581 2000 759 2040 uxore
803 1985 997 2048 servit,
1040 1985 1177 2039 dum
1219 1999 1321 2053 pro
1351 1983 1722 2053 subjuganda
1770 1982 1875 2037 sibi

173 2075 411 2142 propria
463 2075 755 2130 voluntate
796 2090 853 2128 sc
884 2074 1110 2128 deserit.
1151 2075 1304 2129 Uxor
1345 2074 1494 2128 cnim
1545 2079 1736 2126 nostra
1768 2087 1872 2126 vo—

168 2163 370 2216 luntas
407 2172 508 2226 est,
556 2162 694 2232 quia
739 2163 964 2218 nullum
1011 2162 1221 2217 bonum
1271 2169 1372 2228 est,
1428 2162 1532 2215 nisi
1582 2162 1730 2230 quod
1780 2175 1874 2214 vo-

168 2251 424 2306 luntarie
467 2251 544 2304 lit.
589 2250 718 2305 Sine
770 2252 875 2307 hac
918 2265 1052 2320 ergo
1099 2251 1330 2319 spiritus
1375 2258 1582 2315 noster,
1636 2249 1736 2317 qui
1786 2249 1872 2302 vir

165 2343 271 2395 est.
327 2338 468 2392 nihil
517 2339 705 2394 eflicit.
754 2339 860 2404 Qui
911 2348 1102 2393 autem
1155 2340 1346 2404 servit,
1395 2338 1628 2391 alterius
1671 2336 1867 2390 ditioni

166 2443 226 2481 sc
279 2427 468 2481 tradit.
524 2428 590 2482 Ut
637 2442 770 2497 ergo
814 2428 957 2481 hanc
1007 2427 1228 2484 haheat.
1279 2425 1572 2480 desideriis
1622 2425 1741 2478 suis
1790 2438 1871 2477 re-

167 2515 425 2570 nuntiat.
471 2516 573 2571 Sed
619 2516 996 2584 quzerendnm
1049 2515 1188 2583 quid
1231 2515 1451 2583 fugiat?
1499 2514 1869 2568 eonformita-

170 2615 284 2660 tem
318 2605 579 2659 videlicet.
605 2619 823 2667 eorum,
871 2619 1118 2673 quorum
1167 2612 1346 2658 coetus
1387 2607 1441 2655 in
1473 2604 1668 2669 Gulgut
1708 2602 1868 2654 bobus

172 2693 452 2756 immolat,
487 2699 539 2746 et
581 2692 678 2760 qui
714 2700 847 2745 sunt
875 2694 937 2745 ut
962 2693 1141 2744 acervi
1177 2708 1338 2758 siqier
1364 2693 1484 2743 illos
1524 2692 1695 2744 sulcos
1723 2691 1866 2756 agri,

169 2781 276 2849 qui
340 2782 516 2848 juxta
571 2780 694 2844 Job,
758 2788 908 2834 terra
961 2780 1238 2834 adversus
1293 2794 1462 2833 suum
1522 2778 1869 2833 reclamante

167 2866 472 2932 cultorem,
523 2867 738 2935 pariter
785 2866 994 2920 deflent
1045 2867 1179 2935 (Job.
1231 2881 1382 2930 xxxi,
1435 2867 1546 2933 38).
1601 2865 1760 2917 Jacob
1810 2867 1867 2916 in

167 2972 339 3008 umore
377 2957 612 3008 servavit
655 2955 808 3009 haud
839 2954 1082 3008 dubium
1131 2955 1270 3023 quin
1307 2969 1439 3007 oves
1479 2954 1688 3018 Laban,
1735 2968 1865 3007 cum

169 3058 271 3112 per
312 3043 758 3098 contubernium
789 3043 950 3097 bona}
981 3057 1100 3097 suae
1135 3041 1351 3111 jugalis
1382 3056 1607 3111 gregem
1646 3041 1868 3095 cohibet

170 3133 276 3200 piae
305 3131 678 3200 engitationis.

239 3247 405 3302 Vens.
447 3250 524 3300 13.
555 3277 622 3284 -
652 3268 675 3294 (ι
719 3246 783 3300 In
814 3245 1082 3314 propheta
1131 3252 1320 3298 autem
1354 3246 1553 3298 eduxit
1593 3245 1867 3301 Dotninus

176 3363 192 3378 -
244 3335 414 3390 Israel
462 3336 529 3388 de
579 3336 822 3404 .Egypto
865 3343 919 3387 ct
973 3334 1026 3388 in
1078 3337 1346 3402 propheta
1389 3343 1650 3388 serva:us
1699 3343 1800 3387 est.
1840 3355 1858 3380 ιι

167 3427 231 3478 In
282 3425 553 3492 propheta
605 3423 669 3476 de
719 3426 950 3490 ίΕυῃριο
1001 3424 1171 3476 Israel
1227 3422 1512 3484 educitur,
1574 3437 1704 3476 cum
1769 3436 1866 3490 per

166 3513 351 3567 futuri
410 3513 614 3581 judicii
671 3511 1086 3580 providentiam
1146 3511 1522 3565 alieetualitas
1584 3519 1777 3564 nostra
1834 3523 1864 3564 e

165 3600 430 3656 saeculari
482 3600 872 3668 prosecutione
914 3599 1246 3654 secluditur.
1290 3600 1406 3654 Nisi
1446 3599 1595 3654 enim
1630 3607 1683 3652 et
1719 3599 1866 3652 bona

164 3699 218 3745 et
259 3689 414 3743 mala
465 3688 767 3756 prudentia
813 3688 1133 3743 Christiana
1167 3688 1526 3756 prospiceret,
1573 3701 1861 3755 nusquam

167 3787 268 3833 aut
315 3792 507 3832 amore
564 3785 665 3831 aut
719 3779 916 3832 timore
973 3777 1295 3831 traheretur
1350 3785 1449 3830 aut
1513 3778 1752 3844 fugeret.
1806 3779 1864 3829 la

167 3868 431 3936 propheta
497 3881 730 3935 quoque
795 3867 1036 3920 eductus
1093 3867 1158 3918 de
1211 3869 1478 3933 zEgg/pto,
1553 3873 1860 3929 servatur,

170 3955 309 4025 quia
383 3955 506 4010 sine
577 3954 672 4008 tali
749 3954 1072 4023 provisione
1144 3963 1447 4024 praesentia
1503 3961 1864 4009 contemnere

174 4044 577 4113 incipientibus
652 4043 1088 4112 perseverantiae
1166 4051 1484 4097 constantia
1565 4057 1675 4095 non
1754 4057 1865 4095 ser-

175 4142 362 4188 vatur.

245 4250 414 4304 Vens.
473 4249 554 4302 li.
611 4277 678 4286 ——
746 4272 761 4294 ο
828 4247 905 4301 Ad
971 4245 1323 4301 iracundiam
1384 4263 1471 4301 me
1535 4247 1863 4315 provocavit

181 4363 197 4385 ο
234 4337 508 4406 Ephraim
557 4337 610 4389 in
643 4336 1128 4390 amaritudinibus
1172 4335 1310 4392 suis.
1359 4344 1410 4388 et
1457 4336 1694 4403 sanguis
1741 4335 1865 4404 ejus

182 4451 198 4474 υ
235 4441 407 4495 super
437 4440 566 4479 eum
606 4425 812 4491 veniet,
855 4434 907 4478 ct
955 4425 1324 4493 opprobrium
1371 4424 1496 4492 ejus
1530 4424 1782 4477 restituet
1815 4423 1866 4476 ei

179 4513 450 4568 Dominus
497 4514 644 4568 Deus
686 4527 846 4566 suus.
884 4534 909 4559 ››
957 4512 1236 4577 Quoniam
1273 4513 1546 4579 Ephraim
1580 4513 1650 4565 ad
1685 4512 1863 4581 hypo-

175 4603 448 4657 critaruin
484 4601 928 4669 signiticantiam
977 4601 1147 4655 semel
1179 4601 1507 4666 eduximus,
1544 4601 1656 4654 voti
1690 4601 1862 4655 nostri

174 4700 255 4745 est
285 4690 550 4760 quandiu
595 4697 786 4744 textus
838 4704 949 4744 non
989 4689 1170 4743 oberit
1201 4690 1537 4743 continuare
1578 4690 1728 4758 quod
1762 4705 1867 4743 cu)-

176 4780 381 4849 pimus.
417 4779 509 4832 Ad
553 4778 894 4831 iracundiam
933 4779 1196 4844 Ephraim
1245 4779 1422 4832 Deum
1467 4781 1523 4831 in
1563 4781 1675 4831 suis
1707 4795 1866 4830 ama-

171 4868 507 4921 ritudinibus
553 4874 838 4934 provocat,
871 4882 1001 4920 cum
1048 4866 1121 4929 hi,
1166 4868 1262 4935 qui
1307 4867 1373 4919 de
1407 4881 1512 4920 sua
1552 4866 1865 4921 fructuosi-

174 4966 282 5012 tate
330 4971 390 5011 se
425 4957 666 5026 jactant,
702 4970 802 5024 per
832 4955 1117 5010 interioris
1165 4969 1294 5009 eum
1339 4956 1608 5024 nequitize
1656 4955 1862 5009 amari-

175 5047 423 5100 cationes
458 5043 700 5098 irritant.
737 5045 972 5110 Sanguis
1003 5043 1117 5112 ejus
1159 5060 1316 5111 super
1358 5060 1474 5097 eum
1520 5044 1689 5110 venit,
1733 5059 1863 5099 cum

177 5142 536 5204 peccatorum
578 5133 855 5187 diuturna
898 5131 1199 5187 occultatio
1245 5146 1340 5185 eos
1387 5132 1868 5202 supergrcdiendo

177 5222 382 5277 obruit.
450 5222 777 5286 Sanguinem
845 5235 944 5288 pro
1002 5226 1216 5288 peccato
1275 5221 1404 5289 poni
1465 5222 1632 5275 etiam
1695 5221 1867 5290 vulgo

179 5310 392 5365 celebre
443 5316 545 5364 est.
584 5310 949 5377 Opprobm’um
1003 5311 1052 5362 ei
1107 5313 1361 5363 Dominus
1418 5309 1683 5376 restituit,
1737 5325 1866 5364 eum

181 5416 260 5458 ea.
319 5414 452 5467 quze
515 5400 583 5452 ad
647 5399 740 5452 Dei
800 5398 1295 5465 exprobrationem
1361 5397 1740 5450 indesinenter
1797 5399 1869 5450 ab

180 5490 255 5542 eis
293 5487 753 5554 committuntur,
804 5502 902 5556 per
941 5487 1324 5556 apertissimos
1369 5489 1622 5555 turpem
1673 5485 1870 5540 crimi-

1999 447 2214 503 lantur.

2638 536 2868 591 CAPUT
2909 537 3060 590 XIII.

2069 625 2238 681 Vens.
2276 629 2323 679 l.
2358 657 2424 664 —
2473 647 2492 672 ι
2555 626 2842 694 Loquente
2902 625 3175 694 Ephraim
3228 625 3430 681 horror
3486 627 3692 683 invasit

2003 735 2024 761 ι
2079 714 2273 780 Israel,
2333 723 2387 770 et
2445 715 2684 783 deliquit
2748 714 2805 768 in
2867 713 2996 767 Baal
3057 722 3109 768 et
3170 722 3431 770 mortuus
3499 725 3602 771 est.
3667 740 3684 763 ν

1997 805 2264 871 Ephraim
2313 803 2574 872 loquitur
2615 807 2670 856 et
2717 804 2883 856 Israel
2918 803 3120 857 horror
3148 803 3388 870 invadit,
3423 819 3554 858 cum
3587 806 3689 874 hy-

1996 893 2346 961 pocritarum
2399 891 2741 960 plerumque
2790 891 2843 944 in
2898 890 3206 960 Scripturze
3255 907 3430 947 sacrae
3481 893 3687 949 disser-

1995 980 2246 1035 tiouibus
2292 980 2518 1049 eloquio
2564 981 2877 1046 intonante,
2926 987 2976 1033 et
3011 980 3382 1034 subtilissima
3408 981 3475 1036 de
3507 983 3688 1036 mori-

1994 1069 2102 1123 bus
2133 1070 2478 1138 disputante,
2522 1083 2634 1134 eos,
2686 1068 2782 1136 qui
2831 1083 2961 1122 cum
3014 1069 3124 1122 Deo
3168 1069 3338 1138 dirigi
3387 1077 3683 1139 appetunt,

1993 1172 2240 1226 magnus
2302 1158 2408 1211 sub
2463 1171 2662 1210 eorum
2723 1155 3118 1223 praedicatione
3169 1164 3348 1212 terror
3403 1159 3683 1225 concutit;

1993 1260 2107 1313 quo
2165 1245 2316 1298 enim
2378 1244 2550 1312 vulgo
2611 1244 3050 1297 miserabiliores
3109 1244 3287 1299 videri
3341 1245 3683 1310 desiderant,

1991 1345 2055 1386 eo
2098 1331 2556 1385 disertitudinem
2603 1346 2766 1385 suam
2812 1339 3161 1385 ostentantes
3192 1334 3258 1386 de
3291 1333 3687 1388 subtilioribus

1992 1426 2256 1473 tractant.
2308 1419 2409 1473 Sed
2449 1419 2594 1473 inter
2631 1420 2748 1473 lucc
2797 1422 2849 1472 in
2882 1422 3016 1472 Βαιιί
3047 1421 3346 1490 delinquit,
3380 1437 3508 1476 cum
3541 1423 3683 1477 nihil

1988 1521 2186 1562 eorum
2238 1522 2369 1576 quae
2421 1507 2680 1577 loquitur
2729 1508 2902 1562 menti
2959 1523 3078 1564 sua:
3127 1511 3456 1574 admovens,
3506 1511 3685 1566 instar

1987 1595 2280 1651 simulacri
2315 1596 2590 1651 miraculo
2636 1597 2941 1660 duntaxat,
2985 1598 3342 1652 audientium
3389 1599 3685 1653 Dominica

1990 1685 2168 1739 verba
2213 1685 2526 1754 prostituit.
2595 1686 2662 1740 Et
2712 1685 2973 1751 moritur,
3032 1686 3170 1754 quia
3227 1686 3524 1740 immemor
3583 1687 3683 1741 co-

1987 1787 2118 1828 rum
2165 1789 2293 1842 qua)
2338 1774 2547 1828 dixerit
2597 1775 2651 1828 in
2700 1773 3149 1829 insensibilitatis
3203 1781 3491 1843 stuperent
3541 1788 3682 1828 con—

1985 1863 2252 1918 vertitur.

2056 1952 2237 2006 VEns.
2267 1955 2318 2004 2.
2353 1983 2420 1990 —
2461 1974 2479 1997 ι
2515 1951 2584 2006 Et
2616 1966 2770 2005 nunc
2801 1950 3146 2006 addiderunt
3187 1952 3254 2006 ad
3293 1952 3678 2020 peccandum;

1991 2059 2010 2085 ι
2047 2037 2422 2108 feceruntque
2472 2039 2578 2092 sibi
2610 2038 2893 2093 contlatile
2939 2040 3006 2093 de
3051 2047 3286 2109 argento
3337 2055 3460 2105 suo,
3515 2041 3680 2108 quasi

1989 2147 2010 2174 ι
2045 2127 2476 2181 similitudinem
2533 2127 2833 2188 idolorum,
2885 2127 3108 2181 factura
3155 2127 3442 2182 artificum
3497 2135 3676 2182 totum

1983 2235 2010 2266 »
2043 2224 2141 2270 est.
2181 2239 2200 2262 ι
2260 2217 2337 2268 Et
2367 2231 2525 2280 nunc,
2564 2215 2613 2269 id
2657 2223 2739 2269 est
2773 2216 2826 2268 in
2860 2216 2968 2270 hoc
3001 2216 3118 2284 ipso
3163 2216 3506 2284 praedicandi
3545 2231 3678 2282 pro—

1981 2303 2189 2374 posito;
2245 2305 2318 2356 ad
2357 2304 2684 2372 peccandum
2721 2304 2958 2369 addunt,
3011 2319 3141 2358 cum
3191 2304 3297 2359 sibi
3347 2320 3478 2372 qua:
3530 2304 3678 2358 bona

1980 2394 2252 2448 dixerunt
2314 2394 2658 2447 ascribentes
2729 2393 2965 2446 verbum
3026 2393 3120 2446 Dei
3173 2392 3498 2447 adulterare
3563 2406 3674 2445 non

1983 2482 2272 2536 desinunt.
2311 2483 2426 2536 Etsi
2478 2482 2628 2535 enim
2671 2495 2741 2535 ex
2777 2482 2888 2534 Deo
2942 2496 3054 2535 non
3097 2489 3283 2535 tamen
3337 2495 3527 2535 coram
3562 2482 3675 2534 Deo

1979 2570 2212 2637 dicunt;
2257 2570 2322 2622 de
2375 2574 2598 2636 argento
2649 2584 2744 2622 suo
2793 2569 2898 2622 sibi
2942 2571 3208 2636 con/lutile
3250 2569 3487 2634 faciunt,
3541 2584 3671 2623 cum

1979 2657 2046 2711 dc
2111 2658 2438 2726 eloquentia
2492 2672 2597 2712 sua
2662 2657 2836 2725 inepti
2894 2657 2998 2711 sibi
3074 2657 3231 2726 vulgi
3291 2658 3670 2726 frequentiam

1978 2748 2228 2802 conflare
2251 2748 2488 2801 contend
2502 2755 2623 2801 unt.
2646 2749 2946 2814 Argentum
2972 2761 3073 2816 pro
3093 2748 3396 2815 eloquentia
3417 2747 3668 2816 ponitur,

1977 2841 2040 2888 ut
2072 2843 2152 2890 est
2189 2851 2198 2888 :
2253 2859 2271 2883 ι
2305 2835 2550 2904 Eloquia
2588 2836 2813 2890 Domini
2845 2843 3145 2903 argentum
3203 2836 3334 2904 igne
3374 2836 3670 2889 examina-

1908 2939 1946 2992 (ς
1978 2929 2098 2976 tum
2149 2924 2315 2993 (Psal.
2356 2939 2428 2986 xI,
2473 2925 2543 2992 7).
2587 2947 2604 2970 ιι
2667 2925 2780 2978 Hoc
2813 2924 3100 2978 contiatile
3148 2923 3310 2992 quasi
3359 2923 3671 2978 similitudo

1978 3010 2261 3065 idolorum
2283 3021 2384 3076 est,
2411 3012 2548 3081 quia
2575 3021 2687 3067 tota
2718 3013 2811 3066 illa
2835 3012 2962 3066 vilis
2985 3011 3293 3081 plebeculze
3307 3012 3670 3081 coaggeratio

1977 3113 2078 3167 pro
2119 3100 2234 3154 solo
2269 3101 2537 3169 ligmento
2568 3115 2686 3155 suae
2718 3101 3111 3155 ostentationis
3147 3107 3257 3167 est;
3299 3109 3352 3154 et
3384 3109 3666 3168 quantum

1975 3188 2046 3242 ad
2078 3196 2368 3243 auctorem
2407 3191 2668 3258 pertinet,
2700 3190 2963 3258 quendam
2994 3190 3061 3243 de
3097 3189 3193 3243 Dei
3228 3190 3286 3242 in
3311 3188 3519 3243 diaboli
3553 3189 3670 3243 cul-

1976 3284 2094 3331 tum
2132 3277 2405 3346 sacrilega
2440 3277 2733 3332 translatio
2757 3286 2856 3332 est.
2894 3279 3136 3332 Factura
3170 3277 3454 3331 artificum
3490 3285 3668 3331 totum

1973 3373 2076 3430 est,
2106 3367 2540 3435 quiaquidquid
2567 3367 2820 3421 exterius
2841 3373 3174 3434 operantur,
3200 3373 3379 3420 totum
3403 3366 3524 3420 sine
3554 3366 3668 3419 ulla

1972 3453 2228 3508 veritatis
2253 3455 2571 3508 constantia
2589 3456 2834 3522 quodam
2865 3454 3203 3508 lineatncnto
3228 3454 3429 3509 fucata:
3451 3469 3668 3522 compo-

1974 3543 2196 3597 sitionis
2241 3552 2492 3611 aptatur.
2553 3567 2570 3590 ε
2611 3545 2706 3596 His
2737 3543 2841 3610 ipsi
2875 3544 3073 3597 dicunt
3103 3558 3113 3594 :
3151 3541 3444 3597 Immolate
3476 3542 3665 3596 homi—

1979 3651 1998 3676 ι
2037 3645 2134 3684 nes
2183 3630 2390 3685 vitulos
2439 3631 2758 3685 adorantes.
2802 3652 2819 3676 ι)
2878 3631 3035 3696 Quod
3087 3637 3264 3684 totum
3315 3639 3397 3684 est
3428 3631 3660 3684 dicere:

1972 3718 2117 3782 Quid
2174 3718 2309 3772 tales
2352 3724 2500 3772 219
2547 3719 2761 3772 faciunt
2817 3718 2923 3782 his,
2972 3732 3116 3787 quas
3157 3717 3427 3772 exhibere
3472 3718 3666 3772 viden-

1974 3814 2070 3861 tur
2103 3806 2452 3877 imaginibus
2490 3806 2824 3871 sanctitatis,
2869 3806 2976 3860 nisi
3012 3807 3165 3875 quod
3195 3821 3363 3875 opere
3391 3806 3663 3871 clamant,

1973 3904 2262 3964 quatenus
2313 3895 2523 3951 vitulos
2568 3897 2823 3959 adorent,
2882 3904 2935 3950 ct
2986 3895 3037 3950 id
3086 3895 3272 3963 ipsum
3328 3896 3482 3964 quod
3531 3905 3665 3949 sunt

1974 3984 2232 4038 homines
2265 3983 2343 4037 eis
2391 3984 2715 4039 immolent?
2775 3986 2982 4038 Vitulos
3027 3984 3225 4038 adorat
3259 3983 3525 4052 quisquis
3567 3998 3664 4050 pe-

1976 4071 2231 4126 tulantite
2265 4073 2574 4126 mundanae
2605 4087 2662 4127 se
2693 4072 2989 4142 subjugat.
3026 4073 3092 4126 Et
3122 4081 3330 4126 natura
3357 4079 3545 4126 tamen
3586 4076 3666 4125 est

1974 4161 2140 4214 vituli
2180 4175 2300 4214 esse
2334 4174 2431 4228 pro
2464 4161 2714 4230 ingenita
2750 4161 3084 4215 lentitudine
3131 4161 3529 4229 ponderosum,
3572 4161 3663 4214 sed

1976 4263 2076 4317 pro
2107 4257 2270 4303 aetate
2316 4250 2610 4303 lascivum.
2646 4249 2803 4314 Quod
2851 4250 2906 4303 in
2954 4249 3264 4318 hypocritis
3309 4257 3476 4318 patet,
3529 4265 3667 4318 quo-

1976 4352 2103 4391 rum
2138 4338 2440 4392 maturitas
2491 4338 2547 4391 in
2597 4338 2934 4392 habitudine
2969 4339 3144 4404 floret,
3188 4339 3282 4392 sed
3317 4339 3535 4392 hireina
3580 4338 3662 4392 iu-

1974 4431 2256 4485 trinsecus
2301 4431 2614 4498 petulantia
2661 4431 2808 4485 fetet.
2862 4431 2926 4484 lli
2961 4446 3095 4500 ergo
3133 4431 3296 4484 vituli
3327 4431 3661 4495 adorantur,

1973 4521 2060 4574 vel
2119 4519 2345 4574 adorari
2408 4519 2505 4574 tali
2553 4521 2813 4588 exemplo
2862 4528 3181 4583 mouentur,
3225 4520 3366 4573 'cum
3414 4519 3540 4574 talis
3572 4533 3664 4573 co-

1975 4622 2104 4662 rum
2147 4618 2330 4663 status
2357 4623 2466 4680 pro
2501 4609 2680 4679 gloria
2714 4608 2960 4662 nominis
2991 4616 3264 4676 tauquam
3315 4607 3661 4662 venerationi

1975 4697 2275 4751 habendus
2325 4699 2778 4752 connnendatur.
2828 4696 2987 4753 Unde
3030 4697 3109 4750 eis
3157 4697 3410 4750 homines
3457 4696 3663 4749 immo-

1974 4785 2114 4850 lant,
2151 4801 2279 4839 cum
2329 4785 2764 4838 rationalitatem
2802 4798 2963 4838 suam
2997 4785 3102 4837 sub
3139 4792 3297 4838 tanta
3332 4783 3664 4838 bestialitate

1975 4870 2285 4926 trucidant.

2047 4958 2218 5012 Vens.
2252 4962 2301 5011 3.
2336 4990 2401 4996 ——
2432 4979 2453 5005 ε
2499 4958 2712 5012 idcirco
2743 4965 2910 5012 erunt
2944 4956 3110 5025 quasi
3140 4957 3322 5010 nubes
3362 4959 3662 5022 matutina,

1983 5069 2001 5093 ι
2059 5055 2112 5101 et
2155 5047 2320 5116 quasi
2370 5062 2461 5101 ros
2503 5046 2821 5100 matitunus
2873 5045 3274 5113 pertransiens.
3316 5067 3334 5092 ι
3391 5045 3534 5109 Quia
3568 5047 3662 5110 ita,

1978 5131 2185 5200 inquit,
2229 5132 2298 5185 ad
2349 5131 2594 5184 aliorum
2640 5131 2941 5198 perniciem
2979 5128 3364 5198 przrdicabilcs
3406 5129 3526 5183 fieri
3565 5145 3668 5199 ap-

1981 5228 2200 5290 petunt,
2266 5223 2424 5287 quasi
2472 5219 2634 5272 nubes
2688 5222 2954 5271 matutino
2995 5233 3063 5270 ex
3116 5220 3313 5271 merito
3363 5233 3466 5271 suo
3511 5218 3664 5280 fient,

1982 5310 2118 5379 quia
2153 5310 2354 5364 insulae
2397 5323 2595 5362 eorum
2628 5307 2827 5361 laudes
2855 5321 2984 5360 cum
3031 5306 3415 5373 perfunctoria
3445 5321 3665 5374 ponqia,

1983 5399 2094 5452 Deo
2141 5413 2336 5450 corum
2392 5395 2677 5464 nequitias
2731 5403 3031 5464 retegente,
3091 5395 3144 5448 in
3204 5404 3486 5448 tnomcuto
3533 5395 3667 5449 dcti-

1981 5487 2148 5540 eient.
2196 5484 2390 5539 Nubes
2435 5483 2587 5537 enim
2635 5484 2916 5538 matutina
2967 5496 3178 5537 aurora
3221 5496 3427 5536 cursus
3474 5496 3669 5550 prove-
