3934 6086
253 180 359 235 407

1143 178 1185 232 ν
1260 177 1595 234 ϐυῐΒΕΒΤΙ
1635 176 1927 232 ABBATIS
1965 177 2022 233 S.
2066 177 2305 232 ΜΑΒΙᾹΞ
2343 178 2435 233 DE
2476 176 2863 235 NOVIGENTO

3643 179 3763 235 408

254 311 429 367 hente
456 324 578 367 esse
624 323 761 366 mox
793 308 1018 366 desinit.
1054 309 1166 364 Bos
1202 308 1394 364 itidem
1428 308 1544 364 sole
1574 307 1949 365 incalescente
1984 310 2031 362 A
2060 307 2328 378 voluptas
2351 308 2528 363 menti
2548 308 2871 364 luxurianti
2891 306 3232 377 innascitur,
3254 310 3563 367 crudelitas
3577 311 3769 368 etiam

254 400 548 470 disparere
585 397 902 454 consuevit.
954 397 1116 464 Quod
1164 397 1515 466 expositione
1563 412 1678 452 non
1713 397 1946 469 indiget,

256 488 397 558 quia
448 487 504 541 in
549 485 682 555 ipsis
728 484 1161 555 hypocritarum
1205 485 1507 540 eventibus
1559 500 1700 554 pene
1742 485 1952 540 indesi-

256 582 458 631 nenter
482 574 685 630 elucet.
725 595 746 622 ι
783 572 942 629 Sicut
970 573 1160 642 pulvis
1194 573 1422 629 turbine
1452 582 1652 643 raptus
1678 587 1751 629 ex
1795 586 1949 641 area,

257 685 285 713 »
319 671 373 720 et
413 663 560 718 sicut
587 662 798 733 {fumus
841 661 909 716 de
951 660 1218 717 fumat-io.
1252 683 1273 710 ι
1323 662 1471 717 Area
1520 668 1713 716 nostra
1755 666 1954 715 sancta

258 752 513 808 Ecclesia
564 759 668 816 est,
719 750 807 806 vel
838 750 1148 820 cujuslibet
1194 750 1642 806 conversationis
1688 748 1954 819 religiosa

259 840 547 910 professio.
603 843 689 895 Ea:
728 839 836 894 hac
870 856 999 894 area
1035 842 1223 909 puluis
1272 842 1486 893 turbine
1531 839 1774 907 rapitur,
1819 852 1950 893 cum

258 929 539 984 mentium
587 927 928 983 instabilitas
972 928 1043 982 ad
1081 927 1305 983 illicitos
1343 936 1524 991 actus,
1569 926 1781 982 diaboli
1812 926 1954 980 ﬂatu

256 1023 402 1083 acta,
436 1030 470 1071 a
512 1016 800 1086 proposito
844 1016 1185 1072 dimovetur.
1220 1017 1373 1072 Sicut
1399 1030 1631 1086 quoque
1673 1018 1859 1081 fumus
1890 1014 1956 1068 de

254 1107 499 1173 fumaria
541 1112 697 1171 sunt,
743 1105 902 1174 quia,
955 1118 1088 1160 cum
1136 1118 1235 1174 per
1286 1105 1508 1159 favores
1545 1103 1660 1158 alta
1690 1102 1956 1172 petierint

256 1202 486 1262 repente
521 1193 874 1262 dispereunt.
919 1193 1072 1248 Sicut
1110 1207 1343 1263 quoque
1366 1193 1547 1262 fumus
1581 1191 1951 1258 intuentium,

259 1282 375 1337 imo
420 1282 939 1345 circumstantium,
986 1281 1182 1337 oculos
1214 1289 1495 1352 aggravat
1519 1289 1573 1337 et
1604 1280 1951 1351 perstringit,

258 1370 338 1426 ita
368 1385 482 1425 non
517 1370 683 1426 modo
731 1370 1099 1439 simplicium,
1148 1371 1243 1425 sed
1286 1377 1341 1426 et
1380 1378 1721 1440 argutorum
1753 1369 1958 1425 intelli-

263 1459 485 1530 gentias
534 1458 805 1514 simulata
847 1458 1152 1528 aliquoties
1178 1460 1367 1514 virtus
1412 1459 1665 1515 obducit.
1709 1459 1809 1514 His
1849 1457 1956 1514 rite

258 1547 564 1617 hypocrita:
610 1554 1041 1616 comparantur,
1093 1546 1195 1617 qui
1240 1545 1499 1616 lapsibus
1535 1545 1845 1617 inopinatis
1877 1545 1949 1602 ad

258 1636 514 1691 subitum
546 1648 579 1689 a
608 1649 713 1691 suo
740 1643 963 1690 tumore
992 1634 1291 1689 reflantur.

330 1725 501 1780 Vens.
533 1725 586 1777 4.
615 1753 683 1762 —
720 1744 740 1770 ι
791 1724 911 1793 Ego
942 1731 1136 1778 autem
1166 1722 1446 1779 Dominus
1491 1723 1645 1778 Deus
1682 1729 1820 1779 tuus
1848 1723 1951 1793 qui

262 1834 281 1859 ι
316 1811 495 1867 eduxi
549 1819 599 1867 te
652 1811 720 1865 de
774 1819 931 1865 terra
971 1811 1221 1880 Egypti,
1269 1819 1323 1866 et
1372 1811 1549 1865 Deum
1598 1810 1817 1880 absque
1862 1825 1950 1866 me

265 1923 284 1948 ι
321 1900 555 1967 nescies,
614 1908 671 1955 et
723 1899 974 1953 salvator
1032 1913 1146 1953 non
1202 1906 1286 1954 est
1339 1906 1547 1969 praeter
1604 1913 1709 1954 me.
1752 1922 1771 1947 η
1807 1899 1952 1955 Sunt

257 1988 425 2044 multi
459 1988 562 2058 qui
596 1987 744 2042 bona
771 2002 841 2042 ex
874 1986 1114 2042 veritate
1145 1993 1495 2056 proponunt,
1526 1994 1579 2042 et
1609 1986 1952 2057 aliquandiu

258 2078 317 2131 in
360 2077 471 2132 hoc
517 2076 641 2147 ipso
686 2076 1017 2146 persistunt,
1061 2083 1119 2130 at
1166 2091 1299 2131 cum
1329 2076 1552 2131 laudari
1594 2091 1653 2132 se
1682 2077 1949 2140 audiunt,

258 2166 331 2221 ad
379 2165 696 2235 appetitum
747 2164 943 2235 glorise
990 2173 1213 2220 mutata
1257 2165 1569 2221 intentione
1611 2180 1670 2220 se
1718 2166 1954 2221 transfe-

258 2260 417 2311 runt.
459 2254 560 2309 Est
587 2268 721 2324 ergo
765 2266 832 2308 ac
861 2254 908 2308 si
941 2253 1029 2308 his
1070 2253 1325 2309 diceret:
1374 2253 1697 2310 Meminisse
1740 2254 1952 2311 debue-

259 2342 423 2408 ratis,
472 2341 630 2413 quod
684 2357 783 2397 vos
838 2341 973 2397 olim
1038 2342 1108 2397 de
1156 2341 1522 2397 tenebrarum
1573 2349 1846 2412 potestate
1896 2344 1954 2399 in

258 2445 503 2503 regnum
554 2430 871 2486 dilectionis
924 2445 1063 2485 meae
1108 2430 1504 2486 transtulerim
1563 2432 1698 2500 (Coi.
1746 2445 1782 2499 ι,
1840 2434 1952 2500 13),

259 2533 350 2574 me
380 2517 550 2574 semel
601 2519 828 2589 cognito
880 2520 1066 2573 omnis
1114 2518 1267 2573 Deus
1316 2532 1513 2574 recens
1558 2532 1592 2574 a
1640 2519 1805 2574 vobis
1851 2519 1956 2575 de-

263 2608 465 2663 bucrat
509 2605 762 2674 excludi,
813 2612 868 2662 et
916 2605 1073 2661 salus
1121 2612 1333 2671 vestra,
1367 2620 1545 2675 quam
1586 2608 1956 2677 providentiae

259 2704 464 2752 vestrae
493 2694 802 2764 studioque
830 2693 1134 2760 ascribitis,
1164 2694 1301 2749 mihi
1337 2694 1694 2764 potissimum
1725 2696 1956 2753 debuis-

260 2793 341 2839 set
389 2782 619 2847 ascribi,
661 2783 802 2850 quia
849 2783 894 2835 si
947 2781 1134 2837 velitis
1180 2781 1391 2837 salvari
1434 2796 1522 2838 me
1556 2785 1953 2852 przetermisso,

260 2869 551 2926 fallimini.
600 2870 831 2939 Absque
872 2870 985 2924 Deo
1029 2869 1133 2926 scit
1177 2871 1379 2938 Deum,
1429 2872 1524 2927 cui
1560 2873 1744 2943 magis
1778 2888 1955 2944 quam

262 2961 412 3016 Deus
435 2961 540 3016 coli
569 2960 790 3031 adjacet
820 2958 1047 3015 vitium.

334 3050 503 3105 Vnus.
553 3052 605 3115 5,
656 3049 708 3102 6.
742 3077 814 3089 -
857 3070 877 3095 ι
930 3048 1052 3118 Ego
1098 3047 1342 3118 cognovi
1395 3055 1448 3103 te
1490 3048 1546 3103 in
1596 3049 1837 3114 deserto,
1894 3048 1954 3103 in

264 3159 293 3190 »
329 3146 483 3194 terra
514 3135 858 3192 solitudinis.
905 3137 1078 3192 Juxta
1126 3150 1341 3206 pascua
1385 3151 1511 3204 sua,
1560 3146 1615 3193 et
1663 3136 1956 3207 adimpleti

266 3249 288 3276 ι
324 3233 479 3292 sunt,
533 3232 598 3281 'et
647 3223 911 3292 saturati,
961 3232 1021 3283 et
1084 3223 1459 3280 elevaverunt
1504 3240 1602 3282 cor
1648 3241 1842 3293 suum,
1900 3232 1957 3280 et

266 3336 290 3365 ι
325 3313 480 3371 obliti
512 3321 650 3369 sunt
688 3315 815 3367 mei.
854 3334 874 3361 ι
910 3315 973 3367 In
1002 3311 1208 3367 deserto
1253 3326 1347 3368 eos
1376 3313 1658 3383 cognovit,
1692 3312 1957 3383 quandiu

265 3403 526 3460 videlicet
590 3400 925 3457 saecularem
979 3414 1214 3456 exosam
1270 3401 1523 3457 habuere
1574 3401 1954 3471 frequentiam

261 3508 359 3550 eos
407 3489 769 3561 approbavit.
825 3491 989 3544 Nosse
1037 3488 1190 3544 enim
1250 3489 1349 3544 Dei
1406 3490 1711 3558 approbare
1750 3499 1853 3545 est.
1898 3492 1956 3544 ιη

265 3587 413 3637 terra
475 3578 790 3635 solitudinis
844 3576 1210 3648 cognoscitur
1273 3577 1540 3647 quisquis
1587 3577 1956 3634 instabilitate

263 3664 471 3721 mentis
527 3678 722 3720 secum
780 3663 1092 3720 habitantis
1146 3664 1320 3735 (terra
1365 3665 1518 3720 enim
1573 3665 1627 3721 in
1677 3673 1955 3723 aeternum

264 3756 391 3822 stat)
421 3752 636 3824 {(Eccle.
671 3770 709 3821 ι,
735 3754 788 3821 4)
838 3766 872 3808 a
920 3753 1035 3807 Deo
1083 3760 1380 3823 gratanter
1430 3761 1778 3823 acceptatur.
1839 3755 1958 3810 No-

264 3841 504 3898 tandum
554 3841 710 3911 quod
753 3841 823 3896 de
869 3840 1123 3896 secunda
1172 3856 1431 3910 persona,
1484 3844 1626 3897 mori
1657 3843 1953 3910 Hebraico,

266 3930 339 3985 ad
389 3929 615 3986 tertiam
662 3943 964 3999 personam
1010 3929 1232 3985 transit.
1265 3931 1451 3984 Juxta
1487 3947 1695 4000 pascua
1731 3947 1833 3985 sua
1860 3946 1954 3987 co-

264 4022 626 4095 gnoscuntur
674 4016 775 4085 qui
825 4015 883 4070 in
915 4015 1127 4073 divinae
1168 4016 1422 4073 lectionis
1464 4018 1671 4087 pabulo
1721 4018 1959 4074 fideliter

266 4118 333 4159 ac
384 4103 679 4160 humiliter
723 4103 1097 4160 obiectantur.
1149 4105 1222 4160 At
1270 4119 1404 4160 vero
1447 4105 1778 4175 implentur,
1825 4122 1956 4162 cum

2056 393 2470 466 indignationis
2515 409 2687 464 penes
2725 395 2868 451 alios
2894 403 2948 451 et
2977 395 3208 453 invidiae
3238 407 3566 468 generatur.
3599 400 3774 456 Deus

2056 496 2196 553 ergo
2225 484 2331 538 hoc
2358 483 2440 539 eis
2459 490 2664 551 exstat,
2698 484 2867 555 cujus
2887 483 3206 541 efﬁcientia:
3232 500 3467 542 causam
3498 495 3770 556 praestat,

2059 571 2212 626 unde
2242 571 2515 640 psalmus,
2548 570 2676 627 c‘um
2718 587 2980 641 git-rverso
3013 575 3455 643 pervcrtendum
3488 590 3623 632 eum
3651 576 3779 632 cla-

2060 667 2178 714 mat
2236 659 2399 730 (Psai.
2435 675 2593 727 xvm,
2627 662 2739 729 26).
2798 665 2992 716 LMP-[13.
3027 663 3179 718 enim
3226 663 3454 719 crudele
3481 670 3536 720 et
3583 671 3775 734 petu—

2060 746 2178 802 lum
2236 757 2319 803 est
2373 749 2605 804 animal.
2659 752 2720 804 In
2778 752 2872 804 via
2920 764 3154 821 quoque
3198 752 3554 822 Assyriorum
3596 753 3783 822 quasi

2057 835 2268 904 pardus
2316 845 2400 892 est
2426 841 2523 904 eis,
2570 853 2704 894 cum
2752 838 2867 894 lata
2896 847 2950 894 et
2996 840 3247 909 spatiosa
3299 840 3652 896 sectantibus
3687 840 3777 895 ob

2061 924 2392 981 morborum
2441 941 2678 982 suorum
2724 926 3080 994 varietatem,
3127 928 3345 998 quibus
3375 928 3503 985 aliis
3532 928 3779 999 placere

2062 1015 2333 1083 gestiunt,
2386 1029 2581 1084 pugnas
2627 1015 2899 1085 permittit
2948 1015 3104 1072 luere
3143 1017 3458 1072 subitaneze
3492 1015 3778 1086 prmcipi-

2062 1102 2311 1157 tationis.
2354 1103 2577 1158 Pardus
2614 1104 2766 1159 enim
2806 1111 2861 1160 et
2890 1104 3118 1160 varium
3153 1113 3207 1160 et
3239 1119 3312 1161 ex
3357 1104 3534 1160 nimio
3581 1118 3776 1160 cursu

2062 1191 2124 1246 in
2153 1200 2401 1246 mortem
2419 1206 2670 1262 przeceps
2701 1192 2913 1248 animal
2944 1200 3049 1248 est.

2132 1279 2304 1335 Vsus.
2335 1278 2389 1334 8.
2417 1308 2491 1320 —
2527 1302 2546 1328 σ
2585 1279 2898 1336 Occurram
2927 1281 3008 1336 eis
3034 1281 3201 1351 quasi
3231 1295 3368 1337 ursa
3397 1281 3577 1351 raptis
3604 1288 3778 1336 catu—

2068 1390 2089 1416 »
2125 1366 2212 1423 lis.
2244 1389 2265 1417 ι
2322 1368 2490 1434 Quasi
2529 1384 2662 1423 ursa
2715 1372 2894 1438 raptis
2941 1372 3139 1424 catulis
3182 1373 3258 1424 eis
3306 1371 3456 1426 Deus
3513 1369 3778 1426 occurrit

2063 1471 2196 1512 cum
2227 1457 2609 1513 insecutiones
2641 1465 2816 1527 atque
2848 1458 3136 1514 molestias
3167 1460 3237 1515 ab
3269 1459 3356 1515 his
3387 1458 3489 1529 qui
3517 1473 3612 1515 eos
3642 1459 3779 1515 lau-

2063 1545 2200 1601 dare
2243 1545 2519 1613 solebant,
2564 1554 2619 1601 et
2647 1546 2816 1603 etiam
2862 1547 2951 1603 sui
2995 1550 3178 1617 operis
3217 1547 3621 1618 vilipensiones
3648 1547 3775 1602 im-

2058 1634 2250 1691 mittit.
2285 1636 2427 1692 Ursa
2469 1635 2622 1690 enim
2654 1636 2834 1706 raptis
2868 1635 3078 1692 fetibus
3108 1635 3349 1692 ferocior
3371 1644 3474 1705 est,
3520 1644 3575 1693 et
3614 1636 3773 1692 nihil

2058 1731 2141 1779 est
2184 1724 2339 1793 quod
2384 1724 2569 1794 magis
2614 1738 2815 1780 eorum
2846 1732 3096 1780 mentem
3141 1725 3351 1781 obruat
3382 1739 3559 1796 quam
3602 1726 3768 1796 quod

2060 1813 2193 1883 quis
2221 1828 2317 1868 eos
2348 1814 2419 1869 ab
2453 1828 2691 1883 operum
2727 1828 2965 1869 suorum
3001 1814 3168 1870 laude
3194 1815 3401 1883 privat.
3439 1815 3611 1880 Quasi
3629 1829 3776 1868 ursa

2059 1915 2200 1971 ergo
2233 1915 2536 1957 occurrere
2580 1901 2812 1968 dicitur,
2853 1916 2985 1957 cum
3013 1902 3093 1956 eis
3126 1901 3411 1972 judicium
3443 1899 3773 1956 secundum

2060 1989 2515 2045 convenientiam
2549 1997 2774 2046 naturae
2800 1989 3052 2046 bestialis
3076 1990 3355 2046 exeritur.
3387 2012 3409 2038 ι
3434 1990 3504 2044 Et
3533 1987 3773 2043 dirum—

2064 2098 2086 2125 ι
2125 2091 2255 2147 pam
2293 2077 2564 2133 interiora
2597 2077 2804 2147 jecoris
2829 2092 3028 2133 eorum
3071 2092 3085 2131 :
3116 2085 3170 2132 et
3199 2091 3536 2133 consumam
3562 2090 3659 2132 eos
3686 2075 3771 2131 ibi

2063 2188 2090 2218 »
2127 2168 2295 2236 quasi
2344 2166 2448 2233 leo,
2491 2167 2685 2238 bestia
2730 2167 2854 2237 agri
2911 2167 3128 2223 scindet
3172 2181 3287 2222 eos.
3342 2187 3363 2213 ι
3431 2165 3771 2222 Secundum

2061 2255 2326 2326 physicos
2378 2256 2565 2326 jecore
2613 2269 2895 2311 amamus.
2952 2257 3103 2311 Deus
3151 2269 3291 2326 ergo
3331 2255 3533 2323 jecoris
3579 2270 3772 2308 eorum

2060 2346 2324 2399 interiora
2369 2344 2692 2413 disrumpit,
2737 2359 2870 2400 cum
2913 2343 3118 2399 occulti
3167 2343 3379 2399 amoris
3418 2342 3772 2413 petulantias

2063 2431 2279 2502 quibus
2323 2432 2571 2488 insolens
2619 2431 2851 2487 animus
2894 2432 3215 2488 oblectatur
3260 2437 3429 2501 quasi
3473 2431 3771 2502 quodam—

2064 2520 2230 2575 modo
2267 2528 2611 2576 exenterans
2640 2520 3029 2589 undecunque
3056 2520 3339 2589 patefacit.
3370 2521 3456 2575 Ibi
3483 2534 3565 2574 eos
3599 2523 3773 2589 quasi

2064 2608 2141 2662 leo
2188 2606 2491 2671 consumit,
2538 2607 2677 2662 dum
2725 2613 2938 2662 statum
2991 2621 3210 2674 eorum,
3253 2607 3355 2677 qui
3387 2607 3492 2662 sibi
3538 2605 3772 2675 aliquid

2064 2710 2185 2751 esse
2229 2695 2600 2761 videbantur,
2646 2695 2747 2764 ibi,
2798 2695 2851 2750 id
2884 2702 2968 2751 est
3011 2695 3069 2750 in
3120 2695 3229 2751 hac
3268 2695 3519 2750 carnalis
3567 2694 3771 2763 lapsus

2064 2783 2313 2839 fceditate
2336 2783 2617 2838 exinanit.
2649 2784 2721 2839 Et
2764 2783 2873 2839 hoc
2902 2782 3033 2839 facit
3077 2782 3240 2852 quasi
3274 2783 3379 2852 leo,
3414 2781 3637 2838 assultu
3668 2783 3770 2837 vi—

2065 2873 2262 2928 delicet
2290 2879 2503 2942 aperto,
2535 2887 2649 2927 non
2675 2885 2709 2926 a
2737 2871 2942 2939 cauda,
2978 2870 3033 2927 id
3053 2877 3138 2927 est
3168 2872 3429 2936 latenter,
3466 2879 3529 2931 ut
3559 2871 3763 2926 draco.

2063 2961 2217 3017 Nihil
2247 2960 2398 3016 enim
2432 2960 2616 3031 magis
2651 2959 2988 3030 contiguum
3032 2959 3210 3024 rigori
3240 2960 3546 3029 superbiae,
3580 2972 3767 3030 quam

2063 3049 2171 3105 sub
2202 3050 2308 3104 hac
2338 3048 2618 3117 liquefieri
2651 3047 2827 3103 solere
2874 3047 3125 3102 mollitie.
3158 3048 3264 3103 Per
3305 3061 3514 3119 agrum
3545 3047 3769 3102 incom-

2064 3138 2286 3207 positus
2325 3143 2479 3190 «ιτα
2521 3143 2574 3190 et
2602 3135 2942 3192 Christianae
2977 3135 3322 3191 urbanitatis
3366 3135 3593 3191 nescius
3633 3135 3768 3190 ani-

2065 3240 2196 3281 mus
2244 3224 2601 3295 intelligitur.
2634 3223 2746 3279 Per
2785 3223 3046 3291 bestiam,
3084 3224 3254 3293 cujus
3286 3223 3477 3279 feralis
3522 3231 3577 3279 et
3604 3223 3769 3279 indo-

2064 3314 2203 3370 mita
2232 3321 2443 3368 natura
2484 3312 2859 3383 dignoscitur,
2903 3310 3209 3381 appetitus.
3253 3311 3445 3366 Bestia
3472 3314 3609 3378 ,agri
3635 3327 3768 3380 ergo

2063 3418 2150 3458 eo:
2178 3401 2403 3467 scindit,
2444 3415 2598 3463 cum,
2654 3400 2843 3455 velint.
2876 3400 3079 3467 nolint,
3127 3400 3441 3469 corporalis
3475 3400 3769 3471 appetitus

2064 3490 2335 3562 ingenitae
2376 3488 2855 3558 concupiscentia;
2896 3489 3045 3558 ipsos
3085 3488 3444 3559 impatientes
3487 3489 3765 3554 efficiens,

2065 3578 2235 3648 quasi
2270 3577 2657 3645 eviscerando,
2693 3577 2897 3648 quales
2935 3577 3089 3647 apud
3121 3592 3180 3633 se
3206 3577 3546 3642 habeantur,
3573 3585 3768 3634 osten-

2064 3667 2167 3724 dit.

2136 3755 2306 3813 Vnus.
2338 3757 2388 3809 9.
2432 3783 2501 3794 —
2546 3775 2567 3803 ς
2603 3752 2853 3809 Perditio
2896 3761 3016 3821 tua,
3053 3753 3246 3819 Israel,
3274 3753 3674 3809 tantummodo
3703 3754 3763 3810 in

2072 3864 2092 3892 υ
2128 3856 2217 3898 me
2257 3840 2545 3897 auxilium
2594 3848 2781 3897 tuum.
2837 3863 2858 3888 ι
2912 3841 3174 3896 Israelem
3207 3855 3384 3910 supra
3430 3841 3771 3898 dixeramus

2064 3946 2161 3988 eos
2190 3931 2291 3999 qui
2333 3944 2407 3986 ex
2439 3929 2643 3985 talium
2674 3930 3169 3985 mercenariorum
3218 3929 3459 3985 fideliter
3486 3943 3584 3985 ore
3624 3944 3773 3999 pen-

2066 4019 2294 4080 debant.
2327 4026 2382 4073 et
2414 4032 2546 4074 cum
2574 4018 2687 4073 Deo
2727 4019 3045 4073 secundum
3083 4017 3487 4088 etymologiam
3519 4017 3769 4073 nominis

2068 4107 2238 4177 dirigi
2267 4106 2595 4176 cupiebant.
2634 4105 2736 4160 Hic
2763 4106 2976 4161 dicitur
3003 4107 3240 4175 perditio
3271 4113 3384 4172 tua,
3437 4120 3503 4161 ac
3531 4106 3577 4160 si
3605 4105 3762 4162 dice-

265 4193 447 4249 fastus
492 4205 565 4247 ex
594 4191 844 4248 scientiae
874 4192 1201 4262 copiositate
1239 4193 1579 4262 concipitur.
1615 4194 1964 4251 Saturantur
2002 4198 2046 4253 D
2076 4203 2197 4251 ret:
2234 4196 2320 4250 Tu
2353 4203 2403 4250 te
2431 4194 2727 4250 existimas
2756 4194 3041 4264 perditum
3076 4208 3216 4260 esse,
3249 4194 3387 4263 quia
3436 4193 3537 4249 tibi
3580 4194 3765 4250 conti-

268 4295 402 4337 cum
430 4288 531 4337 aut
559 4280 806 4350 fastidio,
848 4289 950 4336 aut
977 4281 1246 4350 superbia
1275 4295 1440 4336 sacra
1468 4281 1768 4337 volumina
1795 4284 1964 4353 quasi

146 4378 167 4390 ’
269 4368 626 4425 scientissimi
683 4384 789 4424 nec
838 4377 1158 4439 respectare
1204 4368 1542 4439 dignantur,
1576 4377 1631 4426 et
1681 4378 1757 4434 ut,
1791 4372 1964 4441 juxta

268 4458 577 4529 psalmum,
619 4458 806 4513 dicam
840 4473 852 4513 :
886 4458 1126 4513 Omnem
1157 4471 1346 4513 escam
1373 4458 1569 4512 anima
1595 4473 1793 4515 eorum
1829 4461 1963 4516 abo-

270 4547 526 4603 minatnr
558 4548 718 4615 (Psal.
751 4562 863 4613 ενι,
901 4548 1004 4616 18).
1033 4547 1129 4602 Cor
1153 4561 1310 4599 suum
1329 4545 1574 4614 elevant,
1599 4562 1728 4602 cum
1753 4549 1970 4618 sapien-

266 4636 407 4693 tiam
450 4649 617 4691 suam
667 4634 885 4704 ubique
936 4634 1344 4704 percelebrant.
1398 4636 1499 4691 Cor
1544 4636 1696 4691 enim
1730 4651 1834 4706 pro
1868 4653 1965 4692 sa-

265 4726 479 4797 pientia
501 4725 557 4779 in
571 4722 880 4793 Scripturis
892 4722 1146 4792 ponitur,
1168 4722 1308 4792 quia
1326 4723 1587 4793 loquitur
1604 4725 1681 4780 De
1690 4740 1754 4780 us
1768 4739 1962 4794 pacem

269 4816 328 4871 in
362 4814 450 4870 his
476 4812 593 4883 ’qui
623 4818 1043 4867 convertuntur
1070 4811 1143 4865 ad
1168 4825 1266 4866 cor
1293 4810 1466 4882 (Psat.
1498 4829 1730 4881 Lxxxtv,
1772 4814 1848 4884 9),
1877 4817 1965 4871 sin

268 4903 435 4969 alias,
469 4900 558 4956 vel
597 4906 747 4956 certe
779 4899 918 4968 quia
959 4898 1128 4954 corde
1174 4900 1448 4970 sapimus.
1483 4901 1583 4956 Dei
1612 4902 1963 4959 obliviscun-

269 4999 386 5057 tur,
429 4989 488 5045 in
518 5001 768 5059 quorum
800 4986 1070 5044 cordibus
1097 4988 1334 5044 confusa
1357 4989 1551 5045 omnia
1579 4989 1701 5045 sine
1729 4989 1967 5048 rationis

270 5078 607 5134 auctoritate
632 5076 922 5132 feruntur.

341 5166 512 5223 Vnus.
544 5166 599 5221 7.
630 5194 701 5204 —
735 5186 756 5213 ι
808 5165 880 5220 Et
907 5177 1007 5221 ero
1038 5165 1315 5237 eisjquasi
1345 5166 1542 5232 leaena,
1576 5166 1725 5223 sicut
1752 5167 1966 5236 pardus

271 5276 298 5304 ι.
332 5254 392 5309 in
420 5254 536 5323 Lvia
584 5252 965 5323 Assyriorum.
1000 5273 1029 5303 ι
1088 5253 1187 5309 Est
1240 5257 1315 5308 eis
1364 5255 1517 5310 Deus
1561 5257 1725 5324 quasi
1771 5254 1960 5325 leaena,

267 5342 408 5398 dum
453 5356 525 5397 ex
573 5340 723 5396 bono
767 5341 1085 5396 secundum
1130 5342 1284 5410 quod
1334 5342 1638 5397 videbatur
1665 5357 1853 5412 opere,
1885 5351 1959 5412 et,

271 5430 426 5501 quod
473 5437 759 5500 quantum
807 5429 878 5485 ad
928 5428 1114 5499 ipsum
1164 5445 1307 5498 opus
1352 5431 1615 5500 pertinet,
1672 5431 1772 5487 Dei
1815 5439 1958 5499 erat,

2072 4284 2217 4356 gerit
2285 4283 2549 4353 exemplo
2619 4291 2674 4338 et
2723 4283 2953 4337 monitis
3008 4281 3209 4337 talium
3283 4282 3766 4337 damnaticiorum

2074 4371 2564 4441 horripilationem
2622 4370 2881 4440 aliquam
2928 4370 2999 4425 ad
3045 4369 3434 4445 paenitendum
3494 4369 3770 4427 benevole

2073 4460 2418 4530 concepisse.
2466 4458 2748 4526 Quoniam
2799 4458 2977 4528 igitur
3021 4458 3183 4513 vides
3221 4471 3320 4512 eos
3359 4457 3417 4511 in
3447 4470 3553 4512 sua
3599 4456 3771 4512 leuti-

2073 4549 2272 4606 tudine
2300 4548 2606 4617 languisse,
2636 4546 3032 4602 tantummodo
3065 4546 3122 4600 in
3151 4559 3239 4600 me
3269 4553 3437 4600 tuum
3460 4543 3556 4600 tibi
3589 4544 3766 4599 auxi-

2073 4637 2215 4693 lium
2241 4635 2473 4705 expedit
2509 4636 2876 4691 convertisse.

2144 4725 2317 4782 Vens.
2353 4726 2437 4779 to.
2474 4752 2543 4763 —
2598 4745 2619 4772 ι
2660 4723 2765 4780 Ubi
2816 4730 2897 4778 est
2953 4736 3054 4778 rex
3086 4722 3262 4778 tuus?
3310 4721 3562 4778 maxime
3608 4735 3768 4778 nunc

2081 4836 2100 4861 ι
2131 4814 2312 4869 salvet
2342 4820 2394 4868 te
2420 4812 2481 4867 in
2510 4812 2780 4867 omnibus
2806 4811 3052 4867 urbibus
3092 4810 3227 4866 tuis.
3267 4832 3286 4858 ν
3322 4810 3403 4865 Ac
3433 4810 3476 4864 si
3509 4809 3719 4865 diceret
3747 4826 3762 4866 :

2071 4904 2158 4959 Tu
2197 4909 2250 4958 te
2305 4910 2405 4958 tuo
2453 4900 2781 4972 magisterio
2821 4899 3284 4971 gratulabundus
3337 4899 3769 4969 supergaudere

2073 4990 2367 5060 volueras;
2416 4996 2470 5045 et
2514 4988 2683 5059 quasi
2728 5003 2833 5058 ego
2858 5002 2988 5044 sum
3020 4987 3205 5056 Pauli,
3239 5002 3345 5058 ego
3378 5001 3505 5043 sum
3538 4987 3763 5056 Cephae,

2068 5093 2176 5151 ego
2231 5092 2359 5135 sum
2418 5076 2615 5148 Apollo
2668 5076 2856 5133 dicere
2902 5090 3156 5147 cmperas
3209 5078 3258 5144 (Ι
3283 5077 3414 5131 Cor.
3468 5090 3506 5143 ι,
3556 5074 3665 5146 t2),
3710 5085 3766 5132 et

2068 5183 2197 5225 ecce
2221 5181 2416 5239 regem
2447 5174 2632 5233 tuum,
2665 5166 2735 5221 de
2763 5180 2879 5235 quo
2911 5164 3052 5221 falso
3078 5177 3437 5235 speraveras,
3475 5177 3549 5219 ex
3578 5164 3765 5234 hypo-

2069 5253 2201 5309 crisi
2246 5252 2518 5310 decidisse
2563 5252 2915 5308 consideras.
2971 5251 3075 5307 Hic
3122 5252 3374 5308 maxime
3405 5252 3765 5308 necessarius

2071 5341 2173 5397 tibi
2199 5348 2320 5397 erat
2352 5349 2434 5406 ut,
2471 5341 2526 5395 in
2557 5340 2827 5396 omnibus
2850 5340 3100 5396 urbibus
3125 5340 3257 5409 tuis,
3283 5340 3338 5394 id
3366 5347 3450 5396 est
3477 5340 3766 5396 conscien-

2068 5431 2279 5488 tiarum
2327 5430 2763 5500 conceptaculis,
2794 5430 3088 5486 salutifero
3131 5437 3182 5487 te
3214 5430 3467 5486 muniret
3501 5429 3762 5501 exemplo

3896 64 3904 255 l

3898 538 3904 703 ὁ

3900 840 3904 1103 1

3900 1184 3903 1277 4
