  <div class='ocr_page' id='page_1' title='image "/cluster/home/n/w/nwhite01/storage/ocr_20150623/156/hvd.32044054760145/210.png"; bbox 0 0 3934 6086; ppageno 0'>
   <div class='ocr_carea' id='block_1_1' title="bbox 164 231 267 285">
    <p class='ocr_par' dir='ltr' id='par_1_1' title="bbox 164 231 267 285">
     <span class='ocr_line' id='line_1_1' title="bbox 164 231 267 285; baseline 0.01 -2"><span class='ocrx_word' id='word_1_1' title='bbox 164 231 267 285; x_wconf 73' lang='grc'><strong>409</strong></span> 
     </span>
    </p>
   </div>
   <div class='ocr_carea' id='block_1_2' title="bbox 875 223 2986 285">
    <p class='ocr_par' dir='ltr' id='par_1_2' title="bbox 875 223 2986 285">
     <span class='ocr_line' id='line_1_2' title="bbox 875 223 2986 285; baseline -0.003 -2"><span class='ocrx_word' id='word_1_2' title='bbox 875 226 1334 284; x_wconf 73' lang='grc' dir='ltr'><strong>ΤΒΟΡΟιΟϐΙιΕ</strong></span> <span class='ocrx_word' id='word_1_3' title='bbox 1372 227 1440 282; x_wconf 84' lang='grc' dir='ltr'>ΙΝ</span> <span class='ocrx_word' id='word_1_4' title='bbox 1476 226 1677 284; x_wconf 81' lang='lat' dir='ltr'><strong>OSEE.</strong></span> <span class='ocrx_word' id='word_1_5' title='bbox 1719 226 1902 285; x_wconf 80' lang='lat' dir='ltr'><strong>AMOS</strong></span> <span class='ocrx_word' id='word_1_6' title='bbox 1941 226 2026 282; x_wconf 88' lang='lat' dir='ltr'><strong>ET</strong></span> <span class='ocrx_word' id='word_1_7' title='bbox 2064 226 2213 282; x_wconf 79' lang='lat' dir='ltr'><strong>JER.</strong></span> <span class='ocrx_word' id='word_1_8' title='bbox 2255 250 2323 268; x_wconf 95' lang='lat'><em>—</em></span> <span class='ocrx_word' id='word_1_9' title='bbox 2362 225 2491 279; x_wconf 61' lang='grc' dir='ltr'><strong>[ΑΒ.</strong></span> <span class='ocrx_word' id='word_1_10' title='bbox 2533 223 2631 279; x_wconf 86' lang='lat' dir='ltr'><strong>III.</strong></span> <span class='ocrx_word' id='word_1_11' title='bbox 2671 224 2741 279; x_wconf 85' lang='lat' dir='ltr'><strong>IN</strong></span> <span class='ocrx_word' id='word_1_12' title='bbox 2780 223 2986 280; x_wconf 84' lang='lat' dir='ltr'><strong>OSEE.</strong></span> 
     </span>
    </p>
   </div>
   <div class='ocr_carea' id='block_1_3' title="bbox 3554 220 3659 274">
    <p class='ocr_par' dir='ltr' id='par_1_3' title="bbox 3554 220 3659 274">
     <span class='ocr_line' id='line_1_3' title="bbox 3554 220 3659 274; baseline -0.01 0"><span class='ocrx_word' id='word_1_13' title='bbox 3554 220 3659 274; x_wconf 75' lang='grc'><strong>410</strong></span> 
     </span>
    </p>
   </div>
   <div class='ocr_carea' id='block_1_4' title="bbox 168 350 3660 427">
    <p class='ocr_par' dir='ltr' id='par_1_4' title="bbox 168 350 3660 427">
     <span class='ocr_line' id='line_1_4' title="bbox 168 350 3660 427; baseline -0.002 -16"><span class='ocrx_word' id='word_1_14' title='bbox 168 377 190 404; x_wconf 81' lang='grc' dir='ltr'>ι</span> <span class='ocrx_word' id='word_1_15' title='bbox 229 356 303 411; x_wconf 85' lang='grc' dir='ltr'><strong>Ει</strong></span> <span class='ocrx_word' id='word_1_16' title='bbox 324 354 550 426; x_wconf 89' lang='lat' dir='ltr'><strong>judices</strong></span> <span class='ocrx_word' id='word_1_17' title='bbox 579 354 685 419; x_wconf 91' lang='lat' dir='ltr'><strong>tui,</strong></span> <span class='ocrx_word' id='word_1_18' title='bbox 739 355 808 411; x_wconf 90' lang='lat' dir='ltr'><strong>de</strong></span> <span class='ocrx_word' id='word_1_19' title='bbox 846 354 1062 425; x_wconf 88' lang='lat' dir='ltr'><strong>quibus</strong></span> <span class='ocrx_word' id='word_1_20' title='bbox 1101 357 1295 412; x_wconf 72' lang='lat' dir='ltr'><strong>dixnsti</strong></span> <span class='ocrx_word' id='word_1_21' title='bbox 1330 371 1343 410; x_wconf 91' lang='lat'>:</span> <span class='ocrx_word' id='word_1_22' title='bbox 1385 358 1470 413; x_wconf 92' lang='lat' dir='ltr'><strong>Da</strong></span> <span class='ocrx_word' id='word_1_23' title='bbox 1509 356 1648 413; x_wconf 90' lang='lat' dir='ltr'><strong>mihi</strong></span> <span class='ocrx_word' id='word_1_24' title='bbox 1695 370 1859 427; x_wconf 88' lang='lat' dir='ltr'><strong>reges</strong></span> <span class='ocrx_word' id='word_1_25' title='bbox 1894 358 1940 411; x_wconf 83' lang='lat' dir='ltr'><strong>A</strong></span> <span class='ocrx_word' id='word_1_26' title='bbox 1969 356 2169 411; x_wconf 91' lang='lat' dir='ltr'><strong>mortis</strong></span> <span class='ocrx_word' id='word_1_27' title='bbox 2199 363 2301 422; x_wconf 91' lang='lat' dir='ltr'><strong>est,</strong></span> <span class='ocrx_word' id='word_1_28' title='bbox 2335 370 2468 411; x_wconf 92' lang='lat' dir='ltr'><strong>cum</strong></span> <span class='ocrx_word' id='word_1_29' title='bbox 2501 354 2776 411; x_wconf 80' lang='lat' dir='ltr'><strong>mentium</strong></span> <span class='ocrx_word' id='word_1_30' title='bbox 2812 352 3348 410; x_wconf 88' lang='lat' dir='ltr'><strong>insensibilitatibus</strong></span> <span class='ocrx_word' id='word_1_31' title='bbox 3376 350 3660 407; x_wconf 88' lang='lat' dir='ltr'><strong>illabendo</strong></span> 
     </span>
    </p>
   </div>
   <div class='ocr_carea' id='block_1_5' title="bbox 160 444 1861 516">
    <p class='ocr_par' dir='ltr' id='par_1_5' title="bbox 160 444 1861 516">
     <span class='ocr_line' id='line_1_5' title="bbox 160 444 1861 516; baseline 0.001 -18"><span class='ocrx_word' id='word_1_32' title='bbox 160 464 192 493; x_wconf 87' lang='grc'><strong>››</strong></span> <span class='ocrx_word' id='word_1_33' title='bbox 229 457 300 500; x_wconf 89' lang='lat' dir='ltr'><strong>ac</strong></span> <span class='ocrx_word' id='word_1_34' title='bbox 327 444 636 514; x_wconf 83' lang='lat' dir='ltr'><strong>principes.</strong></span> <span class='ocrx_word' id='word_1_35' title='bbox 669 465 690 492; x_wconf 74' lang='grc' dir='ltr'><strong><em>ι</em></strong></span> <span class='ocrx_word' id='word_1_36' title='bbox 727 445 808 499; x_wconf 84' lang='lat' dir='ltr'><strong>Ac</strong></span> <span class='ocrx_word' id='word_1_37' title='bbox 840 444 887 498; x_wconf 90' lang='lat' dir='ltr'><strong>si</strong></span> <span class='ocrx_word' id='word_1_38' title='bbox 914 444 1065 499; x_wconf 89' lang='lat' dir='ltr'><strong>dicat</strong></span> <span class='ocrx_word' id='word_1_39' title='bbox 1097 460 1110 498; x_wconf 88' lang='lat'><em>:</em></span> <span class='ocrx_word' id='word_1_40' title='bbox 1143 446 1215 501; x_wconf 88' lang='lat' dir='ltr'><strong>Et</strong></span> <span class='ocrx_word' id='word_1_41' title='bbox 1246 446 1300 499; x_wconf 91' lang='lat' dir='ltr'><strong>hi</strong></span> <span class='ocrx_word' id='word_1_42' title='bbox 1331 454 1466 501; x_wconf 91' lang='lat' dir='ltr'><strong>sunt</strong></span> <span class='ocrx_word' id='word_1_43' title='bbox 1492 460 1637 516; x_wconf 89' lang='lat' dir='ltr'><strong>quos</strong></span> <span class='ocrx_word' id='word_1_44' title='bbox 1666 444 1723 499; x_wconf 93' lang='lat' dir='ltr'><strong>in</strong></span> <span class='ocrx_word' id='word_1_45' title='bbox 1752 458 1861 499; x_wconf 91' lang='lat' dir='ltr'><strong>ex-</strong></span> 
     </span>
    </p>
   </div>
   <div class='ocr_carea' id='block_1_6' title="bbox 162 531 1860 604">
    <p class='ocr_par' dir='ltr' id='par_1_6' title="bbox 162 531 1860 604">
     <span class='ocr_line' id='line_1_6' title="bbox 162 531 1860 604; baseline -0.001 -16"><span class='ocrx_word' id='word_1_46' title='bbox 162 539 348 588; x_wconf 86' lang='lat' dir='ltr'><strong>tremo</strong></span> <span class='ocrx_word' id='word_1_47' title='bbox 376 531 640 589; x_wconf 82' lang='lat' dir='ltr'><strong>examine</strong></span> <span class='ocrx_word' id='word_1_48' title='bbox 673 546 773 602; x_wconf 89' lang='lat' dir='ltr'><strong>pro</strong></span> <span class='ocrx_word' id='word_1_49' title='bbox 816 541 1132 602; x_wconf 82' lang='lat' dir='ltr'><strong>spontanea</strong></span> <span class='ocrx_word' id='word_1_50' title='bbox 1177 535 1466 603; x_wconf 85' lang='lat' dir='ltr'><strong>pauperie,</strong></span> <span class='ocrx_word' id='word_1_51' title='bbox 1518 548 1619 604; x_wconf 91' lang='lat' dir='ltr'><strong>pro</strong></span> <span class='ocrx_word' id='word_1_52' title='bbox 1666 532 1860 589; x_wconf 73' lang='lat' dir='ltr'><strong>saeculi</strong></span> 
     </span>
    </p>
   </div>
   <div class='ocr_carea' id='block_1_7' title="bbox 160 621 1858 693">
    <p class='ocr_par' dir='ltr' id='par_1_7' title="bbox 160 621 1858 693">
     <span class='ocr_line' id='line_1_7' title="bbox 160 621 1858 693; baseline -0.001 -17"><span class='ocrx_word' id='word_1_53' title='bbox 160 621 687 686; x_wconf 87' lang='lat' dir='ltr'><strong>abrenuntiatione,</strong></span> <span class='ocrx_word' id='word_1_54' title='bbox 746 636 1002 677; x_wconf 89' lang='lat' dir='ltr'><strong>sessuros</strong></span> <span class='ocrx_word' id='word_1_55' title='bbox 1064 637 1197 678; x_wconf 91' lang='lat' dir='ltr'><strong>cum</strong></span> <span class='ocrx_word' id='word_1_56' title='bbox 1249 623 1489 678; x_wconf 90' lang='lat' dir='ltr'><strong>Domino</strong></span> <span class='ocrx_word' id='word_1_57' title='bbox 1534 623 1858 693; x_wconf 87' lang='lat' dir='ltr'><strong>jactitabas.</strong></span> 
     </span>
    </p>
   </div>
   <div class='ocr_carea' id='block_1_8' title="bbox 165 710 1860 782">
    <p class='ocr_par' dir='ltr' id='par_1_8' title="bbox 165 710 1860 782">
     <span class='ocr_line' id='line_1_8' title="bbox 165 710 1860 782; baseline 0.001 -17"><span class='ocrx_word' id='word_1_58' title='bbox 165 710 392 766; x_wconf 87' lang='lat' dir='ltr'><strong>Dicitur</strong></span> <span class='ocrx_word' id='word_1_59' title='bbox 420 719 611 765; x_wconf 86' lang='lat' dir='ltr'><strong>autem</strong></span> <span class='ocrx_word' id='word_1_60' title='bbox 646 710 750 764; x_wconf 91' lang='lat' dir='ltr'><strong>hoc</strong></span> <span class='ocrx_word' id='word_1_61' title='bbox 779 724 880 780; x_wconf 90' lang='lat' dir='ltr'><strong>pro</strong></span> <span class='ocrx_word' id='word_1_62' title='bbox 913 720 1069 779; x_wconf 86' lang='lat' dir='ltr'><strong>parte</strong></span> <span class='ocrx_word' id='word_1_63' title='bbox 1097 725 1295 766; x_wconf 89' lang='lat' dir='ltr'><strong>eorum</strong></span> <span class='ocrx_word' id='word_1_64' title='bbox 1329 713 1430 782; x_wconf 90' lang='lat' dir='ltr'><strong>qui</strong></span> <span class='ocrx_word' id='word_1_65' title='bbox 1473 712 1718 768; x_wconf 91' lang='lat' dir='ltr'><strong>scienter</strong></span> <span class='ocrx_word' id='word_1_66' title='bbox 1750 712 1860 779; x_wconf 89' lang='lat' dir='ltr'><strong>hy-</strong></span> 
     </span>
    </p>
   </div>
   <div class='ocr_carea' id='block_1_9' title="bbox 164 798 1859 869">
    <p class='ocr_par' dir='ltr' id='par_1_9' title="bbox 164 798 1859 869">
     <span class='ocr_line' id='line_1_9' title="bbox 164 798 1859 869; baseline 0.001 -16"><span class='ocrx_word' id='word_1_67' title='bbox 164 799 405 869; x_wconf 88' lang='lat' dir='ltr'><strong>pocritis</strong></span> <span class='ocrx_word' id='word_1_68' title='bbox 446 799 659 863; x_wconf 79' lang='lat' dir='ltr'><strong>favent,</strong></span> <span class='ocrx_word' id='word_1_69' title='bbox 708 806 763 854; x_wconf 90' lang='lat' dir='ltr'><strong>et</strong></span> <span class='ocrx_word' id='word_1_70' title='bbox 812 798 909 853; x_wconf 88' lang='lat' dir='ltr'><strong>tali</strong></span> <span class='ocrx_word' id='word_1_71' title='bbox 955 799 1268 869; x_wconf 75' lang='lat' dir='ltr'><strong>disciplinae</strong></span> <span class='ocrx_word' id='word_1_72' title='bbox 1310 801 1547 856; x_wconf 89' lang='lat' dir='ltr'><strong>obtentu</strong></span> <span class='ocrx_word' id='word_1_73' title='bbox 1595 800 1859 856; x_wconf 83' lang='lat' dir='ltr'><strong>favorum</strong></span> 
     </span>
    </p>
   </div>
   <div class='ocr_carea' id='block_1_10' title="bbox 166 887 1857 958">
    <p class='ocr_par' dir='ltr' id='par_1_10' title="bbox 166 887 1857 958">
     <span class='ocr_line' id='line_1_10' title="bbox 166 887 1857 958; baseline 0.001 -15"><span class='ocrx_word' id='word_1_74' title='bbox 166 888 426 958; x_wconf 88' lang='lat' dir='ltr'><strong>gestiunt</strong></span> <span class='ocrx_word' id='word_1_75' title='bbox 453 887 749 957; x_wconf 85' lang='lat' dir='ltr'><strong>applicari.</strong></span> <span class='ocrx_word' id='word_1_76' title='bbox 774 888 1013 953; x_wconf 82' lang='lat' dir='ltr'><strong>Judices,</strong></span> <span class='ocrx_word' id='word_1_77' title='bbox 1055 888 1314 958; x_wconf 90' lang='lat' dir='ltr'><strong>inquam,</strong></span> <span class='ocrx_word' id='word_1_78' title='bbox 1348 892 1451 955; x_wconf 86' lang='lat' dir='ltr'><strong>tui,</strong></span> <span class='ocrx_word' id='word_1_79' title='bbox 1484 896 1550 945; x_wconf 90' lang='lat' dir='ltr'><strong>ut</strong></span> <span class='ocrx_word' id='word_1_80' title='bbox 1584 888 1857 958; x_wconf 91' lang='lat' dir='ltr'><strong>opinaris,</strong></span> 
     </span>
    </p>
   </div>
   <div class='ocr_carea' id='block_1_11' title="bbox 162 975 1857 1047">
    <p class='ocr_par' dir='ltr' id='par_1_11' title="bbox 162 975 1857 1047">
     <span class='ocr_line' id='line_1_11' title="bbox 162 975 1857 1047; baseline 0.001 -17"><span class='ocrx_word' id='word_1_81' title='bbox 162 989 287 1030; x_wconf 87' lang='lat' dir='ltr'><strong>non</strong></span> <span class='ocrx_word' id='word_1_82' title='bbox 320 976 438 1032; x_wconf 87' lang='lat' dir='ltr'><strong>Dei.</strong></span> <span class='ocrx_word' id='word_1_83' title='bbox 473 976 551 1031; x_wconf 88' lang='lat' dir='ltr'><strong>De</strong></span> <span class='ocrx_word' id='word_1_84' title='bbox 586 975 673 1030; x_wconf 90' lang='lat' dir='ltr'><strong>his</strong></span> <span class='ocrx_word' id='word_1_85' title='bbox 707 976 902 1031; x_wconf 82' lang='lat' dir='ltr'><strong>dixisti</strong></span> <span class='ocrx_word' id='word_1_86' title='bbox 936 991 948 1030; x_wconf 92' lang='lat'><strong>:</strong></span> <span class='ocrx_word' id='word_1_87' title='bbox 996 979 1083 1031; x_wconf 86' lang='lat' dir='ltr'><strong>Da</strong></span> <span class='ocrx_word' id='word_1_88' title='bbox 1111 980 1249 1032; x_wconf 81' lang='lat' dir='ltr'><strong>mihi</strong></span> <span class='ocrx_word' id='word_1_89' title='bbox 1292 994 1443 1046; x_wconf 84' lang='lat' dir='ltr'><strong>reges</strong></span> <span class='ocrx_word' id='word_1_90' title='bbox 1484 983 1535 1032; x_wconf 85' lang='lat' dir='ltr'><strong>et</strong></span> <span class='ocrx_word' id='word_1_91' title='bbox 1561 981 1857 1047; x_wconf 80' lang='lat' dir='ltr'><strong>principes,</strong></span> 
     </span>
    </p>
   </div>
   <div class='ocr_carea' id='block_1_12' title="bbox 162 1062 1859 1136">
    <p class='ocr_par' dir='ltr' id='par_1_12' title="bbox 162 1062 1859 1136">
     <span class='ocr_line' id='line_1_12' title="bbox 162 1062 1859 1136; baseline 0.002 -18"><span class='ocrx_word' id='word_1_92' title='bbox 162 1062 226 1118; x_wconf 91' lang='lat' dir='ltr'><strong>id</strong></span> <span class='ocrx_word' id='word_1_93' title='bbox 250 1072 355 1128; x_wconf 88' lang='lat' dir='ltr'><strong>est,</strong></span> <span class='ocrx_word' id='word_1_94' title='bbox 393 1068 462 1119; x_wconf 92' lang='lat' dir='ltr'><strong>de</strong></span> <span class='ocrx_word' id='word_1_95' title='bbox 490 1064 702 1120; x_wconf 80' lang='lat' dir='ltr'><strong>talibus</strong></span> <span class='ocrx_word' id='word_1_96' title='bbox 731 1065 935 1134; x_wconf 76' lang='lat' dir='ltr'><strong>optasti</strong></span> <span class='ocrx_word' id='word_1_97' title='bbox 968 1072 1031 1120; x_wconf 93' lang='lat' dir='ltr'><strong>ut</strong></span> <span class='ocrx_word' id='word_1_98' title='bbox 1057 1067 1159 1121; x_wconf 91' lang='lat' dir='ltr'><strong>tibi</strong></span> <span class='ocrx_word' id='word_1_99' title='bbox 1191 1066 1653 1136; x_wconf 84' lang='lat' dir='ltr'><strong>principarentur</strong></span> <span class='ocrx_word' id='word_1_100' title='bbox 1688 1075 1741 1122; x_wconf 90' lang='lat' dir='ltr'><strong>et</strong></span> <span class='ocrx_word' id='word_1_101' title='bbox 1772 1081 1859 1122; x_wconf 91' lang='lat' dir='ltr'><strong>re-</strong></span> 
     </span>
    </p>
   </div>
   <div class='ocr_carea' id='block_1_13' title="bbox 162 1153 1858 1226">
    <p class='ocr_par' dir='ltr' id='par_1_13' title="bbox 162 1153 1858 1226">
     <span class='ocr_line' id='line_1_13' title="bbox 162 1153 1858 1226; baseline 0.002 -18"><span class='ocrx_word' id='word_1_102' title='bbox 162 1161 390 1223; x_wconf 78' lang='lat' dir='ltr'><strong>gerent,</strong></span> <span class='ocrx_word' id='word_1_103' title='bbox 425 1154 525 1223; x_wconf 89' lang='lat' dir='ltr'><strong>qui</strong></span> <span class='ocrx_word' id='word_1_104' title='bbox 573 1153 629 1208; x_wconf 90' lang='lat' dir='ltr'><strong>in</strong></span> <span class='ocrx_word' id='word_1_105' title='bbox 668 1169 773 1209; x_wconf 91' lang='lat' dir='ltr'><strong>suo</strong></span> <span class='ocrx_word' id='word_1_106' title='bbox 814 1162 867 1209; x_wconf 93' lang='lat' dir='ltr'><strong>te</strong></span> <span class='ocrx_word' id='word_1_107' title='bbox 904 1154 1253 1224; x_wconf 89' lang='lat' dir='ltr'><strong>discipulatu</strong></span> <span class='ocrx_word' id='word_1_108' title='bbox 1289 1155 1566 1226; x_wconf 86' lang='lat' dir='ltr'><strong>obsequia</strong></span> <span class='ocrx_word' id='word_1_109' title='bbox 1602 1155 1858 1225; x_wconf 87' lang='lat' dir='ltr'><strong>diligere,</strong></span> 
     </span>
    </p>
   </div>
   <div class='ocr_carea' id='block_1_14' title="bbox 160 1239 1860 1310">
    <p class='ocr_par' dir='ltr' id='par_1_14' title="bbox 160 1239 1860 1310">
     <span class='ocr_line' id='line_1_14' title="bbox 160 1239 1860 1310; baseline 0.001 -14"><span class='ocrx_word' id='word_1_110' title='bbox 160 1248 223 1296; x_wconf 90' lang='lat' dir='ltr'><strong>et</strong></span> <span class='ocrx_word' id='word_1_111' title='bbox 253 1239 520 1298; x_wconf 89' lang='lat' dir='ltr'><strong>aﬂ‘ectare</strong></span> <span class='ocrx_word' id='word_1_112' title='bbox 550 1242 747 1297; x_wconf 87' lang='lat' dir='ltr'><strong>laudes</strong></span> <span class='ocrx_word' id='word_1_113' title='bbox 777 1242 1119 1298; x_wconf 88' lang='lat' dir='ltr'><strong>imbuerent.</strong></span> <span class='ocrx_word' id='word_1_114' title='bbox 1153 1244 1314 1310; x_wconf 88' lang='lat' dir='ltr'><strong>Quod</strong></span> <span class='ocrx_word' id='word_1_115' title='bbox 1343 1244 1517 1299; x_wconf 90' lang='lat' dir='ltr'><strong>etiam</strong></span> <span class='ocrx_word' id='word_1_116' title='bbox 1546 1257 1704 1299; x_wconf 90' lang='lat' dir='ltr'><strong>nunc</strong></span> <span class='ocrx_word' id='word_1_117' title='bbox 1731 1257 1860 1298; x_wconf 89' lang='lat' dir='ltr'><strong>cre-</strong></span> 
     </span>
    </p>
   </div>
   <div class='ocr_carea' id='block_1_15' title="bbox 161 1328 1861 1401">
    <p class='ocr_par' dir='ltr' id='par_1_15' title="bbox 161 1328 1861 1401">
     <span class='ocr_line' id='line_1_15' title="bbox 161 1328 1861 1401; baseline 0.002 -17"><span class='ocrx_word' id='word_1_118' title='bbox 161 1328 273 1385; x_wconf 86' lang='lat' dir='ltr'><strong>bro</strong></span> <span class='ocrx_word' id='word_1_119' title='bbox 313 1331 705 1399; x_wconf 87' lang='lat' dir='ltr'><strong>perspicimus,</strong></span> <span class='ocrx_word' id='word_1_120' title='bbox 759 1338 823 1386; x_wconf 91' lang='lat' dir='ltr'><strong>ut</strong></span> <span class='ocrx_word' id='word_1_121' title='bbox 869 1344 986 1385; x_wconf 91' lang='lat' dir='ltr'><strong>non</strong></span> <span class='ocrx_word' id='word_1_122' title='bbox 1028 1331 1211 1387; x_wconf 91' lang='lat' dir='ltr'><strong>solum</strong></span> <span class='ocrx_word' id='word_1_123' title='bbox 1259 1333 1709 1401; x_wconf 85' lang='lat' dir='ltr'><strong>hypocritarum,</strong></span> <span class='ocrx_word' id='word_1_124' title='bbox 1765 1331 1861 1387; x_wconf 91' lang='lat' dir='ltr'><strong>sed</strong></span> 
     </span>
    </p>
   </div>
   <div class='ocr_carea' id='block_1_16' title="bbox 161 1417 1863 1487">
    <p class='ocr_par' dir='ltr' id='par_1_16' title="bbox 161 1417 1863 1487">
     <span class='ocr_line' id='line_1_16' title="bbox 161 1417 1863 1487; baseline 0.001 -16"><span class='ocrx_word' id='word_1_125' title='bbox 161 1417 342 1473; x_wconf 88' lang='lat' dir='ltr'><strong>etiam</strong></span> <span class='ocrx_word' id='word_1_126' title='bbox 380 1418 763 1487; x_wconf 86' lang='lat' dir='ltr'><strong>probabilium</strong></span> <span class='ocrx_word' id='word_1_127' title='bbox 810 1418 1070 1473; x_wconf 80' lang='lat' dir='ltr'><strong>virorum</strong></span> <span class='ocrx_word' id='word_1_128' title='bbox 1113 1419 1506 1475; x_wconf 85' lang='lat' dir='ltr'><strong>contuberniis</strong></span> <span class='ocrx_word' id='word_1_129' title='bbox 1543 1435 1602 1475; x_wconf 91' lang='lat' dir='ltr'><strong>se</strong></span> <span class='ocrx_word' id='word_1_130' title='bbox 1644 1420 1863 1475; x_wconf 89' lang='lat' dir='ltr'><strong>immer-</strong></span> 
     </span>
    </p>
   </div>
   <div class='ocr_carea' id='block_1_17' title="bbox 159 1507 1860 1578">
    <p class='ocr_par' dir='ltr' id='par_1_17' title="bbox 159 1507 1860 1578">
     <span class='ocr_line' id='line_1_17' title="bbox 159 1507 1860 1578; baseline 0.001 -17"><span class='ocrx_word' id='word_1_131' title='bbox 159 1515 328 1576; x_wconf 80' lang='lat' dir='ltr'><strong>gant,</strong></span> <span class='ocrx_word' id='word_1_132' title='bbox 360 1515 425 1563; x_wconf 95' lang='lat' dir='ltr'><strong>ut</strong></span> <span class='ocrx_word' id='word_1_133' title='bbox 462 1507 886 1577; x_wconf 88' lang='lat' dir='ltr'><strong>quodammodo</strong></span> <span class='ocrx_word' id='word_1_134' title='bbox 925 1507 1111 1563; x_wconf 90' lang='lat' dir='ltr'><strong>eidem</strong></span> <span class='ocrx_word' id='word_1_135' title='bbox 1157 1508 1261 1578; x_wconf 90' lang='lat' dir='ltr'><strong>qui</strong></span> <span class='ocrx_word' id='word_1_136' title='bbox 1301 1508 1383 1564; x_wconf 92' lang='lat' dir='ltr'><strong>eis</strong></span> <span class='ocrx_word' id='word_1_137' title='bbox 1410 1508 1721 1565; x_wconf 80' lang='lat' dir='ltr'><strong>exhibetur</strong></span> <span class='ocrx_word' id='word_1_138' title='bbox 1756 1508 1860 1563; x_wconf 91' lang='lat' dir='ltr'><strong>ho-</strong></span> 
     </span>
    </p>
   </div>
   <div class='ocr_carea' id='block_1_18' title="bbox 162 1594 776 1651">
    <p class='ocr_par' dir='ltr' id='par_1_18' title="bbox 162 1594 776 1651">
     <span class='ocr_line' id='line_1_18' title="bbox 162 1594 776 1651; baseline -0.003 0"><span class='ocrx_word' id='word_1_139' title='bbox 162 1594 293 1651; x_wconf 91' lang='lat' dir='ltr'><strong>nori</strong></span> <span class='ocrx_word' id='word_1_140' title='bbox 332 1596 776 1651; x_wconf 90' lang='lat' dir='ltr'><strong>communicent.</strong></span> 
     </span>
    </p>
   </div>
   <div class='ocr_carea' id='block_1_19' title="bbox 237 1683 1863 1756">
    <p class='ocr_par' dir='ltr' id='par_1_19' title="bbox 237 1683 1863 1756">
     <span class='ocr_line' id='line_1_19' title="bbox 237 1683 1863 1756; baseline 0.001 -16"><span class='ocrx_word' id='word_1_141' title='bbox 237 1683 411 1741; x_wconf 71' lang='lat' dir='ltr'><strong>Vnus.</strong></span> <span class='ocrx_word' id='word_1_142' title='bbox 448 1687 531 1738; x_wconf 83' lang='grc'><strong>11.</strong></span> <span class='ocrx_word' id='word_1_143' title='bbox 560 1716 630 1724; x_wconf 92' lang='grc'><strong>-</strong></span> <span class='ocrx_word' id='word_1_144' title='bbox 664 1707 684 1733; x_wconf 75' lang='grc' dir='ltr'><strong><em>ι</em></strong></span> <span class='ocrx_word' id='word_1_145' title='bbox 724 1684 880 1740; x_wconf 84' lang='lat' dir='ltr'><strong>Dabo</strong></span> <span class='ocrx_word' id='word_1_146' title='bbox 920 1684 1021 1741; x_wconf 91' lang='lat' dir='ltr'><strong>tibi</strong></span> <span class='ocrx_word' id='word_1_147' title='bbox 1060 1699 1254 1756; x_wconf 84' lang='lat' dir='ltr'><strong>regem</strong></span> <span class='ocrx_word' id='word_1_148' title='bbox 1298 1684 1358 1740; x_wconf 90' lang='lat' dir='ltr'><strong>in</strong></span> <span class='ocrx_word' id='word_1_149' title='bbox 1399 1685 1593 1742; x_wconf 82' lang='lat' dir='ltr'><strong>furore</strong></span> <span class='ocrx_word' id='word_1_150' title='bbox 1632 1700 1772 1754; x_wconf 90' lang='lat' dir='ltr'><strong>meo,</strong></span> <span class='ocrx_word' id='word_1_151' title='bbox 1807 1692 1863 1741; x_wconf 92' lang='lat' dir='ltr'><strong>et</strong></span> 
     </span>
    </p>
   </div>
   <div class='ocr_carea' id='block_1_20' title="bbox 164 1773 1861 1844">
    <p class='ocr_par' dir='ltr' id='par_1_20' title="bbox 164 1773 1861 1844">
     <span class='ocr_line' id='line_1_20' title="bbox 164 1773 1861 1844; baseline 0 -15"><span class='ocrx_word' id='word_1_152' title='bbox 164 1793 195 1822; x_wconf 73' lang='grc' dir='ltr'><strong><em>ι</em></strong></span> <span class='ocrx_word' id='word_1_153' title='bbox 227 1773 487 1829; x_wconf 83' lang='lat' dir='ltr'><strong>auferam</strong></span> <span class='ocrx_word' id='word_1_154' title='bbox 535 1773 595 1828; x_wconf 90' lang='lat' dir='ltr'><strong>in</strong></span> <span class='ocrx_word' id='word_1_155' title='bbox 643 1773 1037 1843; x_wconf 85' lang='lat' dir='ltr'><strong>indignatione</strong></span> <span class='ocrx_word' id='word_1_156' title='bbox 1077 1788 1223 1829; x_wconf 89' lang='lat' dir='ltr'><strong>mea.</strong></span> <span class='ocrx_word' id='word_1_157' title='bbox 1263 1795 1283 1823; x_wconf 77' lang='grc' dir='ltr'><strong><em>ι</em></strong></span> <span class='ocrx_word' id='word_1_158' title='bbox 1321 1774 1401 1829; x_wconf 93' lang='lat' dir='ltr'><strong>Ne</strong></span> <span class='ocrx_word' id='word_1_159' title='bbox 1449 1774 1734 1844; x_wconf 87' lang='lat' dir='ltr'><strong>queraris,</strong></span> <span class='ocrx_word' id='word_1_160' title='bbox 1767 1774 1861 1830; x_wconf 90' lang='lat' dir='ltr'><strong>in-</strong></span> 
     </span>
    </p>
   </div>
   <div class='ocr_carea' id='block_1_21' title="bbox 164 1861 1864 1933">
    <p class='ocr_par' dir='ltr' id='par_1_21' title="bbox 164 1861 1864 1933">
     <span class='ocr_line' id='line_1_21' title="bbox 164 1861 1864 1933; baseline 0.001 -18"><span class='ocrx_word' id='word_1_161' title='bbox 164 1874 369 1930; x_wconf 90' lang='lat' dir='ltr'><strong>quam,</strong></span> <span class='ocrx_word' id='word_1_162' title='bbox 421 1862 576 1931; x_wconf 90' lang='lat' dir='ltr'><strong>quod</strong></span> <span class='ocrx_word' id='word_1_163' title='bbox 636 1876 799 1933; x_wconf 91' lang='lat' dir='ltr'><strong>reges</strong></span> <span class='ocrx_word' id='word_1_164' title='bbox 851 1862 1126 1932; x_wconf 90' lang='lat' dir='ltr'><strong>gloriosos</strong></span> <span class='ocrx_word' id='word_1_165' title='bbox 1177 1861 1457 1928; x_wconf 90' lang='lat' dir='ltr'><strong>amiseris,</strong></span> <span class='ocrx_word' id='word_1_166' title='bbox 1514 1862 1611 1917; x_wconf 91' lang='lat' dir='ltr'><strong>sed</strong></span> <span class='ocrx_word' id='word_1_167' title='bbox 1674 1863 1864 1931; x_wconf 87' lang='lat' dir='ltr'><strong>potius</strong></span> 
     </span>
    </p>
   </div>
   <div class='ocr_carea' id='block_1_22' title="bbox 164 1950 1863 2020">
    <p class='ocr_par' dir='ltr' id='par_1_22' title="bbox 164 1950 1863 2020">
     <span class='ocr_line' id='line_1_22' title="bbox 164 1950 1863 2020; baseline 0.001 -16"><span class='ocrx_word' id='word_1_168' title='bbox 164 1962 413 2018; x_wconf 87' lang='lat' dir='ltr'><strong>querere</strong></span> <span class='ocrx_word' id='word_1_169' title='bbox 442 1964 631 2020; x_wconf 85' lang='lat' dir='ltr'><strong>regem</strong></span> <span class='ocrx_word' id='word_1_170' title='bbox 665 1953 724 2003; x_wconf 83' lang='lat' dir='ltr'><strong>in</strong></span> <span class='ocrx_word' id='word_1_171' title='bbox 752 1953 942 2017; x_wconf 77' lang='lat' dir='ltr'><strong>furore</strong></span> <span class='ocrx_word' id='word_1_172' title='bbox 967 1966 1079 2005; x_wconf 87' lang='lat' dir='ltr'><strong>meo</strong></span> <span class='ocrx_word' id='word_1_173' title='bbox 1110 1951 1212 2004; x_wconf 85' lang='lat' dir='ltr'><strong>tibi</strong></span> <span class='ocrx_word' id='word_1_174' title='bbox 1250 1951 1527 2019; x_wconf 90' lang='lat' dir='ltr'><strong>dandum,</strong></span> <span class='ocrx_word' id='word_1_175' title='bbox 1560 1951 1722 2007; x_wconf 90' lang='lat' dir='ltr'><strong>illum</strong></span> <span class='ocrx_word' id='word_1_176' title='bbox 1754 1950 1863 2006; x_wconf 89' lang='lat' dir='ltr'><strong>sci-</strong></span> 
     </span>
    </p>
   </div>
   <div class='ocr_carea' id='block_1_23' title="bbox 164 2036 1864 2110">
    <p class='ocr_par' dir='ltr' id='par_1_23' title="bbox 164 2036 1864 2110">
     <span class='ocr_line' id='line_1_23' title="bbox 164 2036 1864 2110; baseline 0.002 -19"><span class='ocrx_word' id='word_1_177' title='bbox 164 2036 301 2093; x_wconf 88' lang='lat' dir='ltr'><strong>licet</strong></span> <span class='ocrx_word' id='word_1_178' title='bbox 326 2039 426 2108; x_wconf 91' lang='lat' dir='ltr'><strong>qui</strong></span> <span class='ocrx_word' id='word_1_179' title='bbox 478 2053 579 2107; x_wconf 91' lang='lat' dir='ltr'><strong>pro</strong></span> <span class='ocrx_word' id='word_1_180' title='bbox 616 2053 785 2108; x_wconf 64' lang='lat' dir='ltr'><strong>paena</strong></span> <span class='ocrx_word' id='word_1_181' title='bbox 829 2040 1039 2109; x_wconf 88' lang='lat' dir='ltr'><strong>peccati</strong></span> <span class='ocrx_word' id='word_1_182' title='bbox 1083 2040 1305 2095; x_wconf 89' lang='lat' dir='ltr'><strong>miseris</strong></span> <span class='ocrx_word' id='word_1_183' title='bbox 1336 2039 1618 2110; x_wconf 88' lang='lat' dir='ltr'><strong>inﬂigitur</strong></span> <span class='ocrx_word' id='word_1_184' title='bbox 1662 2054 1864 2109; x_wconf 88' lang='lat' dir='ltr'><strong>repro-</strong></span> 
     </span>
    </p>
   </div>
   <div class='ocr_carea' id='block_1_24' title="bbox 164 2126 1858 2198">
    <p class='ocr_par' dir='ltr' id='par_1_24' title="bbox 164 2126 1858 2198">
     <span class='ocr_line' id='line_1_24' title="bbox 164 2126 1858 2198; baseline 0.001 -17"><span class='ocrx_word' id='word_1_185' title='bbox 164 2126 311 2181; x_wconf 90' lang='lat' dir='ltr'><strong>bum</strong></span> <span class='ocrx_word' id='word_1_186' title='bbox 341 2140 572 2182; x_wconf 89' lang='lat' dir='ltr'><strong>sensum</strong></span> <span class='ocrx_word' id='word_1_187' title='bbox 609 2142 622 2181; x_wconf 94' lang='lat'>:</span> <span class='ocrx_word' id='word_1_188' title='bbox 666 2135 720 2182; x_wconf 89' lang='lat' dir='ltr'><strong>et</strong></span> <span class='ocrx_word' id='word_1_189' title='bbox 757 2127 804 2182; x_wconf 92' lang='lat' dir='ltr'><strong>si</strong></span> <span class='ocrx_word' id='word_1_190' title='bbox 844 2141 963 2197; x_wconf 89' lang='lat' dir='ltr'><strong>qua</strong></span> <span class='ocrx_word' id='word_1_191' title='bbox 1016 2127 1115 2183; x_wconf 86' lang='lat' dir='ltr'><strong>tibi</strong></span> <span class='ocrx_word' id='word_1_192' title='bbox 1150 2128 1394 2183; x_wconf 90' lang='lat' dir='ltr'><strong>verioris</strong></span> <span class='ocrx_word' id='word_1_193' title='bbox 1442 2126 1858 2198; x_wconf 70' lang='lat' dir='ltr'><strong>intelligentiae,</strong></span> 
     </span>
    </p>
   </div>
   <div class='ocr_carea' id='block_1_25' title="bbox 165 2215 1863 2286">
    <p class='ocr_par' dir='ltr' id='par_1_25' title="bbox 165 2215 1863 2286">
     <span class='ocr_line' id='line_1_25' title="bbox 165 2215 1863 2286; baseline 0.002 -18"><span class='ocrx_word' id='word_1_194' title='bbox 165 2229 304 2285; x_wconf 65' lang='lat' dir='ltr'><strong>quae</strong></span> <span class='ocrx_word' id='word_1_195' title='bbox 332 2215 525 2269; x_wconf 90' lang='lat' dir='ltr'><strong>adhuc</strong></span> <span class='ocrx_word' id='word_1_196' title='bbox 555 2223 605 2271; x_wconf 90' lang='lat' dir='ltr'><strong>te</strong></span> <span class='ocrx_word' id='word_1_197' title='bbox 648 2223 827 2286; x_wconf 88' lang='lat' dir='ltr'><strong>regat,</strong></span> <span class='ocrx_word' id='word_1_198' title='bbox 860 2216 1105 2272; x_wconf 88' lang='lat' dir='ltr'><strong>scintilla</strong></span> <span class='ocrx_word' id='word_1_199' title='bbox 1149 2216 1438 2283; x_wconf 89' lang='lat' dir='ltr'><strong>resederit,</strong></span> <span class='ocrx_word' id='word_1_200' title='bbox 1469 2215 1623 2286; x_wconf 90' lang='lat' dir='ltr'><strong>juste</strong></span> <span class='ocrx_word' id='word_1_201' title='bbox 1646 2215 1863 2286; x_wconf 91' lang='lat' dir='ltr'><strong>judicio</strong></span> 
     </span>
    </p>
   </div>
   <div class='ocr_carea' id='block_1_26' title="bbox 165 2299 921 2370">
    <p class='ocr_par' dir='ltr' id='par_1_26' title="bbox 165 2299 921 2370">
     <span class='ocr_line' id='line_1_26' title="bbox 165 2299 921 2370; baseline 0.001 -15"><span class='ocrx_word' id='word_1_202' title='bbox 165 2299 583 2370; x_wconf 87' lang='lat' dir='ltr'><strong>indignationis</strong></span> <span class='ocrx_word' id='word_1_203' title='bbox 611 2302 921 2359; x_wconf 80' lang='lat' dir='ltr'><strong>auferetur.</strong></span> 
     </span>
    </p>
   </div>
   <div class='ocr_carea' id='block_1_27' title="bbox 238 2388 1854 2463">
    <p class='ocr_par' dir='ltr' id='par_1_27' title="bbox 238 2388 1854 2463">
     <span class='ocr_line' id='line_1_27' title="bbox 238 2388 1854 2463; baseline 0.001 -18"><span class='ocrx_word' id='word_1_204' title='bbox 238 2388 409 2445; x_wconf 69' lang='lat' dir='ltr'><strong>Vens.</strong></span> <span class='ocrx_word' id='word_1_205' title='bbox 472 2393 646 2445; x_wconf 57' lang='grc' dir='ltr'><strong>12η-</strong></span> <span class='ocrx_word' id='word_1_206' title='bbox 706 2412 728 2439; x_wconf 85' lang='grc'><strong>‹</strong></span> <span class='ocrx_word' id='word_1_207' title='bbox 774 2392 1053 2463; x_wconf 86' lang='lat' dir='ltr'><strong>Colligata</strong></span> <span class='ocrx_word' id='word_1_208' title='bbox 1097 2392 1177 2449; x_wconf 86' lang='lat' dir='ltr'><strong>est</strong></span> <span class='ocrx_word' id='word_1_209' title='bbox 1242 2392 1517 2463; x_wconf 90' lang='lat' dir='ltr'><strong>iniquitas</strong></span> <span class='ocrx_word' id='word_1_210' title='bbox 1559 2391 1854 2462; x_wconf 87' lang='lat' dir='ltr'><strong>Ephraim,</strong></span> 
     </span>
    </p>
   </div>
   <div class='ocr_carea' id='block_1_28' title="bbox 165 2476 1862 2552">
    <p class='ocr_par' dir='ltr' id='par_1_28' title="bbox 165 2476 1862 2552">
     <span class='ocr_line' id='line_1_28' title="bbox 165 2476 1862 2552; baseline 0.004 -22"><span class='ocrx_word' id='word_1_211' title='bbox 165 2495 195 2525; x_wconf 77' lang='grc' dir='ltr'><strong>ιο</strong></span> <span class='ocrx_word' id='word_1_212' title='bbox 227 2476 631 2534; x_wconf 88' lang='lat' dir='ltr'><strong>absconditum</strong></span> <span class='ocrx_word' id='word_1_213' title='bbox 680 2488 975 2547; x_wconf 86' lang='lat' dir='ltr'><strong>peccatum</strong></span> <span class='ocrx_word' id='word_1_214' title='bbox 1018 2480 1164 2550; x_wconf 89' lang='lat' dir='ltr'><strong>ejus.</strong></span> <span class='ocrx_word' id='word_1_215' title='bbox 1214 2503 1235 2529; x_wconf 74' lang='grc' dir='ltr'><strong>ι</strong></span> <span class='ocrx_word' id='word_1_216' title='bbox 1290 2481 1575 2552; x_wconf 83' lang='lat' dir='ltr'><strong>Vulgares</strong></span> <span class='ocrx_word' id='word_1_217' title='bbox 1621 2481 1862 2551; x_wconf 87' lang='lat' dir='ltr'><strong>quilibet</strong></span> 
     </span>
    </p>
   </div>
   <div class='ocr_carea' id='block_1_29' title="bbox 166 2556 1857 2638">
    <p class='ocr_par' dir='ltr' id='par_1_29' title="bbox 166 2556 1857 2638">
     <span class='ocr_line' id='line_1_29' title="bbox 166 2556 1857 2638; baseline 0.004 -22"><span class='ocrx_word' id='word_1_218' title='bbox 166 2571 493 2631; x_wconf 81' lang='lat' dir='ltr'><strong>peccatores</strong></span> <span class='ocrx_word' id='word_1_219' title='bbox 538 2565 610 2619; x_wconf 86' lang='lat' dir='ltr'><strong>ad</strong></span> <span class='ocrx_word' id='word_1_220' title='bbox 659 2556 1297 2638; x_wconf 79' lang='lat' dir='ltr'><strong>confessionis&#39;gratiam</strong></span> <span class='ocrx_word' id='word_1_221' title='bbox 1328 2568 1595 2623; x_wconf 81' lang='lat' dir='ltr'><strong>facillime</strong></span> <span class='ocrx_word' id='word_1_222' title='bbox 1635 2576 1857 2637; x_wconf 82' lang='lat' dir='ltr'><strong>pertra-</strong></span> 
     </span>
    </p>
   </div>
   <div class='ocr_carea' id='block_1_30' title="bbox 166 2651 1860 2727">
    <p class='ocr_par' dir='ltr' id='par_1_30' title="bbox 166 2651 1860 2727">
     <span class='ocr_line' id='line_1_30' title="bbox 166 2651 1860 2727; baseline 0.004 -21"><span class='ocrx_word' id='word_1_223' title='bbox 166 2651 412 2717; x_wconf 87' lang='lat' dir='ltr'><strong>buntur,</strong></span> <span class='ocrx_word' id='word_1_224' title='bbox 445 2653 742 2723; x_wconf 89' lang='lat' dir='ltr'><strong>hypocrita</strong></span> <span class='ocrx_word' id='word_1_225' title='bbox 789 2655 886 2710; x_wconf 85' lang='lat' dir='ltr'><strong>vix</strong></span> <span class='ocrx_word' id='word_1_226' title='bbox 929 2663 1031 2711; x_wconf 90' lang='lat' dir='ltr'><strong>aut</strong></span> <span class='ocrx_word' id='word_1_227' title='bbox 1074 2669 1408 2726; x_wconf 86' lang='lat' dir='ltr'><strong>nunquam;</strong></span> <span class='ocrx_word' id='word_1_228' title='bbox 1456 2656 1597 2727; x_wconf 92' lang='lat' dir='ltr'><strong>quia</strong></span> <span class='ocrx_word' id='word_1_229' title='bbox 1638 2657 1737 2727; x_wconf 92' lang='lat' dir='ltr'><strong>qui</strong></span> <span class='ocrx_word' id='word_1_230' title='bbox 1787 2656 1860 2712; x_wconf 91' lang='lat' dir='ltr'><strong>ad</strong></span> 
     </span>
    </p>
   </div>
   <div class='ocr_carea' id='block_1_31' title="bbox 166 2738 1858 2809">
    <p class='ocr_par' dir='ltr' id='par_1_31' title="bbox 166 2738 1858 2809">
     <span class='ocr_line' id='line_1_31' title="bbox 166 2738 1858 2809; baseline 0.004 -15"><span class='ocrx_word' id='word_1_231' title='bbox 166 2738 276 2795; x_wconf 92' lang='lat' dir='ltr'><strong>hoc</strong></span> <span class='ocrx_word' id='word_1_232' title='bbox 319 2740 559 2809; x_wconf 87' lang='lat' dir='ltr'><strong>laborat,</strong></span> <span class='ocrx_word' id='word_1_233' title='bbox 602 2750 665 2797; x_wconf 92' lang='lat' dir='ltr'><strong>ut</strong></span> <span class='ocrx_word' id='word_1_234' title='bbox 705 2744 1021 2799; x_wconf 87' lang='lat' dir='ltr'><strong>sanctitatis</strong></span> <span class='ocrx_word' id='word_1_235' title='bbox 1058 2744 1290 2800; x_wconf 89' lang='lat' dir='ltr'><strong>nomine</strong></span> <span class='ocrx_word' id='word_1_236' title='bbox 1332 2745 1663 2809; x_wconf 89' lang='lat' dir='ltr'><strong>bonoretur,</strong></span> <span class='ocrx_word' id='word_1_237' title='bbox 1708 2759 1858 2800; x_wconf 89' lang='lat' dir='ltr'><strong>nun-</strong></span> 
     </span>
    </p>
   </div>
   <div class='ocr_carea' id='block_1_32' title="bbox 164 2825 1861 2897">
    <p class='ocr_par' dir='ltr' id='par_1_32' title="bbox 164 2825 1861 2897">
     <span class='ocr_line' id='line_1_32' title="bbox 164 2825 1861 2897; baseline 0.002 -19"><span class='ocrx_word' id='word_1_238' title='bbox 164 2837 345 2892; x_wconf 90' lang='lat' dir='ltr'><strong>quam</strong></span> <span class='ocrx_word' id='word_1_239' title='bbox 377 2825 448 2879; x_wconf 79' lang='lat' dir='ltr'><strong>ail</strong></span> <span class='ocrx_word' id='word_1_240' title='bbox 478 2826 582 2881; x_wconf 86' lang='lat' dir='ltr'><strong>hoc</strong></span> <span class='ocrx_word' id='word_1_241' title='bbox 610 2834 674 2882; x_wconf 92' lang='lat' dir='ltr'><strong>ut</strong></span> <span class='ocrx_word' id='word_1_242' title='bbox 717 2826 930 2883; x_wconf 70' lang='lat' dir='ltr'><strong>foedum</strong></span> <span class='ocrx_word' id='word_1_243' title='bbox 976 2827 1046 2883; x_wconf 91' lang='lat' dir='ltr'><strong>de</strong></span> <span class='ocrx_word' id='word_1_244' title='bbox 1086 2840 1147 2882; x_wconf 91' lang='lat' dir='ltr'><strong>se</strong></span> <span class='ocrx_word' id='word_1_245' title='bbox 1194 2826 1489 2897; x_wconf 89' lang='lat' dir='ltr'><strong>quidpiam</strong></span> <span class='ocrx_word' id='word_1_246' title='bbox 1520 2826 1861 2882; x_wconf 85' lang='lat' dir='ltr'><strong>conﬁteatur</strong></span> 
     </span>
    </p>
   </div>
   <div class='ocr_carea' id='block_1_33' title="bbox 164 2912 1860 2986">
    <p class='ocr_par' dir='ltr' id='par_1_33' title="bbox 164 2912 1860 2986">
     <span class='ocr_line' id='line_1_33' title="bbox 164 2912 1860 2986; baseline 0.002 -19"><span class='ocrx_word' id='word_1_247' title='bbox 164 2912 484 2969; x_wconf 88' lang='lat' dir='ltr'><strong>inducitur.</strong></span> <span class='ocrx_word' id='word_1_248' title='bbox 534 2916 811 2984; x_wconf 84' lang='lat' dir='ltr'><strong>Iniquitas</strong></span> <span class='ocrx_word' id='word_1_249' title='bbox 849 2929 988 2986; x_wconf 86' lang='lat' dir='ltr'><strong>ergo</strong></span> <span class='ocrx_word' id='word_1_250' title='bbox 1029 2915 1296 2984; x_wconf 81' lang='lat' dir='ltr'><strong>Ephraim</strong></span> <span class='ocrx_word' id='word_1_251' title='bbox 1342 2914 1669 2986; x_wconf 89' lang='lat' dir='ltr'><strong>colligatur,</strong></span> <span class='ocrx_word' id='word_1_252' title='bbox 1719 2915 1860 2985; x_wconf 91' lang='lat' dir='ltr'><strong>quia</strong></span> 
     </span>
    </p>
   </div>
   <div class='ocr_carea' id='block_1_34' title="bbox 163 3003 1861 3074">
    <p class='ocr_par' dir='ltr' id='par_1_34' title="bbox 163 3003 1861 3074">
     <span class='ocr_line' id='line_1_34' title="bbox 163 3003 1861 3074; baseline 0.002 -18"><span class='ocrx_word' id='word_1_253' title='bbox 163 3015 474 3071; x_wconf 88' lang='lat' dir='ltr'><strong>nunquam</strong></span> <span class='ocrx_word' id='word_1_254' title='bbox 502 3003 676 3059; x_wconf 91' lang='lat' dir='ltr'><strong>ullius</strong></span> <span class='ocrx_word' id='word_1_255' title='bbox 707 3004 971 3074; x_wconf 92' lang='lat' dir='ltr'><strong>puritatis</strong></span> <span class='ocrx_word' id='word_1_256' title='bbox 1011 3004 1241 3074; x_wconf 90' lang='lat' dir='ltr'><strong>eloquio</strong></span> <span class='ocrx_word' id='word_1_257' title='bbox 1272 3004 1345 3060; x_wconf 89' lang='lat' dir='ltr'><strong>ab</strong></span> <span class='ocrx_word' id='word_1_258' title='bbox 1364 3004 1648 3060; x_wconf 89' lang='lat' dir='ltr'><strong>obstinato</strong></span> <span class='ocrx_word' id='word_1_259' title='bbox 1691 3003 1861 3060; x_wconf 89' lang='lat' dir='ltr'><strong>corde</strong></span> 
     </span>
    </p>
   </div>
   <div class='ocr_carea' id='block_1_35' title="bbox 163 3089 1860 3163">
    <p class='ocr_par' dir='ltr' id='par_1_35' title="bbox 163 3089 1860 3163">
     <span class='ocr_line' id='line_1_35' title="bbox 163 3089 1860 3163; baseline 0.002 -18"><span class='ocrx_word' id='word_1_260' title='bbox 163 3089 495 3146; x_wconf 84' lang='lat' dir='ltr'><strong>resolvitur.</strong></span> <span class='ocrx_word' id='word_1_261' title='bbox 562 3094 841 3147; x_wconf 85' lang='lat' dir='ltr'><strong>Peccatum</strong></span> <span class='ocrx_word' id='word_1_262' title='bbox 894 3092 1050 3148; x_wconf 90' lang='lat' dir='ltr'><strong>illius</strong></span> <span class='ocrx_word' id='word_1_263' title='bbox 1116 3092 1510 3161; x_wconf 85' lang='lat' dir='ltr'><strong>absconditur,</strong></span> <span class='ocrx_word' id='word_1_264' title='bbox 1571 3094 1710 3163; x_wconf 88' lang='lat' dir='ltr'><strong>quia</strong></span> <span class='ocrx_word' id='word_1_265' title='bbox 1763 3092 1860 3149; x_wconf 87' lang='lat' dir='ltr'><strong>via</strong></span> 
     </span>
    </p>
   </div>
   <div class='ocr_carea' id='block_1_36' title="bbox 160 3177 1857 3252">
    <p class='ocr_par' dir='ltr' id='par_1_36' title="bbox 160 3177 1857 3252">
     <span class='ocr_line' id='line_1_36' title="bbox 160 3177 1857 3252; baseline 0.002 -18"><span class='ocrx_word' id='word_1_266' title='bbox 160 3177 292 3248; x_wconf 89' lang='lat' dir='ltr'><strong>ejus</strong></span> <span class='ocrx_word' id='word_1_267' title='bbox 323 3180 558 3236; x_wconf 89' lang='lat' dir='ltr'><strong>minime</strong></span> <span class='ocrx_word' id='word_1_268' title='bbox 585 3181 695 3236; x_wconf 90' lang='lat' dir='ltr'><strong>Deo</strong></span> <span class='ocrx_word' id='word_1_269' title='bbox 725 3181 1031 3247; x_wconf 88' lang='lat' dir='ltr'><strong>revelatur,</strong></span> <span class='ocrx_word' id='word_1_270' title='bbox 1064 3180 1276 3251; x_wconf 90' lang='lat' dir='ltr'><strong>quippe</strong></span> <span class='ocrx_word' id='word_1_271' title='bbox 1305 3193 1340 3235; x_wconf 91' lang='lat' dir='ltr'><strong>a</strong></span> <span class='ocrx_word' id='word_1_272' title='bbox 1368 3194 1485 3252; x_wconf 91' lang='lat' dir='ltr'><strong>quo</strong></span> <span class='ocrx_word' id='word_1_273' title='bbox 1518 3180 1660 3236; x_wconf 88' lang='lat' dir='ltr'><strong>nihil</strong></span> <span class='ocrx_word' id='word_1_274' title='bbox 1694 3195 1857 3251; x_wconf 92' lang='lat' dir='ltr'><strong>pror-</strong></span> 
     </span>
    </p>
   </div>
   <div class='ocr_carea' id='block_1_37' title="bbox 162 3265 1219 3336">
    <p class='ocr_par' dir='ltr' id='par_1_37' title="bbox 162 3265 1219 3336">
     <span class='ocr_line' id='line_1_37' title="bbox 162 3265 1219 3336; baseline 0 -16"><span class='ocrx_word' id='word_1_275' title='bbox 162 3278 289 3329; x_wconf 90' lang='lat' dir='ltr'><strong>sus,</strong></span> <span class='ocrx_word' id='word_1_276' title='bbox 319 3265 415 3320; x_wconf 89' lang='lat' dir='ltr'><strong>sed</strong></span> <span class='ocrx_word' id='word_1_277' title='bbox 446 3280 481 3320; x_wconf 92' lang='lat' dir='ltr'><strong>a</strong></span> <span class='ocrx_word' id='word_1_278' title='bbox 508 3266 627 3322; x_wconf 91' lang='lat' dir='ltr'><strong>solo</strong></span> <span class='ocrx_word' id='word_1_279' title='bbox 658 3267 874 3323; x_wconf 88' lang='lat' dir='ltr'><strong>mundo</strong></span> <span class='ocrx_word' id='word_1_280' title='bbox 898 3274 1219 3336; x_wconf 86' lang='lat' dir='ltr'><strong>separatur.</strong></span> 
     </span>
    </p>
   </div>
   <div class='ocr_carea' id='block_1_38' title="bbox 235 3353 1856 3425">
    <p class='ocr_par' dir='ltr' id='par_1_38' title="bbox 235 3353 1856 3425">
     <span class='ocr_line' id='line_1_38' title="bbox 235 3353 1856 3425; baseline 0.001 -16"><span class='ocrx_word' id='word_1_281' title='bbox 235 3353 411 3410; x_wconf 76' lang='lat' dir='ltr'><strong>VERS.</strong></span> <span class='ocrx_word' id='word_1_282' title='bbox 478 3358 561 3409; x_wconf 86' lang='lat' dir='ltr'><strong>l3.</strong></span> <span class='ocrx_word' id='word_1_283' title='bbox 606 3386 671 3395; x_wconf 85' lang='lat'><strong>--</strong></span> <span class='ocrx_word' id='word_1_284' title='bbox 715 3378 735 3404; x_wconf 72' lang='grc' dir='ltr'><strong>ε</strong></span> <span class='ocrx_word' id='word_1_285' title='bbox 789 3355 1019 3411; x_wconf 89' lang='lat' dir='ltr'><strong>Dolores</strong></span> <span class='ocrx_word' id='word_1_286' title='bbox 1067 3355 1439 3425; x_wconf 88' lang='lat' dir='ltr'><strong>parturientis</strong></span> <span class='ocrx_word' id='word_1_287' title='bbox 1501 3355 1731 3412; x_wconf 88' lang='lat' dir='ltr'><strong>venient</strong></span> <span class='ocrx_word' id='word_1_288' title='bbox 1775 3356 1856 3422; x_wconf 89' lang='lat' dir='ltr'><strong>ei;</strong></span> 
     </span>
    </p>
   </div>
   <div class='ocr_carea' id='block_1_39' title="bbox 168 3438 1861 3512">
    <p class='ocr_par' dir='ltr' id='par_1_39' title="bbox 168 3438 1861 3512">
     <span class='ocr_line' id='line_1_39' title="bbox 168 3438 1861 3512; baseline 0.002 -19"><span class='ocrx_word' id='word_1_289' title='bbox 168 3459 189 3486; x_wconf 80' lang='grc' dir='ltr'><strong>ι</strong></span> <span class='ocrx_word' id='word_1_290' title='bbox 226 3438 346 3508; x_wconf 91' lang='lat' dir='ltr'><strong>ipse</strong></span> <span class='ocrx_word' id='word_1_291' title='bbox 409 3440 561 3497; x_wconf 80' lang='lat' dir='ltr'><strong>filius</strong></span> <span class='ocrx_word' id='word_1_292' title='bbox 617 3455 733 3496; x_wconf 93' lang='lat' dir='ltr'><strong>non</strong></span> <span class='ocrx_word' id='word_1_293' title='bbox 780 3440 1026 3510; x_wconf 88' lang='lat' dir='ltr'><strong>sapiens.</strong></span> <span class='ocrx_word' id='word_1_294' title='bbox 1077 3464 1097 3490; x_wconf 78' lang='grc' dir='ltr'><strong><em>ι</em></strong></span> <span class='ocrx_word' id='word_1_295' title='bbox 1154 3444 1366 3497; x_wconf 88' lang='lat' dir='ltr'><strong>Dolores</strong></span> <span class='ocrx_word' id='word_1_296' title='bbox 1400 3445 1763 3512; x_wconf 79' lang='lat' dir='ltr'><strong>parturientis</strong></span> <span class='ocrx_word' id='word_1_297' title='bbox 1811 3445 1861 3497; x_wconf 87' lang='lat' dir='ltr'><strong>ei</strong></span> 
     </span>
    </p>
   </div>
   <div class='ocr_carea' id='block_1_40' title="bbox 164 3528 1859 3596">
    <p class='ocr_par' dir='ltr' id='par_1_40' title="bbox 164 3528 1859 3596">
     <span class='ocr_line' id='line_1_40' title="bbox 164 3528 1859 3596; baseline 0.002 -14"><span class='ocrx_word' id='word_1_298' title='bbox 164 3528 431 3596; x_wconf 88' lang='lat' dir='ltr'><strong>veniunt,</strong></span> <span class='ocrx_word' id='word_1_299' title='bbox 474 3544 603 3585; x_wconf 93' lang='lat' dir='ltr'><strong>cum</strong></span> <span class='ocrx_word' id='word_1_300' title='bbox 634 3530 978 3586; x_wconf 63' lang='lat' dir='ltr'><strong>acutissima:</strong></span> <span class='ocrx_word' id='word_1_301' title='bbox 1020 3530 1373 3587; x_wconf 89' lang='lat' dir='ltr'><strong>titillationes</strong></span> <span class='ocrx_word' id='word_1_302' title='bbox 1410 3531 1601 3586; x_wconf 91' lang='lat' dir='ltr'><strong>carnis</strong></span> <span class='ocrx_word' id='word_1_303' title='bbox 1628 3539 1859 3587; x_wconf 88' lang='lat' dir='ltr'><strong>uterum</strong></span> 
     </span>
    </p>
   </div>
   <div class='ocr_carea' id='block_1_41' title="bbox 163 3617 1860 3689">
    <p class='ocr_par' dir='ltr' id='par_1_41' title="bbox 163 3617 1860 3689">
     <span class='ocr_line' id='line_1_41' title="bbox 163 3617 1860 3689; baseline 0.002 -19"><span class='ocrx_word' id='word_1_304' title='bbox 163 3618 376 3672; x_wconf 89' lang='lat' dir='ltr'><strong>mentis</strong></span> <span class='ocrx_word' id='word_1_305' title='bbox 401 3617 529 3688; x_wconf 91' lang='lat' dir='ltr'><strong>ejus</strong></span> <span class='ocrx_word' id='word_1_306' title='bbox 550 3618 923 3687; x_wconf 89' lang='lat' dir='ltr'><strong>abrumpunt.</strong></span> <span class='ocrx_word' id='word_1_307' title='bbox 959 3617 1064 3675; x_wconf 92' lang='lat' dir='ltr'><strong>Sed</strong></span> <span class='ocrx_word' id='word_1_308' title='bbox 1096 3618 1246 3675; x_wconf 93' lang='lat' dir='ltr'><strong>inter</strong></span> <span class='ocrx_word' id='word_1_309' title='bbox 1283 3620 1406 3675; x_wconf 79' lang='lat' dir='ltr'><strong>haec</strong></span> <span class='ocrx_word' id='word_1_310' title='bbox 1433 3621 1550 3689; x_wconf 84' lang='lat' dir='ltr'><strong>ipse</strong></span> <span class='ocrx_word' id='word_1_311' title='bbox 1574 3619 1727 3689; x_wconf 80' lang='lat' dir='ltr'><strong>ﬁlius</strong></span> <span class='ocrx_word' id='word_1_312' title='bbox 1756 3635 1860 3673; x_wconf 89' lang='lat' dir='ltr'><strong>non</strong></span> 
     </span>
    </p>
   </div>
   <div class='ocr_carea' id='block_1_42' title="bbox 160 3706 1858 3778">
    <p class='ocr_par' dir='ltr' id='par_1_42' title="bbox 160 3706 1858 3778">
     <span class='ocr_line' id='line_1_42' title="bbox 160 3706 1858 3778; baseline 0.002 -19"><span class='ocrx_word' id='word_1_313' title='bbox 160 3706 386 3773; x_wconf 76' lang='lat' dir='ltr'><strong>sapiens</strong></span> <span class='ocrx_word' id='word_1_314' title='bbox 413 3713 516 3772; x_wconf 91' lang='lat' dir='ltr'><strong>est,</strong></span> <span class='ocrx_word' id='word_1_315' title='bbox 557 3706 696 3776; x_wconf 89' lang='lat' dir='ltr'><strong>quia</strong></span> <span class='ocrx_word' id='word_1_316' title='bbox 738 3721 870 3763; x_wconf 91' lang='lat' dir='ltr'><strong>cum</strong></span> <span class='ocrx_word' id='word_1_317' title='bbox 913 3707 1092 3763; x_wconf 84' lang='lat' dir='ltr'><strong>ﬁlium</strong></span> <span class='ocrx_word' id='word_1_318' title='bbox 1138 3708 1237 3764; x_wconf 92' lang='lat' dir='ltr'><strong>Dei</strong></span> <span class='ocrx_word' id='word_1_319' title='bbox 1277 3722 1336 3763; x_wconf 90' lang='lat' dir='ltr'><strong>se</strong></span> <span class='ocrx_word' id='word_1_320' title='bbox 1380 3707 1557 3778; x_wconf 87' lang='lat' dir='ltr'><strong>vulgo</strong></span> <span class='ocrx_word' id='word_1_321' title='bbox 1594 3708 1858 3764; x_wconf 90' lang='lat' dir='ltr'><strong>cantitari</strong></span> 
     </span>
    </p>
   </div>
   <div class='ocr_carea' id='block_1_43' title="bbox 162 3792 1860 3866">
    <p class='ocr_par' dir='ltr' id='par_1_43' title="bbox 162 3792 1860 3866">
     <span class='ocr_line' id='line_1_43' title="bbox 162 3792 1860 3866; baseline 0.002 -19"><span class='ocrx_word' id='word_1_322' title='bbox 162 3792 440 3863; x_wconf 82' lang='lat' dir='ltr'><strong>gaudeat,</strong></span> <span class='ocrx_word' id='word_1_323' title='bbox 487 3795 603 3862; x_wconf 85' lang='lat' dir='ltr'><strong>ipse</strong></span> <span class='ocrx_word' id='word_1_324' title='bbox 662 3802 851 3850; x_wconf 91' lang='lat' dir='ltr'><strong>tamen</strong></span> <span class='ocrx_word' id='word_1_325' title='bbox 903 3810 1010 3849; x_wconf 90' lang='lat' dir='ltr'><strong>non</strong></span> <span class='ocrx_word' id='word_1_326' title='bbox 1066 3797 1289 3865; x_wconf 80' lang='lat' dir='ltr'><strong>sapiens</strong></span> <span class='ocrx_word' id='word_1_327' title='bbox 1346 3804 1448 3863; x_wconf 91' lang='lat' dir='ltr'><strong>est,</strong></span> <span class='ocrx_word' id='word_1_328' title='bbox 1502 3795 1641 3866; x_wconf 89' lang='lat' dir='ltr'><strong>quia</strong></span> <span class='ocrx_word' id='word_1_329' title='bbox 1681 3796 1860 3851; x_wconf 90' lang='lat' dir='ltr'><strong>Deum</strong></span> 
     </span>
    </p>
   </div>
   <div class='ocr_carea' id='block_1_44' title="bbox 162 3880 1860 3954">
    <p class='ocr_par' dir='ltr' id='par_1_44' title="bbox 162 3880 1860 3954">
     <span class='ocr_line' id='line_1_44' title="bbox 162 3880 1860 3954; baseline 0.001 -18"><span class='ocrx_word' id='word_1_330' title='bbox 162 3880 395 3936; x_wconf 87' lang='lat' dir='ltr'><strong>Patrem</strong></span> <span class='ocrx_word' id='word_1_331' title='bbox 438 3882 495 3936; x_wconf 94' lang='lat' dir='ltr'><strong>in</strong></span> <span class='ocrx_word' id='word_1_332' title='bbox 538 3882 653 3939; x_wconf 91' lang='lat' dir='ltr'><strong>ullo</strong></span> <span class='ocrx_word' id='word_1_333' title='bbox 694 3884 964 3939; x_wconf 72' lang='lat' dir='ltr'><strong>laetiﬁcat.</strong></span> <span class='ocrx_word' id='word_1_334' title='bbox 1005 3884 1184 3940; x_wconf 88' lang='lat' dir='ltr'><strong>Filius</strong></span> <span class='ocrx_word' id='word_1_335' title='bbox 1227 3885 1377 3939; x_wconf 91' lang='lat' dir='ltr'><strong>enim</strong></span> <span class='ocrx_word' id='word_1_336' title='bbox 1413 3886 1660 3954; x_wconf 88' lang='lat' dir='ltr'><strong>sapiens,</strong></span> <span class='ocrx_word' id='word_1_337' title='bbox 1688 3885 1860 3953; x_wconf 84' lang='lat' dir='ltr'><strong>juxta</strong></span> 
     </span>
    </p>
   </div>
   <div class='ocr_carea' id='block_1_45' title="bbox 161 3969 1860 4043">
    <p class='ocr_par' dir='ltr' id='par_1_45' title="bbox 161 3969 1860 4043">
     <span class='ocr_line' id='line_1_45' title="bbox 161 3969 1860 4043; baseline 0.002 -19"><span class='ocrx_word' id='word_1_338' title='bbox 161 3969 547 4038; x_wconf 88' lang='lat' dir='ltr'><strong>Salomonem,</strong></span> <span class='ocrx_word' id='word_1_339' title='bbox 597 3972 848 4029; x_wconf 65' lang='lat' dir='ltr'><strong>letificat</strong></span> <span class='ocrx_word' id='word_1_340' title='bbox 902 3981 1120 4042; x_wconf 87' lang='lat' dir='ltr'><strong>patrem</strong></span> <span class='ocrx_word' id='word_1_341' title='bbox 1172 3974 1348 4043; x_wconf 85' lang='lat' dir='ltr'><strong>(Prov.</strong></span> <span class='ocrx_word' id='word_1_342' title='bbox 1397 3988 1453 4040; x_wconf 84' lang='lat' dir='ltr'><strong>x,</strong></span> <span class='ocrx_word' id='word_1_343' title='bbox 1502 3976 1571 4041; x_wconf 90' lang='grc'><strong>1).</strong></span> <span class='ocrx_word' id='word_1_344' title='bbox 1617 3993 1645 4024; x_wconf 78' lang='grc' dir='ltr'><strong><em>α</em></strong></span> <span class='ocrx_word' id='word_1_345' title='bbox 1693 3973 1860 4029; x_wconf 92' lang='lat' dir='ltr'><strong>Nunc</strong></span> 
     </span>
    </p>
   </div>
   <div class='ocr_carea' id='block_1_46' title="bbox 165 4061 1857 4130">
    <p class='ocr_par' dir='ltr' id='par_1_46' title="bbox 165 4061 1857 4130">
     <span class='ocr_line' id='line_1_46' title="bbox 165 4061 1857 4130; baseline 0.002 -17"><span class='ocrx_word' id='word_1_346' title='bbox 165 4079 189 4106; x_wconf 77' lang='grc' dir='ltr'><strong><em>ι</em></strong></span> <span class='ocrx_word' id='word_1_347' title='bbox 221 4062 380 4113; x_wconf 89' lang='lat' dir='ltr'><strong>enim</strong></span> <span class='ocrx_word' id='word_1_348' title='bbox 406 4073 522 4115; x_wconf 92' lang='lat' dir='ltr'><strong>non</strong></span> <span class='ocrx_word' id='word_1_349' title='bbox 550 4061 723 4116; x_wconf 88' lang='lat' dir='ltr'><strong>stabit</strong></span> <span class='ocrx_word' id='word_1_350' title='bbox 749 4061 807 4116; x_wconf 90' lang='lat' dir='ltr'><strong>in</strong></span> <span class='ocrx_word' id='word_1_351' title='bbox 854 4062 1193 4118; x_wconf 89' lang='lat' dir='ltr'><strong>contritione</strong></span> <span class='ocrx_word' id='word_1_352' title='bbox 1222 4062 1492 4117; x_wconf 81' lang='lat' dir='ltr'><strong>filiorum.</strong></span> <span class='ocrx_word' id='word_1_353' title='bbox 1529 4063 1716 4130; x_wconf 71' lang='lat' dir='ltr'><strong>(Vens.</strong></span> <span class='ocrx_word' id='word_1_354' title='bbox 1757 4063 1857 4129; x_wconf 67' lang='grc'><strong>14.)</strong></span> 
     </span>
    </p>
   </div>
   <div class='ocr_carea' id='block_1_47' title="bbox 168 4146 1858 4217">
    <p class='ocr_par' dir='ltr' id='par_1_47' title="bbox 168 4146 1858 4217">
     <span class='ocr_line' id='line_1_47' title="bbox 168 4146 1858 4217; baseline 0.004 -18"><span class='ocrx_word' id='word_1_355' title='bbox 168 4167 189 4192; x_wconf 77' lang='grc' dir='ltr'><strong><em>ι</em></strong></span> <span class='ocrx_word' id='word_1_356' title='bbox 226 4146 304 4202; x_wconf 84' lang='lat' dir='ltr'><strong>De</strong></span> <span class='ocrx_word' id='word_1_357' title='bbox 334 4160 513 4202; x_wconf 88' lang='lat' dir='ltr'><strong>manu</strong></span> <span class='ocrx_word' id='word_1_358' title='bbox 544 4149 738 4204; x_wconf 90' lang='lat' dir='ltr'><strong>mortis</strong></span> <span class='ocrx_word' id='word_1_359' title='bbox 786 4149 1040 4206; x_wconf 88' lang='lat' dir='ltr'><strong>liberabo</strong></span> <span class='ocrx_word' id='word_1_360' title='bbox 1086 4164 1199 4217; x_wconf 90' lang='lat' dir='ltr'><strong>eos,</strong></span> <span class='ocrx_word' id='word_1_361' title='bbox 1241 4150 1310 4206; x_wconf 90' lang='lat' dir='ltr'><strong>de</strong></span> <span class='ocrx_word' id='word_1_362' title='bbox 1360 4158 1540 4205; x_wconf 89' lang='lat' dir='ltr'><strong>morte</strong></span> <span class='ocrx_word' id='word_1_363' title='bbox 1581 4151 1858 4206; x_wconf 89' lang='lat' dir='ltr'><strong>redimam</strong></span> 
     </span>
    </p>
   </div>
   <div class='ocr_carea' id='block_1_48' title="bbox 165 4236 1855 4309">
    <p class='ocr_par' dir='ltr' id='par_1_48' title="bbox 165 4236 1855 4309">
     <span class='ocr_line' id='line_1_48' title="bbox 165 4236 1855 4309; baseline 0.002 -18"><span class='ocrx_word' id='word_1_364' title='bbox 165 4255 188 4282; x_wconf 73' lang='grc' dir='ltr'>ι</span> <span class='ocrx_word' id='word_1_365' title='bbox 221 4248 337 4291; x_wconf 89' lang='lat' dir='ltr'><strong>eos.</strong></span> <span class='ocrx_word' id='word_1_366' title='bbox 376 4256 396 4283; x_wconf 80' lang='grc' dir='ltr'><strong><em>ι</em></strong></span> <span class='ocrx_word' id='word_1_367' title='bbox 435 4237 608 4301; x_wconf 82' lang='lat' dir='ltr'><strong>Nunc,</strong></span> <span class='ocrx_word' id='word_1_368' title='bbox 652 4236 705 4292; x_wconf 91' lang='lat' dir='ltr'><strong>id</strong></span> <span class='ocrx_word' id='word_1_369' title='bbox 751 4245 855 4304; x_wconf 90' lang='lat' dir='ltr'><strong>est,</strong></span> <span class='ocrx_word' id='word_1_370' title='bbox 894 4239 951 4294; x_wconf 92' lang='lat' dir='ltr'><strong>in</strong></span> <span class='ocrx_word' id='word_1_371' title='bbox 1001 4239 1283 4307; x_wconf 62' lang='lat' dir='ltr'><strong>praesenti,</strong></span> <span class='ocrx_word' id='word_1_372' title='bbox 1332 4238 1595 4309; x_wconf 89' lang='lat' dir='ltr'><strong>quandiu</strong></span> <span class='ocrx_word' id='word_1_373' title='bbox 1642 4238 1855 4295; x_wconf 81' lang='lat' dir='ltr'><strong>scilicet</strong></span> 
     </span>
    </p>
   </div>
   <div class='ocr_carea' id='block_1_49' title="bbox 162 4320 1861 4396">
    <p class='ocr_par' dir='ltr' id='par_1_49' title="bbox 162 4320 1861 4396">
     <span class='ocr_line' id='line_1_49' title="bbox 162 4320 1861 4396; baseline 0.003 -19"><span class='ocrx_word' id='word_1_374' title='bbox 162 4321 335 4378; x_wconf 88' lang='lat' dir='ltr'><strong>hodie</strong></span> <span class='ocrx_word' id='word_1_375' title='bbox 377 4320 606 4391; x_wconf 87' lang='lat' dir='ltr'><strong>dicitur,</strong></span> <span class='ocrx_word' id='word_1_376' title='bbox 655 4326 715 4379; x_wconf 87' lang='lat' dir='ltr'><strong>in</strong></span> <span class='ocrx_word' id='word_1_377' title='bbox 758 4328 1075 4380; x_wconf 74' lang='lat' dir='ltr'><strong>contritione</strong></span> <span class='ocrx_word' id='word_1_378' title='bbox 1113 4327 1364 4396; x_wconf 79' lang='lat' dir='ltr'><strong>ﬁliorum</strong></span> <span class='ocrx_word' id='word_1_379' title='bbox 1404 4343 1509 4381; x_wconf 89' lang='lat' dir='ltr'><strong>non</strong></span> <span class='ocrx_word' id='word_1_380' title='bbox 1557 4333 1687 4392; x_wconf 90' lang='lat' dir='ltr'><strong>stat,</strong></span> <span class='ocrx_word' id='word_1_381' title='bbox 1721 4327 1861 4396; x_wconf 84' lang='lat' dir='ltr'><strong>quia</strong></span> 
     </span>
    </p>
   </div>
   <div class='ocr_carea' id='block_1_50' title="bbox 159 4411 1859 4476">
    <p class='ocr_par' dir='ltr' id='par_1_50' title="bbox 159 4411 1859 4476">
     <span class='ocr_line' id='line_1_50' title="bbox 159 4411 1859 4476; baseline 0.002 -9"><span class='ocrx_word' id='word_1_382' title='bbox 159 4424 259 4467; x_wconf 87' lang='lat' dir='ltr'><strong>eos</strong></span> <span class='ocrx_word' id='word_1_383' title='bbox 309 4411 607 4476; x_wconf 84' lang='lat' dir='ltr'><strong>Dominus,</strong></span> <span class='ocrx_word' id='word_1_384' title='bbox 656 4428 788 4469; x_wconf 90' lang='lat' dir='ltr'><strong>cum</strong></span> <span class='ocrx_word' id='word_1_385' title='bbox 847 4414 903 4469; x_wconf 90' lang='lat' dir='ltr'><strong>in</strong></span> <span class='ocrx_word' id='word_1_386' title='bbox 956 4414 1148 4471; x_wconf 91' lang='lat' dir='ltr'><strong>labore</strong></span> <span class='ocrx_word' id='word_1_387' title='bbox 1217 4414 1515 4470; x_wconf 90' lang='lat' dir='ltr'><strong>hominum</strong></span> <span class='ocrx_word' id='word_1_388' title='bbox 1577 4429 1691 4470; x_wconf 91' lang='lat' dir='ltr'><strong>non</strong></span> <span class='ocrx_word' id='word_1_389' title='bbox 1747 4414 1859 4470; x_wconf 90' lang='lat' dir='ltr'><strong>sint</strong></span> 
     </span>
    </p>
   </div>
   <div class='ocr_carea' id='block_1_51' title="bbox 163 4501 1858 4573">
    <p class='ocr_par' dir='ltr' id='par_1_51' title="bbox 163 4501 1858 4573">
     <span class='ocr_line' id='line_1_51' title="bbox 163 4501 1858 4573; baseline 0.002 -18"><span class='ocrx_word' id='word_1_390' title='bbox 163 4501 339 4568; x_wconf 78' lang='lat' dir='ltr'><strong>(Psal.</strong></span> <span class='ocrx_word' id='word_1_391' title='bbox 386 4514 560 4568; x_wconf 80' lang='lat' dir='ltr'><strong>Lxxu,</strong></span> <span class='ocrx_word' id='word_1_392' title='bbox 619 4502 693 4571; x_wconf 87' lang='lat'><strong>5),</strong></span> <span class='ocrx_word' id='word_1_393' title='bbox 740 4517 871 4558; x_wconf 88' lang='lat' dir='ltr'><strong>cum</strong></span> <span class='ocrx_word' id='word_1_394' title='bbox 924 4503 1275 4571; x_wconf 91' lang='lat' dir='ltr'><strong>hominibus,</strong></span> <span class='ocrx_word' id='word_1_395' title='bbox 1309 4511 1503 4573; x_wconf 86' lang='lat' dir='ltr'><strong>utpote</strong></span> <span class='ocrx_word' id='word_1_396' title='bbox 1556 4518 1701 4573; x_wconf 91' lang='lat' dir='ltr'><strong>quos</strong></span> <span class='ocrx_word' id='word_1_397' title='bbox 1745 4517 1858 4559; x_wconf 91' lang='lat' dir='ltr'><strong>non</strong></span> 
     </span>
    </p>
   </div>
   <div class='ocr_carea' id='block_1_52' title="bbox 161 4587 1860 4663">
    <p class='ocr_par' dir='ltr' id='par_1_52' title="bbox 161 4587 1860 4663">
     <span class='ocr_line' id='line_1_52' title="bbox 161 4587 1860 4663; baseline 0.004 -21"><span class='ocrx_word' id='word_1_398' title='bbox 161 4587 388 4658; x_wconf 89' lang='lat' dir='ltr'><strong>recipit,</strong></span> <span class='ocrx_word' id='word_1_399' title='bbox 435 4597 499 4645; x_wconf 90' lang='lat' dir='ltr'><strong>ut</strong></span> <span class='ocrx_word' id='word_1_400' title='bbox 548 4589 692 4646; x_wconf 87' lang='lat' dir='ltr'><strong>tilios</strong></span> <span class='ocrx_word' id='word_1_401' title='bbox 737 4606 851 4648; x_wconf 91' lang='lat' dir='ltr'><strong>non</strong></span> <span class='ocrx_word' id='word_1_402' title='bbox 899 4591 1149 4662; x_wconf 85' lang='lat' dir='ltr'><strong>ﬂagellat</strong></span> <span class='ocrx_word' id='word_1_403' title='bbox 1197 4592 1378 4663; x_wconf 84' lang='lat' dir='ltr'><strong>(Hebr.</strong></span> <span class='ocrx_word' id='word_1_404' title='bbox 1423 4607 1521 4654; x_wconf 83' lang='lat' dir='ltr'><strong>xu.</strong></span> <span class='ocrx_word' id='word_1_405' title='bbox 1573 4592 1648 4662; x_wconf 88' lang='lat'><strong>6).</strong></span> <span class='ocrx_word' id='word_1_406' title='bbox 1690 4592 1860 4649; x_wconf 90' lang='lat' dir='ltr'><strong>Filios</strong></span> 
     </span>
    </p>
   </div>
   <div class='ocr_carea' id='block_1_53' title="bbox 158 4675 1855 4750">
    <p class='ocr_par' dir='ltr' id='par_1_53' title="bbox 158 4675 1855 4750">
     <span class='ocr_line' id='line_1_53' title="bbox 158 4675 1855 4750; baseline 0.004 -20"><span class='ocrx_word' id='word_1_407' title='bbox 158 4675 316 4731; x_wconf 89' lang='lat' dir='ltr'><strong>enim</strong></span> <span class='ocrx_word' id='word_1_408' title='bbox 359 4676 419 4731; x_wconf 90' lang='lat' dir='ltr'><strong>in</strong></span> <span class='ocrx_word' id='word_1_409' title='bbox 459 4676 563 4732; x_wconf 92' lang='lat' dir='ltr'><strong>hoc</strong></span> <span class='ocrx_word' id='word_1_410' title='bbox 604 4680 821 4734; x_wconf 78' lang='lat' dir='ltr'><strong>mundo</strong></span> <span class='ocrx_word' id='word_1_411' title='bbox 873 4680 1134 4749; x_wconf 91' lang='lat' dir='ltr'><strong>conterit,</strong></span> <span class='ocrx_word' id='word_1_412' title='bbox 1175 4695 1322 4750; x_wconf 90' lang='lat' dir='ltr'><strong>quos</strong></span> <span class='ocrx_word' id='word_1_413' title='bbox 1371 4680 1441 4735; x_wconf 91' lang='lat' dir='ltr'><strong>ad</strong></span> <span class='ocrx_word' id='word_1_414' title='bbox 1481 4682 1855 4738; x_wconf 61' lang='lat' dir='ltr'><strong>aeternitatem</strong></span> 
     </span>
    </p>
   </div>
   <div class='ocr_carea' id='block_1_54' title="bbox 158 4763 1859 4840">
    <p class='ocr_par' dir='ltr' id='par_1_54' title="bbox 158 4763 1859 4840">
     <span class='ocr_line' id='line_1_54' title="bbox 158 4763 1859 4840; baseline 0.004 -21"><span class='ocrx_word' id='word_1_415' title='bbox 158 4763 550 4832; x_wconf 80' lang='lat' dir='ltr'><strong>subrigendos</strong></span> <span class='ocrx_word' id='word_1_416' title='bbox 573 4766 759 4838; x_wconf 86' lang='lat' dir='ltr'><strong>elegit.</strong></span> <span class='ocrx_word' id='word_1_417' title='bbox 797 4768 909 4823; x_wconf 84' lang='lat' dir='ltr'><strong>Hos</strong></span> <span class='ocrx_word' id='word_1_418' title='bbox 938 4770 1004 4824; x_wconf 80' lang='lat' dir='ltr'><strong>de</strong></span> <span class='ocrx_word' id='word_1_419' title='bbox 1036 4785 1203 4823; x_wconf 85' lang='lat' dir='ltr'><strong>manu</strong></span> <span class='ocrx_word' id='word_1_420' title='bbox 1236 4771 1424 4823; x_wconf 84' lang='lat' dir='ltr'><strong>mortis</strong></span> <span class='ocrx_word' id='word_1_421' title='bbox 1458 4769 1678 4836; x_wconf 88' lang='lat' dir='ltr'><strong>liberat,</strong></span> <span class='ocrx_word' id='word_1_422' title='bbox 1714 4784 1859 4840; x_wconf 87' lang='lat' dir='ltr'><strong>quos</strong></span> 
     </span>
    </p>
   </div>
   <div class='ocr_carea' id='block_1_55' title="bbox 157 4853 1856 4926">
    <p class='ocr_par' dir='ltr' id='par_1_55' title="bbox 157 4853 1856 4926">
     <span class='ocr_line' id='line_1_55' title="bbox 157 4853 1856 4926; baseline 0.004 -18"><span class='ocrx_word' id='word_1_423' title='bbox 157 4853 227 4908; x_wconf 89' lang='lat' dir='ltr'><strong>de</strong></span> <span class='ocrx_word' id='word_1_424' title='bbox 287 4854 709 4923; x_wconf 87' lang='lat' dir='ltr'><strong>perpetratione</strong></span> <span class='ocrx_word' id='word_1_425' title='bbox 759 4856 971 4926; x_wconf 88' lang='lat' dir='ltr'><strong>peccati</strong></span> <span class='ocrx_word' id='word_1_426' title='bbox 1020 4872 1178 4913; x_wconf 90' lang='lat' dir='ltr'><strong>nunc</strong></span> <span class='ocrx_word' id='word_1_427' title='bbox 1231 4858 1435 4913; x_wconf 90' lang='lat' dir='ltr'><strong>salvat.</strong></span> <span class='ocrx_word' id='word_1_428' title='bbox 1496 4880 1517 4907; x_wconf 71' lang='grc' dir='ltr'>ι</span> <span class='ocrx_word' id='word_1_429' title='bbox 1555 4857 1856 4914; x_wconf 88' lang='lat' dir='ltr'><strong>Peccatum</strong></span> 
     </span>
    </p>
   </div>
   <div class='ocr_carea' id='block_1_56' title="bbox 153 4941 1859 5016">
    <p class='ocr_par' dir='ltr' id='par_1_56' title="bbox 153 4941 1859 5016">
     <span class='ocr_line' id='line_1_56' title="bbox 153 4941 1859 5016; baseline 0.004 -19"><span class='ocrx_word' id='word_1_430' title='bbox 153 4941 313 4997; x_wconf 88' lang='lat' dir='ltr'><strong>enim</strong></span> <span class='ocrx_word' id='word_1_431' title='bbox 377 4942 614 4998; x_wconf 84' lang='lat' dir='ltr'><strong>intravit</strong></span> <span class='ocrx_word' id='word_1_432' title='bbox 670 4944 973 5012; x_wconf 90' lang='lat' dir='ltr'><strong>mundum,</strong></span> <span class='ocrx_word' id='word_1_433' title='bbox 1063 4953 1118 5001; x_wconf 90' lang='lat' dir='ltr'><strong>et</strong></span> <span class='ocrx_word' id='word_1_434' title='bbox 1169 4959 1269 5015; x_wconf 90' lang='lat' dir='ltr'><strong>per</strong></span> <span class='ocrx_word' id='word_1_435' title='bbox 1346 4953 1640 5016; x_wconf 88' lang='lat' dir='ltr'><strong>peccatum</strong></span> <span class='ocrx_word' id='word_1_436' title='bbox 1706 4961 1859 5003; x_wconf 91' lang='lat' dir='ltr'><strong>mors</strong></span> 
     </span>
    </p>
   </div>
   <div class='ocr_carea' id='block_1_57' title="bbox 158 5028 1858 5103">
    <p class='ocr_par' dir='ltr' id='par_1_57' title="bbox 158 5028 1858 5103">
     <span class='ocr_line' id='line_1_57' title="bbox 158 5028 1858 5103; baseline 0.004 -19"><span class='ocrx_word' id='word_1_437' title='bbox 158 5028 345 5099; x_wconf 81' lang='lat' dir='ltr'><strong>(Rom.</strong></span> <span class='ocrx_word' id='word_1_438' title='bbox 396 5045 456 5095; x_wconf 87' lang='lat' dir='ltr'><strong>v,</strong></span> <span class='ocrx_word' id='word_1_439' title='bbox 523 5032 634 5099; x_wconf 80' lang='lat' dir='ltr'><strong>t2),</strong></span> <span class='ocrx_word' id='word_1_440' title='bbox 694 5053 722 5081; x_wconf 83' lang='grc'><strong>››</strong></span> <span class='ocrx_word' id='word_1_441' title='bbox 769 5031 1036 5088; x_wconf 87' lang='lat' dir='ltr'><strong>eﬂ‘ectum</strong></span> <span class='ocrx_word' id='word_1_442' title='bbox 1091 5046 1191 5103; x_wconf 89' lang='lat' dir='ltr'><strong>pro</strong></span> <span class='ocrx_word' id='word_1_443' title='bbox 1234 5046 1411 5088; x_wconf 89' lang='lat' dir='ltr'><strong>causa</strong></span> <span class='ocrx_word' id='word_1_444' title='bbox 1454 5032 1663 5101; x_wconf 86' lang='lat' dir='ltr'><strong>posuit.</strong></span> <span class='ocrx_word' id='word_1_445' title='bbox 1708 5035 1858 5099; x_wconf 91' lang='lat' dir='ltr'><strong>Quos</strong></span> 
     </span>
    </p>
   </div>
   <div class='ocr_carea' id='block_1_58' title="bbox 159 5117 1855 5189">
    <p class='ocr_par' dir='ltr' id='par_1_58' title="bbox 159 5117 1855 5189">
     <span class='ocr_line' id='line_1_58' title="bbox 159 5117 1855 5189; baseline 0.003 -16"><span class='ocrx_word' id='word_1_446' title='bbox 159 5126 357 5174; x_wconf 85' lang='lat' dir='ltr'><strong>autem</strong></span> <span class='ocrx_word' id='word_1_447' title='bbox 406 5117 474 5172; x_wconf 82' lang='lat' dir='ltr'><strong>de</strong></span> <span class='ocrx_word' id='word_1_448' title='bbox 516 5134 684 5173; x_wconf 89' lang='lat' dir='ltr'><strong>manu</strong></span> <span class='ocrx_word' id='word_1_449' title='bbox 712 5122 902 5175; x_wconf 85' lang='lat' dir='ltr'><strong>mortis</strong></span> <span class='ocrx_word' id='word_1_450' title='bbox 926 5120 1150 5189; x_wconf 89' lang='lat' dir='ltr'><strong>liberat,</strong></span> <span class='ocrx_word' id='word_1_451' title='bbox 1195 5121 1367 5177; x_wconf 89' lang='lat' dir='ltr'><strong>etiam</strong></span> <span class='ocrx_word' id='word_1_452' title='bbox 1422 5120 1489 5174; x_wconf 83' lang='lat' dir='ltr'><strong>de</strong></span> <span class='ocrx_word' id='word_1_453' title='bbox 1540 5128 1711 5176; x_wconf 85' lang='lat' dir='ltr'><strong>morte</strong></span> <span class='ocrx_word' id='word_1_454' title='bbox 1767 5137 1855 5178; x_wconf 91' lang='lat' dir='ltr'><strong>re-</strong></span> 
     </span>
    </p>
   </div>
   <div class='ocr_carea' id='block_1_59' title="bbox 160 5206 1857 5278">
    <p class='ocr_par' dir='ltr' id='par_1_59' title="bbox 160 5206 1857 5278">
     <span class='ocr_line' id='line_1_59' title="bbox 160 5206 1857 5278; baseline 0.002 -17"><span class='ocrx_word' id='word_1_455' title='bbox 160 5206 348 5272; x_wconf 89' lang='lat' dir='ltr'><strong>dimit,</strong></span> <span class='ocrx_word' id='word_1_456' title='bbox 379 5221 516 5263; x_wconf 90' lang='lat' dir='ltr'><strong>cum</strong></span> <span class='ocrx_word' id='word_1_457' title='bbox 547 5221 692 5277; x_wconf 88' lang='lat' dir='ltr'><strong>quos</strong></span> <span class='ocrx_word' id='word_1_458' title='bbox 731 5222 903 5278; x_wconf 91' lang='lat' dir='ltr'><strong>opere</strong></span> <span class='ocrx_word' id='word_1_459' title='bbox 931 5217 1192 5276; x_wconf 81' lang='lat' dir='ltr'><strong>exuerat,</strong></span> <span class='ocrx_word' id='word_1_460' title='bbox 1234 5209 1450 5278; x_wconf 91' lang='lat' dir='ltr'><strong>pariter</strong></span> <span class='ocrx_word' id='word_1_461' title='bbox 1490 5222 1526 5263; x_wconf 91' lang='lat' dir='ltr'><strong>a</strong></span> <span class='ocrx_word' id='word_1_462' title='bbox 1567 5209 1857 5265; x_wconf 84' lang='lat' dir='ltr'><strong>mortifero</strong></span> 
     </span>
    </p>
   </div>
   <div class='ocr_carea' id='block_1_60' title="bbox 159 5295 1852 5368">
    <p class='ocr_par' dir='ltr' id='par_1_60' title="bbox 159 5295 1852 5368">
     <span class='ocr_line' id='line_1_60' title="bbox 159 5295 1852 5368; baseline 0 -17"><span class='ocrx_word' id='word_1_463' title='bbox 159 5309 398 5366; x_wconf 89' lang='lat' dir='ltr'><strong>quoque</strong></span> <span class='ocrx_word' id='word_1_464' title='bbox 426 5295 501 5351; x_wconf 88' lang='lat' dir='ltr'><strong>ab</strong></span> <span class='ocrx_word' id='word_1_465' title='bbox 540 5296 794 5366; x_wconf 89' lang='lat' dir='ltr'><strong>ejusdem</strong></span> <span class='ocrx_word' id='word_1_466' title='bbox 839 5312 1005 5366; x_wconf 78' lang='lat' dir='ltr'><strong>poma</strong></span> <span class='ocrx_word' id='word_1_467' title='bbox 1047 5305 1335 5368; x_wconf 75' lang='lat' dir='ltr'><strong>perpetuae</strong></span> <span class='ocrx_word' id='word_1_468' title='bbox 1367 5297 1562 5353; x_wconf 91' lang='lat' dir='ltr'><strong>mortis</strong></span> <span class='ocrx_word' id='word_1_469' title='bbox 1590 5297 1852 5354; x_wconf 91' lang='lat' dir='ltr'><strong>absolvit.</strong></span> 
     </span>
    </p>
   </div>
   <div class='ocr_carea' id='block_1_61' title="bbox 162 5385 1848 5453">
    <p class='ocr_par' dir='ltr' id='par_1_61' title="bbox 162 5385 1848 5453">
     <span class='ocr_line' id='line_1_61' title="bbox 162 5385 1848 5453; baseline -0.001 -14"><span class='ocrx_word' id='word_1_470' title='bbox 162 5404 184 5431; x_wconf 81' lang='grc' dir='ltr'>ι</span> <span class='ocrx_word' id='word_1_471' title='bbox 220 5385 338 5440; x_wconf 84' lang='lat' dir='ltr'><strong>Ero</strong></span> <span class='ocrx_word' id='word_1_472' title='bbox 368 5397 525 5440; x_wconf 89' lang='lat' dir='ltr'><strong>mors</strong></span> <span class='ocrx_word' id='word_1_473' title='bbox 555 5391 672 5452; x_wconf 90' lang='lat' dir='ltr'><strong>tua,</strong></span> <span class='ocrx_word' id='word_1_474' title='bbox 700 5398 733 5439; x_wconf 91' lang='grc' dir='ltr'>ο</span> <span class='ocrx_word' id='word_1_475' title='bbox 765 5398 935 5452; x_wconf 91' lang='lat' dir='ltr'><strong>mors,</strong></span> <span class='ocrx_word' id='word_1_476' title='bbox 970 5400 1069 5442; x_wconf 90' lang='lat' dir='ltr'><strong>ero</strong></span> <span class='ocrx_word' id='word_1_477' title='bbox 1100 5400 1326 5442; x_wconf 90' lang='lat' dir='ltr'><strong>morsus</strong></span> <span class='ocrx_word' id='word_1_478' title='bbox 1358 5394 1514 5453; x_wconf 89' lang='lat' dir='ltr'><strong>tuus,</strong></span> <span class='ocrx_word' id='word_1_479' title='bbox 1548 5385 1789 5441; x_wconf 87' lang='lat' dir='ltr'><strong>inferne.</strong></span> <span class='ocrx_word' id='word_1_480' title='bbox 1827 5408 1848 5436; x_wconf 76' lang='grc' dir='ltr'><strong><em>ι</em></strong></span> 
     </span>
    </p>
   </div>
   <div class='ocr_carea' id='block_1_62' title="bbox 159 5471 1856 5544">
    <p class='ocr_par' dir='ltr' id='par_1_62' title="bbox 159 5471 1856 5544">
     <span class='ocr_line' id='line_1_62' title="bbox 159 5471 1856 5544; baseline 0.002 -16"><span class='ocrx_word' id='word_1_481' title='bbox 159 5471 418 5543; x_wconf 79' lang='lat' dir='ltr'><strong>Exponit</strong></span> <span class='ocrx_word' id='word_1_482' title='bbox 466 5473 755 5544; x_wconf 89' lang='lat' dir='ltr'><strong>quomodo</strong></span> <span class='ocrx_word' id='word_1_483' title='bbox 800 5488 886 5528; x_wconf 84' lang='lat' dir='ltr'><strong>eos</strong></span> <span class='ocrx_word' id='word_1_484' title='bbox 922 5473 989 5528; x_wconf 84' lang='lat' dir='ltr'><strong>de</strong></span> <span class='ocrx_word' id='word_1_485' title='bbox 1025 5479 1192 5529; x_wconf 81' lang='lat' dir='ltr'><strong>morte</strong></span> <span class='ocrx_word' id='word_1_486' title='bbox 1235 5474 1452 5531; x_wconf 88' lang='lat' dir='ltr'><strong>liberet.</strong></span> <span class='ocrx_word' id='word_1_487' title='bbox 1503 5474 1655 5531; x_wconf 87' lang='lat' dir='ltr'><strong>Deus</strong></span> <span class='ocrx_word' id='word_1_488' title='bbox 1702 5489 1856 5532; x_wconf 90' lang='lat' dir='ltr'><strong>mors</strong></span> 
     </span>
    </p>
   </div>
   <div class='ocr_carea' id='block_1_63' title="bbox 1969 439 3661 514">
    <p class='ocr_par' dir='ltr' id='par_1_63' title="bbox 1969 439 3661 514">
     <span class='ocr_line' id='line_1_63' title="bbox 1969 439 3661 514; baseline -0.004 -15"><span class='ocrx_word' id='word_1_489' title='bbox 1969 443 2286 499; x_wconf 80' lang='lat' dir='ltr'><strong>recaleficat</strong></span> <span class='ocrx_word' id='word_1_490' title='bbox 2344 444 2631 514; x_wconf 89' lang='lat' dir='ltr'><strong>quidquid</strong></span> <span class='ocrx_word' id='word_1_491' title='bbox 2696 443 2771 499; x_wconf 92' lang='lat' dir='ltr'><strong>ibi</strong></span> <span class='ocrx_word' id='word_1_492' title='bbox 2840 443 3148 512; x_wconf 91' lang='lat' dir='ltr'><strong>torpidum,</strong></span> <span class='ocrx_word' id='word_1_493' title='bbox 3198 440 3484 511; x_wconf 91' lang='lat' dir='ltr'><strong>quidquid</strong></span> <span class='ocrx_word' id='word_1_494' title='bbox 3537 439 3661 494; x_wconf 90' lang='lat' dir='ltr'><strong>sine</strong></span> 
     </span>
    </p>
   </div>
   <div class='ocr_carea' id='block_1_64' title="bbox 1968 526 3661 603">
    <p class='ocr_par' dir='ltr' id='par_1_64' title="bbox 1968 526 3661 603">
     <span class='ocr_line' id='line_1_64' title="bbox 1968 526 3661 603; baseline -0.004 -15"><span class='ocrx_word' id='word_1_495' title='bbox 1968 541 2128 589; x_wconf 90' lang='lat' dir='ltr'><strong>motu</strong></span> <span class='ocrx_word' id='word_1_496' title='bbox 2155 533 2261 603; x_wconf 73' lang='lat' dir='ltr'><strong>piae</strong></span> <span class='ocrx_word' id='word_1_497' title='bbox 2292 533 2691 589; x_wconf 84' lang='lat' dir='ltr'><strong>rationalitatis</strong></span> <span class='ocrx_word' id='word_1_498' title='bbox 2719 539 2821 587; x_wconf 91' lang='lat' dir='ltr'><strong>est.</strong></span> <span class='ocrx_word' id='word_1_499' title='bbox 2852 531 2908 587; x_wconf 92' lang='lat' dir='ltr'><strong>Si</strong></span> <span class='ocrx_word' id='word_1_500' title='bbox 2948 531 3154 586; x_wconf 70' lang='lat' dir='ltr'><strong>ctelum</strong></span> <span class='ocrx_word' id='word_1_501' title='bbox 3196 537 3440 585; x_wconf 87' lang='lat' dir='ltr'><strong>vocatur</strong></span> <span class='ocrx_word' id='word_1_502' title='bbox 3465 526 3661 583; x_wconf 92' lang='lat' dir='ltr'><strong>anima</strong></span> 
     </span>
    </p>
   </div>
   <div class='ocr_carea' id='block_1_65' title="bbox 1963 616 3660 691">
    <p class='ocr_par' dir='ltr' id='par_1_65' title="bbox 1963 616 3660 691">
     <span class='ocr_line' id='line_1_65' title="bbox 1963 616 3660 691; baseline -0.004 -15"><span class='ocrx_word' id='word_1_503' title='bbox 1963 619 2127 691; x_wconf 91' lang='lat' dir='ltr'><strong>justi,</strong></span> <span class='ocrx_word' id='word_1_504' title='bbox 2172 636 2287 676; x_wconf 91' lang='lat' dir='ltr'><strong>non</strong></span> <span class='ocrx_word' id='word_1_505' title='bbox 2336 621 2617 676; x_wconf 89' lang='lat' dir='ltr'><strong>immerito</strong></span> <span class='ocrx_word' id='word_1_506' title='bbox 2662 620 2897 689; x_wconf 88' lang='lat' dir='ltr'><strong>iniquus</strong></span> <span class='ocrx_word' id='word_1_507' title='bbox 2948 618 3189 689; x_wconf 86' lang='lat' dir='ltr'><strong>quilibet</strong></span> <span class='ocrx_word' id='word_1_508' title='bbox 3238 617 3466 672; x_wconf 90' lang='lat' dir='ltr'><strong>nomine</strong></span> <span class='ocrx_word' id='word_1_509' title='bbox 3508 616 3660 671; x_wconf 88' lang='lat' dir='ltr'><strong>desi-</strong></span> 
     </span>
    </p>
   </div>
   <div class='ocr_carea' id='block_1_66' title="bbox 1970 704 3660 780">
    <p class='ocr_par' dir='ltr' id='par_1_66' title="bbox 1970 704 3660 780">
     <span class='ocr_line' id='line_1_66' title="bbox 1970 704 3660 780; baseline -0.004 -16"><span class='ocrx_word' id='word_1_510' title='bbox 1970 717 2183 779; x_wconf 87' lang='lat' dir='ltr'><strong>gnatur</strong></span> <span class='ocrx_word' id='word_1_511' title='bbox 2208 708 2437 764; x_wconf 91' lang='lat' dir='ltr'><strong>inferni.</strong></span> <span class='ocrx_word' id='word_1_512' title='bbox 2476 709 2563 764; x_wconf 89' lang='lat' dir='ltr'><strong>Fit</strong></span> <span class='ocrx_word' id='word_1_513' title='bbox 2609 723 2749 780; x_wconf 86' lang='lat' dir='ltr'><strong>erga</strong></span> <span class='ocrx_word' id='word_1_514' title='bbox 2792 710 2944 764; x_wconf 88' lang='lat' dir='ltr'><strong>Deus</strong></span> <span class='ocrx_word' id='word_1_515' title='bbox 2993 721 3217 762; x_wconf 92' lang='lat' dir='ltr'><strong>morsus</strong></span> <span class='ocrx_word' id='word_1_516' title='bbox 3266 704 3494 770; x_wconf 84' lang='lat' dir='ltr'><strong>inferni,</strong></span> <span class='ocrx_word' id='word_1_517' title='bbox 3526 716 3660 757; x_wconf 91' lang='lat' dir='ltr'><strong>cum</strong></span> 
     </span>
    </p>
   </div>
   <div class='ocr_carea' id='block_1_67' title="bbox 1970 790 3661 868">
    <p class='ocr_par' dir='ltr' id='par_1_67' title="bbox 1970 790 3661 868">
     <span class='ocr_line' id='line_1_67' title="bbox 1970 790 3661 868; baseline -0.005 -14"><span class='ocrx_word' id='word_1_518' title='bbox 1970 811 2069 866; x_wconf 86' lang='lat' dir='ltr'><strong>per</strong></span> <span class='ocrx_word' id='word_1_519' title='bbox 2099 812 2219 853; x_wconf 83' lang='lat' dir='ltr'><strong>suae</strong></span> <span class='ocrx_word' id='word_1_520' title='bbox 2244 797 2607 867; x_wconf 90' lang='lat' dir='ltr'><strong>aspirationis</strong></span> <span class='ocrx_word' id='word_1_521' title='bbox 2638 798 2902 868; x_wconf 87' lang='lat' dir='ltr'><strong>illapsum</strong></span> <span class='ocrx_word' id='word_1_522' title='bbox 2924 794 3392 866; x_wconf 68' lang='lat' dir='ltr'><strong>prtegustandum</strong></span> <span class='ocrx_word' id='word_1_523' title='bbox 3413 806 3471 848; x_wconf 90' lang='lat' dir='ltr'><strong>se</strong></span> <span class='ocrx_word' id='word_1_524' title='bbox 3491 790 3661 847; x_wconf 86' lang='lat' dir='ltr'><strong>exhi-</strong></span> 
     </span>
    </p>
   </div>
   <div class='ocr_carea' id='block_1_68' title="bbox 1970 885 2940 957">
    <p class='ocr_par' dir='ltr' id='par_1_68' title="bbox 1970 885 2940 957">
     <span class='ocr_line' id='line_1_68' title="bbox 1970 885 2940 957; baseline -0.002 -16"><span class='ocrx_word' id='word_1_525' title='bbox 1970 886 2063 941; x_wconf 90' lang='lat' dir='ltr'><strong>bet</strong></span> <span class='ocrx_word' id='word_1_526' title='bbox 2092 885 2403 954; x_wconf 89' lang='lat' dir='ltr'><strong>peccatoris</strong></span> <span class='ocrx_word' id='word_1_527' title='bbox 2428 886 2733 957; x_wconf 91' lang='lat' dir='ltr'><strong>cujuslibet</strong></span> <span class='ocrx_word' id='word_1_528' title='bbox 2762 886 2940 942; x_wconf 89' lang='lat' dir='ltr'><strong>cordi.</strong></span> 
     </span>
    </p>
   </div>
   <div class='ocr_carea' id='block_1_69' title="bbox 2039 968 3662 1032">
    <p class='ocr_par' dir='ltr' id='par_1_69' title="bbox 2039 968 3662 1032">
     <span class='ocr_line' id='line_1_69' title="bbox 2039 968 3662 1032; baseline -0.004 -4"><span class='ocrx_word' id='word_1_529' title='bbox 2039 975 2203 1031; x_wconf 78' lang='lat' dir='ltr'><strong>Vnus.</strong></span> <span class='ocrx_word' id='word_1_530' title='bbox 2232 977 2317 1029; x_wconf 83' lang='grc'><strong>15.</strong></span> <span class='ocrx_word' id='word_1_531' title='bbox 2339 1005 2409 1014; x_wconf 84' lang='grc'><strong><em>-</em></strong></span> <span class='ocrx_word' id='word_1_532' title='bbox 2441 1000 2466 1021; x_wconf 86' lang='grc'><em>‹‹</em></span> <span class='ocrx_word' id='word_1_533' title='bbox 2498 975 2816 1032; x_wconf 89' lang='lat' dir='ltr'><strong>Consolatio</strong></span> <span class='ocrx_word' id='word_1_534' title='bbox 2857 973 3190 1031; x_wconf 90' lang='lat' dir='ltr'><strong>abscondita</strong></span> <span class='ocrx_word' id='word_1_535' title='bbox 3227 978 3309 1028; x_wconf 91' lang='lat' dir='ltr'><strong>est</strong></span> <span class='ocrx_word' id='word_1_536' title='bbox 3360 971 3433 1026; x_wconf 89' lang='lat' dir='ltr'><strong>ab</strong></span> <span class='ocrx_word' id='word_1_537' title='bbox 3479 968 3662 1024; x_wconf 88' lang='lat' dir='ltr'><strong>oculis</strong></span> 
     </span>
    </p>
   </div>
   <div class='ocr_carea' id='block_1_70' title="bbox 1975 1055 3662 1132">
    <p class='ocr_par' dir='ltr' id='par_1_70' title="bbox 1975 1055 3662 1132">
     <span class='ocr_line' id='line_1_70' title="bbox 1975 1055 3662 1132; baseline -0.005 -16"><span class='ocrx_word' id='word_1_538' title='bbox 1975 1082 1995 1109; x_wconf 80' lang='grc' dir='ltr'><strong>ι</strong></span> <span class='ocrx_word' id='word_1_539' title='bbox 2029 1061 2186 1117; x_wconf 89' lang='lat' dir='ltr'><strong>meis.</strong></span> <span class='ocrx_word' id='word_1_540' title='bbox 2226 1062 2373 1130; x_wconf 88' lang='lat' dir='ltr'><strong>Quia</strong></span> <span class='ocrx_word' id='word_1_541' title='bbox 2414 1062 2528 1132; x_wconf 85' lang='lat' dir='ltr'><strong>ipse</strong></span> <span class='ocrx_word' id='word_1_542' title='bbox 2569 1063 2715 1116; x_wconf 90' lang='lat' dir='ltr'><strong>inter</strong></span> <span class='ocrx_word' id='word_1_543' title='bbox 2754 1062 2959 1116; x_wconf 83' lang='lat' dir='ltr'><strong>fratres</strong></span> <span class='ocrx_word' id='word_1_544' title='bbox 2983 1060 3208 1116; x_wconf 87' lang='lat' dir='ltr'><strong>dividit.</strong></span> <span class='ocrx_word' id='word_1_545' title='bbox 3254 1057 3563 1126; x_wconf 78' lang='lat' dir='ltr'><strong>»Superius</strong></span> <span class='ocrx_word' id='word_1_546' title='bbox 3593 1055 3662 1109; x_wconf 89' lang='lat' dir='ltr'><strong>de</strong></span> 
     </span>
    </p>
   </div>
   <div class='ocr_carea' id='block_1_71' title="bbox 1968 1144 3658 1217">
    <p class='ocr_par' dir='ltr' id='par_1_71' title="bbox 1968 1144 3658 1217">
     <span class='ocr_line' id='line_1_71' title="bbox 1968 1144 3658 1217; baseline -0.004 -12"><span class='ocrx_word' id='word_1_547' title='bbox 1968 1151 2305 1207; x_wconf 87' lang='lat' dir='ltr'><strong>contritione</strong></span> <span class='ocrx_word' id='word_1_548' title='bbox 2325 1151 2573 1207; x_wconf 86' lang='lat' dir='ltr'><strong>ﬁliorum</strong></span> <span class='ocrx_word' id='word_1_549' title='bbox 2621 1150 2868 1217; x_wconf 82' lang='lat' dir='ltr'><strong>dixerat,</strong></span> <span class='ocrx_word' id='word_1_550' title='bbox 2912 1164 3072 1204; x_wconf 89' lang='lat' dir='ltr'><strong>nunc</strong></span> <span class='ocrx_word' id='word_1_551' title='bbox 3113 1150 3182 1203; x_wconf 89' lang='lat' dir='ltr'><strong>de</strong></span> <span class='ocrx_word' id='word_1_552' title='bbox 3229 1147 3426 1203; x_wconf 89' lang='lat' dir='ltr'><strong>eadem</strong></span> <span class='ocrx_word' id='word_1_553' title='bbox 3457 1144 3658 1200; x_wconf 89' lang='lat' dir='ltr'><strong>subin-</strong></span> 
     </span>
    </p>
   </div>
   <div class='ocr_carea' id='block_1_72' title="bbox 1970 1233 3664 1310">
    <p class='ocr_par' dir='ltr' id='par_1_72' title="bbox 1970 1233 3664 1310">
     <span class='ocr_line' id='line_1_72' title="bbox 1970 1233 3664 1310; baseline -0.005 -15"><span class='ocrx_word' id='word_1_554' title='bbox 1970 1240 2200 1296; x_wconf 90' lang='lat' dir='ltr'><strong>ferendo</strong></span> <span class='ocrx_word' id='word_1_555' title='bbox 2264 1239 2519 1310; x_wconf 88' lang='lat' dir='ltr'><strong>replicat.</strong></span> <span class='ocrx_word' id='word_1_556' title='bbox 2585 1240 2886 1295; x_wconf 78' lang='lat' dir='ltr'><strong>Consolatio</strong></span> <span class='ocrx_word' id='word_1_557' title='bbox 2947 1235 3317 1293; x_wconf 89' lang='lat' dir='ltr'><strong>absconditur</strong></span> <span class='ocrx_word' id='word_1_558' title='bbox 3363 1235 3432 1288; x_wconf 85' lang='lat' dir='ltr'><strong>ab</strong></span> <span class='ocrx_word' id='word_1_559' title='bbox 3493 1233 3664 1288; x_wconf 80' lang='lat' dir='ltr'><strong>oculis</strong></span> 
     </span>
    </p>
   </div>
   <div class='ocr_carea' id='block_1_73' title="bbox 1971 1320 3663 1397">
    <p class='ocr_par' dir='ltr' id='par_1_73' title="bbox 1971 1320 3663 1397">
     <span class='ocr_line' id='line_1_73' title="bbox 1971 1320 3663 1397; baseline -0.005 -13"><span class='ocrx_word' id='word_1_560' title='bbox 1971 1329 2090 1394; x_wconf 89' lang='lat' dir='ltr'><strong>Dei,</strong></span> <span class='ocrx_word' id='word_1_561' title='bbox 2123 1343 2255 1384; x_wconf 91' lang='lat' dir='ltr'><strong>cum</strong></span> <span class='ocrx_word' id='word_1_562' title='bbox 2290 1328 2437 1384; x_wconf 90' lang='lat' dir='ltr'><strong>inter</strong></span> <span class='ocrx_word' id='word_1_563' title='bbox 2466 1328 2712 1383; x_wconf 89' lang='lat' dir='ltr'><strong>adversa</strong></span> <span class='ocrx_word' id='word_1_564' title='bbox 2754 1326 3049 1397; x_wconf 74' lang='lat' dir='ltr'><strong>praesentis</strong></span> <span class='ocrx_word' id='word_1_565' title='bbox 3086 1325 3300 1391; x_wconf 62' lang='lat' dir='ltr'><strong>saeculi,</strong></span> <span class='ocrx_word' id='word_1_566' title='bbox 3343 1323 3433 1379; x_wconf 88' lang='lat' dir='ltr'><strong>vel</strong></span> <span class='ocrx_word' id='word_1_567' title='bbox 3466 1320 3663 1392; x_wconf 73' lang='lat' dir='ltr'><strong>quaeli-</strong></span> 
     </span>
    </p>
   </div>
   <div class='ocr_carea' id='block_1_74' title="bbox 1971 1409 3661 1487">
    <p class='ocr_par' dir='ltr' id='par_1_74' title="bbox 1971 1409 3661 1487">
     <span class='ocr_line' id='line_1_74' title="bbox 1971 1409 3661 1487; baseline -0.004 -15"><span class='ocrx_word' id='word_1_568' title='bbox 1971 1417 2063 1473; x_wconf 88' lang='lat' dir='ltr'><strong>bet</strong></span> <span class='ocrx_word' id='word_1_569' title='bbox 2121 1417 2235 1472; x_wconf 88' lang='lat' dir='ltr'><strong>alia</strong></span> <span class='ocrx_word' id='word_1_570' title='bbox 2280 1416 2507 1487; x_wconf 89' lang='lat' dir='ltr'><strong>ﬂagella</strong></span> <span class='ocrx_word' id='word_1_571' title='bbox 2564 1417 2685 1482; x_wconf 88' lang='lat' dir='ltr'><strong>Dei,</strong></span> <span class='ocrx_word' id='word_1_572' title='bbox 2752 1415 2979 1471; x_wconf 90' lang='lat' dir='ltr'><strong>nullum</strong></span> <span class='ocrx_word' id='word_1_573' title='bbox 3046 1412 3352 1481; x_wconf 86' lang='lat' dir='ltr'><strong>temporale</strong></span> <span class='ocrx_word' id='word_1_574' title='bbox 3396 1409 3661 1466; x_wconf 87' lang='lat' dir='ltr'><strong>solatium</strong></span> 
     </span>
    </p>
   </div>
   <div class='ocr_carea' id='block_1_75' title="bbox 1971 1498 3662 1575">
    <p class='ocr_par' dir='ltr' id='par_1_75' title="bbox 1971 1498 3662 1575">
     <span class='ocr_line' id='line_1_75' title="bbox 1971 1498 3662 1575; baseline -0.005 -16"><span class='ocrx_word' id='word_1_575' title='bbox 1971 1505 2274 1575; x_wconf 90' lang='lat' dir='ltr'><strong>patiuntur</strong></span> <span class='ocrx_word' id='word_1_576' title='bbox 2328 1504 2387 1559; x_wconf 92' lang='lat' dir='ltr'><strong>in</strong></span> <span class='ocrx_word' id='word_1_577' title='bbox 2434 1520 2493 1560; x_wconf 85' lang='lat' dir='ltr'><strong>se</strong></span> <span class='ocrx_word' id='word_1_578' title='bbox 2550 1504 2849 1559; x_wconf 90' lang='lat' dir='ltr'><strong>admittere</strong></span> <span class='ocrx_word' id='word_1_579' title='bbox 2902 1501 3086 1558; x_wconf 89' lang='lat' dir='ltr'><strong>sancti</strong></span> <span class='ocrx_word' id='word_1_580' title='bbox 3138 1500 3272 1555; x_wconf 84' lang='lat' dir='ltr'><strong>viri.</strong></span> <span class='ocrx_word' id='word_1_581' title='bbox 3305 1500 3411 1554; x_wconf 90' lang='lat' dir='ltr'><strong>Per</strong></span> <span class='ocrx_word' id='word_1_582' title='bbox 3464 1498 3662 1553; x_wconf 87' lang='lat' dir='ltr'><strong>oculos</strong></span> 
     </span>
    </p>
   </div>
   <div class='ocr_carea' id='block_1_76' title="bbox 1969 1587 3663 1663">
    <p class='ocr_par' dir='ltr' id='par_1_76' title="bbox 1969 1587 3663 1663">
     <span class='ocr_line' id='line_1_76' title="bbox 1969 1587 3663 1663; baseline -0.005 -14"><span class='ocrx_word' id='word_1_583' title='bbox 1969 1594 2121 1649; x_wconf 91' lang='lat' dir='ltr'><strong>enim</strong></span> <span class='ocrx_word' id='word_1_584' title='bbox 2153 1593 2253 1650; x_wconf 91' lang='lat' dir='ltr'><strong>Dei</strong></span> <span class='ocrx_word' id='word_1_585' title='bbox 2284 1593 2466 1649; x_wconf 89' lang='lat' dir='ltr'><strong>sancti</strong></span> <span class='ocrx_word' id='word_1_586' title='bbox 2499 1593 2902 1663; x_wconf 87' lang='lat' dir='ltr'><strong>intelliguntur</strong></span> <span class='ocrx_word' id='word_1_587' title='bbox 2925 1599 2980 1647; x_wconf 92' lang='lat' dir='ltr'><strong>et</strong></span> <span class='ocrx_word' id='word_1_588' title='bbox 3017 1589 3184 1656; x_wconf 91' lang='lat' dir='ltr'><strong>docti,</strong></span> <span class='ocrx_word' id='word_1_589' title='bbox 3218 1588 3321 1658; x_wconf 89' lang='lat' dir='ltr'><strong>qui</strong></span> <span class='ocrx_word' id='word_1_590' title='bbox 3351 1587 3504 1642; x_wconf 88' lang='lat' dir='ltr'><strong>viam</strong></span> <span class='ocrx_word' id='word_1_591' title='bbox 3533 1600 3663 1655; x_wconf 91' lang='lat' dir='ltr'><strong>pro-</strong></span> 
     </span>
    </p>
   </div>
   <div class='ocr_carea' id='block_1_77' title="bbox 1974 1677 3663 1752">
    <p class='ocr_par' dir='ltr' id='par_1_77' title="bbox 1974 1677 3663 1752">
     <span class='ocr_line' id='line_1_77' title="bbox 1974 1677 3663 1752; baseline -0.006 -12"><span class='ocrx_word' id='word_1_592' title='bbox 1974 1685 2169 1740; x_wconf 87' lang='lat' dir='ltr'><strong>vident</strong></span> <span class='ocrx_word' id='word_1_593' title='bbox 2211 1684 2476 1740; x_wconf 76' lang='lat' dir='ltr'><strong>Ecclesiae</strong></span> <span class='ocrx_word' id='word_1_594' title='bbox 2510 1683 2757 1752; x_wconf 88' lang='lat' dir='ltr'><strong>corpori,</strong></span> <span class='ocrx_word' id='word_1_595' title='bbox 2796 1682 2887 1738; x_wconf 91' lang='lat' dir='ltr'><strong>vel</strong></span> <span class='ocrx_word' id='word_1_596' title='bbox 2935 1681 3106 1737; x_wconf 90' lang='lat' dir='ltr'><strong>etiam</strong></span> <span class='ocrx_word' id='word_1_597' title='bbox 3152 1679 3443 1735; x_wconf 85' lang='lat' dir='ltr'><strong>illustrata</strong></span> <span class='ocrx_word' id='word_1_598' title='bbox 3488 1691 3522 1731; x_wconf 91' lang='lat' dir='ltr'><strong>a</strong></span> <span class='ocrx_word' id='word_1_599' title='bbox 3552 1677 3663 1732; x_wconf 89' lang='lat' dir='ltr'><strong>Deo</strong></span> 
     </span>
    </p>
   </div>
   <div class='ocr_carea' id='block_1_78' title="bbox 1970 1767 3666 1840">
    <p class='ocr_par' dir='ltr' id='par_1_78' title="bbox 1970 1767 3666 1840">
     <span class='ocr_line' id='line_1_78' title="bbox 1970 1767 3666 1840; baseline -0.005 -11"><span class='ocrx_word' id='word_1_600' title='bbox 1970 1772 2200 1829; x_wconf 88' lang='lat' dir='ltr'><strong>claritas</strong></span> <span class='ocrx_word' id='word_1_601' title='bbox 2229 1772 2628 1828; x_wconf 89' lang='lat' dir='ltr'><strong>intellectualis</strong></span> <span class='ocrx_word' id='word_1_602' title='bbox 2656 1769 2837 1826; x_wconf 90' lang='lat' dir='ltr'><strong>nostri</strong></span> <span class='ocrx_word' id='word_1_603' title='bbox 2876 1768 3115 1840; x_wconf 87' lang='lat' dir='ltr'><strong>ingenii.</strong></span> <span class='ocrx_word' id='word_1_604' title='bbox 3150 1767 3346 1824; x_wconf 88' lang='lat' dir='ltr'><strong>Omnis</strong></span> <span class='ocrx_word' id='word_1_605' title='bbox 3369 1781 3506 1837; x_wconf 84' lang='lat' dir='ltr'><strong>ergo</strong></span> <span class='ocrx_word' id='word_1_606' title='bbox 3535 1780 3666 1820; x_wconf 90' lang='lat' dir='ltr'><strong>cou-</strong></span> 
     </span>
    </p>
   </div>
   <div class='ocr_carea' id='block_1_79' title="bbox 1971 1854 3665 1927">
    <p class='ocr_par' dir='ltr' id='par_1_79' title="bbox 1971 1854 3665 1927">
     <span class='ocr_line' id='line_1_79' title="bbox 1971 1854 3665 1927; baseline -0.005 -11"><span class='ocrx_word' id='word_1_607' title='bbox 1971 1860 2170 1916; x_wconf 90' lang='lat' dir='ltr'><strong>solatio</strong></span> <span class='ocrx_word' id='word_1_608' title='bbox 2211 1861 2282 1916; x_wconf 90' lang='lat' dir='ltr'><strong>ab</strong></span> <span class='ocrx_word' id='word_1_609' title='bbox 2322 1860 2409 1915; x_wconf 90' lang='lat' dir='ltr'><strong>his</strong></span> <span class='ocrx_word' id='word_1_610' title='bbox 2451 1859 2846 1924; x_wconf 89' lang='lat' dir='ltr'><strong>absconditur,</strong></span> <span class='ocrx_word' id='word_1_611' title='bbox 2901 1857 3041 1927; x_wconf 88' lang='lat' dir='ltr'><strong>quia</strong></span> <span class='ocrx_word' id='word_1_612' title='bbox 3088 1856 3411 1926; x_wconf 85' lang='lat' dir='ltr'><strong>prosperari</strong></span> <span class='ocrx_word' id='word_1_613' title='bbox 3460 1856 3516 1909; x_wconf 91' lang='lat' dir='ltr'><strong>in</strong></span> <span class='ocrx_word' id='word_1_614' title='bbox 3558 1854 3665 1908; x_wconf 87' lang='lat' dir='ltr'><strong>hac</strong></span> 
     </span>
    </p>
   </div>
   <div class='ocr_carea' id='block_1_80' title="bbox 1970 1942 3664 2016">
    <p class='ocr_par' dir='ltr' id='par_1_80' title="bbox 1970 1942 3664 2016">
     <span class='ocr_line' id='line_1_80' title="bbox 1970 1942 3664 2016; baseline -0.004 -13"><span class='ocrx_word' id='word_1_615' title='bbox 1970 1950 2086 2016; x_wconf 90' lang='lat' dir='ltr'><strong>via,</strong></span> <span class='ocrx_word' id='word_1_616' title='bbox 2116 1956 2217 2004; x_wconf 89' lang='lat' dir='ltr'><strong>aut</strong></span> <span class='ocrx_word' id='word_1_617' title='bbox 2249 1949 2394 2004; x_wconf 90' lang='lat' dir='ltr'><strong>inter</strong></span> <span class='ocrx_word' id='word_1_618' title='bbox 2422 1948 2622 2003; x_wconf 89' lang='lat' dir='ltr'><strong>divina</strong></span> <span class='ocrx_word' id='word_1_619' title='bbox 2656 1947 2899 2003; x_wconf 89' lang='lat' dir='ltr'><strong>verbera</strong></span> <span class='ocrx_word' id='word_1_620' title='bbox 2945 1946 3016 2001; x_wconf 91' lang='lat' dir='ltr'><strong>ad</strong></span> <span class='ocrx_word' id='word_1_621' title='bbox 3058 1945 3342 2000; x_wconf 87' lang='lat' dir='ltr'><strong>modicum</strong></span> <span class='ocrx_word' id='word_1_622' title='bbox 3382 1942 3664 2011; x_wconf 87' lang='lat' dir='ltr'><strong>respirare</strong></span> 
     </span>
    </p>
   </div>
   <div class='ocr_carea' id='block_1_81' title="bbox 1974 2029 3662 2091">
    <p class='ocr_par' dir='ltr' id='par_1_81' title="bbox 1974 2029 3662 2091">
     <span class='ocr_line' id='line_1_81' title="bbox 1974 2029 3662 2091; baseline -0.004 0"><span class='ocrx_word' id='word_1_623' title='bbox 1974 2037 2031 2091; x_wconf 91' lang='lat' dir='ltr'><strong>in</strong></span> <span class='ocrx_word' id='word_1_624' title='bbox 2062 2037 2273 2091; x_wconf 90' lang='lat' dir='ltr'><strong>talibus</strong></span> <span class='ocrx_word' id='word_1_625' title='bbox 2296 2035 2640 2091; x_wconf 89' lang='lat' dir='ltr'><strong>omnimodis</strong></span> <span class='ocrx_word' id='word_1_626' title='bbox 2677 2036 3079 2090; x_wconf 89' lang='lat' dir='ltr'><strong>adversantur.</strong></span> <span class='ocrx_word' id='word_1_627' title='bbox 3128 2032 3258 2088; x_wconf 90' lang='lat' dir='ltr'><strong>Ideo</strong></span> <span class='ocrx_word' id='word_1_628' title='bbox 3286 2046 3416 2087; x_wconf 90' lang='lat' dir='ltr'><strong>cum</strong></span> <span class='ocrx_word' id='word_1_629' title='bbox 3453 2029 3662 2086; x_wconf 83' lang='lat' dir='ltr'><strong>Rachel</strong></span> 
     </span>
    </p>
   </div>
   <div class='ocr_carea' id='block_1_82' title="bbox 1971 2117 3664 2191">
    <p class='ocr_par' dir='ltr' id='par_1_82' title="bbox 1971 2117 3664 2191">
     <span class='ocr_line' id='line_1_82' title="bbox 1971 2117 3664 2191; baseline -0.004 -13"><span class='ocrx_word' id='word_1_630' title='bbox 1971 2123 2155 2179; x_wconf 92' lang='lat' dir='ltr'><strong>noluit</strong></span> <span class='ocrx_word' id='word_1_631' title='bbox 2184 2123 2463 2179; x_wconf 85' lang='lat' dir='ltr'><strong>consolari</strong></span> <span class='ocrx_word' id='word_1_632' title='bbox 2496 2125 2710 2191; x_wconf 85' lang='lat' dir='ltr'><strong>(Matth.</strong></span> <span class='ocrx_word' id='word_1_633' title='bbox 2748 2139 2808 2190; x_wconf 82' lang='grc' dir='ltr'><strong>ιι,</strong></span> <span class='ocrx_word' id='word_1_634' title='bbox 2834 2125 2938 2188; x_wconf 89' lang='grc'>18),</span> <span class='ocrx_word' id='word_1_635' title='bbox 2970 2120 3109 2191; x_wconf 90' lang='lat' dir='ltr'><strong>quia</strong></span> <span class='ocrx_word' id='word_1_636' title='bbox 3134 2120 3306 2191; x_wconf 91' lang='lat' dir='ltr'><strong>justis</strong></span> <span class='ocrx_word' id='word_1_637' title='bbox 3350 2117 3664 2175; x_wconf 83' lang='lat' dir='ltr'><strong>ineffabilia</strong></span> 
     </span>
    </p>
   </div>
   <div class='ocr_carea' id='block_1_83' title="bbox 1968 2207 3659 2282">
    <p class='ocr_par' dir='ltr' id='par_1_83' title="bbox 1968 2207 3659 2282">
     <span class='ocr_line' id='line_1_83' title="bbox 1968 2207 3659 2282; baseline -0.004 -14"><span class='ocrx_word' id='word_1_638' title='bbox 1968 2212 2158 2268; x_wconf 90' lang='lat' dir='ltr'><strong>sciunt</strong></span> <span class='ocrx_word' id='word_1_639' title='bbox 2189 2212 2426 2281; x_wconf 69' lang='lat' dir='ltr'><strong>praemia</strong></span> <span class='ocrx_word' id='word_1_640' title='bbox 2463 2213 2798 2282; x_wconf 81' lang='lat' dir='ltr'><strong>praeparari,</strong></span> <span class='ocrx_word' id='word_1_641' title='bbox 2832 2225 2961 2266; x_wconf 90' lang='lat' dir='ltr'><strong>cum</strong></span> <span class='ocrx_word' id='word_1_642' title='bbox 3002 2208 3173 2265; x_wconf 90' lang='lat' dir='ltr'><strong>etiam</strong></span> <span class='ocrx_word' id='word_1_643' title='bbox 3222 2209 3340 2278; x_wconf 90' lang='lat' dir='ltr'><strong>ipse</strong></span> <span class='ocrx_word' id='word_1_644' title='bbox 3385 2207 3659 2273; x_wconf 90' lang='lat' dir='ltr'><strong>infernus,</strong></span> 
     </span>
    </p>
   </div>
   <div class='ocr_carea' id='block_1_84' title="bbox 1970 2296 3662 2371">
    <p class='ocr_par' dir='ltr' id='par_1_84' title="bbox 1970 2296 3662 2371">
     <span class='ocr_line' id='line_1_84' title="bbox 1970 2296 3662 2371; baseline -0.005 -15"><span class='ocrx_word' id='word_1_645' title='bbox 1970 2300 2070 2371; x_wconf 90' lang='lat' dir='ltr'><strong>qui</strong></span> <span class='ocrx_word' id='word_1_646' title='bbox 2096 2299 2216 2370; x_wconf 87' lang='lat' dir='ltr'><strong>jam</strong></span> <span class='ocrx_word' id='word_1_647' title='bbox 2245 2314 2317 2356; x_wconf 88' lang='lat' dir='ltr'><strong>ex</strong></span> <span class='ocrx_word' id='word_1_648' title='bbox 2349 2309 2508 2370; x_wconf 91' lang='lat' dir='ltr'><strong>parte</strong></span> <span class='ocrx_word' id='word_1_649' title='bbox 2537 2300 2705 2369; x_wconf 90' lang='lat' dir='ltr'><strong>quasi</strong></span> <span class='ocrx_word' id='word_1_650' title='bbox 2736 2298 3045 2355; x_wconf 89' lang='lat' dir='ltr'><strong>mordendo</strong></span> <span class='ocrx_word' id='word_1_651' title='bbox 3075 2296 3293 2363; x_wconf 91' lang='lat' dir='ltr'><strong>libavit,</strong></span> <span class='ocrx_word' id='word_1_652' title='bbox 3327 2310 3501 2364; x_wconf 86' lang='lat' dir='ltr'><strong>quam</strong></span> <span class='ocrx_word' id='word_1_653' title='bbox 3528 2308 3662 2349; x_wconf 88' lang='lat' dir='ltr'><strong>sua-</strong></span> 
     </span>
    </p>
   </div>
   <div class='ocr_carea' id='block_1_85' title="bbox 1970 2384 3662 2454">
    <p class='ocr_par' dir='ltr' id='par_1_85' title="bbox 1970 2384 3662 2454">
     <span class='ocr_line' id='line_1_85' title="bbox 1970 2384 3662 2454; baseline -0.003 -11"><span class='ocrx_word' id='word_1_654' title='bbox 1970 2389 2058 2443; x_wconf 90' lang='lat' dir='ltr'><strong>vis</strong></span> <span class='ocrx_word' id='word_1_655' title='bbox 2100 2390 2170 2444; x_wconf 90' lang='lat' dir='ltr'><strong>sit</strong></span> <span class='ocrx_word' id='word_1_656' title='bbox 2217 2390 2496 2444; x_wconf 90' lang='lat' dir='ltr'><strong>Dominus</strong></span> <span class='ocrx_word' id='word_1_657' title='bbox 2530 2392 2674 2443; x_wconf 85' lang='lat' dir='ltr'><strong>inter</strong></span> <span class='ocrx_word' id='word_1_658' title='bbox 2719 2391 2923 2454; x_wconf 80' lang='lat' dir='ltr'><strong>fratres</strong></span> <span class='ocrx_word' id='word_1_659' title='bbox 2965 2386 3208 2453; x_wconf 90' lang='lat' dir='ltr'><strong>dividat,</strong></span> <span class='ocrx_word' id='word_1_660' title='bbox 3246 2386 3301 2440; x_wconf 92' lang='lat' dir='ltr'><strong>id</strong></span> <span class='ocrx_word' id='word_1_661' title='bbox 3356 2392 3439 2440; x_wconf 89' lang='lat' dir='ltr'><strong>est</strong></span> <span class='ocrx_word' id='word_1_662' title='bbox 3485 2384 3662 2439; x_wconf 71' lang='lat' dir='ltr'><strong>beatae</strong></span> 
     </span>
    </p>
   </div>
   <div class='ocr_carea' id='block_1_86' title="bbox 1968 2475 3660 2547">
    <p class='ocr_par' dir='ltr' id='par_1_86' title="bbox 1968 2475 3660 2547">
     <span class='ocr_line' id='line_1_86' title="bbox 1968 2475 3660 2547; baseline -0.004 -14"><span class='ocrx_word' id='word_1_663' title='bbox 1968 2477 2246 2547; x_wconf 88' lang='lat' dir='ltr'><strong>portionis</strong></span> <span class='ocrx_word' id='word_1_664' title='bbox 2277 2476 2592 2532; x_wconf 87' lang='lat' dir='ltr'><strong>mercedem</strong></span> <span class='ocrx_word' id='word_1_665' title='bbox 2631 2476 2782 2532; x_wconf 90' lang='lat' dir='ltr'><strong>inter</strong></span> <span class='ocrx_word' id='word_1_666' title='bbox 2816 2490 2913 2532; x_wconf 91' lang='lat' dir='ltr'><strong>eos</strong></span> <span class='ocrx_word' id='word_1_667' title='bbox 2941 2476 3043 2546; x_wconf 88' lang='lat' dir='ltr'><strong>qui</strong></span> <span class='ocrx_word' id='word_1_668' title='bbox 3077 2475 3260 2531; x_wconf 90' lang='lat' dir='ltr'><strong>sancti</strong></span> <span class='ocrx_word' id='word_1_669' title='bbox 3303 2482 3439 2529; x_wconf 90' lang='lat' dir='ltr'><strong>sunt</strong></span> <span class='ocrx_word' id='word_1_670' title='bbox 3469 2479 3522 2528; x_wconf 88' lang='lat' dir='ltr'><strong>et</strong></span> <span class='ocrx_word' id='word_1_671' title='bbox 3554 2486 3660 2526; x_wconf 86' lang='lat' dir='ltr'><strong>vo-</strong></span> 
     </span>
    </p>
   </div>
   <div class='ocr_carea' id='block_1_87' title="bbox 1967 2560 3662 2635">
    <p class='ocr_par' dir='ltr' id='par_1_87' title="bbox 1967 2560 3662 2635">
     <span class='ocr_line' id='line_1_87' title="bbox 1967 2560 3662 2635; baseline -0.005 -13"><span class='ocrx_word' id='word_1_672' title='bbox 1967 2574 2197 2632; x_wconf 88' lang='lat' dir='ltr'><strong>cantur,</strong></span> <span class='ocrx_word' id='word_1_673' title='bbox 2231 2565 2492 2635; x_wconf 89' lang='lat' dir='ltr'><strong>accipiat.</strong></span> <span class='ocrx_word' id='word_1_674' title='bbox 2535 2588 2554 2614; x_wconf 76' lang='grc' dir='ltr'>ι</span> <span class='ocrx_word' id='word_1_675' title='bbox 2600 2565 2859 2620; x_wconf 89' lang='lat' dir='ltr'><strong>Adducet</strong></span> <span class='ocrx_word' id='word_1_676' title='bbox 2895 2574 3154 2620; x_wconf 80' lang='lat' dir='ltr'><strong>urentem</strong></span> <span class='ocrx_word' id='word_1_677' title='bbox 3196 2570 3429 2618; x_wconf 87' lang='lat' dir='ltr'><strong>ventum</strong></span> <span class='ocrx_word' id='word_1_678' title='bbox 3463 2560 3662 2616; x_wconf 91' lang='lat' dir='ltr'><strong>Domi-</strong></span> 
     </span>
    </p>
   </div>
   <div class='ocr_carea' id='block_1_88' title="bbox 1975 2650 3663 2710">
    <p class='ocr_par' dir='ltr' id='par_1_88' title="bbox 1975 2650 3663 2710">
     <span class='ocr_line' id='line_1_88' title="bbox 1975 2650 3663 2710; baseline -0.004 0"><span class='ocrx_word' id='word_1_679' title='bbox 1975 2675 1996 2703; x_wconf 75' lang='grc' dir='ltr'><strong><em>ι</em></strong></span> <span class='ocrx_word' id='word_1_680' title='bbox 2025 2668 2138 2710; x_wconf 93' lang='lat' dir='ltr'><strong>nus</strong></span> <span class='ocrx_word' id='word_1_681' title='bbox 2185 2654 2254 2709; x_wconf 92' lang='lat' dir='ltr'><strong>de</strong></span> <span class='ocrx_word' id='word_1_682' title='bbox 2305 2654 2525 2709; x_wconf 90' lang='lat' dir='ltr'><strong>deserto</strong></span> <span class='ocrx_word' id='word_1_683' title='bbox 2575 2653 3018 2709; x_wconf 88' lang='lat' dir='ltr'><strong>ascendentem:</strong></span> <span class='ocrx_word' id='word_1_684' title='bbox 3076 2660 3131 2709; x_wconf 85' lang='lat' dir='ltr'><strong>et</strong></span> <span class='ocrx_word' id='word_1_685' title='bbox 3195 2650 3428 2707; x_wconf 89' lang='lat' dir='ltr'><strong>siccabit</strong></span> <span class='ocrx_word' id='word_1_686' title='bbox 3488 2662 3663 2704; x_wconf 91' lang='lat' dir='ltr'><strong>venas</strong></span> 
     </span>
    </p>
   </div>
   <div class='ocr_carea' id='block_1_89' title="bbox 1970 2737 3662 2813">
    <p class='ocr_par' dir='ltr' id='par_1_89' title="bbox 1970 2737 3662 2813">
     <span class='ocr_line' id='line_1_89' title="bbox 1970 2737 3662 2813; baseline -0.002 -19"><span class='ocrx_word' id='word_1_687' title='bbox 1970 2762 1998 2794; x_wconf 83' lang='grc'><strong>››</strong></span> <span class='ocrx_word' id='word_1_688' title='bbox 2031 2743 2176 2813; x_wconf 90' lang='lat' dir='ltr'><strong>ejus,</strong></span> <span class='ocrx_word' id='word_1_689' title='bbox 2207 2750 2261 2798; x_wconf 90' lang='lat' dir='ltr'><strong>et</strong></span> <span class='ocrx_word' id='word_1_690' title='bbox 2290 2742 2568 2798; x_wconf 90' lang='lat' dir='ltr'><strong>desolabit</strong></span> <span class='ocrx_word' id='word_1_691' title='bbox 2602 2741 2807 2797; x_wconf 88' lang='lat' dir='ltr'><strong>fontem</strong></span> <span class='ocrx_word' id='word_1_692' title='bbox 2837 2742 2979 2812; x_wconf 84' lang='lat' dir='ltr'><strong>ejus,</strong></span> <span class='ocrx_word' id='word_1_693' title='bbox 3021 2749 3076 2797; x_wconf 90' lang='lat' dir='ltr'><strong>et</strong></span> <span class='ocrx_word' id='word_1_694' title='bbox 3114 2741 3233 2811; x_wconf 91' lang='lat' dir='ltr'><strong>ipse</strong></span> <span class='ocrx_word' id='word_1_695' title='bbox 3276 2738 3504 2808; x_wconf 89' lang='lat' dir='ltr'><strong>diripiet</strong></span> <span class='ocrx_word' id='word_1_696' title='bbox 3532 2737 3662 2793; x_wconf 90' lang='lat' dir='ltr'><strong>the-</strong></span> 
     </span>
    </p>
   </div>
   <div class='ocr_carea' id='block_1_90' title="bbox 1970 2826 3662 2897">
    <p class='ocr_par' dir='ltr' id='par_1_90' title="bbox 1970 2826 3662 2897">
     <span class='ocr_line' id='line_1_90' title="bbox 1970 2826 3662 2897; baseline -0.004 -10"><span class='ocrx_word' id='word_1_697' title='bbox 1970 2852 1995 2881; x_wconf 76' lang='grc' dir='ltr'><strong>ι</strong></span> <span class='ocrx_word' id='word_1_698' title='bbox 2020 2844 2263 2887; x_wconf 89' lang='lat' dir='ltr'><strong>saurum</strong></span> <span class='ocrx_word' id='word_1_699' title='bbox 2304 2829 2491 2884; x_wconf 91' lang='lat' dir='ltr'><strong>omnis</strong></span> <span class='ocrx_word' id='word_1_700' title='bbox 2528 2828 2682 2884; x_wconf 89' lang='lat' dir='ltr'><strong>vasis</strong></span> <span class='ocrx_word' id='word_1_701' title='bbox 2724 2829 3132 2885; x_wconf 81' lang='lat' dir='ltr'><strong>desiderabilis.</strong></span> <span class='ocrx_word' id='word_1_702' title='bbox 3176 2850 3196 2875; x_wconf 77' lang='grc' dir='ltr'><strong>ιι</strong></span> <span class='ocrx_word' id='word_1_703' title='bbox 3252 2826 3331 2882; x_wconf 85' lang='lat' dir='ltr'><strong>Ne</strong></span> <span class='ocrx_word' id='word_1_704' title='bbox 3368 2839 3505 2897; x_wconf 82' lang='lat' dir='ltr'><strong>ergo</strong></span> <span class='ocrx_word' id='word_1_705' title='bbox 3544 2832 3662 2881; x_wconf 90' lang='lat' dir='ltr'><strong>ter-</strong></span> 
     </span>
    </p>
   </div>
   <div class='ocr_carea' id='block_1_91' title="bbox 1898 2916 3663 2998">
    <p class='ocr_par' dir='ltr' id='par_1_91' title="bbox 1898 2916 3663 2998">
     <span class='ocr_line' id='line_1_91' title="bbox 1898 2916 3663 2998; baseline -0.003 -24"><span class='ocrx_word' id='word_1_706' title='bbox 1898 2926 2182 2998; x_wconf 74' lang='lat' dir='ltr'><strong>creatur,</strong></span> <span class='ocrx_word' id='word_1_707' title='bbox 2239 2925 2340 2974; x_wconf 90' lang='lat' dir='ltr'><strong>aut</strong></span> <span class='ocrx_word' id='word_1_708' title='bbox 2395 2925 2532 2972; x_wconf 63' lang='lat'><strong>9‘8!</strong></span> <span class='ocrx_word' id='word_1_709' title='bbox 2605 2932 2706 2989; x_wconf 91' lang='lat' dir='ltr'><strong>pro</strong></span> <span class='ocrx_word' id='word_1_710' title='bbox 2762 2918 2960 2988; x_wconf 89' lang='lat' dir='ltr'><strong>aliqua</strong></span> <span class='ocrx_word' id='word_1_711' title='bbox 3009 2916 3344 2972; x_wconf 77' lang='lat' dir='ltr'><strong>difﬁcultate</strong></span> <span class='ocrx_word' id='word_1_712' title='bbox 3405 2916 3663 2984; x_wconf 86' lang='lat' dir='ltr'><strong>desperet</strong></span> 
     </span>
    </p>
   </div>
   <div class='ocr_carea' id='block_1_92' title="bbox 1969 3003 3657 3078">
    <p class='ocr_par' dir='ltr' id='par_1_92' title="bbox 1969 3003 3657 3078">
     <span class='ocr_line' id='line_1_92' title="bbox 1969 3003 3657 3078; baseline -0.004 -16"><span class='ocrx_word' id='word_1_713' title='bbox 1969 3008 2062 3064; x_wconf 91' lang='lat' dir='ltr'><strong>ille</strong></span> <span class='ocrx_word' id='word_1_714' title='bbox 2094 3006 2408 3078; x_wconf 89' lang='lat' dir='ltr'><strong>quondam,</strong></span> <span class='ocrx_word' id='word_1_715' title='bbox 2438 3006 2540 3076; x_wconf 91' lang='lat' dir='ltr'><strong>qui</strong></span> <span class='ocrx_word' id='word_1_716' title='bbox 2562 3007 2731 3063; x_wconf 90' lang='lat' dir='ltr'><strong>modo</strong></span> <span class='ocrx_word' id='word_1_717' title='bbox 2748 3006 2926 3061; x_wconf 87' lang='lat' dir='ltr'><strong>Deum</strong></span> <span class='ocrx_word' id='word_1_718' title='bbox 2959 3004 3352 3075; x_wconf 73' lang='lat' dir='ltr'><strong>przegustavit,</strong></span> <span class='ocrx_word' id='word_1_719' title='bbox 3377 3003 3657 3067; x_wconf 87' lang='lat' dir='ltr'><strong>infernus,</strong></span> 
     </span>
    </p>
   </div>
   <div class='ocr_carea' id='block_1_93' title="bbox 1967 3090 3657 3167">
    <p class='ocr_par' dir='ltr' id='par_1_93' title="bbox 1967 3090 3657 3167">
     <span class='ocr_line' id='line_1_93' title="bbox 1967 3090 3657 3167; baseline -0.004 -16"><span class='ocrx_word' id='word_1_720' title='bbox 1967 3096 2109 3167; x_wconf 88' lang='lat' dir='ltr'><strong>quia</strong></span> <span class='ocrx_word' id='word_1_721' title='bbox 2165 3095 2399 3149; x_wconf 83' lang='lat' dir='ltr'><strong>adducet</strong></span> <span class='ocrx_word' id='word_1_722' title='bbox 2451 3097 2709 3149; x_wconf 84' lang='lat' dir='ltr'><strong>Dominus</strong></span> <span class='ocrx_word' id='word_1_723' title='bbox 2772 3100 2988 3148; x_wconf 79' lang='lat' dir='ltr'><strong>ventum</strong></span> <span class='ocrx_word' id='word_1_724' title='bbox 3062 3098 3322 3154; x_wconf 83' lang='lat' dir='ltr'><strong>urentem,</strong></span> <span class='ocrx_word' id='word_1_725' title='bbox 3390 3090 3657 3159; x_wconf 88' lang='lat' dir='ltr'><strong>spiritum</strong></span> 
     </span>
    </p>
   </div>
   <div class='ocr_carea' id='block_1_94' title="bbox 1966 3177 3661 3253">
    <p class='ocr_par' dir='ltr' id='par_1_94' title="bbox 1966 3177 3661 3253">
     <span class='ocr_line' id='line_1_94' title="bbox 1966 3177 3661 3253; baseline -0.003 -15"><span class='ocrx_word' id='word_1_726' title='bbox 1966 3183 2230 3240; x_wconf 90' lang='lat' dir='ltr'><strong>videlicet</strong></span> <span class='ocrx_word' id='word_1_727' title='bbox 2267 3182 2514 3253; x_wconf 87' lang='lat' dir='ltr'><strong>quiquid</strong></span> <span class='ocrx_word' id='word_1_728' title='bbox 2567 3182 2698 3237; x_wconf 68' lang='lat' dir='ltr'><strong>findi</strong></span> <span class='ocrx_word' id='word_1_729' title='bbox 2744 3191 2827 3237; x_wconf 90' lang='lat' dir='ltr'><strong>est</strong></span> <span class='ocrx_word' id='word_1_730' title='bbox 2866 3182 3109 3238; x_wconf 90' lang='lat' dir='ltr'><strong>interius</strong></span> <span class='ocrx_word' id='word_1_731' title='bbox 3169 3180 3428 3237; x_wconf 88' lang='lat' dir='ltr'><strong>humoris</strong></span> <span class='ocrx_word' id='word_1_732' title='bbox 3474 3177 3661 3235; x_wconf 79' lang='lat' dir='ltr'><strong>exsic-</strong></span> 
     </span>
    </p>
   </div>
   <div class='ocr_carea' id='block_1_95' title="bbox 1967 3270 3662 3340">
    <p class='ocr_par' dir='ltr' id='par_1_95' title="bbox 1967 3270 3662 3340">
     <span class='ocr_line' id='line_1_95' title="bbox 1967 3270 3662 3340; baseline -0.003 -13"><span class='ocrx_word' id='word_1_733' title='bbox 1967 3280 2212 3338; x_wconf 88' lang='lat' dir='ltr'><strong>cantem,</strong></span> <span class='ocrx_word' id='word_1_734' title='bbox 2268 3271 2370 3340; x_wconf 90' lang='lat' dir='ltr'><strong>qui</strong></span> <span class='ocrx_word' id='word_1_735' title='bbox 2410 3280 2614 3326; x_wconf 88' lang='lat' dir='ltr'><strong>ventus</strong></span> <span class='ocrx_word' id='word_1_736' title='bbox 2659 3271 2726 3324; x_wconf 86' lang='lat' dir='ltr'><strong>de</strong></span> <span class='ocrx_word' id='word_1_737' title='bbox 2772 3271 2977 3325; x_wconf 76' lang='lat' dir='ltr'><strong>deserto</strong></span> <span class='ocrx_word' id='word_1_738' title='bbox 3020 3271 3295 3335; x_wconf 88' lang='lat' dir='ltr'><strong>ascendit,</strong></span> <span class='ocrx_word' id='word_1_739' title='bbox 3346 3270 3415 3324; x_wconf 92' lang='lat' dir='ltr'><strong>de</strong></span> <span class='ocrx_word' id='word_1_740' title='bbox 3475 3275 3662 3323; x_wconf 91' lang='lat' dir='ltr'><strong>mente</strong></span> 
     </span>
    </p>
   </div>
   <div class='ocr_carea' id='block_1_96' title="bbox 1963 3358 3661 3427">
    <p class='ocr_par' dir='ltr' id='par_1_96' title="bbox 1963 3358 3661 3427">
     <span class='ocr_line' id='line_1_96' title="bbox 1963 3358 3661 3427; baseline -0.003 -11"><span class='ocrx_word' id='word_1_741' title='bbox 1963 3360 2194 3427; x_wconf 90' lang='lat' dir='ltr'><strong>scilicet,</strong></span> <span class='ocrx_word' id='word_1_742' title='bbox 2222 3359 2315 3414; x_wconf 89' lang='lat' dir='ltr'><strong>cui</strong></span> <span class='ocrx_word' id='word_1_743' title='bbox 2344 3358 2633 3424; x_wconf 85' lang='lat' dir='ltr'><strong>exsilium,</strong></span> <span class='ocrx_word' id='word_1_744' title='bbox 2660 3358 2775 3414; x_wconf 87' lang='lat' dir='ltr'><strong>imo</strong></span> <span class='ocrx_word' id='word_1_745' title='bbox 2804 3359 3049 3415; x_wconf 90' lang='lat' dir='ltr'><strong>solitudo</strong></span> <span class='ocrx_word' id='word_1_746' title='bbox 3078 3367 3161 3414; x_wconf 89' lang='lat' dir='ltr'><strong>est</strong></span> <span class='ocrx_word' id='word_1_747' title='bbox 3190 3359 3462 3424; x_wconf 90' lang='lat' dir='ltr'><strong>mundus,</strong></span> <span class='ocrx_word' id='word_1_748' title='bbox 3485 3371 3661 3413; x_wconf 87' lang='lat' dir='ltr'><strong>emer-</strong></span> 
     </span>
    </p>
   </div>
   <div class='ocr_carea' id='block_1_97' title="bbox 1968 3446 3659 3518">
    <p class='ocr_par' dir='ltr' id='par_1_97' title="bbox 1968 3446 3659 3518">
     <span class='ocr_line' id='line_1_97' title="bbox 1968 3446 3659 3518; baseline -0.002 -15"><span class='ocrx_word' id='word_1_749' title='bbox 1968 3448 2083 3518; x_wconf 89' lang='lat' dir='ltr'><strong>git;</strong></span> <span class='ocrx_word' id='word_1_750' title='bbox 2124 3462 2295 3517; x_wconf 89' lang='lat' dir='ltr'><strong>quem</strong></span> <span class='ocrx_word' id='word_1_751' title='bbox 2350 3461 2561 3516; x_wconf 89' lang='lat' dir='ltr'><strong>sponsa</strong></span> <span class='ocrx_word' id='word_1_752' title='bbox 2604 3448 2659 3501; x_wconf 91' lang='lat' dir='ltr'><strong>in</strong></span> <span class='ocrx_word' id='word_1_753' title='bbox 2698 3448 2948 3503; x_wconf 89' lang='lat' dir='ltr'><strong>Canticis</strong></span> <span class='ocrx_word' id='word_1_754' title='bbox 2993 3448 3064 3501; x_wconf 93' lang='lat' dir='ltr'><strong>ad</strong></span> <span class='ocrx_word' id='word_1_755' title='bbox 3114 3447 3474 3516; x_wconf 89' lang='lat' dir='ltr'><strong>perﬂandum</strong></span> <span class='ocrx_word' id='word_1_756' title='bbox 3528 3446 3659 3500; x_wconf 89' lang='lat' dir='ltr'><strong>hor-</strong></span> 
     </span>
    </p>
   </div>
   <div class='ocr_carea' id='block_1_98' title="bbox 1964 3534 3655 3604">
    <p class='ocr_par' dir='ltr' id='par_1_98' title="bbox 1964 3534 3655 3604">
     <span class='ocr_line' id='line_1_98' title="bbox 1964 3534 3655 3604; baseline -0.005 -11"><span class='ocrx_word' id='word_1_757' title='bbox 1964 3543 2088 3593; x_wconf 91' lang='lat' dir='ltr'><strong>tum</strong></span> <span class='ocrx_word' id='word_1_758' title='bbox 2115 3550 2288 3591; x_wconf 91' lang='lat' dir='ltr'><strong>suum</strong></span> <span class='ocrx_word' id='word_1_759' title='bbox 2319 3549 2564 3590; x_wconf 89' lang='lat' dir='ltr'><strong>evocans</strong></span> <span class='ocrx_word' id='word_1_760' title='bbox 2594 3543 2657 3590; x_wconf 88' lang='lat' dir='ltr'><strong>ut</strong></span> <span class='ocrx_word' id='word_1_761' title='bbox 2688 3537 2878 3591; x_wconf 87' lang='lat' dir='ltr'><strong>veniat</strong></span> <span class='ocrx_word' id='word_1_762' title='bbox 2922 3550 2993 3591; x_wconf 77' lang='lat' dir='ltr'><strong>ex</strong></span> <span class='ocrx_word' id='word_1_763' title='bbox 3028 3536 3257 3591; x_wconf 87' lang='lat' dir='ltr'><strong>nomine</strong></span> <span class='ocrx_word' id='word_1_764' title='bbox 3291 3534 3427 3604; x_wconf 90' lang='lat' dir='ltr'><strong>petit</strong></span> <span class='ocrx_word' id='word_1_765' title='bbox 3467 3535 3655 3604; x_wconf 86' lang='lat' dir='ltr'><strong>(Cant.</strong></span> 
     </span>
    </p>
   </div>
   <div class='ocr_carea' id='block_1_99' title="bbox 1967 3623 3663 3693">
    <p class='ocr_par' dir='ltr' id='par_1_99' title="bbox 1967 3623 3663 3693">
     <span class='ocr_line' id='line_1_99' title="bbox 1967 3623 3663 3693; baseline -0.002 -14"><span class='ocrx_word' id='word_1_766' title='bbox 1967 3640 2044 3691; x_wconf 80' lang='grc' dir='ltr'><strong>ιν,</strong></span> <span class='ocrx_word' id='word_1_767' title='bbox 2090 3625 2199 3690; x_wconf 89' lang='grc'><strong>16).</strong></span> <span class='ocrx_word' id='word_1_768' title='bbox 2245 3625 2296 3680; x_wconf 91' lang='lat' dir='ltr'><strong>Is</strong></span> <span class='ocrx_word' id='word_1_769' title='bbox 2323 3624 2500 3679; x_wconf 89' lang='lat' dir='ltr'><strong>siccat</strong></span> <span class='ocrx_word' id='word_1_770' title='bbox 2545 3623 2661 3693; x_wconf 71' lang='lat' dir='ltr'><strong>ejus</strong></span> <span class='ocrx_word' id='word_1_771' title='bbox 2700 3640 2884 3690; x_wconf 81' lang='lat' dir='ltr'><strong>venas,</strong></span> <span class='ocrx_word' id='word_1_772' title='bbox 2933 3639 3066 3679; x_wconf 91' lang='lat' dir='ltr'><strong>cum</strong></span> <span class='ocrx_word' id='word_1_773' title='bbox 3111 3623 3469 3693; x_wconf 88' lang='lat' dir='ltr'><strong>cogitationis</strong></span> <span class='ocrx_word' id='word_1_774' title='bbox 3519 3635 3663 3676; x_wconf 90' lang='lat' dir='ltr'><strong>mea-</strong></span> 
     </span>
    </p>
   </div>
   <div class='ocr_carea' id='block_1_100' title="bbox 1968 3709 3660 3782">
    <p class='ocr_par' dir='ltr' id='par_1_100' title="bbox 1968 3709 3660 3782">
     <span class='ocr_line' id='line_1_100' title="bbox 1968 3709 3660 3782; baseline -0.002 -14"><span class='ocrx_word' id='word_1_775' title='bbox 1968 3720 2063 3768; x_wconf 90' lang='lat' dir='ltr'><strong>tus</strong></span> <span class='ocrx_word' id='word_1_776' title='bbox 2102 3710 2349 3768; x_wconf 89' lang='lat' dir='ltr'><strong>obstruit</strong></span> <span class='ocrx_word' id='word_1_777' title='bbox 2395 3726 2496 3781; x_wconf 91' lang='lat' dir='ltr'><strong>per</strong></span> <span class='ocrx_word' id='word_1_778' title='bbox 2532 3725 2709 3782; x_wconf 86' lang='lat' dir='ltr'><strong>quam</strong></span> <span class='ocrx_word' id='word_1_779' title='bbox 2747 3722 2962 3768; x_wconf 87' lang='lat' dir='ltr'><strong>veteres</strong></span> <span class='ocrx_word' id='word_1_780' title='bbox 3004 3712 3139 3767; x_wconf 90' lang='lat' dir='ltr'><strong>olim</strong></span> <span class='ocrx_word' id='word_1_781' title='bbox 3188 3712 3545 3781; x_wconf 86' lang='lat' dir='ltr'><strong>permittebat</strong></span> <span class='ocrx_word' id='word_1_782' title='bbox 3584 3709 3660 3764; x_wconf 92' lang='lat' dir='ltr'><strong>il-</strong></span> 
     </span>
    </p>
   </div>
   <div class='ocr_carea' id='block_1_101' title="bbox 1967 3797 3661 3870">
    <p class='ocr_par' dir='ltr' id='par_1_101' title="bbox 1967 3797 3661 3870">
     <span class='ocr_line' id='line_1_101' title="bbox 1967 3797 3661 3870; baseline -0.002 -14"><span class='ocrx_word' id='word_1_783' title='bbox 1967 3800 2084 3856; x_wconf 90' lang='lat' dir='ltr'><strong>labi</strong></span> <span class='ocrx_word' id='word_1_784' title='bbox 2139 3801 2421 3857; x_wconf 88' lang='lat' dir='ltr'><strong>lascivias.</strong></span> <span class='ocrx_word' id='word_1_785' title='bbox 2473 3803 2691 3856; x_wconf 85' lang='lat' dir='ltr'><strong>Fontem</strong></span> <span class='ocrx_word' id='word_1_786' title='bbox 2737 3802 2855 3870; x_wconf 87' lang='lat' dir='ltr'><strong>ejus</strong></span> <span class='ocrx_word' id='word_1_787' title='bbox 2907 3802 3141 3868; x_wconf 85' lang='lat' dir='ltr'><strong>desolat,</strong></span> <span class='ocrx_word' id='word_1_788' title='bbox 3188 3815 3319 3856; x_wconf 89' lang='lat' dir='ltr'><strong>cum</strong></span> <span class='ocrx_word' id='word_1_789' title='bbox 3379 3797 3661 3868; x_wconf 87' lang='lat' dir='ltr'><strong>originem</strong></span> 
     </span>
    </p>
   </div>
   <div class='ocr_carea' id='block_1_102' title="bbox 1968 3886 3662 3958">
    <p class='ocr_par' dir='ltr' id='par_1_102' title="bbox 1968 3886 3662 3958">
     <span class='ocr_line' id='line_1_102' title="bbox 1968 3886 3662 3958; baseline -0.002 -12"><span class='ocrx_word' id='word_1_790' title='bbox 1968 3890 2277 3946; x_wconf 64' lang='lat' dir='ltr'><strong>mundanae</strong></span> <span class='ocrx_word' id='word_1_791' title='bbox 2310 3890 2641 3946; x_wconf 91' lang='lat' dir='ltr'><strong>intentionis</strong></span> <span class='ocrx_word' id='word_1_792' title='bbox 2666 3890 2777 3946; x_wconf 88' lang='lat' dir='ltr'><strong>sub</strong></span> <span class='ocrx_word' id='word_1_793' title='bbox 2809 3890 2984 3946; x_wconf 90' lang='lat' dir='ltr'><strong>unius</strong></span> <span class='ocrx_word' id='word_1_794' title='bbox 3009 3889 3273 3945; x_wconf 90' lang='lat' dir='ltr'><strong>desiderii</strong></span> <span class='ocrx_word' id='word_1_795' title='bbox 3301 3886 3662 3958; x_wconf 88' lang='lat' dir='ltr'><strong>simplicitate</strong></span> 
     </span>
    </p>
   </div>
   <div class='ocr_carea' id='block_1_103' title="bbox 1964 3978 3658 4048">
    <p class='ocr_par' dir='ltr' id='par_1_103' title="bbox 1964 3978 3658 4048">
     <span class='ocr_line' id='line_1_103' title="bbox 1964 3978 3658 4048; baseline -0.001 -15"><span class='ocrx_word' id='word_1_796' title='bbox 1964 3978 2302 4048; x_wconf 89' lang='lat' dir='ltr'><strong>conﬂagrat.</strong></span> <span class='ocrx_word' id='word_1_797' title='bbox 2331 3978 2502 4044; x_wconf 85' lang='lat' dir='ltr'><strong>Quasi</strong></span> <span class='ocrx_word' id='word_1_798' title='bbox 2532 3978 2684 4033; x_wconf 89' lang='lat' dir='ltr'><strong>cnim</strong></span> <span class='ocrx_word' id='word_1_799' title='bbox 2714 3978 3037 4048; x_wconf 87' lang='lat' dir='ltr'><strong>frequentia</strong></span> <span class='ocrx_word' id='word_1_800' title='bbox 3070 3986 3155 4033; x_wconf 91' lang='lat' dir='ltr'><strong>est</strong></span> <span class='ocrx_word' id='word_1_801' title='bbox 3186 3978 3658 4043; x_wconf 88' lang='lat' dir='ltr'><strong>inhabitantium,</strong></span> 
     </span>
    </p>
   </div>
   <div class='ocr_carea' id='block_1_104' title="bbox 1967 4065 3661 4138">
    <p class='ocr_par' dir='ltr' id='par_1_104' title="bbox 1967 4065 3661 4138">
     <span class='ocr_line' id='line_1_104' title="bbox 1967 4065 3661 4138; baseline -0.001 -16"><span class='ocrx_word' id='word_1_802' title='bbox 1967 4066 2065 4122; x_wconf 93' lang='lat' dir='ltr'><strong>ubi</strong></span> <span class='ocrx_word' id='word_1_803' title='bbox 2113 4066 2505 4136; x_wconf 89' lang='lat' dir='ltr'><strong>multiplicitas</strong></span> <span class='ocrx_word' id='word_1_804' title='bbox 2533 4070 2619 4122; x_wconf 86' lang='lat' dir='ltr'><strong>est</strong></span> <span class='ocrx_word' id='word_1_805' title='bbox 2656 4067 3038 4137; x_wconf 85' lang='lat' dir='ltr'><strong>appetituutn.</strong></span> <span class='ocrx_word' id='word_1_806' title='bbox 3082 4069 3229 4123; x_wconf 80' lang='lat' dir='ltr'><strong>Fons</strong></span> <span class='ocrx_word' id='word_1_807' title='bbox 3269 4081 3406 4138; x_wconf 84' lang='lat' dir='ltr'><strong>ergo</strong></span> <span class='ocrx_word' id='word_1_808' title='bbox 3435 4065 3661 4121; x_wconf 90' lang='lat' dir='ltr'><strong>desola-</strong></span> 
     </span>
    </p>
   </div>
   <div class='ocr_carea' id='block_1_105' title="bbox 1969 4151 3659 4223">
    <p class='ocr_par' dir='ltr' id='par_1_105' title="bbox 1969 4151 3659 4223">
     <span class='ocr_line' id='line_1_105' title="bbox 1969 4151 3659 4223; baseline -0.002 -14"><span class='ocrx_word' id='word_1_809' title='bbox 1969 4160 2083 4220; x_wconf 92' lang='lat' dir='ltr'><strong>tur,</strong></span> <span class='ocrx_word' id='word_1_810' title='bbox 2119 4168 2250 4209; x_wconf 90' lang='lat' dir='ltr'><strong>cum</strong></span> <span class='ocrx_word' id='word_1_811' title='bbox 2284 4154 2478 4209; x_wconf 65' lang='lat' dir='ltr'><strong>saeculi</strong></span> <span class='ocrx_word' id='word_1_812' title='bbox 2529 4155 2806 4209; x_wconf 87' lang='lat' dir='ltr'><strong>memoria</strong></span> <span class='ocrx_word' id='word_1_813' title='bbox 2855 4168 2968 4210; x_wconf 91' lang='lat' dir='ltr'><strong>usu</strong></span> <span class='ocrx_word' id='word_1_814' title='bbox 3006 4152 3421 4223; x_wconf 85' lang='lat' dir='ltr'><strong>cogitationum</strong></span> <span class='ocrx_word' id='word_1_815' title='bbox 3471 4151 3659 4206; x_wconf 90' lang='lat' dir='ltr'><strong>neuti-</strong></span> 
     </span>
    </p>
   </div>
   <div class='ocr_carea' id='block_1_106' title="bbox 1896 4239 3662 4312">
    <p class='ocr_par' dir='ltr' id='par_1_106' title="bbox 1896 4239 3662 4312">
     <span class='ocr_line' id='line_1_106' title="bbox 1896 4239 3662 4312; baseline -0.002 -16"><span class='ocrx_word' id='word_1_816' title='bbox 1896 4243 1937 4296; x_wconf 89' lang='lat' dir='ltr'><strong>D</strong></span> <span class='ocrx_word' id='word_1_817' title='bbox 1965 4255 2140 4311; x_wconf 90' lang='lat' dir='ltr'><strong>quam</strong></span> <span class='ocrx_word' id='word_1_818' title='bbox 2187 4240 2611 4311; x_wconf 85' lang='lat' dir='ltr'><strong>frequentatur.</strong></span> <span class='ocrx_word' id='word_1_819' title='bbox 2662 4243 2825 4298; x_wconf 90' lang='lat' dir='ltr'><strong>Tunc</strong></span> <span class='ocrx_word' id='word_1_820' title='bbox 2873 4241 3125 4312; x_wconf 90' lang='lat' dir='ltr'><strong>primum</strong></span> <span class='ocrx_word' id='word_1_821' title='bbox 3167 4240 3284 4311; x_wconf 90' lang='lat' dir='ltr'><strong>ipse</strong></span> <span class='ocrx_word' id='word_1_822' title='bbox 3329 4241 3397 4296; x_wconf 90' lang='lat' dir='ltr'><strong>de</strong></span> <span class='ocrx_word' id='word_1_823' title='bbox 3440 4239 3662 4295; x_wconf 90' lang='lat' dir='ltr'><strong>inferno</strong></span> 
     </span>
    </p>
   </div>
   <div class='ocr_carea' id='block_1_107' title="bbox 1966 4329 3662 4399">
    <p class='ocr_par' dir='ltr' id='par_1_107' title="bbox 1966 4329 3662 4399">
     <span class='ocr_line' id='line_1_107' title="bbox 1966 4329 3662 4399; baseline -0.002 -14"><span class='ocrx_word' id='word_1_824' title='bbox 1966 4330 2173 4386; x_wconf 79' lang='lat' dir='ltr'><strong>cmlutn</strong></span> <span class='ocrx_word' id='word_1_825' title='bbox 2223 4330 2438 4386; x_wconf 88' lang='lat' dir='ltr'><strong>factum</strong></span> <span class='ocrx_word' id='word_1_826' title='bbox 2496 4333 2810 4385; x_wconf 83' lang='lat' dir='ltr'><strong>thesaurum</strong></span> <span class='ocrx_word' id='word_1_827' title='bbox 2865 4334 3039 4385; x_wconf 86' lang='lat' dir='ltr'><strong>omnis</strong></span> <span class='ocrx_word' id='word_1_828' title='bbox 3086 4332 3232 4385; x_wconf 83' lang='lat' dir='ltr'><strong>vasis</strong></span> <span class='ocrx_word' id='word_1_829' title='bbox 3262 4329 3662 4399; x_wconf 45' lang='lat' dir='ltr'><strong>&quot;desiderabitis</strong></span> 
     </span>
    </p>
   </div>
   <div class='ocr_carea' id='block_1_108' title="bbox 1967 4417 3663 4488">
    <p class='ocr_par' dir='ltr' id='par_1_108' title="bbox 1967 4417 3663 4488">
     <span class='ocr_line' id='line_1_108' title="bbox 1967 4417 3663 4488; baseline -0.002 -14"><span class='ocrx_word' id='word_1_830' title='bbox 1967 4418 2183 4488; x_wconf 88' lang='lat' dir='ltr'><strong>diripit,</strong></span> <span class='ocrx_word' id='word_1_831' title='bbox 2215 4433 2346 4474; x_wconf 89' lang='lat' dir='ltr'><strong>cum</strong></span> <span class='ocrx_word' id='word_1_832' title='bbox 2377 4434 2532 4485; x_wconf 91' lang='lat' dir='ltr'><strong>eum,</strong></span> <span class='ocrx_word' id='word_1_833' title='bbox 2568 4419 2625 4474; x_wconf 89' lang='lat' dir='ltr'><strong>in</strong></span> <span class='ocrx_word' id='word_1_834' title='bbox 2659 4434 2774 4488; x_wconf 91' lang='lat' dir='ltr'><strong>quo</strong></span> <span class='ocrx_word' id='word_1_835' title='bbox 2795 4427 2932 4475; x_wconf 91' lang='lat' dir='ltr'><strong>sunt</strong></span> <span class='ocrx_word' id='word_1_836' title='bbox 2957 4432 3154 4474; x_wconf 90' lang='lat' dir='ltr'><strong>omnes</strong></span> <span class='ocrx_word' id='word_1_837' title='bbox 3174 4417 3427 4474; x_wconf 90' lang='lat' dir='ltr'><strong>thesauri</strong></span> <span class='ocrx_word' id='word_1_838' title='bbox 3444 4417 3663 4486; x_wconf 90' lang='lat' dir='ltr'><strong>sapien-</strong></span> 
     </span>
    </p>
   </div>
   <div class='ocr_carea' id='block_1_109' title="bbox 1967 4506 3658 4578">
    <p class='ocr_par' dir='ltr' id='par_1_109' title="bbox 1967 4506 3658 4578">
     <span class='ocr_line' id='line_1_109' title="bbox 1967 4506 3658 4578; baseline -0.002 -15"><span class='ocrx_word' id='word_1_839' title='bbox 1967 4506 2060 4563; x_wconf 72' lang='lat' dir='ltr'><strong>tiae</strong></span> <span class='ocrx_word' id='word_1_840' title='bbox 2099 4506 2388 4564; x_wconf 87' lang='lat' dir='ltr'><strong>Christum</strong></span> <span class='ocrx_word' id='word_1_841' title='bbox 2425 4508 2556 4577; x_wconf 82' lang='lat' dir='ltr'><strong>(Col.</strong></span> <span class='ocrx_word' id='word_1_842' title='bbox 2609 4524 2671 4572; x_wconf 85' lang='grc' dir='ltr'><strong>ιι,</strong></span> <span class='ocrx_word' id='word_1_843' title='bbox 2708 4507 2782 4578; x_wconf 82' lang='lat'><strong>3),</strong></span> <span class='ocrx_word' id='word_1_844' title='bbox 2821 4521 2854 4561; x_wconf 93' lang='lat' dir='ltr'><strong>a</strong></span> <span class='ocrx_word' id='word_1_845' title='bbox 2890 4508 3061 4578; x_wconf 90' lang='lat' dir='ltr'><strong>cujus</strong></span> <span class='ocrx_word' id='word_1_846' title='bbox 3101 4506 3454 4562; x_wconf 90' lang='lat' dir='ltr'><strong>vestimentis</strong></span> <span class='ocrx_word' id='word_1_847' title='bbox 3507 4518 3658 4575; x_wconf 87' lang='lat' dir='ltr'><strong>myr-</strong></span> 
     </span>
    </p>
   </div>
   <div class='ocr_carea' id='block_1_110' title="bbox 1965 4588 3660 4666">
    <p class='ocr_par' dir='ltr' id='par_1_110' title="bbox 1965 4588 3660 4666">
     <span class='ocr_line' id='line_1_110' title="bbox 1965 4588 3660 4666; baseline -0.005 -15"><span class='ocrx_word' id='word_1_848' title='bbox 1965 4596 2094 4662; x_wconf 90' lang='lat' dir='ltr'><strong>rha,</strong></span> <span class='ocrx_word' id='word_1_849' title='bbox 2155 4604 2210 4652; x_wconf 90' lang='lat' dir='ltr'><strong>et</strong></span> <span class='ocrx_word' id='word_1_850' title='bbox 2267 4603 2451 4666; x_wconf 83' lang='lat' dir='ltr'><strong>gutta,</strong></span> <span class='ocrx_word' id='word_1_851' title='bbox 2505 4604 2559 4651; x_wconf 90' lang='lat' dir='ltr'><strong>et</strong></span> <span class='ocrx_word' id='word_1_852' title='bbox 2610 4597 2766 4652; x_wconf 90' lang='lat' dir='ltr'><strong>casia</strong></span> <span class='ocrx_word' id='word_1_853' title='bbox 2821 4596 3121 4665; x_wconf 90' lang='lat' dir='ltr'><strong>proﬂuunt</strong></span> <span class='ocrx_word' id='word_1_854' title='bbox 3178 4594 3346 4663; x_wconf 83' lang='lat' dir='ltr'><strong>(Psat.</strong></span> <span class='ocrx_word' id='word_1_855' title='bbox 3392 4606 3540 4657; x_wconf 79' lang='lat' dir='ltr'><strong>xmv,</strong></span> <span class='ocrx_word' id='word_1_856' title='bbox 3590 4588 3660 4658; x_wconf 86' lang='lat'><strong>9),</strong></span> 
     </span>
    </p>
   </div>
   <div class='ocr_carea' id='block_1_111' title="bbox 1964 4678 3662 4754">
    <p class='ocr_par' dir='ltr' id='par_1_111' title="bbox 1964 4678 3662 4754">
     <span class='ocr_line' id='line_1_111' title="bbox 1964 4678 3662 4754; baseline -0.004 -14"><span class='ocrx_word' id='word_1_857' title='bbox 1964 4683 2406 4754; x_wconf 84' lang='lat' dir='ltr'><strong>scilicet&#39;genus</strong></span> <span class='ocrx_word' id='word_1_858' title='bbox 2442 4699 2612 4740; x_wconf 91' lang='lat' dir='ltr'><strong>omne</strong></span> <span class='ocrx_word' id='word_1_859' title='bbox 2652 4684 2935 4740; x_wconf 91' lang='lat' dir='ltr'><strong>virtutum</strong></span> <span class='ocrx_word' id='word_1_860' title='bbox 2990 4682 3291 4752; x_wconf 85' lang='lat' dir='ltr'><strong>purtticato</strong></span> <span class='ocrx_word' id='word_1_861' title='bbox 3327 4681 3447 4750; x_wconf 91' lang='lat' dir='ltr'><strong>jam</strong></span> <span class='ocrx_word' id='word_1_862' title='bbox 3490 4678 3662 4734; x_wconf 89' lang='lat' dir='ltr'><strong>corde</strong></span> 
     </span>
    </p>
   </div>
   <div class='ocr_carea' id='block_1_112' title="bbox 1965 4768 3659 4842">
    <p class='ocr_par' dir='ltr' id='par_1_112' title="bbox 1965 4768 3659 4842">
     <span class='ocr_line' id='line_1_112' title="bbox 1965 4768 3659 4842; baseline -0.006 -13"><span class='ocrx_word' id='word_1_863' title='bbox 1965 4773 2330 4842; x_wconf 62' lang='lat' dir='ltr'><strong>constringit.</strong></span> <span class='ocrx_word' id='word_1_864' title='bbox 2364 4774 2434 4828; x_wconf 89' lang='lat' dir='ltr'><strong>Et</strong></span> <span class='ocrx_word' id='word_1_865' title='bbox 2465 4773 2784 4828; x_wconf 85' lang='lat' dir='ltr'><strong>notandum</strong></span> <span class='ocrx_word' id='word_1_866' title='bbox 2823 4772 2976 4841; x_wconf 88' lang='lat' dir='ltr'><strong>quod</strong></span> <span class='ocrx_word' id='word_1_867' title='bbox 3017 4771 3230 4826; x_wconf 92' lang='lat' dir='ltr'><strong>dicitur</strong></span> <span class='ocrx_word' id='word_1_868' title='bbox 3262 4769 3485 4838; x_wconf 86' lang='lat' dir='ltr'><strong>diripit;</strong></span> <span class='ocrx_word' id='word_1_869' title='bbox 3518 4768 3659 4820; x_wconf 80' lang='lat' dir='ltr'><strong>diri-</strong></span> 
     </span>
    </p>
   </div>
   <div class='ocr_carea' id='block_1_113' title="bbox 1959 4858 3661 4931">
    <p class='ocr_par' dir='ltr' id='par_1_113' title="bbox 1959 4858 3661 4931">
     <span class='ocr_line' id='line_1_113' title="bbox 1959 4858 3661 4931; baseline -0.005 -16"><span class='ocrx_word' id='word_1_870' title='bbox 1959 4877 2090 4931; x_wconf 84' lang='lat' dir='ltr'><strong>pere</strong></span> <span class='ocrx_word' id='word_1_871' title='bbox 2119 4861 2275 4917; x_wconf 90' lang='lat' dir='ltr'><strong>enim</strong></span> <span class='ocrx_word' id='word_1_872' title='bbox 2314 4864 2373 4915; x_wconf 83' lang='lat' dir='ltr'><strong>in</strong></span> <span class='ocrx_word' id='word_1_873' title='bbox 2412 4861 2660 4915; x_wconf 74' lang='lat' dir='ltr'><strong>diversas</strong></span> <span class='ocrx_word' id='word_1_874' title='bbox 2708 4865 2891 4930; x_wconf 82' lang='lat' dir='ltr'><strong>partes</strong></span> <span class='ocrx_word' id='word_1_875' title='bbox 2930 4875 3122 4928; x_wconf 83' lang='lat' dir='ltr'><strong>rapere</strong></span> <span class='ocrx_word' id='word_1_876' title='bbox 3174 4865 3277 4913; x_wconf 87' lang='lat' dir='ltr'><strong>est.</strong></span> <span class='ocrx_word' id='word_1_877' title='bbox 3326 4858 3661 4911; x_wconf 81' lang='lat' dir='ltr'><strong>Thesaurum</strong></span> 
     </span>
    </p>
   </div>
   <div class='ocr_carea' id='block_1_114' title="bbox 1964 4942 3660 5020">
    <p class='ocr_par' dir='ltr' id='par_1_114' title="bbox 1964 4942 3660 5020">
     <span class='ocr_line' id='line_1_114' title="bbox 1964 4942 3660 5020; baseline -0.004 -14"><span class='ocrx_word' id='word_1_878' title='bbox 1964 4963 2104 5020; x_wconf 87' lang='lat' dir='ltr'><strong>ergo</strong></span> <span class='ocrx_word' id='word_1_879' title='bbox 2148 4951 2322 5003; x_wconf 84' lang='lat' dir='ltr'><strong>omnis</strong></span> <span class='ocrx_word' id='word_1_880' title='bbox 2366 4951 2515 5003; x_wconf 81' lang='lat' dir='ltr'><strong>vasis</strong></span> <span class='ocrx_word' id='word_1_881' title='bbox 2564 4947 2943 5002; x_wconf 79' lang='lat' dir='ltr'><strong>desiderabilis</strong></span> <span class='ocrx_word' id='word_1_882' title='bbox 2988 4945 3201 5015; x_wconf 89' lang='lat' dir='ltr'><strong>diripit,</strong></span> <span class='ocrx_word' id='word_1_883' title='bbox 3251 4945 3350 5014; x_wconf 93' lang='lat' dir='ltr'><strong>qui</strong></span> <span class='ocrx_word' id='word_1_884' title='bbox 3399 4942 3660 4999; x_wconf 91' lang='lat' dir='ltr'><strong>omnium</strong></span> 
     </span>
    </p>
   </div>
   <div class='ocr_carea' id='block_1_115' title="bbox 1965 5034 3658 5105">
    <p class='ocr_par' dir='ltr' id='par_1_115' title="bbox 1965 5034 3658 5105">
     <span class='ocr_line' id='line_1_115' title="bbox 1965 5034 3658 5105; baseline -0.002 -15"><span class='ocrx_word' id='word_1_885' title='bbox 1965 5043 2317 5103; x_wconf 89' lang='lat' dir='ltr'><strong>sanctorum,</strong></span> <span class='ocrx_word' id='word_1_886' title='bbox 2360 5035 2449 5091; x_wconf 91' lang='lat' dir='ltr'><strong>vel</strong></span> <span class='ocrx_word' id='word_1_887' title='bbox 2492 5036 2796 5102; x_wconf 90' lang='lat' dir='ltr'><strong>virtutum,</strong></span> <span class='ocrx_word' id='word_1_888' title='bbox 2847 5034 2947 5105; x_wconf 88' lang='lat' dir='ltr'><strong>qui</strong></span> <span class='ocrx_word' id='word_1_889' title='bbox 2990 5034 3050 5088; x_wconf 91' lang='lat' dir='ltr'><strong>in</strong></span> <span class='ocrx_word' id='word_1_890' title='bbox 3080 5034 3303 5090; x_wconf 83' lang='lat' dir='ltr'><strong>Christo</strong></span> <span class='ocrx_word' id='word_1_891' title='bbox 3332 5038 3658 5098; x_wconf 89' lang='lat' dir='ltr'><strong>censentur,</strong></span> 
     </span>
    </p>
   </div>
   <div class='ocr_carea' id='block_1_116' title="bbox 1963 5122 3230 5194">
    <p class='ocr_par' dir='ltr' id='par_1_116' title="bbox 1963 5122 3230 5194">
     <span class='ocr_line' id='line_1_116' title="bbox 1963 5122 3230 5194; baseline -0.004 -14"><span class='ocrx_word' id='word_1_892' title='bbox 1963 5123 2229 5194; x_wconf 87' lang='lat' dir='ltr'><strong>exempla</strong></span> <span class='ocrx_word' id='word_1_893' title='bbox 2257 5137 2731 5194; x_wconf 89' lang='lat' dir='ltr'><strong>quaquaversum</strong></span> <span class='ocrx_word' id='word_1_894' title='bbox 2752 5124 2808 5178; x_wconf 92' lang='lat' dir='ltr'><strong>in</strong></span> <span class='ocrx_word' id='word_1_895' title='bbox 2834 5138 2894 5179; x_wconf 88' lang='lat' dir='ltr'><strong>se</strong></span> <span class='ocrx_word' id='word_1_896' title='bbox 2922 5122 3230 5179; x_wconf 88' lang='lat' dir='ltr'><strong>contrahit.</strong></span> 
     </span>
    </p>
   </div>
   <div class='ocr_carea' id='block_1_117' title="bbox 2598 5210 3020 5269">
    <p class='ocr_par' dir='ltr' id='par_1_117' title="bbox 2598 5210 3020 5269">
     <span class='ocr_line' id='line_1_117' title="bbox 2598 5210 3020 5269; baseline -0.007 -1"><span class='ocrx_word' id='word_1_897' title='bbox 2598 5211 2830 5268; x_wconf 86' lang='lat' dir='ltr'><strong>CAPUT</strong></span> <span class='ocrx_word' id='word_1_898' title='bbox 2871 5210 3020 5269; x_wconf 85' lang='lat' dir='ltr'><strong>XIV.</strong></span> 
     </span>
    </p>
   </div>
   <div class='ocr_carea' id='block_1_118' title="bbox 2034 5298 3658 5368">
    <p class='ocr_par' dir='ltr' id='par_1_118' title="bbox 2034 5298 3658 5368">
     <span class='ocr_line' id='line_1_118' title="bbox 2034 5298 3658 5368; baseline -0.001 -13"><span class='ocrx_word' id='word_1_899' title='bbox 2034 5299 2204 5356; x_wconf 73' lang='lat' dir='ltr'><strong>Vens.</strong></span> <span class='ocrx_word' id='word_1_900' title='bbox 2244 5302 2290 5353; x_wconf 92' lang='grc'><strong>1.</strong></span> <span class='ocrx_word' id='word_1_901' title='bbox 2318 5330 2383 5339; x_wconf 90' lang='grc'><strong><em>-</em></strong></span> <span class='ocrx_word' id='word_1_902' title='bbox 2428 5321 2449 5346; x_wconf 79' lang='grc' dir='ltr'>ι</span> <span class='ocrx_word' id='word_1_903' title='bbox 2492 5301 2689 5355; x_wconf 87' lang='lat' dir='ltr'><strong>Pereat</strong></span> <span class='ocrx_word' id='word_1_904' title='bbox 2736 5298 3015 5363; x_wconf 88' lang='lat' dir='ltr'><strong>Samaria,</strong></span> <span class='ocrx_word' id='word_1_905' title='bbox 3051 5298 3327 5368; x_wconf 87' lang='lat' dir='ltr'><strong>quoniam</strong></span> <span class='ocrx_word' id='word_1_906' title='bbox 3376 5299 3444 5353; x_wconf 91' lang='lat' dir='ltr'><strong>ad</strong></span> <span class='ocrx_word' id='word_1_907' title='bbox 3496 5312 3658 5354; x_wconf 84' lang='lat' dir='ltr'><strong>ama-</strong></span> 
     </span>
    </p>
   </div>
   <div class='ocr_carea' id='block_1_119' title="bbox 1965 5387 3656 5444">
    <p class='ocr_par' dir='ltr' id='par_1_119' title="bbox 1965 5387 3656 5444">
     <span class='ocr_line' id='line_1_119' title="bbox 1965 5387 3656 5444; baseline 0.002 -4"><span class='ocrx_word' id='word_1_908' title='bbox 1965 5409 1992 5440; x_wconf 77' lang='lat'><strong>»</strong></span> <span class='ocrx_word' id='word_1_909' title='bbox 2025 5388 2336 5444; x_wconf 88' lang='lat' dir='ltr'><strong>ritudinem</strong></span> <span class='ocrx_word' id='word_1_910' title='bbox 2368 5389 2675 5444; x_wconf 87' lang='lat' dir='ltr'><strong>concitavit</strong></span> <span class='ocrx_word' id='word_1_911' title='bbox 2704 5388 2888 5444; x_wconf 88' lang='lat' dir='ltr'><strong>Deum</strong></span> <span class='ocrx_word' id='word_1_912' title='bbox 2917 5401 3109 5443; x_wconf 91' lang='lat' dir='ltr'><strong>suum.</strong></span> <span class='ocrx_word' id='word_1_913' title='bbox 3146 5407 3173 5438; x_wconf 89' lang='grc'><strong>››</strong></span> <span class='ocrx_word' id='word_1_914' title='bbox 3206 5388 3288 5443; x_wconf 81' lang='lat' dir='ltr'><strong>Ac</strong></span> <span class='ocrx_word' id='word_1_915' title='bbox 3330 5387 3376 5442; x_wconf 90' lang='lat' dir='ltr'><strong>si</strong></span> <span class='ocrx_word' id='word_1_916' title='bbox 3401 5387 3612 5443; x_wconf 88' lang='lat' dir='ltr'><strong>diceret</strong></span> <span class='ocrx_word' id='word_1_917' title='bbox 3644 5403 3656 5444; x_wconf 88' lang='lat'>:</span> 
     </span>
    </p>
   </div>
   <div class='ocr_carea' id='block_1_120' title="bbox 1963 5474 3661 5547">
    <p class='ocr_par' dir='ltr' id='par_1_120' title="bbox 1963 5474 3661 5547">
     <span class='ocr_line' id='line_1_120' title="bbox 1963 5474 3661 5547; baseline -0.001 -14"><span class='ocrx_word' id='word_1_918' title='bbox 1963 5479 2154 5533; x_wconf 88' lang='lat' dir='ltr'><strong>Pereat</strong></span> <span class='ocrx_word' id='word_1_919' title='bbox 2180 5477 2253 5533; x_wconf 89' lang='lat' dir='ltr'><strong>ab</strong></span> <span class='ocrx_word' id='word_1_920' title='bbox 2291 5476 2809 5547; x_wconf 87' lang='lat' dir='ltr'><strong>exemplilicatione</strong></span> <span class='ocrx_word' id='word_1_921' title='bbox 2849 5475 3100 5533; x_wconf 81' lang='lat' dir='ltr'><strong>ﬁdelium</strong></span> <span class='ocrx_word' id='word_1_922' title='bbox 3144 5474 3442 5533; x_wconf 85' lang='lat' dir='ltr'><strong>exterioris</strong></span> <span class='ocrx_word' id='word_1_923' title='bbox 3472 5476 3661 5533; x_wconf 78' lang='lat' dir='ltr'><strong>hami-</strong></span> 
     </span>
    </p>
   </div>
  </div>
