3934 6086
287 220 383 276 411

1140 221 1202 275 ν.
1253 219 1581 274 GUIBEBTI
1643 220 1933 276 ABBATIS
1990 220 2046 276 S.
2114 220 2362 276 MARIZE
2423 221 2511 275 DE
2561 217 2957 275 NOVIGENTO

3689 217 3799 269 41⁸2

286 357 378 413 nis
416 370 686 427 perversa
732 356 827 410 illa
872 354 1152 420 custodia,
1200 355 1472 424 quoniam
1523 355 1580 409 in
1626 369 1742 410 non
1781 363 1978 411 custo—
2016 353 2257 411 A'nulla
2299 370 2397 425 spe
2434 356 2553 426 jam
2603 361 2866 424 occupat,
2911 360 3196 423 quantum
3250 353 3322 408 ad
3370 353 3610 409 salutem
3644 360 3803 408 tem-

286 445 494 501 diendo
563 443 892 499 interiorem
955 442 1138 496 Deum
1195 456 1389 509 suum,
1447 456 1514 497 ac
1571 441 1615 497 si
1672 442 1983 513 vigilanter

281 534 492 589 diceret
526 549 538 586 :
575 532 697 587 Non
740 529 1055 600 quemlibet
1093 538 1420 596 externum,
1466 531 1559 586 sed
1600 531 1853 601 judicem
1886 532 1982 587 in—

286 627 513 675 ternum
586 614 918 685 provocavit
976 615 1046 670 ad
1086 615 1548 671 amaritudinem.
1615 640 1634 665 α
1672 618 1737 672 In
1793 617 1982 688 gladio

290 728 312 755 ι
348 714 557 775 pereat,
624 704 850 773 parvuli
912 718 1114 759 eorum
1177 704 1484 772 elidantur,
1554 712 1607 761 et
1669 706 1792 761 fetas
1857 707 1984 776 ejus

288 815 309 843 ι
347 793 765 849 discindantur.
806 814 826 840 ι
867 794 1123 847 Samaria
1163 795 1224 847 in
1261 793 1446 858 gladio
1484 794 1647 863 perit,
1691 810 1820 851 cum
1864 798 1982 864 ipsa

284 881 511 937 subtilis
564 881 622 935 in
672 880 759 935 sui
806 881 1201 935 observatione
1242 880 1544 949 vigilantia
1587 882 1887 948 deseritur,
1949 896 1983 936 a

282 970 734 1038 constipatorum
763 983 1024 1033 suorum,
1059 968 1162 1039 qui
1193 969 1243 1024 ei
1274 969 1686 1035 adulabantur,
1719 970 1982 1040 frequen-

283 1058 381 1115 tia.
460 1058 618 1128 Saepe
683 1059 837 1113 enim
909 1059 1098 1115 evenit
1180 1066 1243 1114 ut
1320 1058 1446 1113 talis
1520 1060 1984 1128 deprehendatur

283 1146 510 1212 astutia,
555 1147 709 1203 unde
756 1149 816 1200 in
865 1147 1051 1216 gladio
1093 1148 1358 1218 signatur
1404 1148 1707 1203 discordia.
1758 1151 1983 1203 Parvuli

281 1252 463 1291 eorum
492 1237 810 1303 eliduntur,
853 1250 985 1292 cum
1027 1236 1175 1291 allisi
1205 1237 1272 1291 ad
1331 1244 1551 1305 petram
1593 1250 1626 1290 a
1654 1250 1775 1292 suae
1807 1237 1980 1292 hebe-

287 1327 506 1381 tudinis
562 1325 780 1382 duritia
846 1325 1314 1395 confringuntnr.
1376 1326 1614 1382 Parvuli
1676 1334 1812 1383 sunt
1876 1328 1978 1399 qui

284 1415 477 1471 adhuc
531 1415 602 1470 ad
656 1415 708 1469 id
763 1414 933 1469 ofﬁcii
973 1415 1148 1469 rudes
1196 1422 1350 1469 sunt.
1399 1418 1537 1469 Feta:
1593 1417 1711 1484 ejus
1769 1417 1978 1472 discin-

280 1504 521 1570 duntur,
579 1518 713 1559 cum
766 1503 825 1558 hi
881 1503 983 1572 qui
1034 1502 1311 1560 diuturno
1370 1512 1508 1560 sunt
1565 1504 1753 1560 studio
1800 1506 1979 1578 hujus

283 1593 424 1647 artis
482 1592 711 1658 imbuti,
767 1599 822 1647 et
878 1605 1031 1661 spem
1089 1606 1399 1661 concepere
1460 1592 1582 1662 jam
1640 1594 1809 1659 lucri,
1862 1609 1977 1664 quo

2093 444 2342 513 poralem
2390 445 2609 511 attinet,
2675 444 2917 498 animos.
2961 443 3136 510 Super
3188 458 3384 512 equum
3432 458 3538 496 non
3585 456 3802 497 ascen-

2090 531 2300 598 dimus,
2363 547 2492 587 cum
2554 531 2845 587 szecularis
2894 529 3242 585 excellentiae
3293 530 3647 585 nobilitatem
3699 543 3803 584 re-

2090 619 2370 689 spuimus.
2421 621 2596 689 Opera
2635 635 2892 672 manuum
2933 622 3245 672 nostrarum
3295 617 3447 673 ultra
3495 618 3630 673 deos
3676 632 3803 672 non

2090 707 2354 774 dicimus,
2387 722 2521 763 cum
2563 709 2634 763 ad
2680 706 3073 777 spectaculum
3120 714 3327 762 nostrae
3371 706 3534 762 bonae
3561 720 3805 762 conver-

2090 797 2347 863 sationis,
2407 805 2685 867 tanquam
2744 797 2815 851 ad
2864 795 3113 865 alicujus
3164 794 3495 850 idololatria
3541 795 3797 860 cultum,

2090 899 2460 955 nequaquam
2522 886 2868 941 lenocinium
2913 884 3168 939 ridiculae
3227 883 3595 954 vulgaritatis
3650 884 3803 938 asci—

2090 973 2321 1028 scimus.
2376 974 2732 1028 Praeterierat
2771 987 2859 1027 me
2908 972 3121 1027 divinae
3170 972 3487 1026 testificatio
3543 973 3800 1027 locutio-

2090 1062 2200 1130 nis,
2272 1063 2427 1133 quod
2494 1062 2695 1131 utique
2756 1077 2854 1131 per
2905 1075 3121 1131 equum
3189 1061 3546 1131 signiﬁcetur
3610 1062 3801 1116 fastus

2090 1150 2286 1221 gloriae
2350 1151 2699 1221 temporalis,
2775 1158 2835 1205 ut
2899 1157 3025 1205 est:
3092 1150 3179 1204 Ab
3239 1150 3627 1219 increpatione
3698 1150 3799 1205 Dei

2088 1240 2283 1307 Iacob,
2330 1240 2786 1294 dormitaverunt
2835 1237 2938 1308 qui
2982 1238 3366 1293 ascenderunt
3405 1252 3586 1307 equos
3613 1240 3793 1305 (Psal.

2092 1343 2257 1395 Lxxv,
2292 1328 2365 1397 7).
2410 1329 2545 1397 Ejus
2588 1330 2686 1396 qui
2726 1330 2783 1380 in
2823 1341 2887 1382 eo
2922 1332 2999 1380 est
3030 1327 3182 1381 Deus
3224 1326 3529 1382 miseretur
3565 1328 3797 1396 pupilli,

2090 1418 2249 1486 quia,
2302 1424 2602 1486 postquam
2646 1430 2805 1471 mens
2850 1428 2883 1469 a
2926 1414 3221 1483 praesentis
3253 1414 3447 1469 saeculi
3497 1428 3555 1469 se
3601 1412 3802 1468 omni-

2090 1506 2259 1561 moda
2296 1505 2684 1561 consolatione
2727 1505 2978 1574 deponit,
3026 1512 3082 1559 et
3129 1504 3296 1572 quasi
3351 1502 3563 1557 diaboli
3615 1501 3805 1572 patris

2091 1594 2239 1649 ultro
2289 1593 2624 1653 fomentum.
2671 1592 2779 1648 sub
2811 1608 2925 1662 quo
2959 1591 3346 1657 nutriebatur,
3379 1590 3611 1655 amittit,
3643 1598 3704 1645 et
3738 1604 3802 1645 se

282 1681 521 1736 obtentu
564 1681 686 1735 htec
724 1679 955 1745 faciant,
1001 1680 1181 1749 rimis,
1236 1689 1299 1736 ut
1349 1681 1430 1737 sic
1469 1681 1679 1750 dicam,
1726 1684 1977 1752 patenti-
2017 1698 2057 1753 Β
2090 1689 2235 1737 ειη
2304 1681 2685 1736 misericordis
2734 1681 2832 1736 Dei
2885 1681 3005 1751 jam
3062 1679 3378 1735 visceribus
3436 1678 3799 1744 intromittit;

284 1769 414 1833 bus,
464 1776 519 1824 et
575 1769 644 1824 ad
694 1769 835 1838 quid
883 1769 1135 1838 aspirent
1178 1768 1405 1838 publice
1450 1778 1843 1838 exponuntur.
1903 1772 1979 1826 De

280 1856 408 1913 fetis
447 1857 537 1912 his
568 1856 626 1911 in
659 1857 972 1927 EVangelio
1011 1857 1221 1912 dicitur
1256 1874 1267 1911 :
1301 1858 1394 1911 Vae
1443 1858 1880 1927 praegnantibus
1923 1867 1979 1916 et

280 1945 737 2000 mammantibus
769 1945 913 2014 (Luc.
946 1961 1056 2012 xxi,
1079 1945 1193 2011 23)!

349 2033 521 2090 Vens.
573 2036 627 2086 2.
679 2062 753 2074 —
809 2056 828 2082 α
865 2034 1227 2101 Convertere,
1289 2034 1479 2099 Israel,
1546 2034 1620 2089 ad
1669 2034 1977 2091 Dominum

286 2123 527 2179 »Deum
597 2130 783 2189 tuum,
862 2121 1139 2190 quoniam
1210 2122 1475 2178 corruisti
1546 2122 1602 2177 in
1672 2123 1978 2193 iniquitate

279 2230 305 2259 ι»
337 2217 453 2266 tua.
489 2230 515 2261 »
560 2210 645 2266 Ad
674 2224 769 2265 eos
799 2211 1014 2279 quibus
1043 2211 1388 2280 imprecatus
1429 2211 1615 2266 fuerat
1663 2211 1798 2267 facit
1832 2227 1977 2281 apo-

175 2338 183 2344 .
278 2299 594 2368 stropham.
632 2299 714 2355 Ac
753 2298 800 2355 si
842 2299 1035 2355 dicat:
1077 2298 1360 2365 Quoniam
1412 2303 1470 2352 in
1502 2302 1815 2369 iniquitate,
1858 2316 1978 2371 qua

278 2400 411 2441 cum
454 2388 567 2442 Deo
608 2386 780 2456 dirigi
821 2386 1076 2451 volebas,
1127 2395 1182 2441 et
1230 2387 1521 2442 Altissimo
1579 2386 1781 2443 similis
1834 2389 1972 2454 ﬁeri,

277 2474 417 2531 dum
447 2475 635 2541 illum,
684 2475 783 2544 qui
834 2476 886 2530 ei
924 2475 1240 2531 debebatur
1278 2475 1552 2530 honorem
1582 2475 1684 2531 tibi
1734 2490 1976 2546 arroga-

280 2563 400 2631 bas,
459 2566 735 2623 corruisti.
793 2564 845 2619 id
895 2571 980 2619 est
1023 2564 1096 2619 ab
1162 2564 1319 2618 inani
1387 2578 1485 2633 spe
1534 2565 1815 2620 decidisti.
1885 2566 1977 2619 Ad

278 2654 567 2706 Dominum
626 2654 792 2706 Deum
844 2656 1016 2718 tuum,
1072 2652 1145 2707 ad
1199 2667 1331 2707 eum
1392 2652 1654 2709 videlicet
1711 2668 1827 2708 non
1882 2654 1975 2708 cui

279 2753 495 2809 suppar
553 2740 650 2807 sis,
710 2740 808 2796 sed
877 2742 1046 2811 cujus
1110 2741 1373 2810 subjaces
1438 2741 1661 2806 ditioni,
1727 2750 1781 2798 et
1849 2743 1973 2812 qui,

279 2829 599 2884 secundum
667 2829 823 2898 quod
891 2829 1062 2891 Deus,
1127 2828 1323 2882 arcani
1388 2830 1471 2883 tui
1535 2829 1715 2899 judex
1781 2837 1864 2885 est
1920 2837 1975 2885 et

274 2917 662 2973 simulationis
689 2917 866 2982 testis,
901 2917 1127 2972 tandem
1159 2922 1477 2971 convertere.

348 3007 520 3063 Vens.
572 3009 621 3061 3.
656 3036 726 3045 —
760 3028 782 3056 ι
827 3006 1026 3062 Tollite
1072 3005 1368 3062 vobiscum
1413 3006 1609 3072 verba,
1644 3014 1698 3062 et
1729 3021 1969 3063 conver-

274 3114 305 3148 ιι
354 3094 535 3150 timini
591 3095 664 3150 ad
724 3095 1050 3151 Dominum.
1090 3116 1111 3142 ›
1171 3095 1361 3150 Verba
1423 3095 1479 3149 in
1546 3095 1857 3163 Scripturis
1919 3104 1975 3152 et

274 3182 654 3238 saecularibus
711 3190 765 3237 et
818 3182 1048 3248 nostris,
1099 3195 1200 3250 pro
1244 3181 1417 3251 nugis
1466 3188 1521 3235 et
1574 3182 1786 3236 fabulis
1838 3183 1972 3251 poni

271 3269 472 3325 solent.
516 3269 677 3325 Unde
720 3269 1001 3326 Ovidius:
1049 3292 1069 3318 ι
1120 3269 1300 3324 Verba
1345 3269 1442 3324 dat
1488 3269 1674 3324 omnis
1727 3282 1908 3323 amor.
1947 3291 1966 3316 ι

272 3357 343 3412 Et
401 3357 581 3412 David
636 3358 707 3413 ad
769 3358 1002 3413 fratrem
1058 3372 1117 3412 se
1176 3356 1551 3426 culpantem:
1615 3380 1631 3404 ε
1670 3357 1968 3425 Nunquid,

274 3445 483 3516 inquit,
526 3461 642 3502 non
680 3446 924 3502 verbum
976 3448 1103 3502 est?
1139 3468 1158 3494 ι
1205 3446 1256 3515 (Ι
1292 3448 1421 3514 Reg.
1456 3460 1594 3509 xvn,
1644 3445 1760 3514 29.)
1805 3446 1971 3500 Tollit

268 3534 435 3589 verba
465 3535 566 3604 qui
605 3534 766 3606 vulgi
815 3550 875 3590 se
919 3535 1210 3590 laudantis
1250 3534 1478 3604 despuit
1518 3533 1817 3589 lenocinia.
1864 3534 1969 3589 Sed

273 3622 415 3692 quia
470 3622 551 3678 nil
608 3622 753 3679 tollit
800 3623 901 3693 qui
954 3638 1012 3678 se
1061 3623 1272 3692 pariter
1318 3636 1433 3678 non
1483 3622 1646 3688 tollit,
1704 3623 1969 3676 vobiscum

273 3710 528 3779 additur,
582 3719 648 3767 ut
694 3711 911 3767 falsitas
952 3725 1188 3781 operum
1232 3725 1366 3767 cum
1418 3712 1727 3767 verborum
1760 3711 1969 3766 adula-

276 3798 529 3855 tionibus
567 3798 856 3869 abigatur.
903 3799 993 3853 Ad
1026 3801 1309 3853 Dominum
1351 3806 1791 3862 convertuntur,
1834 3812 1967 3852 cum

271 3887 340 3941 ad
383 3887 430 3941 ei
466 3887 586 3955 jam
627 3888 973 3955 placendum
1003 3901 1074 3943 ex
1125 3894 1236 3942 toto
1289 3894 1614 3942 vertuntur.
1674 3887 1789 3941 Hoc
1811 3885 1965 3940 enim

273 3990 369 4029 con
429 3974 750 4044 prrepositio
816 3975 1111 4044 praemissa
1175 3975 1475 4046 signiﬁcat.
1551 3996 1572 4023 ε
1634 3974 1811 4030 Dicite
1865 3974 1964 4030 ei:

279 4084 299 4111 ι
334 4062 574 4118 Omnem
618 4063 781 4117 aufer
828 4063 1208 4133 iniquitatem,
1260 4073 1315 4119 et
1370 4063 1563 4133 accipe
1616 4062 1862 4126 bonum;
1913 4069 1967 4117 et

275 4172 296 4198 ι
330 4150 633 4205 reddemus
665 4151 873 4207 vitulos
919 4152 1202 4207 labioruin
1238 4160 1588 4207 nostrorum.
1630 4173 1649 4199 ι
1686 4150 1967 4206 Dominus

2014 2975 2053 3029 C

2086 1772 2211 1840 ejus
2262 1770 2507 1839 profecto
2554 1776 2693 1825 tunc
2744 1768 3067 1836 miseretur,
3117 1768 3258 1837 quia
3296 1768 3485 1823 aliena
3520 1766 3801 1838 benigni-

2092 1867 2179 1914 tas
2207 1874 2320 1913 non
2352 1866 2675 1927 separatur.

2158 1948 2327 2003 Vnus.
2361 1948 2414 2002 5.
2447 1976 2516 1985 -
2556 1967 2583 1994 ‹‹
2614 1945 2839 2001 Sanabo
2881 1945 3252 2001 contritiones
3290 1958 3510 2011 eorum,
3544 1943 3796 2014 diligam

2089 2058 2109 2084 ι
2144 2049 2239 2091 eos
2294 2042 2625 2105 spontanee.
2682 2054 2700 2082 ι
2749 2035 3104 2090 Contritiones
3155 2049 3336 2087 eorum
3388 2041 3574 2097 sanat,
3636 2032 3787 2087 dum

2084 2133 2451 2179 veternoruin
2540 2123 2883 2177 detrimenta
2975 2130 3337 2191 peccatorum
3431 2121 3798 2177 restituendo

2087 2219 2437 2280 compensat.
2469 2212 2769 2280 Spontanee
2811 2225 2894 2263 eos
2942 2210 3151 2279 diligit,
3201 2225 3333 2265 cum
3386 2224 3500 2264 non
3549 2210 3800 2278 superﬁ-

2085 2300 2167 2355 cie
2201 2309 2383 2363 tenus,
2419 2302 2515 2354 sed
2544 2299 2649 2353 sibi
2686 2299 2905 2367 integre
2936 2307 2990 2353 et
3031 2305 3465 2368 perseveranter
3493 2298 3793 2367 astringit.

2083 2389 2187 2445 Cui
2241 2388 2381 2442 illud
2410 2386 2809 2456 evangelicum
2842 2388 3016 2455 paulo
3045 2386 3405 2455 subrespicit.
3440 2387 3584 2442 Cum
3631 2387 3796 2441 enim

2088 2476 2398 2531 Dominum
2454 2475 2691 2544 quidam
2764 2465 3155 2530 sciscitaretur
3197 2476 3523 2530 adolescens
3572 2475 3798 2543 quibus

2087 2565 2258 2619 vitam
2306 2571 2579 2618 aeternam
2629 2554 2871 2618 actibus
2906 2571 3241 2629 mereretur,
3281 2570 3335 2617 ct
3387 2563 3504 2631 ipse
3548 2563 3594 2617 ei
3644 2562 3797 2631 legis

2083 2653 2357 2707 mandata
2388 2651 2781 2720 praetenderet,
2812 2651 3046 2721 juvenis
3074 2652 3194 2707 hth
3226 2651 3422 2707 eadem
3446 2651 3518 2706 ab
3552 2652 3795 2707 ineunte

2082 2756 2204 2796 aevo
2266 2755 2324 2795 se
2371 2754 2628 2795 servasse
2677 2739 2988 2809 respondit.
3038 2739 3142 2796 Ubi
3202 2739 3582 2810 subjungitur
3625 2741 3791 2809 quod

2081 2831 2246 2886 Iesus
2290 2830 2537 2884 intuitus
2581 2828 2844 2884 dilexerit
2883 2843 3038 2884 eum.
3089 2828 3194 2885 Cui
3229 2837 3416 2884 tamen
3460 2843 3593 2883 cum
3625 2837 3791 2897 post-

2083 2919 2319 2973 modum
2355 2919 2423 2973 de
2457 2917 2655 2971 mundi
2697 2917 3197 2972 abrenuntiatione
3246 2931 3410 2971 novae
3461 2916 3599 2987 legis
3639 2917 3791 2973 scita

2084 3014 2444 3075 proponeret,
2472 3005 2649 3061 tristis
2690 3005 3027 3061 abscessisse
3074 3020 3209 3060 mox
3240 3004 3472 3071 dicitur,
3501 3005 3789 3073 quoniam

2087 3093 2269 3148 multa
2341 3093 2635 3162 possidens
2686 3093 2843 3149 dives
2893 3101 3037 3149 esset
3095 3094 3314 3163 (Matth.
3370 3106 3485 3151 xxx,
3533 3096 3597 3145 l6
3662 3096 3786 3161 22).

2080 3184 2250 3238 Hunc
2307 3196 2442 3251 ergo
2488 3196 2759 3247 amorem,
2820 3189 2873 3238 et
2936 3182 3092 3236 illam
3140 3182 3332 3237 Achab
3382 3180 3533 3249 regis
3580 3182 3789 3249 perﬁdi

2080 3268 2547 3338 perfunctoriam,
2595 3285 2773 3339 quam
2828 3284 2926 3339 pro
2982 3270 3228 3325 demisso
3276 3272 3459 3339 capite
3512 3270 3792 3327 Dominus

2077 3357 2213 3412 olim
2246 3357 2567 3412 laudaverit
2600 3358 3001 3426 humilitatem,
3044 3359 3180 3426 haec,
3234 3359 3497 3427 inquam,
3531 3366 3787 3428 utraque

2076 3454 2275 3500 utrum
2306 3454 2641 3515 spontanea,
2671 3447 2819 3503 sicut
2855 3448 2943 3502 hic
2976 3446 3204 3516 legitur,
3241 3446 3540 3502 dilectione
3571 3446 3776 3517 digna-

2078 3540 2172 3588 tus
2222 3533 2312 3599 sit,
2365 3533 2645 3604 conjicere
2698 3535 2890 3590 velim.
2946 3536 2998 3590 Si
3052 3542 3432 3603 spontaneum
3489 3543 3572 3591 est
3615 3536 3778 3604 quod

2078 3623 2236 3676 nullo
2266 3631 2521 3692 cogente,
2574 3623 2748 3678 nullis
2773 3624 2963 3678 causis
3005 3623 3441 3694 subjacentibus
3474 3622 3550 3690 fit,
3587 3623 3785 3694 majus

2076 3711 2134 3765 in
2170 3712 2282 3765 Deo
2317 3710 2454 3765 mihi
2490 3711 2736 3777 videtur,
2773 3713 3037 3782 quam-si
3082 3726 3156 3766 ex
3209 3712 3408 3767 merito
3456 3712 3545 3766 sit.
3597 3711 3761 3777 Quod

2075 3799 2228 3855 enim
2288 3800 2491 3855 merito
2550 3800 2812 3865 refertur,
2876 3800 3132 3856 debitum
3188 3807 3292 3865 est,
3361 3800 3513 3869 quod
3578 3809 3774 3855 autem

2078 3888 2256 3959 gratis
2298 3889 2637 3960 ingenitum.
2694 3892 2835 3944 Cum
2880 3889 3011 3960 quis
3057 3888 3399 3959 obsequium
3442 3897 3615 3955 amat,
3657 3904 3779 3944 ces-

2076 3984 2239 4033 sante
2299 3976 2486 4033 ofﬁcio
2555 3976 2863 4033 lentescere
2915 3977 3056 4033 solet
3125 3976 3381 4044 affectus,
3450 3975 3775 4048 gratuitum

2075 4074 2289 4131 autem,
2337 4080 2404 4121 ea
2433 4079 2550 4135 qua
2578 4066 2748 4136 erepit
2792 4066 3158 4121 ultroneitate
3201 4066 3490 4134 perdurat.
3536 4066 3774 4133 Sponte-

2074 4169 2167 4207 nee
2191 4167 2326 4224 ergo
2358 4154 2497 4208 mihi
2532 4154 2762 4210 videtur
2787 4154 2976 4211 dictus
3007 4153 3190 4224 diligi,
3240 4153 3345 4223 qui
3374 4154 3496 4208 sine
3553 4166 3776 4221 praece-

276 4246 517 4309 rogatur
577 4247 641 4295 ut
696 4240 919 4296 auferat
974 4243 1343 4309 iniquitatem,
1401 4254 1533 4295 cum
1591 4239 1659 4295 de
1710 4238 1967 4294 exhibito
2008 4250 2050 4305 ι)
2081 4241 2274 4297 dentia
2322 4242 2453 4297 boni
2508 4242 2832 4313 cujuspiam
2895 4242 3250 4313 dignoscitur
3296 4241 3484 4312 allegi.
3534 4240 3776 4296 Perfun-

274 4328 423 4383 bono
487 4342 674 4397 opere,
740 4329 1073 4399 duplicitate
1139 4337 1374 4394 remota,
1443 4328 1690 4384 debitam
1752 4326 1968 4397 petitur

275 4417 604 4486 puritatem.
667 4416 934 4486 Accipere
992 4418 1185 4471 bonum
1241 4430 1471 4488 quoque
1530 4417 1762 4486 petitur,
1833 4416 1967 4471 boni

273 4505 486 4561 scilicet
539 4506 792 4561 exercitii
851 4506 1062 4571 studia,
1132 4520 1383 4575 quorum
1449 4504 1618 4560 laude
1665 4512 1720 4559 et
1786 4503 1968 4573 gloria

272 4593 677 4650 fraudabatur.
723 4594 1014 4649 Labiorum
1058 4599 1363 4649 nostrorum
1409 4596 1605 4648 vitulos
1648 4594 1963 4660 reddimus,

276 4686 399 4741 illos
461 4685 725 4741 videlicet
791 4700 938 4755 quos
1003 4686 1322 4740 adorandos
1387 4693 1451 4740 ut
1536 4684 1970 4740 immolarentur

274 4774 532 4829 homines
566 4773 737 4844 impie
762 4774 1174 4842 clamabamus,
1205 4774 1344 4830 dum
1378 4773 1755 4843 petulantiam
1785 4773 1968 4828 inter—

275 4876 362 4917 na
395 4861 661 4926 levitatis,
697 4875 814 4931 qua
845 4862 912 4916 de
943 4860 1203 4931 populari
1237 4861 1513 4930 obsequio
1552 4859 1966 4930 gaudebamus,

274 4963 452 5019 quam
492 4950 663 5004 etiam
710 4950 919 5005 nostris
964 4949 1216 5019 ipsorum
1264 4948 1430 5005 labiis
1472 4949 1709 5003 incitare
1750 4946 1967 5003 soleba-

276 5052 419 5099 mus,
446 5051 546 5107 per
570 5037 981 5093 confessionem
1004 5039 1118 5093 Deo
1145 5044 1625 5107 representamus.

346 5126 517 5182 Vens.
570 5126 624 5179 4.
655 5154 726 5167 -
784 5148 811 5175 ‹‹
873 5127 1056 5183 Assur
1106 5140 1223 5182 non
1287 5126 1533 5182 salvabit
1602 5138 1724 5189 nos,
1794 5136 1970 5192 super

278 5233 304 5264 »
336 5228 551 5283 equum
596 5229 712 5269 non
756 5215 1151 5283 ascendemus,
1200 5229 1305 5271 nec
1350 5214 1607 5270 dicemus
1656 5211 1848 5267 ultra:
1884 5210 1969 5266 Dii

278 5324 297 5349 ι
338 5301 513 5357 nostri
557 5316 729 5369 opera
778 5317 1060 5360 manuum
1101 5311 1448 5369 nostrarum,
1492 5301 1631 5371 quia
1687 5299 1834 5369 ejus,
1868 5298 1969 5369 qui

292 5411 307 5437 ι
352 5388 408 5444 in
449 5396 499 5443 te
544 5396 628 5443 est
672 5390 1032 5446 misereberis
1096 5390 1319 5461 pupilli.
1360 5412 1380 5438 ι
1417 5391 1596 5444 Assur
1633 5404 1739 5443 non
1785 5387 1971 5443 salvat

276 5489 387 5537 nos,
413 5489 546 5531 cum
577 5475 736 5546 regia
765 5478 1033 5548 cognitio,
1084 5486 1138 5533 et
1176 5478 1367 5534 aulica
1408 5475 1704 5547 promotio,
1748 5483 1971 5532 nostros

2076 4331 2321 4386 ctorium
2378 4338 2567 4387 autem
2628 4331 2688 4386 in
2756 4333 2868 4386 Deo
2934 4332 3010 4386 nil
3065 4338 3166 4393 est,
3229 4338 3331 4386 aut
3390 4330 3777 4386 vicissitudini

2074 4419 2412 4485 obnoxium,
2450 4426 2511 4473 ut
2538 4419 2689 4489 quod
2724 4420 2890 4474 semel
2924 4419 3205 4486 dilexerit,
3240 4418 3564 4474 suboriente
3597 4432 3778 4473 causa

2074 4508 2285 4562 cassari
2350 4522 2483 4563 mox
2557 4507 2750 4577 possit,
2815 4508 2910 4562 sed
2986 4508 3137 4578 quod
3206 4507 3419 4563 dicitur
3482 4505 3773 4575 dilexisse,

2075 4595 2319 4651 ostendit
2369 4595 2641 4665 juvenem
2697 4596 3129 4652 conversatione
3181 4596 3481 4660 forinseca,
3548 4596 3620 4651 ab
3687 4595 3778 4651 his

2074 4684 2177 4754 qui
2206 4698 2337 4739 eum
2372 4684 2629 4739 viderent
2661 4685 2822 4755 diligi
2870 4685 3138 4753 potuisse.
3171 4683 3272 4740 Cui
3330 4684 3523 4739 sensui
3568 4683 3780 4741 accidit

2077 4771 2232 4841 quod
2262 4771 2473 4827 dicitur
2505 4787 2518 4826 :
2552 4773 2803 4827 Intuitus
2830 4786 2963 4827 eum
3005 4775 3187 4828 Jcsus.
3232 4772 3346 4827 Nec
3389 4772 3626 4835 frustra,
3670 4787 3781 4829 nec

2075 4861 2227 4916 enim
2259 4875 2393 4915 eum
2435 4875 2551 4915 non
2598 4869 2854 4917 noverat.
2906 4862 3009 4918 Cui
3045 4860 3228 4917 simile
3254 4868 3337 4915 est
3368 4860 3521 4929 quod
3567 4860 3637 4916 de
3667 4860 3779 4916 ﬁde

2076 4948 2429 5003 centurionis
2475 4947 2687 5002 dicitur
2737 4948 3059 5003 admiratus
3109 4949 3326 5017 (Matth.
3380 4963 3499 5013 vm,
3553 4946 3658 5018 l0).
3704 4948 3778 5005 Et

2077 5035 2217 5104 quid
2250 5036 2305 5090 in
2354 5036 2691 5092 centurione
2732 5036 3055 5092 mirabatur
3099 5052 3269 5107 quem
3315 5036 3457 5091 nihil
3502 5050 3615 5091 non
3654 5050 3688 5091 a
3718 5052 3778 5093 se

2075 5124 2287 5180 habere
2334 5133 2590 5193 noverat,
2652 5125 2762 5180 nisi
2812 5126 2968 5195 quod
3010 5125 3223 5195 dignus
3276 5124 3555 5180 miraculo
3602 5125 3777 5182 homo

2079 5211 2224 5268 idem
2258 5214 2725 5270 monstrabatur?
2754 5214 3029 5284 Sequitur
3061 5229 3073 5268 :
3110 5237 3130 5262 ι
3166 5213 3313 5281 Quia
3338 5227 3578 5269 aversus
3606 5222 3709 5281 est,
3747 5237 3769 5262 ι

2079 5301 2288 5370 inquit,
2345 5324 2364 5349 ι
2402 5301 2564 5357 furor
2629 5316 2792 5358 meus
2842 5303 2913 5358 ab
2963 5303 3060 5358 eis.
3102 5324 3122 5350 ι
3180 5302 3267 5356 Ab
3323 5304 3400 5356 eis
3453 5304 3614 5367 furor
3677 5303 3774 5358 Dei

2079 5389 2380 5458 avertitur,
2419 5405 2551 5446 cum
2596 5390 2783 5446 cordis
2827 5391 3106 5447 hactenus
3146 5389 3559 5459 imprenitentis
3596 5389 3776 5445 obsti»

2078 5475 2236 5561 natio
2279 5476 2626 5533 dimovetur.
2671 5479 2735 5532 In
2780 5477 2939 5533 nullo
2981 5478 3133 5533 enim
3174 5476 3358 5547 magis
3395 5478 3547 5532 Deus
3576 5483 3775 5533 contra

3894 108 3899 245 l
