3934 6086
81 237 197 293 413

811 235 1269 295 TROPOLOGIE
1309 239 1379 292 IN
1421 237 1622 304 OSEE,
1661 238 1840 297 AMOS
1878 239 1966 294 ET
2006 237 2159 302 JEB,
2191 268 2259 275 ——
2292 238 2418 292 LIB.
2458 237 2553 291 Ill.
2596 235 2665 290 ΙΝ
2705 233 2900 292 OSEE.

3499 233 3602 288 414

83 367 389 426 hominem
419 369 592 426 fuerit
619 384 796 440 quam
839 383 974 426 cum
1003 382 1198 441 pravae
1241 370 1600 428 conscientiae
1627 369 1794 427 duri-
1831 370 1882 426 A
1908 377 2012 438 est,
2051 370 2254 426 ﬂorent
2279 383 2412 425 cum
2459 368 2530 424 ad
2573 382 2841 438 supernae
2873 367 3071 437 patriae
3101 365 3354 424 laetitiam
3390 366 3598 423 indesi-

87 459 236 514 liam
274 475 390 516 non
412 459 646 515 emollit.

163 547 342 604 Vnus.
384 550 444 602 -6.
508 579 578 588 —-
609 571 628 596 ι
665 551 769 603 Ero
827 547 993 618 quasi
1051 561 1165 616 ros,
1228 548 1402 604 Israel
1455 549 1801 620 germinabit

95 657 118 683 -
155 637 333 706 quasi
375 635 580 703 lilium,
627 645 680 692 et
724 641 985 706 erumpet
1015 637 1184 693 radix
1231 639 1357 708 ejus
1403 645 1466 693 ut
1515 637 1735 694 Libani.
1768 657 1796 689 »

91 725 199 779 Est
244 725 398 780 Deus
445 727 606 793 quasi
654 740 762 791 ros,
821 739 952 780 cum
1006 725 1205 796 gratiae
1252 740 1372 780 suae
1421 726 1801 795 temperantia

91 811 403 882 refrigerat
445 821 636 868 motus
677 813 880 868 mentis
927 813 1155 883 ignitos.
1202 815 1382 868 Israel
1424 817 1586 882 quasi
1623 815 1800 869 lilium

92 902 410 971 germinat,
473 917 604 958 cum
685 902 1078 958 sanctimonize
1135 903 1432 970 desiderio,
1501 903 1624 960 sine
1682 919 1800 974 qua

92 992 289 1047 Deum
334 1006 502 1047 nemo
545 990 779 1056 videbit,
832 991 1232 1047 ﬂorentissime
1283 992 1507 1062 ﬂagrat.
1568 993 1634 1047 In
1683 1007 1800 1062 quo

91 1081 423 1136 notandum
455 1081 611 1150 quod
649 1080 835 1135 lilium
879 1087 932 1135 et
963 1080 1189 1135 sarculo
1218 1081 1536 1146 excolatur,
1583 1088 1636 1136 et
1670 1082 1798 1136 timo

88 1169 410 1237 aliquoties
458 1169 835 1224 humectetur.
881 1167 1042 1235 Quod
1091 1183 1205 1224 non
1254 1169 1667 1225 inconcinnum
1715 1177 1800 1226 est

89 1257 372 1323 castitati,
421 1272 552 1327 qua:
587 1265 642 1312 et
689 1257 1048 1313 abstinentiae
1099 1257 1346 1329 ligonem
1401 1258 1704 1325 desiderat,
1746 1266 1801 1314 et

90 1354 363 1401 veterum
408 1354 765 1415 peccatorum
816 1346 1310 1402 recordationibus
1363 1348 1434 1403 ad
1483 1347 1570 1403 sui
1619 1355 1802 1402 custo-

92 1437 254 1491 diam
285 1437 673 1512 providontior
698 1445 904 1492 exstat.
947 1437 1107 1493 Uude
1151 1445 1206 1492 et
1246 1438 1305 1492 in
1337 1437 1584 1493 Canticis
1616 1438 1799 1494 lilium

93 1527 454 1583 convallium
505 1527 716 1582 dicitur
747 1527 932 1597 (Cant.
970 1541 1030 1597 ιι,
1073 1525 1142 1596 1),
1181 1525 1320 1597 quia
1359 1525 1634 1596 pudicitia
1676 1541 1799 1596 per-

96 1629 371 1671 severare
403 1629 514 1670 non
547 1623 746 1685 potest,
783 1616 888 1670 nisi
947 1630 1078 1684 quae
1127 1615 1414 1684 profunda
1467 1615 1555 1670 sui
1619 1615 1802 1685 ipsius

97 1703 484 1774 vilipensione
533 1705 814 1760 munitur.
867 1703 1092 1759 Israelis
1139 1704 1311 1758 rudia:
1369 1703 1448 1759 nil
1503 1703 1662 1760 aliud
1715 1712 1800 1760 est

97 1806 286 1861 quam
331 1791 571 1848 ﬁrmitas
611 1791 957 1848 intentionis.
992 1793 1124 1848 Haec
1175 1793 1428 1860 erumpit
1474 1797 1537 1848 ut
1580 1795 1798 1860 Libani,

97 1881 244 1947 sive,
318 1889 382 1936 ut
439 1882 494 1936 in
560 1881 673 1936 alia
739 1881 1110 1938 translatione
1165 1889 1247 1936 est
1307 1882 1460 1938 LXX
1493 1898 1505 1936 :
1542 1901 1570 1932 α
1627 1883 1804 1938 Mittet

97 1969 329 2024 radices
371 1983 506 2024 suas
552 1969 716 2040 quasi
773 1969 1046 2036 Libanus,
1084 1991 1105 2018 ι
1141 1984 1274 2025 cum
1329 1971 1647 2026 secundum
1694 1985 1804 2026 ex-

98 2058 425 2114 cellentiam
459 2059 761 2114 exterioris
807 2058 1015 2128 operis,
1063 2065 1286 2114 constat
1329 2058 1586 2115 soliditas
1627 2073 1661 2114 a
1691 2061 1803 2114 Deo

98 2149 375 2206 radicatae
405 2161 506 2217 per
536 2147 874 2203 charitatem
904 2147 1284 2218 cogitationis.
1311 2148 1627 2204 Cedrorum
1647 2149 1802 2204 enim

99 2237 418 2307 proceritas
450 2236 669 2292 radices
709 2236 923 2292 dicitur
967 2237 1177 2292 habere
1226 2251 1588 2306 summopere
1637 2237 1802 2292 altas.

99 2327 228 2383 Non
261 2327 418 2382 enim
463 2333 643 2394 potest
675 2327 900 2396 pondus
947 2325 1171 2380 arboris
1207 2325 1424 2396 grande
1471 2326 1802 2394 subsistere,

101 2414 306 2470 subter
335 2414 514 2483 posita
547 2413 706 2468 brevi
732 2420 788 2468 et
814 2413 1042 2468 infirma
1074 2413 1283 2468 radice.

176 2502 351 2559 Vens.
377 2507 429 2556 7.
482 2533 551 2542 —-
584 2520 613 2552 α
653 2502 827 2558 Ibunt
876 2502 1018 2557 rami
1057 2501 1186 2571 ejus
1255 2523 1277 2548 ι
1309 2503 1477 2556 Rami
1513 2503 1630 2571 eius
1667 2509 1809 2558 eunt

104 2606 242 2647 cum
291 2605 465 2660 opera
511 2590 772 2646 ordinate
819 2589 1126 2644 distributa
1174 2590 1500 2660 proﬁciunt.
1541 2593 1608 2646 Et
1655 2599 1805 2646 recte

108 2689 232 2750 post
260 2680 471 2736 radicis
507 2679 892 2743 altitudinem,
935 2691 1228 2734 ramorum
1279 2680 1580 2750 subjungit
1609 2680 1808 2734 dilata-

109 2770 347 2834 tionem,
373 2767 531 2838 quia,
564 2768 702 2822 dum
748 2767 992 2838 quilibét
1034 2767 1092 2822 in
1135 2768 1547 2823 beneﬁcieutiae
1595 2767 1808 2824 exhibi-

109 2857 263 2912 tione
294 2856 658 2922 distenditur,
711 2869 937 2911 necesse
962 2863 1047 2911 est
1099 2863 1165 2911 ut
1215 2855 1394 2924 prius,
1443 2857 1490 2912 si
1543 2870 1803 2926 perseve-

109 2959 239 3000 rare
297 2951 598 3014 proponat,
639 2944 757 2999 alta
799 2943 1004 2999 mentis
1053 2944 1460 3001 deliberatione
1507 2943 1800 3001 fundatur.

112 3054 135 3082 ι
176 3033 247 3088 Et
302 3031 411 3087 erit
460 3031 626 3102 quasi
667 3031 819 3087 oliva
861 3031 1046 3102 gloria
1086 3032 1232 3102 ejus,
1277 3039 1332 3087 et
1373 3033 1514 3087 odor
1559 3033 1686 3103 ejus
1743 3040 1805 3089 ut

113 3144 134 3170 ι
171 3121 391 3177 Libani.
427 3141 455 3171 »
491 3122 664 3186 Quasi
699 3121 845 3174 oliva
877 3121 1057 3189 gloria
1092 3122 1210 3188 ejus
1248 3127 1354 3186 est,
1403 3122 1505 3190 qui
1535 3121 1806 3190 operibus

110 3209 512 3267 misericordiae
562 3209 892 3266 exuberans
936 3216 1038 3265 est.
1083 3208 1248 3265 Oliva
1290 3209 1442 3264 enim
1491 3209 1598 3264 olei
1646 3209 1806 3266 ferax

107 3306 209 3364 est,
241 3305 298 3353 et
325 3298 466 3352 dum
495 3297 638 3353 alios
689 3298 778 3367 pie
819 3297 1033 3353 refovet
1063 3296 1230 3368 quasi
1264 3306 1653 3368 unguentum,
1690 3314 1806 3370 quo

106 3386 330 3442 dolores
395 3385 750 3456 mitigentur,
820 3384 1107 3440 debilibus
1173 3385 1407 3455 prtebet.
1493 3385 1592 3442 Vel
1658 3386 1806 3442 sicut

105 3474 251 3528 oliva
300 3473 480 3540 gloria
549 3473 664 3544 ejus
728 3489 847 3529 esse
903 3473 1134 3540 dicitur,
1203 3474 1344 3544 quia
1403 3475 1555 3531 nitor
1609 3475 1805 3544 gloriae

104 3561 415 3627 interioris,
463 3575 595 3631 quze
643 3562 765 3618 oleo
813 3561 1171 3634 designatur,
1232 3563 1622 3620 testimonium
1668 3579 1803 3619 con-

103 3649 360 3706 scientiae
425 3649 498 3704 ab
569 3649 830 3719 Apostolo
895 3651 1230 3706 nominatur
1281 3651 1358 3721 (11
1408 3652 1529 3706 Cor.
1591 3667 1628 3717 ι,
1693 3656 1800 3724 12).

106 3739 255 3795 Odor
275 3737 392 3808 ejus
439 3743 498 3792 ut
547 3737 743 3792 Libani
783 3745 886 3804 est,
931 3751 1064 3794 cum
1114 3737 1397 3808 quidquid
1445 3740 1584 3811 agit,
1644 3741 1808 3810 quid-

107 3826 253 3897 quid
311 3826 595 3897 loquitur,
658 3824 944 3896 quidquid
1005 3825 1235 3896 cogitat,
1304 3834 1405 3882 aut
1469 3826 1654 3881 oratio
1705 3831 1807 3882 aut

109 3914 454 3986 contiguum
511 3913 759 3970 orationi
807 3921 906 3969 est.
957 3913 1211 3970 Libanus
1253 3915 1407 3970 enim
1452 3917 1575 3970 thus
1633 3915 1804 3970 inter-

111 4011 394 4074 pretatur.
463 4003 621 4059 Unde
680 4003 738 4056 in
796 4001 1060 4072 psalmo:
1136 4024 1156 4050 ι
1209 4001 1524 4073 Dirigatur,
1595 4002 1804 4072 inquit,

109 4093 294 4149 oratio
347 4107 472 4148 mea
524 4092 672 4148 sicut
721 4092 1022 4148 incensum
1075 4093 1243 4160 (Psat.
1295 4108 1418 4160 cxc,
1470 4093 1546 4163 2).
1605 4114 1625 4139 ι
1689 4095 1804 4148 Et:

115 4206 136 4233 ε
170 4182 326 4240 Odor
356 4183 824 4238 vestimentorum
875 4189 1131 4248 tuorum,
1180 4181 1235 4236 id
1263 4189 1344 4238 est
1368 4195 1627 4252 operum,
1661 4182 1811 4238 sicut

107 4271 250 4328 odor
278 4270 672 4342 thuris(Cant.
701 4285 778 4335 tv,
815 4273 925 4338 lt).
965 4291 988 4316 ι

179 4360 353 4416 Vens.
405 4363 458 4414 8.
505 4389 574 4397 —
610 4378 635 4408 α
689 4357 1112 4414 Convertentur
1159 4358 1419 4414 sedentes
1473 4357 1532 4414 in
1598 4360 1807 4416 umbra

115 4471 135 4494 ι
168 4447 317 4517 ejus,
347 4445 543 4502 vivent
569 4445 776 4513 tritico,
819 4454 874 4502 et
917 4446 1328 4517 germinabunt
1358 4447 1522 4517 quasi
1553 4447 1740 4504 vinea.
1780 4471 1800 4496 ι

107 4535 360 4592 Sedentes
425 4538 486 4588 in
549 4536 742 4588 umbra
805 4535 926 4604 ejus
993 4543 1432 4603 convertuntur,
1496 4551 1627 4592 cum
1704 4537 1806 4608 qui

105 4622 369 4693 exemplo
412 4638 612 4680 eorum
657 4638 716 4678 se
765 4623 1080 4693 applicant,
1125 4624 1194 4680 ad
1255 4623 1432 4679 vitam
1479 4640 1537 4680 se
1594 4634 1806 4682 sancta:

104 4711 556 4769 conversationis
591 4711 920 4768 immutant.
967 4714 1036 4768 In
1079 4713 1276 4766 umbra
1321 4713 1548 4768 Israelis
1584 4714 1801 4784 sedent,

106 4802 210 4871 qui
267 4800 378 4856 sub
419 4801 769 4870 protectione
816 4800 963 4870 ejus,
1023 4803 1125 4872 qui
1167 4816 1300 4857 cum
1350 4803 1464 4858 Deo
1511 4803 1802 4874 dirigitur,

103 4903 222 4945 sese
301 4889 630 4945 humiliant.
695 4888 899 4945 Sedere
974 4889 1127 4944 enim
1168 4890 1512 4946 humilitatis
1559 4901 1662 4960 est,
1752 4902 1807 4950 et

104 4977 445 5048 bujusmodi
503 4977 756 5034 nubibus
810 4977 1018 5034 coelum
1088 4979 1240 5035 Deus
1303 4980 1545 5050 operire,
1613 4981 1668 5037 id
1724 4990 1805 5038 est

107 5072 404 5135 protegere
460 5064 620 5120 solet.
681 5066 902 5122 Vivunt
953 5068 1154 5133 tritico,
1210 5066 1302 5122 illo
1352 5068 1611 5124 videlicet
1649 5071 1803 5140 quod

106 5154 316 5209 cadens
349 5152 406 5208 in
437 5160 646 5208 terram
679 5163 990 5218 mortuum.
1027 5155 1273 5212 multum
1329 5156 1584 5213 fructum
1611 5159 1804 5215 attulit

109 5256 288 5312 grano
341 5242 528 5312 (Joan.
595 5257 694 5300 xu.
761 5244 853 5312 24,
925 5245 1034 5312 25),
1091 5259 1210 5315 quo
1275 5245 1447 5302 etiam
1511 5246 1803 5305 frumento

109 5330 284 5386 valles
329 5329 633 5386 abundare
692 5331 968 5388 dicuntur
1025 5333 1086 5388 in
1143 5333 1358 5403 psalmo
1421 5335 1587 5404 (Psal.
1650 5351 1798 5404 thv,

114 5418 214 5486 14),
287 5415 430 5487 quia
497 5415 683 5486 gratia
741 5418 914 5474 datur
971 5418 1176 5476 humili
1241 5421 1530 5476 duntaxat
1585 5421 1799 5478 animo.

110 5507 279 5572 Quasi
337 5507 500 5559 vinea
565 5505 912 5575 germinant,
966 5507 1107 5576 sive,
1153 5516 1219 5565 ut
1267 5510 1410 5566 alias
1458 5510 1800 5568 translatum

1910 469 2112 517 neuter
2153 461 2428 530 aspirant,
2469 467 2524 515 et
2567 473 2788 515 venena
2828 459 3100 514 vitiorum
3133 459 3378 528 propriae
3413 457 3600 514 virtu-

1910 550 1982 607 tis
2011 551 2183 607 odore
2225 551 2612 620 undecunque
2654 547 3011 618 propulsant.
3057 548 3188 602 Haec
3217 547 3369 602 enim
3413 547 3604 603 vinea-

1909 655 2039 696 rum
2105 639 2464 710 dignoscitur
2528 645 2740 693 natura
2798 636 3128 692 ﬂorentium
3195 645 3318 692 «ut
3383 637 3603 692 soleant

1907 729 2196 795 examina,
2247 727 2294 782 si
2357 726 2431 782 ibi
2488 727 2600 783 sint
2653 727 2930 796 contigui,
2985 725 3184 796 fugare
3224 725 3598 794 serpentium.

1909 838 1937 868 α
1990 816 2313 874 Memoriale
2359 817 2486 886 ejus
2521 821 2670 869 ’διεδ
2718 814 2866 870 sicut
2909 815 3111 868 vinum
3172 812 3394 868 Libani.
3432 833 3453 862 ι
3491 815 3598 866 Me-

1905 907 2131 960 moriaie
2163 904 2304 976 justi
2363 904 2670 972 cujuslibet
2721 917 2834 957 non
2888 903 3046 958 aliud
3095 910 3178 957 est
3223 915 3399 972 quam
3443 901 3604 971 spiri-

1908 995 2080 1052 tualis
2143 993 2593 1049 conversationis
2658 992 2906 1061 gloriosa
2969 991 3178 1060 opinio,
3257 989 3605 1046 intellectua-

1910 1085 2050 1140 lium
2103 1084 2628 1147 odorameutorum,
2675 1089 2729 1136 et
2786 1080 3072 1150 praecipue
3118 1079 3344 1136 eximiae
3391 1077 3599 1134 discre-

1911 1173 2096 1239 tionis,
2149 1171 2408 1242 apprime
2441 1169 2700 1225 redolens
2745 1169 3124 1224 condimento.
3165 1169 3366 1223 Vinum
3409 1174 3602 1222 autem

1907 1265 2106 1317 Libani
2148 1261 2468 1317 secundum
2517 1259 2762 1314 litteram
2816 1257 3124 1330 pigmentis
3167 1257 3476 1312 admistum
3527 1255 3604 1310 di-

1909 1351 2079 1406 citur.

1980 1441 2150 1496 VERS.
2185 1443 2238 1493 9.
2269 1469 2337 1476 —
2372 1461 2394 1488 ι
2430 1435 2728 1506 Ephraim,
2779 1435 2923 1505 quid
2962 1433 3104 1489 nihil
3150 1433 3302 1489 ultra
3349 1431 3541 1488 idola?
3576 1453 3598 1481 ι

1909 1529 1992 1585 Ac
2049 1529 2092 1583 si
2155 1526 2482 1582 diceret:0
2541 1533 2602 1581 tu
2642 1525 2788 1580 male
2843 1523 3100 1594 frugifer.
3163 1522 3261 1592 qui
3312 1529 3363 1577 te
3391 1521 3603 1577 olivam

1914 1615 2052 1670 falso
2117 1615 2468 1671 fructiferam
2526 1614 2582 1669 iu
2652 1614 2818 1668 domo
2879 1611 2974 1668 Dei
3031 1610 3369 1680 appretiaris
3423 1618 3478 1664 et
3521 1609 3606 1679 ja-

1913 1714 2230 1772 ctas,cum,
2275 1705 2424 1760 sicut
2471 1704 2563 1758 hic
2606 1703 2794 1770 audis,
2849 1701 2908 1756 in
2959 1701 3233 1756 memoria
3279 1707 3494 1755 aeterna
3537 1697 3606 1752 sit

1907 1794 2102 1864 justus
2153 1795 2324 1864 (Psat.
2378 1809 2492 1857 cxi,
2551 1793 2624 1864 7),
2682 1799 2737 1848 et
2773 1790 3044 1846 memoria
3091 1797 3305 1844 aeterna
3353 1789 3425 1844 sit
3464 1785 3606 1857 justi

1913 1899 2045 1940 cum
2079 1883 2364 1944 laudibus.
2404 1897 2510 1938 cur
2539 1890 2603 1938 tu
2634 1881 2735 1937 tibi
2772 1881 2930 1936 inani
2970 1879 3160 1935 studio
3195 1884 3446 1933 statuam
3477 1876 3608 1931 lon-

1914 1987 2090 2043 gaevae
2117 1971 2302 2028 laudis
2339 1972 2560 2042 erigere
2597 1970 2836 2026 niteris?
2861 1970 2930 2024 Et
2962 1967 3279 2024 notandum
3312 1965 3464 2035 quod
3514 1963 3609 2020 ad-

1913 2060 2072 2116 ditur
2122 2062 2260 2115 mihi
2305 2075 2371 2116 ac
2423 2059 2468 2113 si
2496 2059 2829 2115 diceretur:
2883 2059 3000 2112 Hoc
3046 2063 3160 2112 tuae
3189 2053 3609 2126 singularitatis

1917 2149 2152 2216 idolum,
2197 2148 2352 2218 quod
2397 2147 2667 2212 celebras,
2711 2145 2851 2200 mihi
2901 2144 3090 2216 potius
3129 2156 3306 2214 quam
3347 2143 3441 2198 alii
3482 2141 3608 2195 cui—

1915 2251 2089 2306 quam
2123 2237 2390 2307 objectas.
2428 2259 2448 2284 α
2485 2237 2606 2306 Ego
2632 2235 2960 2299 exaudiam,
3017 2241 3070 2289 et
3118 2233 3362 2303 dirigam
3394 2243 3548 2286 eum.
3581 2251 3602 2276 -

1915 2327 1984 2382 Et
2012 2337 2095 2382 est
2120 2339 2320 2381 sensus
2357 2341 2368 2380 :
2415 2325 2522 2389 Tu,
2563 2324 2857 2394 Ephraim,
2909 2323 3009 2378 tibi
3063 2336 3270 2377 nomen
3313 2319 3608 2390 qumritas,

1913 2415 2007 2471 sed
2054 2431 2168 2485 quo
2221 2423 2272 2470 te
2313 2414 2516 2484 majori
2562 2427 2795 2470 rumore
2843 2411 3194 2482 promulgas,
3249 2424 3314 2464 eo
3357 2409 3548 2463 minus
3577 2422 3611 2462 a

1915 2516 2004 2556 me
2032 2501 2163 2556 sciri
2195 2509 2250 2556 et
2277 2501 2564 2567 exaudiri,
2594 2500 2738 2570 quin
2777 2501 2947 2554 etiam
2979 2497 3150 2568 dirigi
3195 2504 3246 2551 te
3276 2495 3440 2561 scias,
3477 2509 3610 2550 cum

1916 2598 1979 2646 tu
2011 2591 2110 2646 tibi
2146 2598 2348 2646 auctor
2375 2589 2606 2656 existas,
2651 2597 2703 2644 te
2741 2603 2838 2658 per
2875 2595 2927 2642 te
2973 2587 3218 2657 dirigere
3263 2584 3488 2655 gestias.
3527 2584 3612 2637 [s—

1917 2679 2126 2736 raclem
2175 2693 2312 2735 vero
2349 2685 2602 2745 econtra,
2643 2679 2742 2748 qui
2791 2678 2910 2732 lizec
2941 2675 3064 2745 ipsa
3101 2689 3135 2728 a
3178 2689 3264 2729 me
3293 2673 3413 2728 solo
3459 2686 3613 2740 repo-

1916 2771 2042 2837 scit,
2069 2769 2380 2824 exaudiam
2415 2767 2628 2837 pariter
2655 2775 2708 2821 et
2739 2765 3004 2835 dirigam.
3043 2783 3069 2814 «
3103 2765 3222 2834 Ego
3266 2769 3328 2818 ut
3372 2761 3612 2816 abietem

1924 2880 1942 2905 »
1979 2858 2286 2925 virentem;
2349 2869 2421 2912 ex
2487 2870 2579 2910 me
2631 2855 2852 2910 fructus
2917 2854 3043 2920 ejus
3117 2852 3385 2906 inventus
3445 2856 3546 2904 est.
3585 2871 3605 2894 -

1847 2966 1886 3019 ο
1919 2949 1984 3002 Ut
2013 2947 2256 3008 abietem,
2300 2945 2508 3015 inquit,
2550 2945 2808 2998 virentem
2839 2942 3076 3010 dirigam
3123 2957 3262 3004 eum,
3308 2952 3423 3008 quo
3452 2936 3610 2992 vide-

1915 3035 2045 3091 licet
2079 3033 2387 3090 humiliora
2431 3032 2486 3086 in
2535 3031 2792 3101 praesenti
2828 3031 2896 3085 de
2947 3045 3006 3084 se
3047 3027 3232 3093 sentit,
3289 3033 3445 3080 tanto
3475 3039 3606 3079 cum

1913 3122 2220 3193 proceriori
2281 3121 2574 3191 majestate
2624 3119 2941 3184 sustollam,
3001 3125 3056 3172 et
3113 3115 3360 3170 virorem
3429 3112 3607 3168 beatze

1915 3210 2288 3282 perennitatis
2317 3209 2660 3279 impendam.
2704 3209 2818 3264 Nec
2861 3207 2913 3262 id
2949 3204 3180 3275 injuria.
3221 3203 3361 3258 Nam
3393 3204 3606 3268 fructus

1915 3301 2032 3368 ejus
2071 3316 2138 3354 ea:
2171 3315 2252 3353 me
2291 3298 2586 3354 invenitur
2618 3313 2630 3351 :
2671 3296 2884 3352 scilicet
2925 3309 2995 3350 ex
3033 3309 3152 3348 meo
3189 3305 3315 3346 rore
3355 3289 3606 3360 procedit

1917 3387 2202 3458 quidquid
2234 3386 2313 3456 pii
2341 3387 2516 3442 studii
2541 3385 2618 3442 illi
2652 3385 2992 3441 innascitur.
3013 3392 3028 3406 ‘

1986 3476 2150 3532 Vnus.
2190 3477 2270 3532 l0.
2304 3506 2371 3514 —
2405 3497 2432 3524 ‹‹
2464 3475 2600 3542 Quis
2626 3475 2852 3542 sapiens
2903 3480 2958 3528 et
3003 3470 3280 3539 intelliget
3323 3467 3466 3523 ista?
3509 3467 3602 3521 In-

1921 3587 1940 3612 ι
1977 3565 2234 3635 telligens
2290 3572 2344 3620 et
2402 3561 2536 3618 sciet
2596 3565 2732 3635 haec.
2773 3587 2792 3611 ι
2865 3564 3090 3630 Sapiens
3151 3561 3260 3612 ista
3320 3555 3600 3625 intelligit,

1916 3653 2054 3723 quia
2105 3634 2514 3722 proculdubio
2557 3634 2663 3706 nisi
2713 3651 2872 3720 prius
2923 3649 3056 3719 quis
3095 3646 3298 3702 .cordis
3349 3644 3603 3714 palatum

1914 3741 2122 3796 caelesti
2155 3754 2355 3810 sapore
2383 3739 2678 3807 condierit,
2709 3752 3015 3808 nunquam
3045 3736 3116 3791 ad
3141 3796 3151 3804 ,
3173 3731 3603 3801 intelligentiam

1916 3830 2122 3886 horum
2151 3844 2282 3900 qum
2312 3829 2462 3885 dicta
2508 3836 2664 3896 sunt,
2705 3828 2986 3898 attingere
3029 3823 3252 3896 poterit.
3288 3823 3605 3887 Intelligens

1919 3933 2052 3975 vero
2079 3917 2182 3974 scit
2208 3917 2350 3988 quia
2379 3931 2479 3986 per
2515 3915 2887 3973 subtilitatem
2934 3911 3290 3970 discretionis
3328 3909 3396 3963 ad
3429 3907 3608 3963 scien-

1917 4015 2076 4074 tiam,
2119 4007 2170 4062 id
2213 4014 2298 4062 est
2326 4007 2785 4076 experimentum
2835 4011 3046 4060 sanctae
3083 3999 3322 4062 actionis
3368 3997 3601 4056 accedit.

1917 4096 2052 4164 Quae
2083 4101 2270 4151 autem
2309 4095 2422 4150 sint
2454 4095 2573 4150 haec
2612 4109 2743 4164 quae
2786 4095 3017 4149 scienda
3059 4102 3217 4161 sunt,
3249 4106 3608 4164 consequen-

1918 4193 2002 4241 ter
2033 4183 2420 4254 prosequitur.
2471 4205 2491 4232 «
2541 4181 2688 4248 Quia
2723 4191 2907 4250 recite,
2959 4183 3168 4252 inquit,
3212 4183 3319 4240 vite
3361 4183 3606 4249 Domini,

1847 4261 1890 4314 Ι)
1918 4295 1946 4324 ››
1991 4280 2046 4329 et
2092 4271 2236 4342 justi
2279 4271 2662 4327 ambulabunt
2708 4271 2767 4326 in
2817 4272 2917 4339 eis,
2974 4273 3443 4340 praevaricatores
3495 4285 3611 4328 cor-

1917 4381 1944 4412 »
1977 4369 2144 4417 ruent
2176 4360 2234 4416 in
2274 4360 2374 4416 eis.
2412 4382 2432 4408 ι
2493 4361 2605 4413 νέω
2643 4361 2873 4427 Domini,
2915 4374 3046 4414 cum
3087 4361 3407 4417 secundum
3453 4359 3610 4429 psal-

1915 4465 2074 4506 mum
2105 4451 2216 4505 sint
2258 4447 2646 4504 misericordia
2685 4457 2740 4504 et
2778 4449 2991 4504 veritas
3022 4450 3192 4512 (Psal.
3278 4463 3436 4514 xxiv,
3490 4449 3605 4516 10);

1912 4539 2288 4594 misericordia
2343 4552 2462 4608 qua
2504 4545 2828 4608 peccatores
2876 4537 3198 4608 pmnitendo
3246 4537 3609 4592 reducuntur

1911 4629 1983 4684 ad
2026 4629 2272 4694 veniam,
2306 4630 2510 4681 veritas
2560 4641 2678 4696 qua
2725 4626 3042 4682 secundum
3090 4625 3257 4681 ﬁdem
3307 4625 3608 4695 promisso-

1913 4731 2046 4772 rum
2087 4717 2228 4786 justi
2270 4716 2577 4771 trahantur
2613 4715 2684 4769 ad
2738 4713 3006 4786 gloriam;
3051 4719 3208 4768 rectae
3256 4722 3412 4779 sunt,
3467 4713 3606 4769 dum

1912 4819 2016 4860 nec
2065 4811 2343 4873 peccator,
2377 4803 2422 4856 si
2456 4803 2774 4871 paeniterat,
2810 4817 2844 4857 a
2877 4801 3060 4870 gloria
3100 4801 3455 4868 excluditur,
3505 4815 3608 4856 nec

1907 4893 2100 4962 justus
2129 4892 2233 4947 nisi
2273 4907 2405 4947 cum
2438 4891 2630 4946 labore
2669 4891 2920 4946 maximo
2964 4891 3034 4944 ad
3073 4889 3332 4945 eamdem
3364 4889 3606 4960 gloriam

1912 4980 2126 5036 intrare
2174 4979 2550 5049 permittitur,
2606 4980 2718 5035 Deo
2761 4978 2840 5034 ita
2889 4985 3240 5048 temperante
3287 4985 3351 5033 ut
3408 4984 3608 5034 neuter

1911 5083 2015 5125 suo
2046 5070 2164 5138 pari
2198 5067 2548 5138 przejudicet,
2579 5069 2717 5123 dum
2749 5076 2802 5122 et
2827 5067 3023 5138 justus
3056 5066 3226 5122 habet
3255 5065 3411 5136 quod
3440 5066 3605 5122 inno-

1911 5166 2105 5214 center
2149 5157 2413 5221 emeruit,
2447 5171 2552 5212 nec
2593 5156 2783 5212 minus
2835 5155 3001 5210 aliter
3047 5155 3310 5226 possidet,
3353 5153 3455 5224 qui
3487 5154 3605 5211 vim

1910 5261 2088 5316 regno
2143 5245 2419 5302 caelorum
2475 5245 2769 5301 inferendo
2831 5243 3104 5300 violenter
3159 5243 3299 5300 illud
3351 5243 3606 5314 abripuit

1914 5334 2134 5406 (Matth.
2163 5351 2240 5398 xi,
2283 5337 2381 5395 12).
2413 5337 2557 5388 Justi
2593 5336 2652 5388 in
2685 5337 2761 5388 eis
2790 5333 3110 5400 ambulant,
3145 5334 3284 5404 quia
3317 5333 3437 5390 sive
3470 5348 3602 5404 pec-

1912 5433 2090 5490 cator,
2121 5424 2242 5479 sive
2269 5423 2463 5494 justus
2493 5423 2581 5489 sit,
2620 5429 2920 5494 postquam
2965 5421 3020 5476 in
3061 5423 3141 5478 eis
3185 5424 3306 5479 sive
3352 5435 3450 5492 per
3483 5437 3600 5492 pte-

1911 5511 2232 5578 nitentiam,
2266 5526 2367 5566 seu
2401 5526 2500 5580 per
2524 5510 2807 5581 justitiam
2837 5510 3190 5580 cohabitant,
3231 5511 3302 5567 ad
3343 5511 3440 5566 Dei
3481 5526 3600 5567 ma-
