3934 6086
336 221 440 273 415

1224 226 1289 280 ν.
1336 225 1665 282 GUIBERTI
1703 229 1998 285 ABBATIS
2035 232 2091 285 S.
2135 230 2376 287 MARM'I
2418 233 2507 289 DE
2550 234 2949 291 NOVIGENTO

3733 241 3857 293 416

338 368 481 410 num
503 370 673 426 aequa
702 366 851 413 sorte
879 357 1109 414 deducti
1146 373 1262 414 non
1309 359 1616 432 dispariter
1664 377 1871 419 nomen
1903 378 2026 434 por-
2061 368 2107 419 A
2139 366 2290 423 tione
2315 368 2692 438 suscepimus.
2727 370 2852 439 Ipse
2896 370 3096 441 igitur,
3128 371 3299 442 cujus
3328 372 3670 429 munditiam
3709 387 3854 428 sor-

338 450 480 499 tant.
541 444 614 500 At
670 446 1135 514 praevaricatores
1190 447 1249 503 in
1297 449 1379 504 eis
1424 459 1726 518 corruunt,
1782 453 1883 523 qui
1932 460 2034 508 aut

332 531 487 601 juste
514 532 766 600 vivendi,
792 542 893 589 aut
923 537 1286 604 postmodum
1313 539 1622 607 paenitendi
1650 541 1786 609 jura
1808 555 2033 597 cassarc

338 635 452 675 non
483 629 767 677 metuunt.
814 622 1040 679 Gratias
1088 626 1271 681 sancti
1301 625 1552 695 Spiritus
1591 630 2029 699 omnipotentis-

336 708 494 763 simze
537 708 875 779 benignitati
916 712 1237 779 referimus,
1288 714 1459 784 cujus
1500 715 1904 784 aspirationem
1938 718 2033 772 im-

336 794 523 850 meriti
569 802 623 851 et
673 796 897 870 indigni
945 799 1003 855 in
1042 800 1236 857 ﬁstula
1279 802 1396 858 oris
1438 804 1619 859 nostri
1669 818 1775 860 sua
1817 805 2030 876 digna-

2141 454 2240 509 des
2270 465 2477 512 nostrae
2520 472 2634 513 non
2690 467 3075 528 przegravant,
3113 475 3179 515 ea
3216 476 3347 531 quae
3398 475 3499 530 per
3536 475 3640 518 nos
3689 462 3853 517 dixit

2140 543 2211 597 ad
2254 544 2561 600 electorum
2612 560 2848 601 suorum
2903 547 2984 602 sic
3032 556 3251 604 mentes
3294 549 3578 616 extendat,
3631 558 3697 606 ut
3745 564 3855 620 per

2142 631 2263 687 haec
2314 633 2439 703 ipsa
2480 636 2563 690 eis
2610 635 3038 691 condimentum
3091 652 3210 692 suae
3257 637 3670 693 dulcoratioris
3734 638 3854 693 im-

2138 722 2366 790 pendat.

1182 1129 1711 1292 VEN.
1850 1131 2987 1296 GUIBERTI

600 1405 785 1518 AD
872 1407 1882 1523 TROPOLOGIAS
1971 1412 2119 1521 IN
2211 1415 2600 1525 AMOS
2696 1417 3566 1530 PROPHETAM

1824 1640 2337 1716 PR(EMIUM.

402 1934 549 1984 ιιι
582 1930 754 1985 Amos
775 1936 1039 1987 sanctum
1074 1932 1271 1987 eadem
1322 1947 1440 2003 qua
1465 1933 1889 1991 elaboravimus
1917 1949 2026 1991 cae-

331 2023 452 2074 tera
476 2018 787 2074 intentione
816 2019 1238 2089 praesumimus,
1271 2020 1452 2087 illum,
1484 2021 1585 2092 qui
1611 2023 1679 2078 de
1700 2037 1873 2093 grege
1890 2037 2023 2079 eum

329 2107 401 2162 ad
427 2116 690 2164 armenta
726 2107 1087 2165 transtulerit
1126 2117 1181 2165 et
1220 2110 1288 2165 de
1337 2111 1467 2166 rudi
1519 2119 1575 2166 et
1628 2112 1840 2182 agresti
1877 2113 2024 2167 inter

328 2195 646 2265 spiritualis
695 2196 871 2252 curiae
924 2197 1196 2267 primates
1231 2199 1505 2265 evexerit,
1551 2200 2025 2269 praecordialibus

329 2284 593 2355 suspiriis
666 2284 1023 2355 invocantes,
1073 2291 1363 2357 quatenus
1443 2288 1846 2345 intellectualis
1896 2289 2022 2359 ejus

329 2374 587 2429 buccinae
619 2373 949 2445 fragoribus
984 2374 1238 2444 torpidas
1268 2376 1447 2431 nostri
1490 2376 1670 2431 animi
1714 2378 2023 2434 surditates

327 2462 684 2527 excutiat,et
716 2461 925 2531 ipsum,
964 2463 1065 2534 qui
1107 2463 1288 2520 factus
1316 2474 1399 2520 est
1435 2466 1485 2521 ei
1543 2480 1721 2522 sonus
1761 2466 2017 2534 interior,

326 2548 594 2619 spiritum
624 2550 707 2606 sic
733 2550 1018 2619 infundat,
1072 2559 1136 2607 ut
1179 2553 1302 2608 voci
1344 2560 1572 2620 nostra},
1619 2569 1797 2624 quam
1846 2555 1918 2610 ab
1957 2570 2023 2611 eo

330 2634 564 2692 haurire
610 2636 720 2693 ﬁde
762 2636 1002 2695 indubia
1044 2653 1148 2695 nos
1192 2639 1500 2707 credimus,
1543 2655 1739 2698 vocem
1792 2642 2023 2699 virtutis

2136 1933 2526 1993 viviﬁcatorize
2565 1938 2637 1993 ad
2685 1937 2943 1994 omnium
2990 1940 3091 2009 qui
3140 1940 3380 2011 legerint
3432 1942 3850 2000 instructiones

2138 2030 2422 2087 immittat.
2477 2025 2601 2083 Tibi
2652 2041 2808 2096 ergo,
2877 2028 3187 2085 reverenda
3242 2030 3515 2099 magister
3571 2031 3706 2101 (t6),
3776 2032 3845 2088 in

2134 2133 2308 2188 quem
2340 2133 2453 2173 non
2491 2116 2653 2172 modo
2695 2123 2909 2182 nostra,
2961 2115 3059 2171 sed
3100 2124 3156 2172 et
3196 2132 3300 2173 nos
3346 2118 3679 2188 appuimus.
3730 2123 3841 2191 qui

2136 2206 2388 2262 infinitas
2412 2205 2661 2260 scicntia:
2689 2203 2882 2274 copias
2929 2205 3153 2260 cunctis
3183 2205 3307 2261 sine
3338 2206 3516 2262 livore
3562 2222 3840 2265 commu-

2130 2295 2308 2361 nicas,
2364 2293 2537 2349 totius
2583 2307 2869 2350 summam
2920 2292 3274 2365 corrigendae
3304 2302 3514 2351 nostrae
3552 2296 3841 2352 orationis

2131 2382 2500 2452 imponimus.
2565 2390 2624 2437 ut
2678 2396 2877 2437 secure
2917 2382 3119 2437 dilates
3165 2390 3267 2438 aut
3311 2384 3543 2440 minuas
3587 2385 3632 2439 si
3685 2386 3841 2456 quid

2131 2472 2260 2541 plus
2288 2486 2456 2541 aequo
2502 2470 2767 2526 minusve
2805 2470 3019 2526 dixisse
3066 2477 3164 2527 tuo
3198 2470 3416 2542 judicio
3456 2472 3695 2543 reperiri
3747 2489 3846 2544 po-

2132 2568 2391 2616 terimus.

1716 2776 2005 2859 EXPLICI'i‘
2052 2815 2399 2861 PROGMIUM
2410 2846 2423 2860 .

1558 3070 1565 3077 .
1666 3130 1948 3203 LIBER
2004 3128 2476 3216 QUARTUS.

891 3337 1717 3434 TROPOLOGUE
1814 3338 1942 3433 IN
2036 3336 2368 3434 AMOS
2452 3340 3245 3436 PROPHETAM.

1010 3688 1243 3745 CAPUT
1282 3689 1323 3743 Ι.

394 3830 567 3887 Vens.
603 3834 652 3885 t.
688 3861 757 3870 —
803 3849 831 3881 α
871 3831 1061 3887 Verba
1088 3832 1283 3899 Amos,
1316 3831 1417 3902 qui
1464 3831 1571 3887 fuit
1613 3832 1667 3885 in
1711 3829 2017 3900 pastorali-

329 3940 351 3967 ι
388 3918 497 3974 bus
527 3916 650 3991 [al.,
692 3919 1042 3989 pastoribus]
1088 3918 1157 3975 de
1196 3919 1439 3985 Thecue,
1482 3933 1614 3989 quae
1652 3918 1794 3974 vidit
1843 3932 2019 3988 super

326 4028 348 4056 ι
383 4006 574 4072 Israel,
623 4008 679 4061 in
729 4007 932 4063 diebus
967 4007 1112 4063 Ozize
1159 4008 1309 4078 regis
1363 4007 1531 4074 Juda,
1588 4013 1643 4063 et
1701 4007 1758 4062 in
1814 4006 2018 4063 diebus

324 4114 352 4147 ι)
383 4095 680 4150 Jeroboam
725 4096 824 4151 filii
866 4096 996 4152 Joas
1033 4097 1185 4167 regis
1228 4095 1422 4161 Israel,
1467 4102 1599 4151 ante
1654 4095 1799 4151 duos
1834 4109 2018 4152 annos

322 4204 350 4232 ››
387 4190 552 4238 ωτι-ω
585 4192 790 4239 motus.
822 4203 851 4234 ιν
900 4186 1073 4240 Amos
1138 4184 1548 4254 interpretatur
1593 4185 1829 4253 populus
1867 4186 2019 4239 avul-

320 4284 433 4324 sus.
463 4271 716 4340 Populus
740 4287 875 4328 vero
905 4272 1146 4329 avulsus
1181 4279 1266 4327 est
1304 4270 1715 4342 cogitationum
1746 4271 2015 4343 frequen-

323 4359 419 4426 tia,
454 4374 586 4429 quaa
625 4360 799 4416 nullis
846 4361 1228 4417 intentionum
1267 4360 1559 4415 radicibus
1598 4360 1807 4416 saeculo
1840 4360 2018 4416 afﬁxa

319 4456 424 4516 est,
472 4448 568 4504 sed
613 4456 729 4505 tota
771 4450 843 4504 ab
896 4450 1022 4520 ejus
1076 4462 1271 4505 amore
1324 4456 1591 4519 exempta
1644 4448 1745 4504 soli
1797 4449 2013 4506 intelle-

322 4538 601 4594 ctualitati
639 4539 843 4594 innixa
871 4547 974 4595 est.
1012 4540 1199 4609 Hujus
1241 4539 1405 4593 Amos
1444 4539 1609 4593 verba
1650 4546 1807 4606 sunt,
1849 4554 2016 4610 quae-

320 4641 555 4697 cunque
598 4627 987 4697 spiritualium
1034 4637 1297 4683 motuum
1348 4628 1498 4683 acies
1527 4628 1595 4683 de
1639 4635 1850 4683 natura
1896 4642 2015 4684 Vtr-

323 4723 509 4771 tutum
542 4729 718 4785 super
743 4716 1083 4772 discretione
1121 4716 1431 4785 spirituum
1467 4723 1713 4772 tractare
1754 4724 2011 4786 possunt.

318 4804 373 4859 Is
407 4819 640 4874 quoque
668 4807 742 4870 in
764 4804 1133 4874 pastoralibus
1175 4812 1518 4873 commanet,
1565 4805 1707 4875 quia
1753 4805 1813 4859 in
1853 4805 2016 4862 verbi

319 4892 417 4949 Dei
468 4892 681 4963 pabulo
728 4893 869 4948 dum
919 4892 1129 4949 talibus
1175 4893 1413 4949 desudat
1452 4893 1511 4948 in
1552 4892 1777 4961 studiis,
1824 4894 2014 4949 inedia

320 4946 441 5051 ipse
470 4946 671 5037 In};
702 4946 1469 5052 εᾶἀῖἐει⁷ἶῇιὲξιιιέὶῖιῖὲὲω
1534 4982 1592 5036 in
1649 4946 1853 5048 tubam,
1921 4982 2012 5038 vel
2052 4946 2095 5000 θ

322 5070 602 5124 buccinam
626 5069 891 5126 vertitur.
928 5070 999 5126 Et
1040 5085 1173 5141 quas
1214 5072 1539 5127 sonorosior
1568 5069 1744 5126 menti
1770 5069 2017 5126 buccina

318 5157 630 5228 instrepere
681 5158 951 5227 praevalet
1013 5173 1190 5228 quam
1248 5159 1462 5214 divinae
1521 5157 1746 5228 paginae
1795 5156 2016 5213 intelli-

319 5245 533 5315 gentia,
595 5261 748 5316 quw,
819 5246 1204 5303 somnoleutos
1257 5246 1435 5302 animi
1495 5253 1681 5301 status
1735 5260 2012 5317 arguens,

324 5333 559 5389 terribili
618 5348 724 5390 nos
770 5334 842 5390 ad
886 5335 1086 5391 divina
1139 5334 1443 5391 reviseuda
1495 5348 1635 5391 voce
1690 5333 1837 5391 ciet?
1883 5335 2018 5392 Haec

392 5487 509 5559 (16)
538 5489 595 5546 S.
627 5488 977 5546 Norbertum
1003 5489 1287 5562 intelligit.

2055 3651 2286 3722 Csuper
2340 3654 2520 3707 Israel
2587 3652 2759 3719 videt,
2811 3655 2951 3723 quia
3002 3654 3251 3724 qualiter
3296 3669 3430 3711 cum
3489 3657 3605 3712 Deo
3652 3657 3834 3731 dirigi

2124 3740 2321 3809 possit,
2365 3741 2473 3796 sub
2522 3741 2728 3797 horum
2773 3742 3081 3798 verborum
3114 3742 3217 3798 sibi
3252 3742 3712 3801 discussionibus
3745 3746 3836 3802 in-

2123 3829 2382 3884 terlucet.
2436 3829 2605 3885 Israel
2658 3829 2808 3885 enim
2859 3830 3098 3885 directus
3151 3833 3265 3897 Dei,
3308 3832 3397 3887 vel
3441 3848 3562 3887 cum
3598 3834 3711 3888 Deo
3737 3835 3832 3890 di-

2123 3916 2293 3973 citur.
2326 3919 2398 3972 In
2423 3917 2611 3972 diebus
2637 3919 2780 3974 Oziz
2805 3922 2951 3988 regis
2976 3919 3123 3974 Juda
3158 3921 3323 3974 verba
3355 3920 3645 3989 videntur,
3681 3923 3832 3993 quia

2123 4005 2233 4061 nisi
2271 4020 2345 4061 ex
2392 4006 2628 4063 rationis
2668 4007 3009 4063 auctoritate
3058 4008 3281 4065 sibimet
3320 4009 3484 4079 prius
3538 4009 3832 4080 imperare

2122 4108 2285 4150 mens
2316 4095 2559 4161 noverit,
2592 4095 2913 4164 spiritualia
2946 4096 3280 4153 nullatenus
3308 4097 3507 4168 aliqua
3528 4098 3832 4170 attingun-

2121 4190 2237 4239 tur.
2286 4182 2451 4240 Ozias
2499 4183 2650 4239 enim
2682 4186 2973 4253 imperium
3023 4186 3248 4241 Domini
3284 4185 3512 4242 dicitur.
3563 4186 3670 4254 Qui
3716 4202 3825 4244 rex

2121 4278 2207 4327 est
2239 4272 2408 4339 Iuda,
2459 4273 2600 4343 quia
2638 4272 2711 4328 ad
2756 4286 2952 4329 veram
2996 4274 3207 4343 peccati
3258 4274 3670 4332 confessionem
3718 4276 3827 4332 tali

2123 4358 2372 4428 impulsa
2424 4359 2703 4431 regimine
2761 4360 3100 4430 perducitur
3144 4362 3526 4433 |conscientia.
3584 4363 3828 4419 Initium

2122 4447 2275 4503 enim
2308 4448 2614 4517 bonorum,
2642 4448 2920 4504 confessio
2967 4449 3255 4505 malorum
3308 4460 3411 4507 est.
3443 4451 3624 4507 Iudas
3660 4466 3831 4507 nam-

2123 4548 2239 4604 que
2285 4537 2671 4602 confessionem
2722 4544 2910 4592 sonat.
2963 4537 3263 4593 Jeroboam
3321 4552 3557 4609 quoque
3603 4538 3830 4610 dijudi-

2122 4627 2266 4681 catio
2322 4625 2532 4694 populi,
2585 4625 2717 4680 Joas
2778 4640 2933 4679 mora
2983 4628 3203 4680 Domini
3257 4625 3689 4696 interpretatur.
3753 4627 3829 4681 In

2122 4713 2311 4768 diebus
2348 4726 2483 4784 ergo
2536 4714 2826 4769 Jeroboam
2861 4716 3008 4782 regis
3038 4715 3209 4769 Israel
3253 4715 3419 4769 verba
3470 4714 3637 4783 ﬁunt,
3686 4730 3829 4771 cum

2122 4814 2197 4857 ex
2228 4800 2455 4856 interna
2481 4800 2821 4857 discretione
2851 4815 2919 4856 ac
2941 4800 2987 4857 si
3024 4802 3219 4871 populi
3257 4801 3667 4873 dijudicatione
3684 4817 3828 4858 con-

2122 4888 2469 4959 templatim
2519 4889 3320 4960 perspicacitateslprodeunt.
3359 4890 3467 4955 Qui
3522 4891 3829 4947 Jeroboam

2123 4977 2278 5034 filius
2323 4979 2453 5034 loas
2496 4978 2728 5047 dicitur,
2775 4978 2914 5048 quia
2959 4992 3032 5034 ex
3079 4978 3277 5034 divina
3330 4979 3389 5035 in
3429 4979 3641 5035 nostris
3689 4993 3830 5035 cor—

2121 5066 2294 5121 dibus
2336 5066 2780 5123 commoratione
2830 5066 3117 5137 quidquid
3170 5067 3336 5123 bonee
3373 5066 3711 5123 subtilitatis
3738 5075 3829 5123 est

2123 5155 2292 5211 nobis
2325 5154 2664 5211 innascitur.
2697 5155 2801 5211 Hic
2828 5168 2930 5210 rex
2974 5154 3147 5212 Israel
3176 5163 3279 5222 est,
3326 5155 3467 5226 quia
3491 5155 3829 5214 directionis

2122 5243 2194 5299 ad
2230 5244 2413 5299 Deum
2444 5251 2651 5299 nostra;
2698 5242 2960 5314 specialis
2996 5243 3121 5299 dux
3150 5250 3207 5300 et
3252 5243 3513 5299 incentor
3544 5251 3650 5300 est.
3679 5245 3827 5299 Ante

2124 5332 2258 5387 duos
2297 5346 2467 5387 annos
2504 5342 2662 5387 terra
2689 5334 2865 5388 motus
2911 5331 3089 5389 verba
3117 5339 3459 5400 cernuntur,
3491 5346 3628 5388 cum
3659 5341 3825 5389 ante-
