3924 6088
90 255 197 310 417

795 214 1256 312 TROPDLOGDE
1292 250 1367 313 IN
1405 255 1608 322 esse,
1649 255 1832 314 auos
1870 256 1957 312 er
1994 256 2153 314 JER.
2181 289 2249 298 —
2290 258 2417 315 LIB.
2459 258 2552 317 Iv.
2594 262 2660 317 IN
2698 261 2906 318 auos.

3497 267 3603 322 418

87 398 279 455 quam
309 384 369 440 in
402 383 713 442 virtutibus
739 398 1202 455 promoveamur,
1239 393 1341 442 aut
1387 386 1557 442 ﬁnem
1602 386 1790 457 perfe-
1828 388 1875 440 A
1905 395 2185 458 tanquam
2236 390 2576 447 naturaliter
2630 392 2701 447 ad
2749 393 2899 448 mala
2941 393 3227 462 feruntur,
3280 396 3337 450 in
3387 396 3600 454 eisdem

89 473 309 529 ctionis
348 473 725 544 attingamus,
759 489 891 545 qua
931 475 1047 531 duo
1100 489 1232 531 cum
1279 475 1499 546 integre
1541 475 1801 531 animum

90 568 251 617 τεεί
312 562 666 618 obtinuerint
714 571 997 629 nostrum,
1051 570 1261 619 terram
1311 573 1564 619 nostram
1616 565 1673 619 id
1718 571 1804 621 est

91 665 336 707 carnem
365 665 400 707 a
428 665 534 707 suo
564 651 814 721 pondere
842 652 1154 718 dimovent,
1190 652 1262 707 ad
1302 652 1409 708 hoc
1442 660 1505 708 ut
1534 667 1668 708 cum
1697 667 1803 709 suo

93 740 270 797 corde
296 741 556 797 exultare
584 754 711 796 eam
744 740 957 796 faciant
998 740 1056 795 in
1089 741 1271 796 Deum
1303 740 1523 797 vivum.
1572 743 1637 796 ln
1665 739 1805 811 |ipsa

93 830 257 885 enim
286 838 485 886 nostra
508 830 761 885 novitate
790 829 1082 898 consopito
1125 829 1542 899 aliquantisper
1562 830 1805 899 strepitu

94 919 400 986 vitiorum,
455 918 524 974 ad
574 918 1062 974 examinationem
1112 918 1205 974 sui
1260 918 1516 988 ipsorum
1574 919 1807 974 acuitur

95 1007 355 1064 intuitus
387 1006 734 1063 animorum.

170 1096 347 1152 Vens.
405 1098 458 1149 2.
512 1124 586 1137 —
645 1117 667 1144 ι
704 1095 774 1151 Ει
823 1094 1016 1150 dixit:
1068 1095 1349 1151 Dominus
1390 1094 1460 1151 de
1510 1095 1647 1151 Sion
1704 1110 1805 1151 ru-

92 1183 238 1254 giet,
272 1191 329 1239 et
357 1183 426 1240 de
456 1182 770 1240 Jerusalem
812 1182 972 1239 dabit
1010 1196 1205 1238 vocem
1247 1196 1434 1239 suam.
1470 1202 1499 1234 n
1548 1185 1806 1239 Dominus

93 1271 167 1326 de
228 1273 365 1328 Sion
420 1272 596 1343 rngit,
662 1286 795 1327 cum
855 1270 913 1327 in
976 1270 1099 1341 ipso
1155 1279 1364 1328 nostra
1418 1270 1809 1328 conversionis

93 1360 363 1428 exordio,
415 1368 722 1430 postquam
764 1367 978 1415 statum
1022 1367 1283 1416 nostrum
1328 1360 1515 1416 metiri
1544 1368 1598 1416 et
1637 1358 1807 1430 quasi

92 1449 391 1519 speculari
418 1448 781 1519 coeperimus,
815 1462 850 1504 a
895 1448 1112 1519 gemitu
1154 1448 1340 1504 cordis
1380 1448 1553 1504 nostri
1596 1448 1654 1503 in
1687 1449 1808 1518 ipsa

92 1538 285 1593 nostri
318 1537 570 1607 ipsorum
598 1536 1051 1593 consideratione
1080 1536 1365 1607 rugimus.
1400 1539 1472 1591 De
1501 1536 1807 1607 EJerusalem

92 1642 281 1680 vocem
347 1641 502 1681 suam
559 1628 818 1681 Dominus
877 1625 997 1693 dat,
1071 1639 1205 1681 cum
1259 1640 1331 1681 ex
1382 1624 1807 1696 perseverantia

95 1715 317 1771 doloris
350 1714 559 1770 interni
606 1714 984 1784 experientia,
1038 1714 1204 1785 quasi
1252 1714 1471 1770 visione
1524 1714 1680 1784 pacis
1726 1716 1803 1768 in-

95 1803 435 1873 depta,|nil
475 1802 597 1872 jam
656 1802 887 1859 bestiale
943 1816 1010 1858 ac
1066 1817 1305 1870 savum,
1367 1803 1523 1873 quod
1578 1801 1807 1873 rugitus

94 1892 412 1963 significat,
464 1891 561 1947 sed
608 1891 933 1947 humanum
980 1905 1149 1947 omne
1192 1905 1261 1946 ac
1306 1905 1570 1947 serenum
1631 1892 1803 1947 senti-

94 1988 226 2046 tur;
261 1979 422 2050 quod
446 1994 560 2035 vox
588 1988 773 2035 sonat.
808 1979 958 2036 Deus
989 1980 1143 2035 enim
1177 1979 1235 2035 in
1267 1980 1432 2035 nobis
1463 1979 1640 2050 rugit,
1673 1993 1807 2035 eum

98 2084 171 2125 ex
194 2069 459 2124 immissa
487 2068 643 2123 cordi
675 2075 868 2124 nostro
906 2068 1269 2137 panitudine
1316 2068 1619 2139 rugituum
1663 2082 1807 2123 can-

98 2171 193 2213 sas
260 2156 491 2227 ingerit.
558 2178 579 2205 ι
611 2158 681 2213 Et
741 2156 1019 2212 luxerunt
1073 2155 1329 2226 speciosa
1366 2163 1682 2225 pastorum,
1752 2163 1808 2211 et

98 2247 432 2302 exsiccatus
485 2252 567 2301 est
629 2253 826 2301 vertex
878 2244 1144 2301 Carmeli.
1210 2245 1470 2315 Speciosa
1522 2250 1808 2314 pastorum

99 2334 329 2405 lugent,
361 2348 497 2390 cum
525 2348 598 2390 ex
630 2334 842 2389 divina
860 2332 1015 2388 vocis
1044 2333 1248 2389 auditu
1269 2347 1446 2389 saera
1475 2331 1804 2403 Scriptura,

102 2423 328 2493 quibus
366 2421 682 2492 speciosius
723 2421 796 2477 ad
851 2421 1179 2478 interiorem
1229 2429 1458 2491 pastum
1507 2420 1647 2477 nihil
1700 2428 1804 2487 est,

101 2511 303 2567 luctus
347 2511 514 2566 nobis
555 2510 880 2566 occasiones
928 2509 1248 2567 insinuant.
1303 2510 1421 2566 Nisi
1461 2510 1615 2566 enim
1658 2510 1810 2565 Deus

102 2600 270 2669 prius
315 2599 492 2655 menti
540 2598 880 2665 insonuerit,
925 2598 1148 2654 fructus
1194 2598 1508 2669 legentium
1550 2598 1608 2653 in
1646 2611 1809 2654 sacra

103 2689 325 2760 pagina
372 2687 574 2743 nullus
609 2687 738 2743 erit.
789 2688 977 2741 Vertea:
1020 2686 1254 2742 Carmeli
1290 2684 1633 2753 exsiccatur,
1676 2698 1809 2741 cum

103 2776 476 2833 cervicositas
510 2777 791 2832 intestina
831 2774 1107 2841 mollitiei,
1155 2787 1273 2843 qua
1315 2772 1464 2828 inter
1503 2772 1644 2828 vitia
1682 2771 1807 2827 len-

104 2866 373 2922 tescendo
419 2864 710 2935 quondam
761 2871 960 2919 contra
994 2864 1177 2918 Deum
1223 2869 1535 2930 tumuerat,
1581 2867 1810 2929 sumpta

100 2954 225 3024 jam
302 2961 504 3010 contra
567 2966 798 3008 carnem
855 2951 1151 3022 propriam
1202 2950 1436 3020 spiritus
1502 2950 1809 3006 rebellione

106 3045 391 3112 duratur;
424 3040 719 3098 Carmelus
747 3041 901 3096 enim
931 3041 1107 3094 mollis
1141 3039 1574 3108 interpretatur.

174 3133 352 3189 Vens.
402 3134 453 3185 3.
481 3160 553 3172 —
587 3152 607 3178 ι
648 3130 781 3185 Hac
827 3129 965 3184 dicit
1012 3128 1337 3183 Dominus:
1393 3127 1576 3197 Super
1622 3127 1810 3182 tribus

107 3241 136 3270 ι
166 3220 485 3276 sceleribus
535 3217 818 3284 Damasci,
877 3225 932 3273 et
981 3231 1157 3286 super
1210 3225 1464 3287 quatuor
1512 3231 1627 3271 non
1673 3231 1808 3271 con-

109 3329 134 3361 u
167 3316 391 3365 vertam
437 3322 593 3376 eum,
642 3322 708 3363 eo
767 3306 925 3377 quod
970 3305 1373 3362 trituraverint
1422 3304 1479 3359 in
1538 3304 1809 3374 plaustris

110 3418 136 3449 ι)
182 3397 382 3454 ferreis
438 3396 672 3452 Galaad.
712 3417 740 3444 »
828 3395 1144 3450 Damascus
1213 3392 1427 3449 dicitur
1489 3396 1810 3461 sanguinem

109 3487 313 3551 bibens,
370 3485 458 3540 vel
506 3485 687 3539 oculus
731 3485 1035 3550 sanguinis.
1066 3483 1169 3538 Per
1218 3482 1452 3538 oculum
1482 3482 1806 3552 sanguinis,

108 3575 177 3630 ad
215 3580 517 3644 peccatum
557 3586 741 3643 prona
792 3572 1132 3642 designatur
1180 3570 1438 3637 intentio,
1488 3584 1620 3639 qua
1670 3578 1810 3625 tunc

107 3663 454 3734 sanguinem
484 3661 648 3727 bibit,
680 3675 814 3716 cum
854 3674 913 3715 se
959 3658 1173 3729 peccati
1217 3658 1538 3730 ingurgitat
1585 3658 1802 3714 deside-

107 3751 212 3808 rio.
266 3750 402 3806 Tria
453 3749 667 3805 scelera
723 3749 1038 3805 Damascus
1087 3747 1279 3814 habet,
1322 3761 1456 3802 cum
1507 3754 1631 3816 post
1679 3761 1810 3817 sng-

109 3842 426 3912 gestionem
493 3837 852 3894 delectationi
921 3844 1096 3908 atque
1159 3836 1464 3892 consensui
1527 3834 1805 3905 subjacet.

107 3930 287 3998 Super
313 3932 549 3996 quatuor
599 3941 732 3982 vero
763 3927 1052 3981 sceleribus
1103 3941 1210 3979 non
1258 3925 1636 3992 convertitur,
1671 3924 1810 3994 quia

109 4018 179 4074 ad
227 4017 548 4073 libertatem
597 4014 784 4071 redire
829 4013 1053 4070 arbitrii
1081 4013 1483 4069 difﬁcillimum
1513 4021 1615 4080 est,
1651 4020 1810 4082 post-

108 4120 291 4176 quam
351 4104 409 4159 in
458 4112 755 4174 peccatum
809 4103 998 4173 operis
1042 4102 1407 4158 exsecutione
1459 4101 1805 4170 proceditur.

106 4196 254 4251 Cum
282 4194 438 4249 enim
468 4193 766 4249 voluntate
796 4192 929 4262 quis
976 4191 1180 4258 ruerit,
1265 4190 1324 4245 in
1360 4203 1530 4246 usum
1570 4189 1691 4260 jam
1735 4203 1810 4245 ex

1909 477 2389 546 concupiscentiis
2418 478 2831 536 absorbuntur.

1980 562 2152 619 Vsus.
2183 565 2246 632 ,5.
2297 595 2365 604 —
2398 584 2426 617 ι»
2471 567 2541 621 Ει
2594 575 2885 624 conteram
2939 578 3154 624 vectem
3216 570 3504 638 Damasci,
3550 577 3605 627 et

1913 672 1934 699 ι
1967 650 2294 721 dirperdam
2334 654 2710 712 habitatorem
2753 658 2821 713 de
2850 672 3052 728 campo
3100 659 3256 725 idoli,
3306 670 3361 716 et
3405 669 3605 716 tenen-

1912 760 1939 789 ››
1995 747 2106 795 tem
2160 751 2417 812 sceptum
2471 744 2539 799 de
2592 745 2758 800 domo
2815 747 3144 817 voluptatis.
3188 770 3208 796 ι
3242 748 3429 805 Vectis
3486 750 3605 804 Da-

1913 829 2090 883 masci
2138 830 2453 887 conteritur
2493 847 2625 888 cum
2676 835 2785 889 Deo
2839 836 2980 891 facto
3037 836 3278 905 propitio
3327 836 3606 893 mentium

1912 915 2225 984 obstacula,
2271 918 2521 974 admissa
2565 920 2939 989 panitudine,
2982 923 3374 978 resolvuntur.
3426 923 3607 979 Habi-

1914 1011 2124 1059 totores
2182 1006 2249 1059 de
2293 1021 2480 1075 campo
2536 1009 2671 1062 idoli
2719 1010 3156 1079 disperduntur,
3213 1025 3346 1067 cum
3396 1012 3606 1068 mentis

1916 1090 2177 1161 licentia,
2211 1106 2342 1162 qua
2382 1094 2491 1148 hac
2534 1094 2778 1165 illacque
2819 1111 2918 1165 per
2972 1097 3260 1166 appetitus
3297 1098 3607 1155 criminum

1914 1177 2301 1248 vagabantur,
2358 1187 2412 1236 et
2455 1181 2724 1237 familiari
2781 1184 3017 1239 cuilibet
3065 1185 3206 1241 vitio
3255 1199 3323 1241 ac
3366 1185 3410 1240 si
3460 1186 3608 1242 idolo

1917 1265 2194 1322 inservire
2220 1267 2588 1336 videbantur,
2621 1270 2694 1325 ab
2728 1271 2834 1326 hac
2865 1272 3160 1328 mansione
3195 1273 3449 1330 indebita
3475 1288 3608 1331 suc-

1915 1351 2208 1409 ciduntur.
2242 1353 2462 1411 Tenens
2491 1362 2760 1427 sceptrum
2788 1358 2854 1411 de
2879 1359 3033 1413 domo
3064 1361 3359 1430 voluptatis
3388 1362 3609 1431 disper-

1915 1439 2091 1508 ditur,
2133 1455 2265 1496 cum
2310 1442 2703 1513 principalitas
2752 1444 3106 1511 intentionis,
3164 1448 3334 1518 cujus
3381 1462 3639 1504 summa.

1915 1537 2037 1584 erat
2062 1530 2344 1600 voluptati
2382 1532 2789 1589 conscientiam
2822 1534 3104 1602 addicere,
3145 1544 3200 1591 et
3236 1537 3403 1606 quasi
3437 1550 3606 1591 man-

1916 1616 2229 1672 sionariam
2260 1616 2468 1689 facere,
2496 1620 2731 1676 omnino
2785 1623 3131 1678 destituitur.
3169 1642 3196 1672 ι
3249 1625 3320 1679 Et
3371 1624 3607 1680 transfe-

1848 1698 1886 1751 B
1921 1726 1942 1753 ι
1980 1712 2139 1760 retur
2186 1706 2435 1776 populus
2492 1706 2668 1778 Syria
2719 1708 2997 1780 Cyrenen,
3060 1711 3196 1767 dicit
3249 1713 3608 1769 Dominus.»

1917 1790 2080 1861 Syria
2110 1792 2521 1864 interpretatur
2571 1798 2850 1866 sublimis;
2881 1800 3098 1869 Cyrene
3127 1800 3387 1854 haredcm
3413 1804 3608 1866 isonat.

1916 1878 2173 1950 Populus
2202 1896 2339 1953 ergo
2383 1883 2557 1953 Syria
2595 1886 2873 1955 Cyrenem
2920 1887 3289 1955 transfertur,
3323 1904 3455 1945 cum
3489 1889 3614 1945 vul-

1917 1970 2146 2037 garium
2178 1978 2439 2026 motuum
2470 1973 2917 2040 superciliositas
2957 1975 3014 2029 in
3045 1977 3239 2032 animo
3285 1978 3355 2032 ad
3384 1984 3611 2034 aterna

1917 2054 2262 2113 hareditatis
2286 2057 2423 2128 jura
2456 2061 2772 2129 quarenda
2798 2062 3101 2133 redigitur.

1986 2144 2157 2201 Vens.
2210 2149 2262 2201 6.
2314 2175 2386 2188 —
2420 2169 2440 2195 ι
2494 2149 2628 2205 Hac
2660 2149 2796 2206 dicit
2842 2150 3166 2208 Dominus:
3201 2153 3383 2223 Super
3426 2154 3612 2209 tribus

1922 2250 1942 2276 ι
1978 2230 2288 2287 sceleribus
2329 2232 2491 2289 Gaza
2525 2241 2581 2289 et
2627 2248 2799 2303 super
2827 2243 3081 2305 quatuor
3118 2252 3230 2293 non
3279 2242 3611 2294 convertam

1922 2343 1943 2370 ι
1978 2335 2124 2389 eam,
2162 2335 2227 2377 eo
2261 2323 2415 2392 quod
2458 2324 2814 2379 transtulerit
2851 2326 3237 2394 captivitatem
3279 2327 3608 2396 perfectam,

1921 2419 2040 2467 «ut
2096 2409 2459 2467 concluderet
2514 2426 2640 2468 eam
2696 2412 2753 2467 in
2805 2414 3080 2469 ldnmaa.
3112 2434 3139 2464 »
3203 2416 3347 2469 Gaza
3401 2415 3612 2471 dicitur

1915 2497 2185 2565 fortitudo
2224 2497 2360 2568 ejus.
2402 2498 2457 2554 Si
2488 2500 2820 2567 Damascus,
2867 2515 2938 2556 ex
2969 2502 3136 2557 oculo
3165 2503 3487 2573 sanguinis,
3526 2503 3613 2559 in-

1919 2586 2198 2658 telligitur
2227 2587 2462 2643 intentio
2501 2602 2701 2658 prava,
2743 2589 2909 2657 Gaza,
2949 2605 3047 2660 per
3075 2592 3164 2647 sui
3197 2592 3607 2660 fortitudinem,

1921 2678 2075 2733 haud
2105 2676 2349 2732 dubium
2380 2676 2525 2746 quin
2555 2677 2902 2733 contrariam
2926 2679 3121 2735 eadem
3162 2678 3401 2735 intentio
3426 2681 3612 2751 signi-

1920 2763 2183 2820 ﬁcabitur
2240 2763 2544 2819 obdurata.
2606 2766 2781 2834 Super
2833 2766 3007 2821 tribus
3058 2769 3369 2835 sceleribus,
3429 2769 3484 2823 id
3528 2776 3615 2825 est

1921 2852 2157 2923 ingenii,
2221 2851 2528 2917 memoria,
2582 2860 2636 2909 et
2682 2868 2824 2910 usus
2870 2856 3419 2927 transgressionibus
3463 2858 3653 2913 Deus-

1919 2940 2296 3007 convertitur,
2334 2942 2474 3010 quia
2522 2941 2911 3012 interioribus,
2938 2952 2993 3001 et
3023 2946 3165 3015 {8111).
3208 2946 3315 3016 his]
3362 2959 3493 3014 qua
3540 2945 3613 3001 ad

1918 3029 2265 3098 operationis
2318 3028 2731 3085 exhibitionem
2798 3045 2914 3087 nou
2974 3034 3399 3104 pertrahuntur
3440 3033 3612 3088 citius

1919 3118 2071 3172 Deus
2112 3116 2455 3186 propitiatur
2490 3131 2665 3187 quam
2717 3117 2806 3172 his
2837 3132 2966 3188 qua
3015 3120 3083 3174 ad
3132 3119 3376 3175 aliorum
3406 3132 3613 3174 corru-

1920 3208 2169 3275 ptionem
2202 3219 2302 3274 per
2337 3206 2601 3276 exempla
2631 3207 2947 3262 ducuntur.
2995 3208 3171 3277 Super
3201 3215 3436 3277 quatuor
3476 3221 3612 3264 vero

1916 3310 2023 3348 non
2054 3292 2433 3362 convertitur,
2464 3292 2604 3363 quia
2637 3294 2777 3348 dum
2808 3292 2880 3348 ad
2919 3296 3256 3350 exercitium
3297 3295 3609 3364 corporale,

1918 3382 2075 3453 quod
2116 3390 2369 3453 quatuor
2404 3382 2697 3437 elementis
2740 3382 3195 3450 administratur,
3257 3384 3481 3439 trinitas
3518 3383 3614 3438 illa

1920 3471 2245 3538 intrinseca,
2293 3484 2467 3540 quam
2510 3470 2783 3535 diximus,
2837 3470 2957 3526 sive
3007 3471 3170 3537 ratio,
3220 3471 3510 3539 voluntas,
3559 3479 3615 3527 et

1918 3559 2158 3615 allectus
2202 3559 2544 3628 pervenerit,
2584 3556 2769 3613 facilis
2808 3559 3103 3614 conversio
3151 3559 3223 3613 ad
3272 3559 3616 3629 integritatis

1918 3649 2181 3705 habitum
2212 3647 2546 3703 nullatenus
2570 3647 2699 3702 erit.
2744 3645 2851 3713 Qui
2895 3646 3049 3702 enim
3102 3646 3236 3701 facit
3290 3654 3609 3715 peccatum,

1920 3750 2122 3793 servus
2150 3744 2233 3791 est
2263 3735 2477 3806 peccati
2519 3736 2697 3804 (Joan.
2731 3749 2849 3802 vni,
2891 3736 3000 3805 34),
3048 3734 3219 3805 cujus
3256 3734 3613 3803 experientia

1920 3824 2220 3895 praterita
2266 3839 2386 3880 sua
2452 3838 2674 3880 venosa
2738 3823 3058 3879 dulcedinis
3125 3824 3425 3878 immemor
3489 3835 3609 3878 esse

1918 3927 2034 3968 non
2083 3911 2301 3982 poterit.
2349 3911 2529 3967 Aliter
2579 3910 2734 3967 enim
2780 3910 3066 3966 memoria
3118 3918 3326 3966 nostra
3378 3920 3607 3967 contre-

1917 4008 2070 4056 ctata
2113 4008 2168 4056 et
2211 4014 2395 4067 sensa,
2445 4000 2609 4055 aliter
2637 3999 2885 4070 cogitata
2933 4000 3252 4055 referimus.
3314 4001 3452 4067 Non,
3514 3999 3612 4055 in-

1919 4088 2062 4160 quit,
2091 4092 2395 4142 convertam
2430 4102 2566 4153 eam,
2594 4102 2651 4141 eo
2682 4087 2827 4156 quod
2854 4088 3198 4141 transtulerit
3242 4089 3617 4156 captivitatem

1911 4178 2230 4246 perfectam,
2280 4174 2338 4229 id
2398 4180 2481 4230 est
2533 4172 2821 4243 quidquid
2878 4173 3131 4239 virtutis,
3196 4173 3487 4243 quidquid
3554 4174 3611 4229 in

106 4281 444 4340 necessitate
479 4261 854 4350 pertrahunt},
901 4279 1113 4335 Galam
1158 4277 1372 4334 dicitur
1399 4293 1621 4332 acervus
1652 4280 1808 4332 ιεειε-
1847 4288 1892 4342 D
1922 4266 2113 4321 animo
2161 4262 2527 4334 professionis
2583 4262 2744 4319 bona
2799 4263 3106 4323 resisterat.
3164 4261 3223 4317 in
3273 4262 3615 4319 diabolicam

107 4372 298 4427 monii.
352 4372 420 4426 In
465 4371 735 4439 plaustris
791 4371 988 4436 ferreis
1042 4367 1257 4425 Galaad
1314 4365 1628 4434 trituravit,
1672 4381 1805 4422 cum

110 4458 414 4516 malitiosis
469 4457 883 4529 cogitationum
926 4455 1396 4526 lrevolutionibus
1452 4454 1615 4510 bona
1669 4469 1807 4511 con-

110 4547 362 4605 scientia
392 4547 449 4601 in
491 4560 550 4602 se
589 4545 1003 4611 testimonium,
1032 4543 1209 4615 quod,
1247 4544 1419 4613 juxta
1448 4543 1806 4613 Apostolum,

111 4634 310 4706 gloria
369 4632 476 4688 sibi
539 4646 662 4689 esse
724 4632 1020 4699 debuerat,
1089 4631 1398 4688 destruunt
1451 4638 1507 4686 et
1571 4631 1808 4686 concul-

109 4731 246 4780 cant
287 4724 363 4791 (Il
403 4724 520 4780 Cor.
556 4740 594 4790 ι,
649 4727 755 4792 t2).
792 4725 1016 4778 Ferrum
1060 4721 1215 4777 enim
1272 4735 1374 4792 pro
1424 4720 1642 4774 malitia
1674 4720 1807 4791 poni

109 4812 272 4868 solet.

180 4898 360 4955 Vnus.
392 4898 443 4952 4.
477 4928 546 4937 -
579 4918 600 4946 ε
640 4898 708 4953 Εῑ
736 4898 961 4953 mittam
1007 4897 1198 4969 ignem
1239 4896 1297 4951 in
1339 4894 1577 4951 domum
1618 4895 1807 4965 Azael,

114 5010 140 5035 ι»
189 4996 247 5044 et
294 4987 595 5043 devorabit
653 4986 850 5043 domos
896 4986 1188 5043 Benadab.
1246 5006 1268 5033 ι
1305 4984 1472 5040 Azael
1524 4984 1810 5055 interpre-

116 5085 274 5133 tatur
314 5077 464 5130 visus
511 5078 635 5142 Deo,
684 5075 955 5131 Benadab
1007 5077 1156 5144 ﬁlius
1201 5087 1548 5144 spontaneus.
1591 5074 1653 5127 In
1709 5073 1813 5127 do—

116 5179 261 5217 mum
294 5163 464 5217 Azael
502 5162 649 5233 ignis
698 5163 969 5229 mittitur,
1015 5176 1149 5219 cum
1190 5161 1314 5232 ipsa
1354 5162 1499 5217 ratio
1536 5161 1815 5218 vitiorum

119 5252 414 5309 desideriis
443 5252 750 5309 inastuare
780 5252 1155 5322 permittitur,
1196 5265 1328 5321 qua
1369 5250 1685 5321 aliquando
1716 5252 1814 5307 Dei

117 5342 341 5397 visione
378 5339 659 5412 [insigniri
707 5340 1029 5396 videbatur.
1082 5342 1295 5396 Domus
1338 5338 1591 5395 Benadab
1641 5338 1817 5394 devo-

120 5437 346 5495 rantur,
391 5442 524 5484 cum
562 5428 796 5484 habitus
834 5428 1159 5483 carnalium
1190 5425 1523 5493 affectuum,
1556 5424 1660 5496 qui
1688 5433 1817 5482 tan-

117 5532 294 5587 quam
329 5515 431 5571 tilii
462 5529 535 5571 ex
556 5522 830 5585 corrupta
851 5514 1070 5571 ratione
1090 5522 1380 5582 creantur,
1401 5520 1457 5569 et
1485 5511 1590 5583 qui
1618 5520 1819 5583 sponte

1918 4354 2306 4423 vitiorumque
2347 4352 2669 4409 traduxerit
2714 4351 3068 4408 servitutem.
3130 4352 3201 4406 Et
3241 4350 3347 4406 hoc
3394 4351 3610 4420 fecerit,

1916 4449 1977 4499 ut
2006 4442 2342 4499 concluderet
2369 4458 2486 4496 eam
2529 4444 2587 4495 in
2651 4441 2915 4509 Idumaa,
2982 4440 3039 4495 id
3093 4448 3176 4496 est
3216 4447 3280 4496 ut
3339 4439 3461 4496 sine
3493 4439 3614 4495 ulla

1916 4532 2317 4589 retractatione
2369 4536 2517 4586 πθ
2562 4530 2819 4601 spiritus,
2871 4537 3154 4586 coerceret
3191 4529 3445 4585 animam
3502 4528 3611 4585 sub

1916 4620 2354 4692 morigeratione
2417 4628 2688 4677 terrena:
2753 4620 2991 4675 Idumea
3055 4618 3206 4674 enim
3275 4622 3487 4672 terrena
3528 4617 3614 4673 di-

1914 4710 2087 4769 citur.

1991 4801 2161 4857 Vens.
2186 4799 2241 4865 7,
2275 4800 2328 4854 8.
2361 4827 2430 4840 —
2465 4820 2485 4846 ι
2519 4799 2589 4854 Et
2618 4799 2839 4855 mittam
2870 4798 3055 4868 ignem
3088 4797 3143 4853 in
3169 4810 3401 4853 murum
3427 4795 3612 4864 Gaza,

1922 4912 1950 4939 ‹‹
1978 4898 2033 4945 et
2063 4887 2361 4944 devorabit
2387 4886 2537 4942 ades
2564 4885 2709 4956 ejus.
2746 4886 2816 4940 Et
2852 4886 3178 4956 disperdam
3233 4886 3614 4943 habitatorem

1924 5000 1945 5028 ι
1981 4978 2051 5034 de
2103 4978 2293 5044 Azoto,
2343 4983 2398 5032 et
2441 4983 2726 5032 tenentem
2782 4983 3073 5044 sceptrum
3123 4976 3193 5031 de
3243 4976 3552 5054 Ascalone.
3585 4998 3606 5025 ι

1921 5067 2080 5139 Ignis
2111 5066 2358 5122 mittitur
2386 5067 2444 5119 in
2472 5080 2687 5119 murum
2726 5064 2903 5129 Gaza,
2962 5078 3096 5119 cum
3144 5064 3619 5135 concupiscentia

1924 5155 2152 5211 immitti
2192 5154 2501 5226 permittur
2542 5154 2601 5209 in
2646 5153 2917 5209 exteriori
2963 5153 3239 5219 custodia,
3302 5168 3433 5224 qua
3480 5164 3619 5223 pro-

1923 5245 2185 5301 saculari
2217 5245 2511 5300 honestate
2549 5242 2860 5298 adhibetur
2905 5242 2977 5297 ad
3016 5240 3406 5311 palliationem
3454 5241 3620 5298 forti—

1924 5333 2143 5390 tudinis
2170 5346 2467 5403 perversa.
2506 5332 2559 5387 Is
2583 5331 2822 5387 devorat
2851 5330 2990 5385 ades
3014 5331 3151 5398 ejus,
3183 5344 3316 5385 cum
3337 5328 3621 5387 subvertit

1923 5428 1979 5477 et
2008 5428 2197 5477 vastat
2227 5420 2508 5491 quidquid
2543 5419 2865 5490 speciosum
2908 5425 2963 5473 et
2990 5417 3203 5473 decens
3241 5424 3325 5473 est
3355 5417 3413 5472 in
3459 5417 3617 5474 fora-

1925 5511 2067 5568 stica
2092 5509 2429 5567 habitudine
2462 5509 2608 5579 ejus.
2646 5508 2930 5579 Disperdit
2969 5508 3120 5563 Deus
3150 5505 3509 5561 habitatorem
3554 5505 3620 5560 de
