3934 6086
311 273 415 326 419

1208 261 1265 317 ν.
1314 256 1653 320 GUIBERTI
1691 258 1992 317 ABBATIS
2030 260 2087 317 S.
2132 256 2369 315 MARI/E
2406 258 2496 315 DE
2537 251 2930 312 NOVIGEN'I‘O

3728 256 3844 312 420

312 406 505 467 Azoto,
543 414 674 456 cum
714 396 1003 468 quidquid
1040 393 1457 449 rationabiliter
1503 391 1708 461 ineptis
1752 390 2002 446 motibus
2041 396 2085 447 Α
2114 389 2391 444 debuerat
2416 389 2601 459 (Eccli.
2632 402 2771 453 xxx,
2804 388 2918 455 2i»),
2956 388 3056 443 iste
3096 387 3843 443 indesinenteriniiciendo

312 508 412 563 per
443 490 770 546 interiorem
818 485 933 539 vim
969 482 1251 537 dominari
1300 487 1500 549 potest,
1566 480 1639 534 ad
1686 479 2007 548 deprimen-

311 585 450 639 dum
528 576 850 635 tentationis
924 572 1254 627 incendium
1330 568 1640 624 miserabili
1709 568 2006 637 perturbat

310 669 668 728 exterminio.
733 664 1015 734 Disperdit
1068 660 1237 717 etiam
1297 665 1555 714 tenentem
1622 662 1893 726 sceptrum
1941 657 2007 710 de

312 759 600 823 Ascalone,
629 768 761 809 cum
812 753 972 806 bona
1004 749 1316 805 voluntatis
1365 748 1671 803 scintillam
1717 747 1871 817 justo
1901 762 2005 801 suo

309 843 625 914 exstinguit
669 841 910 911 judicio,
943 854 1072 909 qua
1112 836 1267 907 regio
1300 850 1454 891 more
1503 836 1793 890 flammam
1842 836 2001 889 culti-

309 934 443 988 bere
505 928 864 1000 dignoscitur
929 925 1156 981 infamis
1231 924 1726 993 concupiscentia.
1794 922 2005 978 Azotus

309 1018 461 1075 enim
490 1017 817 1081 incendium,
859 1014 1099 1069 Ascalon
1137 1016 1281 1080 ignis
1336 1015 1564 1079 infamis
1610 1010 1840 1068 dicitur.
1875 1029 1902 1060 ‹‹
1936 1011 2006 1067 Et

310 1132 337 1159 ››
370 1114 698 1164 convertam
732 1118 968 1159 manum
1018 1117 1200 1157 meam
1239 1116 1413 1171 super
1453 1101 1711 1156 Accaron
1764 1108 1817 1156 et
1866 1100 2005 1171 pcri-

314 1220 335 1246 ι
373 1199 518 1252 bunt
574 1195 834 1264 reliquia
904 1190 1400 1246 Philisthinorum.
1468 1189 1694 1257 nSuper
1757 1190 2003 1243 Accaron

308 1300 527 1339 manum
554 1296 717 1337 suam
758 1282 908 1336 Deus
951 1277 1252 1343 convertit,
1286 1276 1522 1346 quando
1557 1275 2001 1332 consolationem

309 1372 594 1427 internam
660 1368 919 1440 perutilis
978 1365 1358 1422 eruditionem
1424 1364 1666 1420 tristitia
1734 1365 2004 1421 anostris

308 1461 600 1516 mentibus
622 1474 735 1513 non
766 1457 991 1513 avertit.
1026 1454 1281 1509 Accaron
1312 1454 1465 1509 enim
1496 1454 1731 1507 eruditio
1761 1456 2005 1509 tristitia

290 1534 539 1605 dicitur.
585 1548 854 1615 Reliquia
911 1545 1360 1599 Philisthinorum
1410 1551 1671 1611 pereunt,
1711 1556 1842 1598 cum
1895 1543 2001 1598 mi-

308 1637 486 1692 nutiae
527 1634 937 1705 cogitationum
988 1639 1228 1685 terrena
1273 1630 1498 1699 potione
1548 1629 1858 1698 voluptatis
1904 1629 1999 1684 in-

307 1726 527 1781 ebriare
576 1694 903 1787 solentium,
954 1720 1026 1774 ab
1076 1719 1266 1774 animo
1311 1719 1714 1774 oblitterantur
1752 1727 1807 1774 et
1837 1718 1999 1775 exci-
2042 1694 2080 1748 Β

308 1813 625 1960 ᾱῠεὲιιεθ.
666 1929 738 1941 -
779 1923 805 1945 «ι
865 1898 995 1953 Hac
1035 1895 1171 1951 dicit
1220 1894 1540 1949 Dominus:
1594 1895 1774 1963 Super
1822 1893 2005 1949 tribus

308 2014 336 2043 »
369 1992 678 2048 sceleribus
727 1987 879 2058 Tyri,
912 1994 965 2042 et
1013 1999 1188 2054 super
1231 1990 1485 2053 quatuor
1523 1998 1638 2037 non
1674 1990 2004 2038 convertam

313 2103 335 2129 π
373 2095 525 2146 eum,
557 2092 621 2134 eo
664 2076 815 2147 quod
858 2072 1242 2130 concluserint
1273 2070 1659 2140 captivitatem
1697 2070 2001 2140 perfectam

310 2191 336 2218 »
367 2170 423 2224 in
448 2169 721 2233 ldumaa,
746 2173 799 2220 et
834 2178 949 2219 non
982 2162 1097 2217 sint
1118 2158 1395 2216 recordati
1420 2157 1932 2213 foederisfratrum.
1972 2176 1999 2207 ν

305 2257 491 2325 Tyrus
522 2254 931 2322 interpretatur
960 2250 1235 2315 angustia.
1271 2246 1341 2301 Et
1372 2259 1503 2315 qua
1524 2246 1709 2314 major
1735 2244 2002 2314 angustia

307 2357 481 2413 quam
512 2355 599 2408 ea,
636 2341 704 2395 de
734 2353 852 2409 qua
882 2337 1094 2392 dicitur
1127 2350 1139 2388 :
1176 2357 1195 2382 ι
1233 2335 1411 2389 Eruet
1443 2340 1496 2389 te
1525 2334 1593 2388 de
1622 2346 1717 2388 ore
1754 2339 2000 2403 angusto

308 2430 577 2486 latissime
635 2428 751 2499 (Job
808 2440 1008 2492 xxxvn,
1072 2422 1249 2493 16);:
1312 2422 1381 2478 Et
1432 2421 1659 2476 David:
1721 2421 1997 2489 «Neque,

305 2520 514 2590 inquit,
576 2525 780 2589 urgeat
857 2528 1032 2584 super
1086 2527 1175 2568 me
1214 2518 1423 2581 puteus
1477 2525 1537 2566 os
1604 2523 1778 2565 suum
1832 2508 1996 2578 (Psal.

304 2624 493 2675 vam,
532 2606 641 2677 16).
678 2626 704 2657 ››
757 2604 888 2659 Tria
945 2616 1082 2671 ergo
1128 2601 1339 2655 scelera
1383 2599 1516 2669 Tyri
1580 2598 1638 2652 in
1697 2604 1900 2663 mente,
1945 2603 1999 2652 et

303 2707 555 2768 quatuor
593 2692 905 2764 corporalis
946 2689 1263 2745 efficientia
1306 2703 1430 2743 cam
1463 2688 1718 2743 converti
1761 2701 1874 2741 non
1914 2685 1990 2740 si-

302 2791 469 2850 nunt,
531 2782 807 2838 nimirum
867 2793 997 2849 qua
1049 2779 1227 2847 ipsam
1281 2777 1402 2832 sine
1456 2776 1576 2832 ulla
1632 2775 1999 2832 confessionis

302 2870 677 2939 respiratione
709 2870 857 2923 intra
887 2880 1125 2921 suorum
1148 2864 1454 2919 criminum
1475 2863 1809 2933 voraginem
1831 2862 1997 2916 clau-

300 2959 466 3013 dunt.
516 2956 664 3011 Gaza
703 2953 972 3024 superius
1020 2952 1309 3007 transtulit
1358 2956 1419 3004 ut
1466 2951 1818 3016 concluderet,
1892 2950 1997 3004 ista

301 3046 578 3105 conclusit,
626 3042 764 3113 quia
813 3055 910 3110 per
959 3040 1311 3094 incrementa
1360 3038 1649 3109 nequitia.
1705 3040 1857 3109 quod
1905 3038 1998 3093 ille

302 3134 477 3192 animi
528 3132 761 3187 habitus
810 3128 1125 3199 proposuit,
1181 3128 1272 3183 hic
1329 3128 1471 3182 facie
1509 3127 1798 3183 oftirmata
1852 3142 1999 3183 com-

304 3222 497 3294 plevit.
555 3220 781 3274 Falleris
831 3221 1073 3285 fratrum
1124 3233 1229 3270 non
1278 3217 1673 3283 recordantur,
1717 3217 1856 3286 quia
1898 3231 1998 3272 ra-

304 3311 474 3368 tionis
519 3309 919 3379 appetitusque
958 3306 1207 3361 carnalis
1256 3320 1326 3361 ex
1358 3305 1556 3360 eadem
1598 3314 1805 3371 mente,
1857 3319 1922 3360 ac
1951 3307 1995 3361 si

305 3411 579 3472 germana
638 3397 985 3460 fraternitas,
1049 3393 1189 3463 quid
1240 3393 1347 3449 sibi
1398 3401 1558 3449 muto
1614 3394 1884 3449 custodia
1932 3408 1999 3449 ac

305 3486 642 3544 obeditionis
673 3484 934 3550 debeant,
965 3497 1078 3537 non
1112 3481 1490 3551 perpendunt.

376 3576 545 3634 Vens.
593 3571 678 3626 lO.
728 3594 749 3621 ι
804 3572 875 3626 Et
918 3570 1139 3625 mittam
1198 3568 1389 3638 ignem
1451 3567 1508 3621 in
1556 3581 1790 3623 murum
1842 3568 1995 3638 Tyri,

307 3688 335 3716 ››
371 3672 424 3721 et
454 3662 749 3719 devorabit
778 3661 926 3715 ades
952 3659 1097 3728 ejus.
1132 3676 1159 3707 η
1192 3656 1352 3722 Quod
1385 3662 1467 3711 est
1496 3655 1682 3711 dicere
1716 3671 1728 3709 :
1761 3655 1995 3711 Omnem

306 3751 641 3808 exteriorem
700 3746 1004 3812 cautelam,
1058 3758 1176 3814 qua
1241 3758 1359 3798 sua
1412 3743 1693 3799 honestati
1745 3747 1999 3813 providet

307 3839 575 3909 turpibus
614 3834 1091 3904 concupiscentiis
1119 3833 1415 3887 evidenter
1439 3831 1622 3887 addici
1652 3833 1995 3901 permittam.

308 3927 469 3983 Unde
498 3932 552 3981 et
578 3922 1013 3981 sensualitatum
1044 3921 1169 3991 ejus
1209 3920 1697 3975 circumstantiam
1732 3936 1999 3979 consum-

306 4015 488 4086 ptioni
515 4021 702 4083 aperte
731 4010 1052 4080 subjiciam.

379 4103 547 4159 Vens.
594 4105 675 4155 ll.
709 4132 775 4139 -
810 4117 839 4151 ‹‹
868 4100 998 4153 Hac
1036 4097 1171 4153 dicit
1219 4099 1497 4155 Dominus
1533 4119 1543 4157 :
1590 4105 1772 4175 Super
1816 4102 2002 4159 tribus

314 4214 334 4239 ι
366 4190 676 4246 sceleribus
710 4188 911 4254 Edom,
945 4194 999 4242 et
1024 4200 1199 4255 super
1229 4196 1480 4256 quatuor
1519 4208 1635 4250 non
1663 4200 1999 4249 convertam

2116 476 2431 544 perturbat.
2485 479 2737 530 Fui-orem
2788 492 2945 530 suum
2990 478 3139 531 ultra
3202 485 3368 543 tenet,
3414 478 3554 532 dum
3607 492 3740 533 non
3769 478 3844 532 le-

2116 563 2342 617 nocinio
2389 563 2798 631 titillationum,
2858 563 3009 632 quod
3058 564 3321 619 naturale
3366 573 3468 631 est,
3525 565 3621 619 sed
3676 565 3843 621 furo-

2114 651 2277 707 ribus
2308 652 2820 721 perpetrationum,
2866 652 3021 721 quod
3062 652 3414 708 diabolicum
3455 662 3556 719 est,
3586 654 3845 723 explere

2114 740 2505 809 quodcunque
2561 740 2805 809 cupierit
2883 741 3063 795 ardet.
3138 741 3579 809 Indignationem
3666 758 3843 796 suam

2116 844 2283 896 usque
2327 832 2382 883 in
2436 830 2596 889 ﬁnem
2646 838 2856 898 servat,
2908 830 3048 885 dum
3102 846 3215 885 non
3280 845 3379 901 per
3430 832 3842 902 ignorantiam

2114 926 2214 975 aut
2244 918 2633 975 inﬁrmitatem
2662 927 2874 989 peccat,
2920 920 3018 975 sed
3062 919 3267 976 avertit
3293 935 3492 977 aurem
3535 935 3709 978 suam
3760 936 3840 977 ne

2112 1007 2208 1063 Dei
2242 1008 2422 1077 legem
2445 1009 2645 1064 audiat
2676 1012 2860 1077 (Prov.
2895 1024 3094 1076 xxvm,
3128 1011 3205 1079 9).

2187 1115 2354 1170 Vnus.
2410 1118 2492 1169 i2.
2545 1146 2611 1155 —
2646 1138 2665 1163 ι
2698 1116 2912 1171 Mittam
2954 1115 3144 1187 ignem
3192 1116 3249 1171 in
3294 1118 3568 1183 Theman,
3615 1125 3675 1172 et
3724 1117 3836 1173 de-

2112 1225 2139 1253 »
2202 1204 2425 1259 vorabit
2474 1205 2623 1260 ades
2672 1206 2875 1261 Bosra.
2941 1226 2966 1254 »
3017 1206 3273 1261 Tlteman
3332 1206 3543 1262 dicitur
3595 1212 3828 1275 auster;

2111 1292 2283 1347 Bosra
2314 1294 2719 1348 tribulationem
2757 1302 2940 1349 sonat.
2985 1296 3045 1347 In
3077 1300 3283 1359 austro,
3326 1294 3427 1364 qui
3473 1303 3689 1350 ventus
3739 1304 3827 1350 est

2111 1382 2356 1451 tepidus,
2391 1382 2544 1452 ignis
2574 1382 2923 1447 immittitur,
2957 1398 3087 1437 cum
3121 1397 3282 1437 mens
3304 1383 3541 1437 remissa
3563 1391 3617 1437 et
3647 1382 3825 1453 vapi-

2113 1472 2185 1525 da
2238 1472 2533 1527 atrocitate
2576 1473 2900 1526 tentationis
2931 1472 3206 1526 nutritur.
3268 1472 3443 1525 xEdcs
3487 1471 3675 1526 Bosra
3720 1474 3823 1527 de-

2114 1566 2410 1627 vorantur,
2451 1575 2583 1615 cum
2635 1574 2910 1615 sensuum
2967 1561 3326 1615 extrinsecus
3374 1561 3828 1617 immoderantia

2112 1647 2559 1718 inexplebilibus
2626 1648 2910 1703 malorum
3001 1648 3223 1718 laqueis
3287 1654 3635 1704 coarctatur.
3711 1650 3823 1705 Cui

2114 1737 2363 1792 concinit
2412 1737 2552 1792 illud
2600 1737 2742 1792 Job:
2780 1760 2806 1785 α
2850 1736 3213 1793 Considerate
3252 1737 3482 1793 semitas
3528 1739 3823 1808 Theman,

2114 1825 2319 1880 itinera
2353 1825 2520 1893 Saba,
2571 1832 2625 1881 et
2657 1833 2981 1895 exspectate
3030 1825 3319 1895 paulisper
3350 1826 3481 1896 (Job
3522 1842 3596 1892 vi,
3634 1830 3751 1895 t9).
3791 1849 3819 1875 ς

2112 1917 2182 1971 Et
2239 1917 2297 1971 in
2350 1924 2611 1981 vacante,
2663 1915 2849 1983 scopis
2907 1915 3188 1970 mundata
3243 1916 3818 1986 domoseptemplex

2110 2004 2346 2075 spiritus
2370 2002 2695 2074 ingreditur
2725 2003 2873 2074 (Luc.
2908 2017 2989 2068 xn,
3014 2005 3128 2073 26).

2181 2111 2352 2173 Vnus.
2389 2112 2473 2163 l3.
2501 2138 2568 2150 —
2600 2128 2626 2159 (ι
2666 2109 2798 2163 Hac
2838 2110 2973 2164 dicit
3012 2108 3292 2165 Dominus
3326 2125 3337 2163 :
3385 2109 3571 2180 Super
3619 2111 3819 2167 tribus

2108 2220 2137 2249 ››
2169 2198 2477 2254 sceleribus
2508 2196 2754 2253 ﬁliorum
2788 2198 3052 2264 Ammon,
3083 2206 3137 2253 et
3180 2213 3355 2268 super
3402 2209 3660 2269 quatuor
3696 2215 3820 2255 non

2113 2310 2133 2337 ι
2161 2295 2489 2343 convertam
2529 2300 2681 2352 eum,
2716 2300 2781 2341 eo
2827 2287 2982 2356 quod
3029 2284 3402 2343 dissecuerint
3439 2298 3821 2358 pragnantes

2109 2396 2137 2427 ››
2168 2376 2382 2431 Galaad
2411 2374 2482 2429 ad
2508 2374 2870 2429 dilatandum
2905 2374 3215 2430 terminum
3265 2390 3459 2431 suum.
3498 2399 3519 2423 ι
3556 2378 3818 2432 Ammon

2106 2464 2515 2533 interpretatur
2557 2464 2792 2531 papulas
2840 2466 3101 2517 maroris.
3138 2462 3191 2517 Si
3224 2464 3525 2531 disciplina
3567 2464 3625 2518 in
3653 2478 3818 2533 pra-

2106 2554 2248 2608 senti
2294 2551 2552 2607 maeroris
2572 2558 2674 2617 est,
2722 2565 2854 2620 qua
2888 2551 3139 2606 fructum
3166 2551 3598 2619 pacatissimnm
3621 2553 3819 2608 reddit

2106 2642 2291 2710 (Hebr.
2323 2654 2419 2703 xn,
2455 2638 2561 2707 li),
2602 2646 2656 2693 et
2699 2639 2768 2694 de
2803 2639 2998 2707 nuptis
3028 2639 3262 2707 dicitur,
3294 2639 3450 2708 quod
3483 2640 3816 2694 tribulatio-

2105 2744 2230 2785 nem
2265 2728 2555 2783 babebunt
2581 2727 2914 2797 hujusmodi
2945 2730 2989 2793 (1
3026 2729 3144 2783 Cor.
3172 2743 3267 2791 vn,
3296 2728 3421 2795 ‘28);
3451 2727 3597 2797 quid
3632 2737 3813 2797 putas

2105 2828 2315 2888 agatur
2343 2816 2495 2885 apud
2524 2831 2617 2871 eos
2642 2816 2743 2885 qui
2779 2816 3010 2887 flagitiis
3041 2815 3385 2883 inserviunt,
3412 2817 3522 2872 sub
3554 2832 3818 2886 quorum

2104 2907 2327 2977 lingua,
2362 2906 2536 2975 juxta
2570 2905 2875 2973 psalmum,
2912 2904 3075 2960 labor
3114 2912 3169 2959 et
3200 2905 3361 2959 dolor
3401 2913 3573 2973 sunt;
3612 2908 3813 2971 (Psal.,

2037 2991 2077 3046 C
2107 3009 2161 3057 χ,
2196 2999 2274 3057 7.)
2306 2994 2370 3048 Hi
2403 3007 2606 3048 causas
2639 3007 2753 3047 non
2784 2993 3152 3048 convertendi
3200 2993 3430 3060 habent,
3468 2994 3626 3063 quod
3654 2994 3818 3050 vide-

2106 3083 2235 3137 licet
2280 3089 2642 3152 pragnantes
2688 3080 2903 3135 Galaad
2955 3081 3254 3143 dissecent,
3306 3089 3492 3136 motus
3523 3081 3809 3138 nimirum

2108 3170 2431 3235 rationales,
2475 3169 2576 3239 qui
2617 3168 2960 3223 naturaliter
3003 3169 3222 3238 aliqua,
3266 3174 3328 3224 ut
3385 3170 3608 3233 assolet,
3654 3170 3814 3226 bona

2107 3259 2458 3328 concipiunt,
2498 3257 2570 3312 ad
2609 3257 2939 3312 dilationem
2971 3271 3091 3313 sua
3139 3258 3411 3327 nequitia
3453 3272 3645 3327 prava
3684 3273 3816 3315 eru-

2109 3348 2317 3417 ptionis
2361 3347 2509 3401 ferro
2561 3345 2906 3400 discindunt.
2948 3345 3162 3400 Galaad
3212 3346 3423 3401 dicitur
3465 3362 3689 3401 acervus
3720 3354 3810 3401 te-

2107 3438 2370 3501 stimonii,
2403 3434 2505 3505 qui
2547 3448 2659 3490 non
2699 3442 2782 3489 est
2810 3434 2960 3489 alius
2991 3434 3098 3489 nisi
3129 3434 3368 3505 quidam
3396 3435 3559 3490 bona
3592 3436 3809 3506 cogita-

2109 3524 2277 3580 tionis
2314 3531 2600 3594 aggestus,
2643 3523 2813 3593 cujus
2866 3523 2937 3577 ad
2977 3522 3241 3578 effectum
3286 3522 3560 3578 ducenda
3610 3537 3807 3579 coram

2109 3627 2172 3667 eo
2213 3611 2369 3667 testis
2405 3619 2488 3667 est
2530 3611 2761 3667 animus
2808 3612 3116 3666 Terminum
3172 3619 3366 3668 autem
3420 3612 3646 3675 dilatat,
3699 3614 3807 3683 qui

2110 3702 2181 3756 ad
2214 3706 2358 3756 σθεν
2403 3699 2755 3770 propositum
2797 3714 3077 3769 perversa
3123 3700 3462 3771 expletionis
3505 3701 3799 3758 inastuat.

2180 3816 2349 3872 Vsus.
2386 3816 2470 3868 14.
2506 3845 2570 3853 -
2592 3834 2619 3862 ‹‹
2644 3814 2714 3869 Et
2735 3812 3079 3869 succendam
3102 3812 3289 3883 ignem
3316 3814 3374 3868 in
3394 3828 3631 3869 murum
3651 3814 3810 3870 Rab-

2112 3926 2138 3954 ››
2169 3904 2303 3959 bath
2348 3902 2474 3975 (at,
2511 3899 2761 3973 Rabba],
2806 3910 2860 3956 et
2898 3901 3191 3957 devorabit
3227 3903 3376 3957 ades
3414 3904 3541 3973 ejus
3584 3903 3641 3957 in
3669 3903 3807 3959 ulu-

2113 4015 2139 4044 ››
2201 3993 2322 4048 latu
2367 3992 2427 4046 in
2485 3991 2576 4047 die
2633 3991 2782 4057 belli,
2835 3997 2890 4045 et
2944 3989 2999 4044 in
3050 3990 3281 4047 turbine
3334 3990 3391 4045 in
3446 3991 3534 4046 die
3563 4005 3812 4047 commo-

2115 4104 2135 4129 ι
2168 4080 2356 4136 tionis.
2392 4098 2418 4129 α
2452 4078 2715 4134 Rabbath
2759 4078 3051 4132 multitudo
3080 4078 3325 4148 dicitur;
3360 4080 3416 4133 in
3445 4080 3615 4149 cujus
3641 4095 3812 4136 muro

2108 4169 2260 4241 ignis
2288 4168 2680 4232 succenditur,
2706 4182 2839 4223 cum
2872 4168 2930 4221 in
2969 4167 3295 4237 frequentia
3335 4176 3390 4223 et
3422 4168 3679 4225 tumultu
3722 4185 3811 4225 co-

314 4300 337 4327 ι
372 4292 526 4346 eum,
585 4290 651 4332 eo
704 4276 856 4345 quod
912 4280 1251 4345 prosecutus
1298 4274 1371 4329 sit
1420 4276 1477 4332 in
1538 4280 1728 4351 gladio
1760 4279 1991 4335 fratrem

2180 4259 2402 4314 tationis
2449 4259 2664 4327 iniqua
2697 4271 2828 4327 qua
2869 4256 3015 4312 inter
3053 4271 3158 4312 nos
3197 4265 3251 4312 et
3283 4258 3462 4313 Deum
3502 4271 3569 4313 ac
3595 4258 3641 4312 si
3671 4272 3810 4315 mu-

309 4386 337 4419 »
370 4380 561 4431 suum,
591 4373 645 4421 et
676 4363 972 4420 violaverit
1011 4361 1459 4420 misericordiam
1491 4367 1636 4437 ejus,
1671 4375 1725 4424 et
1755 4368 2001 4425 tenuerit

308 4476 336 4505 »
370 4456 523 4511 ultra
566 4454 815 4510 furorem
844 4465 1038 4516 suum,
1081 4457 1136 4505 et
1178 4449 1629 4521 indignationem
1669 4470 1830 4512 suam
1878 4471 2001 4512 ser-

308 4567 337 4596 »
366 4544 590 4600 vaverit
631 4556 817 4613 usque
848 4542 905 4596 in
956 4540 1147 4595 tinem.
1187 4559 1208 4586 ι
1261 4540 1438 4598 Edom
1486 4551 1727 4601 terrenus
1766 4547 1997 4603 dicitur.

308 4635 616 4704 Postquam
651 4646 684 4687 a
734 4630 832 4687 Dei
880 4643 1073 4684 amore
1126 4640 1286 4682 mens
1335 4630 1578 4689 interius
1630 4643 1997 4707 angustatur,

307 4738 409 4794 per
458 4731 683 4778 terrena
728 4718 1010 4775 desideria
1057 4730 1281 4772 necesse
1327 4726 1410 4774 est
1459 4721 1607 4779 illico
1654 4733 1716 4780 ut
1762 4738 1999 4795 sparga-

307 4819 421 4868 tur.
454 4812 627 4879 Super
671 4809 847 4863 tribus
901 4818 1040 4873 ergo
1094 4805 1401 4873 sceleribus,
1449 4815 1499 4862 et
1545 4826 1708 4882 super
1739 4818 1998 4881 quatuor,

308 4914 440 4969 qua
489 4900 751 4955 bifariam
814 4894 1079 4965 superius
1123 4896 1382 4964 exposita
1426 4900 1690 4957 sufficere
1737 4909 1998 4971 possunt,

306 5005 412 5044 non
441 4987 815 5054 convertitur,
850 4985 990 5056 quia
1018 4982 1330 5051 delectatio,
1364 4989 1533 5044 semel
1584 4991 1738 5046 intus
1766 4990 1997 5057 ebibita,

308 5085 613 5148 postquam
644 5077 700 5131 in
734 5088 1032 5145 corporeos
1065 5073 1270 5128 transit
1296 5088 1456 5144 usus,
1491 5086 1708 5148 quanto
1735 5079 2001 5134 usitatior

307 5174 392 5222 est
439 5173 596 5222 tanto
639 5165 896 5223 tenacius
941 5162 1251 5232 obligatur.
1302 5163 1481 5221 Edom
1529 5181 1685 5237 ergo,
1739 5176 2001 5223 terrenus

308 5254 565 5321 allectus,
605 5256 838 5321 fratrem
876 5257 932 5308 in
972 5254 1156 5323 gladio
1218 5254 1602 5323 persequitur,
1648 5270 1780 5311 cum
1831 5256 1999 5325 spiri-

308 5351 454 5410 tum,
486 5358 557 5399 ex
580 5344 775 5399 eadem
802 5345 1142 5401 conscientia
1188 5347 1583 5415 prodeuntem,
1628 5345 1794 5400 malis
1836 5346 1999 5415 capi-

308 5432 522 5488 talibus
570 5432 907 5503 intercipere
965 5434 1188 5489 nititur.
1232 5434 1667 5489 Misericordiam
1714 5434 1840 5504 ejus
1869 5436 1996 5489 vio-

308 5521 409 5588 lat,
460 5534 591 5577 cnm
652 5522 803 5591 quod
860 5521 1116 5578 misereri
1166 5522 1375 5578 anima
1428 5536 1548 5578 sua
1610 5521 1838 5592 placens
1888 5523 1998 5578 Deo

2112 4362 2214 4404 rus
2256 4346 2577 4402 miserabile
2617 4345 2750 4401 facit
2794 4344 3176 4413 obstaculum,
3218 4350 3319 4401 aut
3355 4346 3659 4416 superbia,
3702 4357 3811 4405 aut

2111 4433 2306 4504 gloria
2338 4434 2544 4500 inanis,
2579 4433 2698 4489 sive
2727 4432 2896 4489 etiam
2930 4433 3203 4501 luxuria,
3256 4434 3343 4489 vel
3371 4434 3542 4489 etiam
3572 4435 3808 4503 cupidi—

2112 4523 2243 4579 tatis
2284 4537 2415 4592 qua
2457 4522 2652 4577 omnia
2716 4521 2863 4591 ignis
2911 4521 3299 4591 appellantur,
3339 4522 3652 4578 suscitatur
3710 4523 3805 4578 in-

2109 4610 2394 4667 cendium.
2467 4613 2527 4665 In
2584 4611 2795 4664 ululatu
2860 4610 3000 4665 ades
3061 4611 3179 4680 ejus
3247 4611 3619 4677 devorantur,
3669 4626 3804 4667 cum

2110 4699 2368 4755 membra
2394 4698 2540 4769 ejus,
2574 4714 2703 4768 qua
2733 4707 2869 4756 sunt
2907 4714 3081 4769 super
3132 4706 3365 4765 terram,
3398 4701 3655 4770 appetitu
3692 4701 3805 4755 im-

2110 4788 2440 4843 manissimo
2473 4787 2874 4842 involvuntur.
2912 4788 3195 4857 Lupinum
3242 4788 3398 4843 enim
3437 4796 3521 4845 est
3555 4787 3802 4844 ululare.

2111 4876 2240 4930 Dies
2271 4876 2394 4930 belli
2429 4875 2665 4931 evidens
2709 4875 3099 4931 controversia
3140 4883 3222 4932 est
3269 4877 3462 4931 carnis
3513 4884 3566 4932 et
3605 4877 3802 4932 animi.

2107 4964 2290 5030 Quam
2324 4964 2495 5020 turbo
2526 4964 2809 5034 sequitur,
2855 4964 2994 5034 quia
3039 4966 3264 5021 cacitas
3302 4965 3477 5020 menti
3510 4980 3581 5020 ex
3618 4972 3808 5021 tenta-

2109 5054 2279 5109 tionis
2330 5054 2622 5109 nimietate
2675 5060 2926 5109 creatur.
2985 5054 3089 5110 Cui
3129 5054 3252 5109 dies
3299 5057 3665 5109 commotionis
3711 5057 3807 5111 ad-

2108 5142 2282 5210 ditur,
2328 5156 2462 5198 cum
2491 5156 2654 5197 mens
2684 5156 2785 5211 per
2823 5156 3063 5212 operum
3111 5142 3344 5211 indicia,
3389 5157 3423 5199 a
3464 5156 3570 5199 sua
3597 5143 3809 5199 stabili-

2044 5231 2052 5245 '
2110 5238 2222 5287 tate
2252 5231 2550 5287 manifeste
2581 5230 2795 5287 dimota
2818 5232 3202 5303 cognoscitur.

2180 5346 2351 5402 Vens.
2390 5350 2471 5401 lii.
2521 5377 2588 5386 —
2621 5366 2649 5397 (ι
2700 5348 2768 5402 Ει
2817 5347 2916 5402 ibit
2966 5347 3229 5403 Melcbon
3286 5347 3341 5401 in
3390 5347 3798 5418 captivitatem,

2108 5455 2137 5486 ι)
2171 5435 2308 5505 ipse,
2376 5443 2430 5491 et
2482 5436 2768 5505 principes
2811 5436 2939 5506 ejus
2991 5436 3183 5504 simul,
3249 5436 3385 5491 dicit
3440 5436 3733 5493 Dominus.
3773 5464 3795 5487 ι»

2109 5523 2366 5578 Mclclmn
2421 5523 2829 5592 interpretatur
2895 5539 2994 5578 rem
3041 5529 3235 5578 vester.
3282 5524 3360 5578 Ac
3431 5523 3478 5578 si
3545 5524 3797 5581 diceret:
