3934 6086
96 220 203 277 4⁸21

802 220 1264 279 TROPOLOGI/E
1308 225 1372 279 IN
1414 221 1613 293 OSEE,
1655 224 1840 283 AMOS
1880 220 1968 278 ET
2005 224 2159 281 JER.
2206 252 2273 263 -
2318 223 2447 279 LIB.
2493 223 2582 281 IV.
2625 225 2696 280 ΙΝ
2727 227 2933 283 AMOS.

3518 234 3622 289 422

92 361 230 415 .lam
292 375 408 416 non
464 359 819 415 solummodo
880 360 1117 428 spiritus
1173 361 1275 431 qui
1319 361 1480 416 vobis
1530 363 1812 432 imperare
1849 364 1893 415 A
1995 362 2162 419 Vens.
2194 362 2245 415 5.
2284 384 2408 411 -ι
2452 363 2521 418 Et
2565 363 2787 419 mittam
2836 364 3023 433 ignem
3083 365 3142 421 in
3198 366 3365 434 Juda,
3423 376 3476 424 et
3532 371 3623 426 de-

96 449 412 513 dcbuerat,
448 449 504 503 in
540 448 750 517 peccati
782 448 1083 504 servitium
1127 449 1433 520 relegatur,
1468 451 1565 505 sed
1600 459 1812 506 etcum

97 552 171 593 eo
219 538 512 608 principes
562 537 710 607 ejus,
776 537 827 591 id
869 545 953 592 est
1001 538 1401 594 sensualitates
1451 554 1582 609 quze
1634 540 1815 610 gratis

98 640 213 681 vos
241 626 764 696 persequebantur.

768 714 1001 770 CAPUT
1043 715 1115 769 II.

178 803 357 859 Vens.
414 806 463 856 t.
514 833 583 841 —
625 822 651 852 ιι
688 802 817 857 Haec
857 802 991 857 dicit
1035 802 1358 858 Dominus:
1403 803 1583 873 Super
1628 804 1815 860 tribus

96 912 126 940 ››
163 890 485 946 sceleribus
522 890 707 955 Moab,
754 896 808 944 et
837 904 1013 959 super
1052 898 1307 960 quatuor
1337 905 1451 946 non
1482 900 1811 948 convertam

99 1002 128 1027 ‹‹
162 993 325 1045 eum,
357 994 422 1035 eo
455 978 610 1049 quod
644 977 959 1033 incenderit
998 993 1127 1034 ossa
1156 979 1305 1049 regis
1333 980 1598 1035 Idumaeae
1628 995 1815 1051 usque

98 1091 120 1115 ε
165 1069 227 1121 in
252 1068 528 1122 cinerem.
562 1088 589 1115 »
650 1066 978 1122 Notandum
1024 1067 1179 1137 quod
1230 1068 1430 1124 crebro
1486 1069 1808 1138 repetitur:

94 1158 228 1210 Haec
280 1156 415 1209 dicit
468 1156 746 1221 Dominus,
797 1155 868 1210 ob
919 1154 1024 1209 hoc
1065 1155 1251 1211 solum
1299 1165 1361 1212 at
1415 1157 1617 1212 innuat
1673 1158 1814 1226 quia

97 1243 402 1314 quidquid
449 1258 521 1298 ex
572 1244 791 1297 ratione
843 1250 1178 1311 tractamus,
1227 1245 1394 1314 quasi
1439 1246 1551 1301 Deo
1593 1246 1661 1300 ad
1708 1260 1813 1302 nos

100 1334 384 1402 loquente
412 1332 783 1401 concipimus.
818 1332 985 1386 Moab
1004 1348 1071 1386 ea:
1090 1336 1247 1402 patre
1265 1333 1496 1401 dicitur,
1519 1341 1575 1390 et
1602 1350 1668 1388 ea:
1701 1337 1808 1389 lere.

100 1419 215 1486 Qui
248 1420 404 1476 enim
435 1435 507 1476 ex
540 1428 699 1490 patre
742 1420 969 1475 diabolo
1020 1422 1299 1489 nascitur,
1347 1423 1491 1479 scire
1530 1438 1647 1479 non
1691 1439 1814 1494 pos-

104 1523 241 1564 sum
280 1524 399 1578 qua
443 1510 565 1579 lege
597 1515 878 1564 teneatur.
929 1510 983 1565 Is
1024 1524 1137 1565 non
1168 1512 1542 1579 convertitur,
1584 1529 1641 1567 eo
1670 1514 1815 1582 quod

102 1613 231 1651 ossa
262 1601 409 1666 regis
452 1599 699 1652 Idumaeas
729 1613 898 1665 usque
926 1601 983 1652 in
1016 1602 1244 1653 cimrem
1294 1601 1608 1669 incenderit,
1657 1604 1811 1672 quod

1925 469 1952 499 io
1988 451 2211 505 vorabit
2258 451 2407 506 mdes
2449 452 2787 506 Jerusalem.
2828 473 2846 498 ι
2906 453 3061 520 Ignis
3104 453 3161 507 in
3201 455 3409 511 ludam
3453 458 3624 513 mitti-

1924 546 2038 604 tur,
2071 553 2204 594 cum
2236 554 2349 593 non
2398 553 2469 593 ex
2513 539 2704 594 dolore
2732 542 2943 607 peccati
2977 542 3264 610 quispiam
3297 544 3619 612 conﬁtetur,

1923 626 2019 681 sed
2050 627 2121 681 ad
2168 626 2523 682 incentivum
2562 627 2762 682 alienae
2812 628 3062 691 malitizc,
3115 644 3245 699 quae
3290 632 3434 687 clam
3480 648 3624 689 com-

1922 713 2136 770 miserit
2166 728 2535 785 nequaquam
2570 716 2862 784 publicare
2896 726 3142 772 verctur.
3192 719 3348 775 Unde
3388 722 3620 777 cuidam

1924 803 2078 872 apud
2116 802 2463 858 Ezechielem
2498 803 2709 858 dicitur
2743 818 2755 857 :
2793 823 2819 853 «
2850 805 3179 872 Exposuisti
3219 806 3621 865 fornicationes

1922 899 2053 947 tuas
2110 892 2266 946 omni
2326 892 2667 959 transeunti,
2730 900 2791 947 ut
2820 893 2948 962 ejus
3010 893 3171 948 lieres
3230 896 3444 963 (Ezech.
3500 911 3618 962 xw,

1927 984 2031 1046 15).
2078 981 2335 1045 remes,
2402 982 2697 1034 Jerusalem
2764 981 2971 1036 exinde
3040 981 3416 1046 devorantur,
3484 998 3617 1040 cum

1924 1069 2210 1140 quidquid
2242 1070 2300 1123 in
2330 1078 2519 1124 mente
2558 1069 2645 1123 vel
2691 1069 2750 1123 in
2791 1070 3055 1125 sensibus
3096 1079 3313 1139 poterat
3360 1080 3620 1128 constare

1924 1157 2156 1223 residui,
2190 1157 2261 1212 ab
2295 1158 2531 1212 internae
2557 1157 2714 1226 pacis
2751 1158 2965 1213 visione
2998 1158 3310 1215 dirimitur.

1992 1247 2163 1303 Vens.
2195 1250 2250 1300 6.
2285 1275 2352 1286 —
2387 1268 2407 1294 α
2448 1246 2575 1301 Hiec
2626 1246 2760 1301 dicit
2818 1247 3094 1302 Dominus
3138 1263 3149 1301 :
3202 1248 3385 1318 Super
3434 1249 3619 1305 tribus

1923 1354 1951 1386 »
1983 1334 2291 1390 sceleribus
2343 1334 2536 1401 Israel,
2588 1342 2642 1389 ct
2690 1349 2864 1403 super
2903 1344 3158 1403 quatuor
3215 1350 3329 1391 non
3375 1352 3615 1393 conver-

1931 1446 1951 1471 α
1987 1431 2102 1479 tam
2130 1438 2283 1490 eum,
2330 1437 2433 1492 pro
2462 1437 2527 1478 eo
2571 1423 2721 1491 quod
2756 1423 3076 1478 vendiderit
3110 1432 3347 1494 argento
3372 1425 3616 1495 justum,

1926 1520 2037 1568 «et
2103 1526 2411 1582 pauperem
2467 1525 2567 1579 pro
2632 1511 3047 1567 calceamentis.
3102 1534 3120 1559 ι
3196 1514 3360 1566 Israel
3404 1529 3502 1581 pro
3562 1529 3619 1566 eo

1923 1600 2068 1669 quod
2121 1600 2335 1669 justum
2403 1607 2626 1665 argento
2688 1600 2996 1653 vendiderit
3061 1617 3168 1654 non
3234 1603 3614 1668 convertitur,

102 1687 378 1741 videlicet
409 1686 674 1752 rationes,
711 1701 859 1757 quas
893 1686 1191 1756 pluraliter
1217 1689 1363 1754 dico,
1397 1705 1511 1745 non
1557 1668 1710 1761 quod
1742 1692 1812 1748 sit
1852 1668 1890 1719 Β
1921 1668 2060 1760 quia
2085 1668 2148 1754 is,
2183 1689 2286 1759 qui
2315 1703 2447 1744 cum
2482 1690 2592 1744 Deo
2625 1689 2796 1759 dirigi
2839 1689 3135 1755 debuerat,
3184 1697 3338 1746 tanto
3370 1691 3620 1759 amplius

103 1775 217 1830 nisi
284 1789 401 1830 una
457 1776 622 1841 ratio,
680 1776 777 1831 sed
830 1790 931 1845 pro
988 1776 1408 1847 multiplicitate
1477 1793 1811 1845 causarum,

101 1878 365 1933 quarum
413 1864 585 1919 oflicii
628 1871 712 1919 est
760 1872 951 1920 motus
998 1865 1262 1921 cohibere
1306 1868 1582 1932 carnales,
1636 1870 1810 1925 veluti

102 1966 235 2007 ossa
290 1952 576 2008 sustinent
628 1966 850 2018 carnes,
900 1962 1023 2022 post
1076 1954 1291 2023 peccati
1335 1957 1810 2025 perpetrationem

104 2041 178 2095 ad
223 2050 522 2096 extremas
568 2041 903 2110 perduxerit
942 2044 1424 2113 consumptiones.
1470 2044 1624 2101 Cinis
1661 2046 1813 2101 enim

104 2130 265 2200 ignis
304 2132 493 2185 exacti
542 2130 711 2200 quasi
752 2130 871 2185 sola
921 2133 1197 2187 memoria
1248 2133 1473 2188 residet.
1528 2135 1702 2202 Usque
1742 2136 1816 2188 ad

104 2222 340 2271 cinerem
370 2232 509 2289 ergo
557 2232 685 2274 ossa
722 2219 992 2284 incendit,
1036 2219 1139 2289 qui
1187 2221 1468 2276 demolitis
1511 2221 1690 2276 animi
1729 2222 1815 2276 vi-

104 2306 294 2372 ribus,
340 2320 472 2376 quae
516 2307 911 2363 carnalitalem
960 2308 1339 2376 consolidant,
1384 2309 1517 2379 igne
1555 2310 1817 2379 concupi-

104 2394 343 2449 scentite
385 2395 668 2451 exhausto
711 2409 851 2451 serae
883 2396 1228 2465 ptenitentiae
1276 2397 1573 2453 residuum
1621 2412 1695 2453 ex
1736 2413 1817 2453 sa-

105 2483 305 2538 tietate
336 2483 635 2554 relinquit.

180 2572 356 2629 Vens.
390 2574 441 2625 2.
476 2603 544 2611 -—-
573 2597 598 2619 ‹‹
632 2574 702 2628 Ει
730 2574 948 2629 mittam
994 2574 1182 2645 ignem
1232 2573 1289 2628 in
1322 2574 1507 2642 Moab,
1543 2583 1597 2629 et
1635 2574 1813 2631 devo-

114 2683 135 2707 ›
171 2661 325 2715 rabit
372 2660 520 2716 {edes
566 2661 816 2726 Carioth,
864 2665 918 2717 et
967 2664 1244 2718 morietur
1292 2662 1351 2717 in
1389 2663 1576 2719 sonitu
1624 2664 1810 2731 Moab,

113 2773 137 2797 υ
169 2749 228 2804 in
281 2750 553 2821 clangore
613 2751 850 2807 tubae.»
898 2754 1085 2820 Ignem
1135 2754 1193 2805 in
1238 2752 1394 2806 Moab
1435 2752 1624 2820 mittit,
1680 2767 1811 2809 cum

107 2838 265 2893 natis
296 2853 371 2894 ex
419 2839 667 2908 diabolo,
698 2847 773 2908 et,
807 2848 870 2896 ut
920 2841 994 2896 ita
1042 2840 1247 2906 dicam,
1297 2855 1371 2895 ex
1418 2840 1644 2912 legibus
1687 2855 1813 2896 ma-

105 2927 263 2996 jores
321 2927 742 2984 incentivorum
808 2936 983 2984 aestus
1029 2942 1322 2999 emergere
1369 2929 1522 2984 sinit.
1583 2929 1815 2984 Carioth

109 3014 323 3070 dicitur
350 3031 599 3070 Occursus
637 3019 805 3083 ignis.
848 3018 1202 3072 Devorandis
1235 3032 1372 3087 ergo
1410 3017 1630 3073 :edibus
1663 3018 1811 3089 ignis

108 3104 383 3172 occurrit,
436 3120 567 3160 cum
628 3107 893 3162 sensibus
946 3106 1146 3176 potiori
1202 3106 1666 3175 concupiscentia
1719 3106 1811 3161 in-

110 3192 498 3261 ﬂammandis,
535 3196 853 3264 specierum
903 3195 1145 3260 occasio,
1188 3210 1320 3265 qua:
1350 3196 1806 3264 concupiscatur,

110 3281 350 3336 accedit.
387 3283 448 3335 In
495 3286 677 3336 sonitu
716 3284 873 3337 Moab
925 3283 1186 3349 moritur,
1229 3298 1362 3338 cum
1412 3283 1520 3339 sub
1565 3284 1810 3338 sordidae

110 3370 566 3425 conversationis
616 3371 853 3426 infamia
910 3372 1336 3427 inverecundus
1389 3380 1565 3442 atque
1612 3372 1809 3427 insen-

110 3457 292 3512 sibilis
322 3457 493 3528 longe
547 3458 775 3529 lateque
806 3461 1173 3529 praedicatur,
1202 3463 1266 3515 In
1291 3461 1543 3528 clangore
1575 3475 1810 3530 quoque

112 3547 253 3601 tubae
333 3548 593 3615 moritur,
671 3562 802 3604 cum
879 3557 933 3605 et
999 3549 1096 3605 alii
1164 3556 1337 3605 tanta:
1400 3548 1811 3604 exserrationis

108 3635 395 3703 exemplo,
430 3643 484 3690 et
517 3636 861 3692 formidabili
896 3638 1145 3693 clamore
1178 3646 1486 3694 terrentur.

180 3723 354 3779 Vens.
380 3723 435 3779 3.
457 3755 526 3762 —
552 3746 577 3772 «
597 3726 663 3780 Et
685 3726 1009 3795 disperdam
1029 3725 1280 3797 judicem
1304 3727 1374 3782 de
1397 3726 1579 3782 medio
1598 3727 1740 3796 ejus,
1755 3734 1810 3783 et

114 3832 135 3857 -
169 3825 372 3866 omnes
408 3811 695 3882 principes
732 3815 858 3883 ejus
897 3814 1235 3870 interticiam
1276 3829 1409 3870 cum
1449 3829 1531 3870 eo.
1566 3839 1591 3863 ιι
1624 3815 1809 3870 Iudex

108 3898 173 3952 de
199 3898 379 3953 medio
403 3900 518 3967 ejus
545 3899 913 3969 disperditur,
936 3916 1070 3957 cum
1099 3903 1263 3970 ratio,
1290 3903 1384 3958 cui
1411 3902 1483 3958 ad
1515 3902 1807 3959 dexteram

106 3988 199 4042 vel
233 3986 528 4043 sinistram
558 3988 844 4046 declinare
882 4005 998 4046 non
1025 3992 1314 4059 convenit,
1343 3990 1651 4061 judiciario
1691 3991 1812 4046 dis-

109 4074 380 4131 cretionis
428 4076 633 4132 throno
680 4077 962 4147 privatur.
1018 4078 1179 4145 Quod
1230 4080 1497 4149 superius
1536 4094 1635 4149 per
1676 4079 1811 4135 Mel-

108 4164 276 4230 chon,
314 4165 419 4218 hoc
448 4164 543 4219 hic
586 4179 688 4235 per
716 4166 969 4236 judicem
1002 4168 1306 4239 figuratur,
1341 4168 1630 4238 principes
1667 4183 1810 4238 quo-

115 4266 230 4323 que
261 4251 460 4308 itidem
493 4253 919 4324 intelliguntur.

188 4340 359 4397 Vens.
398 4341 452 4394 4.
485 4370 556 4381 —-
598 4364 626 4392 ‹
667 4343 800 4399 Haec
847 4344 984 4400 dicit
1029 4344 1347 4400 Dominus:
1398 4344 1578 4413 Super
1627 4344 1811 4400 tribus

115 4449 142 4479 ιι
174 4429 487 4486 sceleribus
509 4431 691 4500 Juda,.
723 4440 777 4488 et
814 4446 990 4502 super
1036 4442 1292 4504 quatuor
1334 4448 1448 4488 non
1478 4441 1809 4489 convertam

117 4541 139 4567 ι
167 4532 324 4586 eum,
356 4534 425 4575 eo
456 4521 611 4590 quod
655 4521 925 4591 abiecerit
950 4522 1130 4593 legem
1163 4522 1410 4590 Domini,
1453 4530 1508 4578 et
1540 4523 1810 4578 mandata

115 4628 142 4655 «
170 4607 298 4677 ejus
327 4621 442 4663 non
472 4609 824 4665 custodierit.
867 4631 886 4657 ι
921 4611 1068 4666 Juda
1098 4612 1328 4677 dicitur,
1356 4613 1636 4677 confessio.
1661 4611 1686 4666 J
1697 4610 1809 4666 uda

110 4709 223 4750 non
254 4697 630 4763 convertitur,
670 4713 727 4752 eo
760 4698 905 4766 quod
943 4700 1106 4767 legem
1152 4702 1369 4754 Domini
1410 4699 1635 4771 abjecit,
1669 4700 1809 4770 quia

107 4783 384 4840 confessio
430 4785 772 4842 annullatur
823 4787 980 4857 apud
1030 4787 1214 4855 illum,
1265 4788 1364 4859 qui
1416 4787 1629 4843 divina:
1668 4788 1809 4859 legis

105 4874 451 4943 neutiquam
520 4875 845 4931 meminisse
905 4877 1135 4946 quaerit.
1208 4877 1499 4942 Quomodo
1555 4876 1707 4932 enim
1756 4876 1806 4932 ei

106 4962 464 5030 confiteatur,
501 4962 599 5032 qui
630 4963 779 5033 ejus,
823 4965 922 5035 qui
958 4965 1369 5033 confitendum,
1408 4972 1491 5021 est
1524 4973 1806 5036 praecepta

106 5050 409 5106 destatur?
456 5072 478 5099 ι
535 5052 893 5122 Deceperunt
948 5054 1102 5109 enim
1154 5069 1249 5110 eos
1294 5054 1443 5109 idola
1498 5068 1626 5121 sua,
1680 5061 1806 5124 post

112 5162 127 5185 ι
163 5154 293 5209 qua:
325 5139 598 5195 abierunt
627 5150 819 5210 patres
868 5157 1089 5199 eorum.
1124 5162 1150 5193 »
1185 5143 1342 5197 Idola
1389 5158 1489 5198 sua
1519 5159 1605 5197 eos
1652 5143 1803 5199 deci-

107 5227 283 5296 piunt,
317 5226 539 5298 quibus
569 5236 667 5284 aut
698 5244 958 5299 suorum,
994 5240 1095 5288 aut
1123 5230 1456 5303 [alienorum
1492 5232 1804 5288 criminum

109 5315 544 5387 imaginationes
591 5317 871 5375 ofﬁciunt.
926 5323 1050 5375 Post
1089 5323 1196 5375 haec
1222 5330 1412 5390 patres
1441 5337 1624 5376 eorum
1661 5322 1805 5376 abie-

104 5410 245 5472 runt,
279 5419 416 5461 cum
459 5412 563 5460 aut
614 5407 853 5463 rationis
892 5411 1279 5477 auctoritates,
1321 5418 1421 5466 aut
1464 5410 1522 5466 hi
1553 5425 1801 5480 quorum

106 5507 160 5548 se
190 5493 447 5550 fatentur
478 5493 789 5552 imitatores
817 5510 916 5567 per
944 5497 1065 5553 haec
1092 5499 1289 5554 eadem
1322 5497 1448 5554 falsi
1476 5507 1629 5555 sunt.

1924 1786 2048 1847 post
2095 1777 2320 1846 lapsum
2360 1777 2433 1831 ad
2475 1778 2653 1833 Deum
2695 1778 2880 1832 redire
2929 1778 3221 1844 detrectat,
3266 1786 3483 1847 quanto
3516 1780 3620 1849 ju-

1922 1871 2097 1927 stum,
2143 1864 2199 1919 id
2241 1872 2322 1919 est
2354 1864 2637 1934 justitiam
2687 1866 3109 1934 comparatione
3150 1867 3393 1937 argenti,
3438 1867 3493 1923 id
3537 1876 3621 1923 est

1922 1951 2174 2007 scienitae
2209 1952 2294 2007 vel
2323 1952 2535 2022 eloquii
2569 1953 2764 2009 minus
2811 1962 2985 2009 amat.
3044 1955 3344 2023 Pauperem
3387 1971 3620 2026 quoque

1919 2056 2021 2110 pro
2060 2042 2434 2096 calceamentis
2479 2042 2595 2109 dat,
2638 2056 2772 2097 cum
2810 2042 3048 2112 spiritus
3092 2043 3475 2100 humilitatem
3520 2060 3619 2114 pro

1923 2130 2165 2184 mortuis
2190 2130 2461 2199 operibus
2491 2137 2824 2186 commutat.

1995 2217 2165 2273 Vens.
2231 2219 2284 2273 7.
2346 2248 2419 2259 —
2481 2240 2502 2267 ι
2575 2220 2681 2283 Qui
2751 2225 3057 2275 conterunt
3102 2234 3275 2289 super
3322 2220 3614 2289 pulverem

1926 2327 1952 2355 ι
1982 2313 2145 2362 terrae
2174 2306 2364 2376 capita
2422 2321 2764 2377 pauperum,
2812 2315 2867 2363 et
2907 2307 3061 2363 viam
3111 2308 3619 2366 bumiliumdecli-

1925 2414 1952 2445 «
1982 2402 2198 2450 nant.»
2252 2397 2448 2465 Capita
2485 2412 2792 2465 pauperum
2847 2406 2984 2452 sunt
3044 2397 3385 2454 intentiones
3433 2399 3615 2454 animi

1923 2491 2203 2552 motuum,
2257 2498 2420 2539 suam
2470 2485 2541 2539 ad
2583 2486 2760 2540 Deum
2812 2485 3059 2553 inopiam
3102 2485 3435 2555 simpliciter
3465 2492 3616 2541 ωδε

1924 2571 2300 2628 mctientium.
2345 2574 2477 2628 Haec
2511 2576 2697 2642 capita
2731 2589 2893 2642 super
2929 2575 3201 2641 pulverem
3242 2580 3397 2628 terrae
3440 2581 3616 2629 conte-

1920 2667 2070 2725 runt,
2098 2662 2196 2732 qui
2232 2661 2576 2731 principales
2616 2662 2901 2717 interioris
2944 2662 3192 2717 hominis
3236 2663 3470 2719 habitus
3502 2670 3615 2718 ter-

1923 2763 2076 2804 renae
2132 2750 2349 2805 levitati
2405 2750 2700 2805 addicunt.
2771 2751 2932 2804 Viam
2979 2751 3270 2804 humilium
3320 2751 3614 2819 declinant,

1923 2837 2025 2907 qui
2080 2837 2454 2894 intentionem
2506 2838 2814 2895 humilitati
2863 2839 3032 2894 semel
3085 2839 3394 2909 ascriptam
3440 2854 3616 2896 mun-

1922 2926 2054 2982 diali
2086 2927 2437 2983 derivatione
2475 2928 2812 2998 depravant.
2862 2928 3025 2983 Notet
3065 2927 3311 2998 diligens
3358 2929 3533 2984 lector
3558 2929 3615 2983 in

1861 3014 2011 3076 7his
2057 3023 2200 3083 octo,
2248 3016 2565 3071 secundum
2613 3016 2939 3086 provincias
2968 3024 3110 3083 octo,
3159 3017 3472 3083 sententiis,
3516 3031 3615 3085 pro

1919 3110 2121 3159 octono
2153 3105 2422 3160 vitiorum
2451 3105 2786 3174 capitalium
2828 3119 3082 3160 numero
3102 3105 3421 3175 figuraliter
3449 3104 3615 3176 quid-

1920 3192 2073 3261 piam
2107 3207 2269 3262 posse
2301 3193 2557 3264 intelligi.
2610 3218 2635 3240 «ι
2666 3194 2735 3248 Ει
2774 3193 2927 3248 ﬁlius
2956 3207 3023 3249 ac
3064 3202 3222 3263 pater
3267 3195 3393 3263 ejus
3423 3193 3615 3249 ierunt

1925 3302 1946 3329 ι
1981 3281 2053 3335 ad
2080 3282 2349 3351 puellam,
2383 3291 2447 3337 ut
2480 3282 2760 3337 violarent
2790 3296 2998 3337 nomen
3043 3290 3307 3337 sanctum
3340 3295 3556 3337 meum.
3582 3300 3610 3333 »

1920 3369 2087 3425 Pater
2110 3378 2165 3426 et
2198 3372 2349 3426 lilius
2379 3371 2525 3426 ratio
2553 3379 2690 3426 sunt
2725 3378 2780 3426 et
2810 3370 3070 3439 allectus,
3097 3371 3238 3440 quia
3280 3369 3614 3425 subterioris

1919 3457 1991 3512 ad
2038 3459 2341 3514 anterioris
2388 3460 2700 3527 primatum
2745 3459 3037 3514 maximus
3077 3467 3161 3513 est
3204 3465 3514 3526 respectus.
3543 3457 3613 3512 Hi

1918 3554 2058 3601 eunt
2093 3547 2166 3600 ad
2214 3549 2468 3616 puellam,
2504 3547 2736 3617 quando
2778 3547 2902 3602 sine
2938 3547 3278 3602 discretione
3316 3545 3515 3615 aliqua
3554 3559 3614 3600 se

1919 3634 2218 3691 dimittunt
2266 3636 2337 3690 ad
2393 3636 2817 3691 invalitudinis
2854 3635 3096 3690 interna}
3152 3633 3464 3688 mollitiem.
3524 3634 3613 3688 Ex

1921 3738 2035 3792 quo
2062 3739 2251 3777 nomen
2277 3727 2523 3778 sanctum
2562 3724 2658 3778 Dei
2682 3723 2943 3793 lviolant,
2985 3736 3117 3777 cum
3153 3722 3383 3789 famam,
3418 3734 3612 3791 quan-

1923 3818 2044 3867 tum
2074 3812 2129 3866 in
2162 3826 2221 3867 se
2248 3820 2351 3879 est,
2388 3812 2561 3867 totius
2589 3811 2906 3867 sanctitatis
2933 3818 3267 3867 extenuant.

1996 3899 2163 3955 Vens.
2194 3901 2249 3956 8.
2287 3930 2355 3938 —
2393 3922 2413 3949 ι
2454 3901 2520 3955 Et
2563 3914 2737 3969 super
2776 3898 3128 3955 vestimentis
3166 3898 3482 3969 pigneratis
3510 3912 3610 3953 ac-

1927 4009 1947 4035 ι
1983 3988 2311 4044 cubuerunt
2346 3988 2520 4059 juxta
2557 4002 2724 4045 omne
2755 3987 2951 4055 altare,
2987 3996 3043 4043 et
3074 3988 3275 4043 viuum
3304 3987 3613 4043 damnato-

1925 4098 1952 4124 ‹‹
1985 4091 2115 4132 rum
2155 4077 2427 4134 bibebant
2447 4077 2506 4132 in
2534 4078 2701 4133 domo
2721 4077 2820 4133 Dei
2841 4077 2952 4133 sui.
2976 4098 2997 4123 ι
3027 4077 3377 4132 Vestimenta
3409 4076 3613 4147 pigne-

1921 4172 2046 4220 rata
2089 4173 2244 4230 sunt,
2286 4166 2344 4220 in
2387 4166 2596 4236 pignus
2630 4180 2732 4236 pro
2766 4166 2956 4222 debito
3007 4166 3234 4221 tradita.
3285 4164 3613 4234 Superbam

1842 4259 1890 4313 D
1918 4268 2054 4324 ergo
2104 4255 2274 4322 juwta
2331 4271 2482 4308 omne
2538 4256 2713 4309 altare
2775 4254 3146 4321 accumbunt,
3208 4268 3340 4309 cum
3399 4253 3611 4323 peccati

1915 4356 2090 4411 opera
2152 4343 2209 4397 in
2258 4342 2467 4413 pignus
2519 4342 2866 4399 remissionis
2914 4356 3016 4412 per
3075 4342 3485 4398 confessionem
3538 4341 3610 4396 ab

1917 4427 2112 4498 aliquo
2155 4430 2320 4485 nobis
2367 4431 2671 4487 commissa
2705 4430 2876 4501 juxta
2910 4431 3289 4500 propositum,
3334 4430 3489 4499 quod
3528 4435 3612 4485 est

1916 4517 2095 4573 altare
2142 4519 2514 4587 paenitudinis
2559 4520 2920 4588 omnimodae,
2973 4519 3139 4575 nobis
3195 4518 3605 4585 accumbendo,

1916 4606 1972 4662 id
2015 4616 2101 4663 est
2138 4608 2209 4663 ad
2262 4607 2636 4664 imitationem
2688 4622 2927 4678 pravam
2978 4607 3142 4662 nobis
3196 4605 3612 4661 substernendo

1916 4695 2275 4751 adhibemus.
2345 4698 2539 4751 Vinum
2587 4697 2969 4750 damnatorum
3038 4697 3097 4748 in
3163 4694 3318 4748 domo
3372 4696 3470 4747 Dei
3518 4695 3607 4773 sui

1916 4784 2139 4851 bibunt,
2199 4800 2330 4840 cum
2394 4784 2710 4853 voluptates
2765 4798 2963 4839 eorum
3032 4796 3177 4851 quos
3238 4795 3340 4851 pro
3396 4781 3609 4838 eisdem

1914 4875 2214 4930 damnatos
2241 4889 2362 4930 esse
2397 4889 2508 4929 non
2550 4872 2832 4939 nesciunt,
2867 4871 2927 4926 in
2973 4871 3199 4940 propria
3240 4868 3606 4935 conscientia,

1915 4978 2089 5036 quam
2134 4963 2230 5020 Dei
2278 4964 2513 5019 domum
2573 4976 2694 5019 esse
2747 4966 3111 5027 convenerat,
3169 4957 3450 5013 indecenti
3500 4956 3609 5013 sibi

1913 5054 2186 5109 aviditate
2215 5066 2314 5123 pro
2351 5051 2614 5122 exemplo
2642 5049 2982 5119 corripiunt.

1984 5144 2154 5199 Vens.
2187 5146 2238 5196 9.
2271 5173 2340 5182 —
2370 5163 2397 5190 «
2427 5142 2549 5212 Ego
2579 5147 2769 5196 autem
2798 5136 3181 5194 exterminavi
3205 5136 3611 5193 Amorrhaeum

1915 5253 1942 5283 «
1985 5245 2018 5288 a
2046 5232 2187 5288 facie
2218 5244 2418 5287 eorum
2442 5245 2459 5300 ;
2500 5230 2670 5300 cujus
2713 5226 2959 5284 altitudo
3008 5226 3334 5293 cedrorum,
3366 5225 3609 5282 altitudo

1915 5343 1942 5373 «
1971 5323 2116 5394 ejus,
2162 5327 2218 5377 et
2266 5318 2426 5375 fortis
2470 5318 2589 5388 ipse
2641 5317 2810 5387 quasi
2856 5328 3127 5385 quercus.
3161 5336 3188 5365 ››
3240 5314 3611 5371 Amorrhaeus

1914 5411 2324 5481 interpretatur
2370 5409 2700 5475 amaricans,
2747 5420 2813 5462 ac
2867 5405 2911 5460 si
2951 5404 3206 5461 diceret:
3262 5404 3377 5474 Ipsi
3406 5418 3464 5460 se
3495 5404 3611 5461 mi-

1914 5501 1970 5556 hi
2002 5499 2252 5555 reddunt
2295 5511 2394 5567 per
2437 5504 2515 5553 tot
2553 5494 2799 5551 olfensas
2838 5493 3109 5564 infensos,
3151 5495 3245 5551 sed
3286 5492 3613 5549 meminisse
