3934 6086
310 234 413 286 423

1211 238 1270 290 V.
1313 237 1644 293 GUIBERTI
1681 236 1974 293 ABBATIS
2011 239 2067 295 S.
2111 236 2347 293 MARIA?
2387 240 2480 294 DE
2517 236 2909 294 NOVIGENTO

3711 238 3829 291 42':-

309 363 628 420 debuerant
675 365 981 436 quomodo,
1033 366 1093 421 in
1134 366 1370 422 exordio
1418 382 1538 423 sua
1587 368 1995 435 conversionis,
2038 375 2078 426 A
2109 382 2294 435 suam,
2363 376 2418 424 et
2476 376 2676 425 tenens
2738 382 2937 424 arcum
3010 382 3123 424 non
3183 367 3377 423 stabit.
3452 388 3472 415 ι
3535 367 3828 422 Robustus

310 452 658 521 quibusdam
687 454 1191 509 exterminaverim
1238 455 1416 510 Deum
1462 457 1870 512 amaricantem
1901 471 1998 512 su-

309 539 521 609 perbia
549 540 780 608 fastum,
813 542 869 596 in
912 542 1141 597 illorum
1185 543 1461 599 nimirum
1500 544 1770 600 cordibus
1802 544 1903 615 qui
1933 545 2001 600 de

307 642 414 684 sua
449 630 942 699 contemplatione,
996 644 1064 685 ac
1114 631 1161 686 si
1203 631 1436 687 cedrina
1478 635 1813 702 proceritate
1854 648 2000 705 gau-

307 718 537 785 debant,
571 726 625 773 et
657 719 727 773 de
767 733 888 774 sua
924 719 1114 776 carnis
1157 719 1633 790 impassibilitate,
1667 736 1735 778 ac
1763 721 1807 777 si
1836 722 1999 791 ejus-

307 807 434 861 dem
467 807 688 862 arboris
718 808 1178 876 imputribilitate
1221 824 1341 865 sese
1374 810 1693 879 jactabant,
1728 820 1993 867 constan-

304 901 388 951 tes
416 896 585 951 etiam
619 896 874 952 adversis
904 898 1329 968 emergentibus
1359 899 1568 968 seipsos
1597 898 1765 969 quasi
1792 899 1999 955 robora

304 998 527 1054 querna
566 985 863 1053 putabant.
905 1004 931 1035 α
985 986 1106 1055 Ego
1138 986 1381 1042 contrivi
1426 987 1675 1043 fructum
1717 988 1843 1058 ejus
1891 987 1997 1042 de-

303 1091 332 1125 »
365 1086 557 1143 super,
609 1081 663 1128 et
702 1074 952 1129 radicem
1000 1076 1126 1144 ejus
1158 1075 1375 1130 subter.
1414 1097 1436 1120 ι
1490 1076 1734 1131 Fructus
1781 1076 1993 1131 Amor-

302 1161 445 1217 rhai
494 1162 723 1231 desuper
759 1162 1095 1228 conteritur,
1146 1177 1277 1223 cum
1327 1164 1519 1219 saculi
1566 1163 1810 1220 fortuna
1863 1179 1994 1221 suc-

300 1263 496 1305 cessus
536 1250 934 1306 incedentibus
967 1251 1296 1307 infortuniis
1340 1252 1701 1308 annullatur.
1756 1253 1995 1309 Radices

300 1336 417 1408 ejus
445 1338 629 1393 subter
657 1346 1006 1406 atteruntur,
1041 1354 1175 1394 cum
1225 1354 1349 1409 spes
1383 1349 1772 1410 proventuum
1819 1340 1993 1397 etiam

297 1426 441 1482 falsa
465 1428 585 1497 jam
616 1427 842 1496 penitus
873 1428 1227 1483 obruuntur.

372 1516 540 1573 Vnus.
579 1518 662 1570 10.
705 1546 774 1555 -
813 1537 840 1563 «
872 1517 994 1586 Ego
1033 1531 1185 1582 sum,
1234 1517 1337 1587 qui
1385 1518 1691 1574 ascendere
1736 1533 1840 1575 vos
1886 1518 1989 1575 feci

244 1648 257 1667 π
301 1624 324 1653 ι
358 1604 427 1660 de
468 1611 622 1660 terra
647 1604 898 1675 IEgypti,
941 1613 996 1660 et
1026 1605 1202 1660 eduxi
1242 1619 1343 1660 vos
1392 1605 1449 1660 in
1480 1606 1701 1662 deserto
1742 1607 1993 1677 quadra-

299 1714 326 1742 α
360 1693 521 1764 ginta
570 1692 756 1755 annis,
809 1700 873 1749 ut
924 1693 1286 1762 possideretis
1334 1701 1543 1750 terram
1573 1696 1919 1752 Amorrhai.
1956 1717 1984 1746 »

296 1781 452 1849 Quod
503 1788 587 1837 est
622 1782 851 1837 dicere:
888 1782 1008 1851 Ego
1053 1796 1154 1837 vos
1198 1783 1267 1839 de
1316 1797 1558 1840 maerore
1612 1791 1667 1839 et
1694 1785 1989 1854 prasentis

296 1870 493 1928 saculi
559 1870 847 1941 angustia,
914 1869 1070 1940 quod
1136 1870 1347 1925 dicitur
1409 1871 1715 1941 Egyptus,
1781 1871 1985 1939 extuli,

294 1974 513 2031 vosque
568 1960 839 2016 vitiorum
903 1958 1220 2014 desertione
1287 1958 1614 2029 singulares
1681 1974 1779 2027 per
1849 1960 1990 2031 legis

295 2049 661 2119 Decalogum,
695 2055 749 2104 et
779 2048 919 2103 scita
957 2054 1209 2118 quatuor
1229 2048 1674 2118 Evangeliorum
1712 2048 1986 2120 educavi;

294 2138 376 2192 sic
410 2135 561 2192 enim
603 2136 663 2191 in
692 2135 854 2191 vobis
905 2149 1087 2191 annos
1123 2136 1339 2190 virtute
1382 2134 1620 2191 refectos
1673 2148 1739 2190 ac
1776 2135 1821 2190 si
1865 2135 1989 2191 die-

293 2239 423 2281 rum
457 2224 715 2280 claritate
760 2223 1021 2291 formavi,
1055 2230 1120 2279 ut
1158 2230 1391 2291 terram,
1429 2238 1560 2292 qua
1606 2223 1872 2293 superbis
1902 2224 1988 2278 in-

292 2313 526 2370 sistebat
569 2314 748 2369 Deum
795 2312 1196 2368 exacerbando
1243 2311 1515 2379 motibus,
1567 2326 1777 2382 corpus
1831 2312 1990 2367 vide-

291 2402 421 2458 licet
476 2411 735 2458 vestrum
792 2408 1031 2457 eatenus
1077 2400 1307 2466 rebelle,
1355 2400 1428 2456 ad
1485 2400 1989 2457 intellectualitatis

285 2490 422 2562 jura
448 2490 841 2546 traduceretis.

363 2579 534 2633 Vsus.
585 2580 665 2630 11.
696 2605 769 2617 -
811 2597 833 2625 ι
870 2576 941 2631 Εῐ
990 2576 1262 2632 suscitavi
1309 2575 1379 2631 de
1430 2574 1561 2632 ﬁliis
1601 2574 1809 2632 vestris
1845 2589 1985 2645 pro-

297 2687 318 2713 »
353 2666 569 2735 phetas,
605 2673 660 2721 et
689 2665 757 2720 de
784 2664 1102 2735 juvenibus
1132 2664 1450 2720 Nazaraos.
1484 2686 1512 2714 »
1555 2668 1630 2720 De
1671 2667 1805 2733 ﬁliis
1853 2679 1982 2734 pro-

291 2754 473 2823 pheta
522 2753 896 2819 suscitantur,
943 2768 1074 2808 cum
1133 2753 1203 2808 de
1259 2753 1513 2809 motibus
1562 2754 1824 2823 internis,
1879 2754 1981 2823 qui

290 2850 424 2898 sunt
488 2843 788 2913 progenies
853 2842 1110 2909 rationis,
1188 2843 1645 2912 perspicacitates
1709 2843 1984 2899 acutioris

288 2931 679 3002 intelligentia
770 2939 1166 3001 procreantur.
1230 2933 1304 2985 De
1373 2931 1666 3000 juvenibus
1727 2932 1978 2987 Nazarai

291 3020 455 3087 ﬁunt,
493 3034 623 3075 cum
668 3018 865 3074 viriles
907 3018 1235 3075 animorum
1277 3020 1510 3075 habitus
1549 3020 1620 3075 ad
1673 3021 1977 3075 sanctimo-

288 3109 399 3164 nia
428 3108 773 3165 munditiam
812 3122 871 3163 se
909 3108 1249 3164 extendunt.
1282 3109 1560 3164 Nazareth
1591 3109 1744 3164 enim
1774 3112 1976 3177 ﬂorem,

285 3197 375 3254 vel
418 3196 763 3260 munditiam,
819 3196 904 3252 vel
953 3203 1198 3251 sanctum
1244 3205 1428 3253 sonat.
1458 3199 1508 3266 ;‹‹
1538 3197 1817 3268 Nunquid
1864 3212 1979 3253 non

291 3306 312 3332 υ
348 3286 424 3340 ita
454 3291 555 3352 est,
592 3284 690 3339 lilii
722 3284 920 3351 Israel,
951 3284 1086 3339 dicit
1114 3285 1439 3340 Dominus?
1475 3308 1494 3332 ιι
1535 3286 1617 3340 Ac
1647 3285 1693 3340 si
1722 3285 1974 3341 diceret:

284 3373 565 3444 Nunquid
612 3388 726 3429 non
784 3373 1114 3443 hujusmodi
1165 3377 1348 3429 status
1390 3373 1448 3428 in
1499 3374 1703 3430 vestris
1758 3374 1979 3444 experti

282 3462 417 3519 estis
446 3462 581 3518 olim
614 3462 920 3526 mentibus,
957 3476 1089 3517 cum
1122 3462 1487 3519 intenderetis
1534 3470 1599 3519 ut
1626 3471 1813 3520 vester
1842 3478 1977 3520 cum

285 3552 399 3607 Deo
428 3551 772 3623 dirigeretur
794 3550 1071 3622 spiritus?

352 3639 525 3697 Vnus.
563 3644 647 3696 12.
678 3671 747 3683 -
782 3642 854 3697 Et
894 3639 1285 3711 propinabatis
1334 3639 1615 3697 Nazarais
1655 3640 1877 3706 vinum,
1922 3649 1978 3696 et

282 3752 309 3775 »
373 3730 667 3799 prophetis
720 3729 1128 3784 mandabatis:
1195 3729 1277 3785 Ne
1334 3729 1695 3799 prophetetis.
1728 3749 1756 3781 ιο
1816 3730 1975 3796 Quod

194 3854 203 3859 ς
279 3824 410 3874 est:
468 3818 698 3875 Nullam
748 3817 805 3871 in
866 3816 953 3871 bis
993 3817 1237 3873 statibus
1283 3818 1566 3874 habuistis
1611 3832 1977 3888 perseveran-

281 3905 439 3975 tiam,
494 3906 590 3961 sed
632 3905 714 3961 eis
751 3903 1018 3972 motibus,
1053 3905 1270 3974 quibus
1302 3914 1425 3961 erat
1457 3907 1649 3962 votiva
1692 3907 1977 3963 munditia

280 4002 522 4050 terrena
567 3992 898 4062 voluptatis,
941 4008 1057 4063 quo
1102 3993 1590 4063 dementarentur,
1645 3996 1848 4051 vinum
1898 3996 2015 4057 in-,

278 4081 507 4148 tulistis,
549 4088 603 4137 ct
636 4081 1005 4150 providentia
1048 4081 1105 4136 in
1140 4082 1297 4137 vobis
1332 4083 1527 4139 oculos
1564 4098 1635 4140 ne
1674 4084 1781 4140 sibi
1812 4092 1974 4140 ater-

278 4181 355 4224 na
382 4169 767 4239 prospicerent
796 4168 1049 4238 improbe
1079 4170 1456 4227 obstrusistis.

2107 459 2348 511 animam
2395 473 2551 511 suam
2591 474 2698 511 non
2745 457 2948 524 salvat,
2996 471 3130 512 cum
3178 459 3243 523 is,
3289 456 3390 526 qui
3436 463 3637 512 contra
3677 470 3829 525 pec—

2106 545 2216 600 cati
2249 545 2541 601 molliticm
2581 546 2806 601 diutino
2854 545 3122 601 caelibatu
3163 545 3463 610 duruerat,
3514 545 3829 614 impetitus

2106 634 2265 689 nullo
2296 635 2461 689 modo
2490 634 2781 704 propriam
2813 635 3229 689 animalitatem
3268 632 3473 688 frenat.
3506 632 3612 699 Qui
3651 640 3823 688 tenet

2106 737 2293 776 arcum
2342 738 2445 776 non
2478 730 2608 790 stat,
2656 724 2797 792 quia
2838 723 2948 778 cito
2980 722 3038 777 in
3085 721 3392 777 tentatione
3423 721 3664 783 labitur,
3711 720 3823 790 qui

2104 810 2316 865 divina
2378 811 2516 881 legis
2564 811 2859 866 scientiam
2914 818 3126 866 temere
3185 810 3294 866 sibi
3360 818 3613 880 arrogat.
3674 830 3705 859 ‹
3743 809 3825 864 Εῑ

2109 921 2128 945 ι
2166 900 2333 955 velox
2386 900 2627 969 pedibus
2664 901 2786 955 suis
2859 914 2974 954 non
3033 899 3373 965 salvabitur,
3426 906 3482 954 et
3539 906 3826 954 a‘scensor

2103 1007 2131 1037 ‹‹
2162 987 2299 1057 equi
2330 1003 2443 1043 non
2474 989 2722 1044 salvabit
2761 989 3014 1043 animam
3046 1001 3234 1043 suam.
3266 1006 3294 1038 ιδ
3328 987 3507 1045 Velox
3560 988 3821 1056 pedibus

2099 1075 2221 1130 suis
2274 1091 2387 1130 non
2431 1077 2711 1141 salvatur,
2760 1090 2893 1131 cum
2938 1076 3149 1131 astutia
3196 1075 3329 1145 quis
3381 1083 3436 1131 et
3489 1074 3817 1130 calliditate

2101 1163 2311 1218 multos
2339 1164 2621 1220 excedens
2652 1164 2730 1220 nil
2759 1165 2950 1232 efficit,
2994 1178 3127 1219 cum
3168 1177 3596 1234 praproperare
3634 1163 3816 1219 vide-

2103 1258 2234 1321 tur;
2267 1252 2421 1322 quod
2473 1267 2663 1323 neque
2711 1253 2951 1308 volentis
2982 1266 3169 1323 neque
3216 1251 3522 1317 currentis,
3563 1251 3663 1306 sed
3697 1251 3816 1307 mi-

2098 1342 2336 1396 serentis
2387 1342 2483 1396 Dei
2531 1355 2653 1397 esse
2713 1341 3073 1412 dignoscitur
3145 1343 3312 1411 (Rom.
3373 1354 3451 1407 ιχ,
3525 1342 3629 1410 16).
3692 1342 3810 1396 As-

2099 1443 2303 1484 censor
2337 1430 2472 1500 equi
2502 1446 2609 1484 non
2641 1429 2826 1485 salvat
2854 1433 3097 1484 animam
3139 1445 3313 1496 suam,
3347 1443 3480 1484 cum
3523 1429 3624 1499 qui
3679 1430 3813 1485 ani-

2099 1516 2369 1572 malitatis
2398 1532 2518 1573 sua
2551 1518 2798 1574 motibus
2840 1533 2942 1588 pro
2972 1518 3091 1574 sola
3129 1517 3324 1573 saculi
3367 1519 3661 1573 honestate
3704 1517 3809 1573 do-

2099 1604 2305 1660 minari
2337 1606 2557 1673 nititur,
2609 1607 2817 1661 anima
2865 1620 2981 1661 non
3026 1612 3175 1660 229
3216 1606 3441 1662 cohibet
3484 1605 3806 1671 levitatem,

2029 1684 2068 1737 Β
2098 1707 2274 1763 quam
2309 1694 2363 1749 in
2417 1694 2733 1765 Evangelio
2777 1694 2964 1751 odisse
3006 1694 3287 1765 jubemur
3329 1694 3582 1750 animam
3616 1696 3802 1765 (Joan.

2096 1795 2199 1846 xu,
2232 1781 2341 1852 25).

2169 1871 2336 1926 Vnus.
2374 1874 2457 1924 16.
2491 1901 2559 1909 -
2592 1889 2619 1922 ‹‹
2650 1872 2718 1926 Ει
2766 1871 3040 1928 robustus
3086 1871 3254 1927 corde
3305 1871 3455 1927 inter
3485 1871 3659 1927 fortes
3697 1886 3810 1927 nu-

2100 1980 2126 2007 »
2160 1959 2268 2014 dus
2296 1957 2532 2030 effugiet
2561 1959 2618 2015 in
2663 1960 2753 2016 die
2781 1959 2897 2015 illa.
2938 1980 2965 2011 »
3010 1960 3093 2016 Ac
3122 1960 3167 2015 si
3212 1959 3424 2016 diceret
3456 1976 3468 2015 :
3503 1960 3809 2031 Quidquid

2098 2047 2381 2103 bonarum
2430 2048 2642 2104 artium
2682 2050 3048 2118 prastantius
3086 2049 3368 2105 habeatur
3408 2049 3529 2104 sine
3577 2049 3697 2104 Deo
3746 2050 3808 2105 in

2097 2135 2349 2203 homine,
2380 2137 2847 2207 ﬂoccipenditur,
2866 2138 2980 2193 vim
3013 2152 3128 2193 non
3156 2138 3355 2207 habet;
3394 2145 3452 2193 at
3483 2136 3586 2207 qui
3618 2138 3809 2193 robur

2096 2224 2282 2279 cordis
2314 2239 2428 2280 non
2459 2226 2609 2280 inter
2637 2225 2832 2282 saculi
2867 2225 3099 2297 glorias,
3131 2226 3228 2281 sed
3257 2228 3401 2279 inter
3419 2227 3589 2292 fortes
3615 2225 3804 2281 animi

2092 2319 2275 2368 status
2316 2314 2709 2384 assumpserit,
2759 2316 2818 2368 in
2856 2316 2956 2369 illa
2998 2315 3105 2382 die,
3146 2314 3200 2369 id
3238 2321 3324 2370 est
3367 2315 3427 2369 in
3467 2314 3564 2369 illo
3595 2322 3806 2383 aperto

2094 2394 2442 2468 discrimine,
2486 2416 2602 2472 quo
2649 2402 2800 2458 Deus
2826 2402 2886 2457 in
2932 2403 3199 2472 prasenti
3234 2416 3607 2472 quorumque
3643 2402 3806 2458 vitas

2094 2488 2229 2544 hinc
2273 2489 2521 2559 deponit,
2569 2490 2703 2546 hinc
2740 2490 2955 2560 elevat;
2996 2492 3175 2546 nudus
3222 2490 3443 2562 effugit,
3489 2505 3623 2547 cum
3672 2505 3804 2547 sua

2091 2578 2355 2635 conscius
2384 2579 2725 2635 humilitatis
2755 2594 2789 2635 a
2820 2581 2916 2635 Dei
2947 2580 3166 2651 judicio
3198 2594 3256 2636 se
3285 2580 3603 2636 abscondit.

2747 2668 2978 2725 CAPUT
3018 2670 3118 2724 ΙΙΙ.

2161 2756 2333 2812 Vens.
2390 2759 2438 2811 1.
2486 2788 2554 2796 ——
2610 2778 2638 2806 cr
2698 2757 2899 2814 Audite
2944 2758 3190 2814 verbum
3229 2757 3384 2828 quod
3434 2757 3662 2814 locutus
3710 2766 3799 2815 est

2094 2866 2114 2893 ι
2146 2846 2426 2901 Dominus
2446 2860 2620 2916 super
2649 2861 2770 2914 vos,
2806 2847 2906 2902 ﬁlii
2930 2847 3121 2913 Israel,
3148 2861 3323 2917 super
3342 2861 3568 2903 omnem
3587 2862 3800 2919 cogna-

2021 2969 2060 3024 Ο
2093 2952 2120 2983 ‹‹
2152 2935 2362 2989 tionem
2393 2948 2569 3004 quam
2615 2935 2820 2991 eduxit
2862 2935 2931 2990 de
2964 2943 3119 2991 terra
3156 2936 3406 3006 Egypti.
3432 2955 3460 2985 ι)
3510 2936 3610 2991 Est
3650 2950 3798 3007 ergo

2089 3021 2322 3078 dicere:
2378 3023 2510 3089 Vos,
2557 3037 2807 3093 quorum
2858 3031 2942 3079 est
2993 3039 3127 3080 cum
3174 3025 3288 3080 Deo
3346 3024 3552 3080 debere
3591 3024 3793 3095 dirigi,

2090 3110 2330 3166 interna
2379 3111 2780 3168 rationalitatis
2842 3112 3086 3168 verbum
3137 3114 3357 3168 trutina
3417 3112 3793 3168 intellectuali

2089 3206 2342 3268 pensate,
2375 3200 2514 3269 quia
2545 3200 2651 3256 hoc
2674 3201 2892 3255 verbum
2923 3216 3086 3270 super
3110 3216 3203 3256 vos
3235 3208 3439 3264 exstat,
3469 3201 3525 3256 id
3555 3209 3641 3257 est
3674 3202 3791 3257 nisi

2089 3288 2381 3354 audiatur,
2413 3288 2637 3359 integro
2679 3289 2891 3345 scilicet
2938 3303 3139 3359 sapore
3181 3289 3514 3355 hauriatur,
3554 3303 3661 3345 vos
3692 3304 3792 3360 op-

2088 3376 2300 3446 primit,
2349 3392 2451 3433 vos
2498 3386 2717 3445 onerat,
2762 3386 2824 3434 ut
2870 3380 3057 3434 omnis
3104 3378 3389 3434 bonarum
3441 3378 3786 3435 interiorum

2087 3466 2302 3521 artium
2332 3467 2616 3537 cognatio,
2663 3481 2840 3537 quam
2872 3467 3045 3523 semel
3078 3468 3382 3524 eduxerim
3430 3468 3499 3523 de
3538 3470 3784 3524 terreni-

2090 3562 2201 3611 tate
2275 3556 2572 3612 mundana
2660 3556 2719 3611 in
2791 3555 2991 3612 eadem
3066 3557 3351 3612 sententia
3415 3570 3788 3626 perseverare

2087 3644 2332 3700 studeat.

2158 3732 2329 3789 Vsus.
2375 3735 2427 3787 2.
2475 3755 2496 3782 ‹
2534 3733 2972 3802 Tantummodo,
3018 3752 3046 3785 ‹‹
3080 3732 3291 3804 inquit,
3327 3754 3349 3781 ι
3397 3747 3499 3789 vos
3536 3736 3782 3805 cognovi

2090 3834 2214 3876 »εχ
2260 3821 2549 3890 omnibus,
2616 3822 3056 3892 cognationibus
3109 3830 3312 3890 terra;
3366 3822 3577 3879 idcirco
3635 3823 3784 3879 visi-

2090 3931 2110 3958 ε
2146 3910 2278 3965 tabo
2319 3924 2493 3979 super
2519 3924 2622 3965 vos
2665 3924 2863 3966 omnes
2916 3911 3251 3980 iniquitates
3299 3920 3536 3966 vestras.
3570 3932 3597 3960 »
3634 3910 3784 3978 Quia

2083 4011 2206 4065 vos,
2253 3997 2461 4068 inquit,
2502 4012 2535 4054 o
2574 3999 2814 4054 rationis
2851 4007 3059 4062 motus.
3095 4012 3212 4069 pra
3250 3999 3522 4055 omnibus
3567 4000 3783 4056 anima-

2083 4085 2329 4153 litatuln,
2363 4087 2465 4156 qui
2499 4102 2613 4143 non
2641 4087 2748 4142 nisi
2774 4094 2983 4143 terram
3009 4089 3258 4156 sapiunt,
3292 4089 3545 4144 motibus
3579 4102 3782 4158 appro-

2084 4173 2238 4242 bavi,
2268 4174 2422 4244 quod
2467 4182 2550 4230 est
2585 4176 2881 4245 proprium
2935 4190 3099 4232 nosse
3140 4176 3261 4243 Dei,
3294 4176 3503 4232 idcirco
3537 4190 3651 4232 non
3685 4178 3781 4232 mi-

348 4258 519 4314 Vnns.
563 4260 643 4311 13.
677 4286 750 4299 -
782 4259 982 4314 «Ecce
1028 4273 1134 4330 ego
1162 4260 1411 4317 stridebo
1443 4275 1616 4330 super
1654 4274 1776 4329 vos,
1818 4262 1967 4318 sicut
2005 4266 2050 4321 D
2082 4263 2285 4318 remini
2310 4263 2357 4318 si
2384 4277 2486 4318 vos
2534 4264 2593 4318 in
2641 4265 2843 4320 vestris
2890 4264 3298 4335 iniquitatibus
3343 4266 3592 4332 visitem,
3642 4281 3780 4321 cum

283 4366 305 4394 ι
342 4344 538 4401 stridet
586 4344 909 4415 plaustrum
967 4355 1243 4403 onustum
1291 4348 1437 4403 feno.
1474 4367 1501 4398 ιο
1563 4350 1696 4416 Ego,
1754 4348 1963 4420 inquit,
2075 4364 2269 4406 meum
2292 4352 2364 4406 sit
2393 4358 2458 4407 ut
2486 4366 2633 4421 quos
2659 4352 2955 4409 dilexerim
2983 4354 3291 4424 corripiam
3339 4354 3525 4424 (Hebr.
3556 4369 3651 4421 xu,
3696 4355 3771 4425 6).

270 4433 392 4504 jam
446 4441 643 4489 vestra
699 4435 998 4504 apostasia
1049 4436 1351 4505 impatiens
1401 4451 1566 4505 super
1612 4452 1725 4503 vos,
1782 4437 1836 4492 id
1884 4445 1968 4494 est
2074 4439 2270 4500 (Vsus.
2314 4439 2393 4510 3.)
2442 4462 2463 4489 ι
2496 4440 2777 4511 Nunquid
2822 4441 3206 4499 ambulabunt
3250 4443 3365 4499 duo
3409 4444 3623 4512 pariter
3663 4444 3774 4499 nisi

274 4528 480 4577 vestra
513 4522 783 4593 nequitia
827 4524 1134 4593 punienda
1181 4523 1527 4579 incumbens
1566 4525 1689 4580 dire
1732 4524 1790 4580 in
1842 4540 1963 4594 vos,
2074 4546 2107 4582 ιο
2136 4529 2469 4585 convenerit
2497 4529 2619 4585 eis?
2652 4550 2675 4579 ι
2709 4530 2837 4586 Duo
2880 4531 3096 4601 pariter
3141 4531 3464 4600 ambulant,
3507 4546 3642 4587 cum
3673 4532 3771 4588 Dei

277 4610 392 4666 imo
448 4619 662 4682 aperte,
703 4612 1005 4681 strepitum
1062 4612 1581 4669 animadversionis
1646 4614 1965 4681 ostendam,
2074 4617 2311 4687 spiritus
2352 4624 2407 4674 et
2460 4617 2717 4673 humana
2764 4620 2911 4675 ratio
2955 4620 3357 4675 contentiendo
3415 4620 3765 4688 cohabitant,

274 4706 341 4755 ut
386 4706 645 4769 patenter
685 4699 956 4756 omnibus
1009 4699 1368 4765 inclarescat,
1420 4715 1597 4771 quam
1653 4716 1808 4773 agre
1862 4717 1967 4758 ve-
2076 4705 2230 4775 quod
2264 4720 2377 4761 non
2411 4704 2472 4761 fit
2502 4705 2612 4761 nisi
2643 4707 3010 4776 conveniant,
3060 4707 3115 4763 id
3143 4715 3228 4763 est
3272 4708 3379 4763 sibi
3411 4708 3764 4777 cobarendo,

275 4794 525 4844 strarum
558 4788 855 4845 levitatum
888 4788 1320 4845 multitudinem
1350 4802 1418 4844 ac
1447 4789 1494 4844 si
1533 4789 1725 4847 feneas
1752 4806 1966 4863 conge-
2069 4794 2244 4863 juxta
2296 4795 2651 4864 Apostolum,
2704 4810 2860 4852 unus
2902 4797 3137 4866 spiritus
3184 4798 3323 4853 fiant
3378 4798 3428 4869 (f
3482 4800 3634 4864 Con,
3688 4814 3763 4865 vi,

274 4875 388 4931 ries
411 4875 608 4961 feram.
2078 4885 2183 4951 17).
2220 4882 2506 4939 Dicuntur
2547 4892 2740 4940 autem
2790 4886 3109 4953 ambulare,
3160 4894 3364 4943 mutuo
3411 4886 3669 4943 videlicet
3708 4888 3767 4942 in

347 4962 518 5019 Vnus.
553 4964 637 5016 14.
671 4993 739 5001 -
775 4985 796 5012 ι
841 4963 911 5018 Et
950 4963 1158 5033 peribit
1203 4963 1342 5036 fuga
1379 4979 1413 5020 a
1458 4965 1668 5034 veloce,
1709 4973 1765 5023 et
1808 4967 1969 5023 fortis
2075 4984 2195 5026 sese
2224 4971 2515 5041 proﬁcere.

278 5072 301 5100 ι
358 5066 473 5107 non
529 5051 806 5107 obtinebit
864 5052 1136 5109 virtutem
1192 5068 1378 5109 suam.
1413 5075 1435 5102 ι
1494 5057 1647 5123 Fuga
1703 5071 1737 5110 a
1796 5059 1969 5111 veloce
2145 5058 2316 5116 Vsus.
2354 5060 2405 5114 4.
2448 5090 2517 5100 -
2571 5082 2599 5111 ‹‹
2646 5062 2923 5133 Nunquid
2974 5062 3166 5134 rugiet
3216 5062 3300 5120 leo
3344 5063 3404 5119 in
3450 5064 3628 5133 saltu,
3658 5065 3766 5121 nisi

274 5140 439 5209 perit,
508 5153 643 5194 cum
706 5154 919 5210 prapes
978 5142 1206 5212 ingenio
1274 5142 1674 5199 bebetudinem
1740 5145 1967 5215 reprobi
2072 5168 2100 5197 »
2136 5146 2402 5204 habuerit
2442 5150 2734 5218 pradam?
2766 5171 2792 5202 ι)
2829 5153 2932 5205 Leo
2973 5155 3034 5206 in
3073 5153 3221 5206 saltu
3261 5165 3378 5207 non
3426 5152 3605 5223 rugit,
3657 5157 3769 5208 nisi

274 5240 477 5283 sensus
525 5228 764 5284 minime
810 5229 1180 5301 subterfugit.
1234 5232 1385 5285 Forti
1425 5233 1682 5286 virtutem
1728 5249 1834 5287 non
1865 5233 1966 5289 ob-
2071 5237 2317 5305 praedam
2360 5238 2586 5307 habeat,
2643 5239 2782 5309 quia
2831 5239 3100 5296 diabolus
3147 5239 3204 5295 in
3257 5240 3448 5307 corde,
3501 5255 3535 5295 a
3574 5242 3769 5298 saculi

272 5315 434 5383 tinet,
498 5330 632 5371 cum
671 5316 740 5372 de
790 5332 899 5373 sua
958 5318 1411 5389 impassibilitate
1460 5320 1773 5387 confidens,
1828 5337 1966 5378 mox
2066 5323 2188 5394 jam
2236 5340 2430 5382 amore
2475 5327 2714 5395 deserto,
2765 5342 3138 5400 nequaquam
3190 5328 3479 5385 fremitum
3524 5330 3770 5402 alicujus

273 5411 339 5460 ut
366 5404 710 5461 adversitate
742 5406 1025 5476 pulsatur,
1060 5422 1131 5463 ne
1152 5415 1436 5464 momento
1465 5421 1525 5464 se
1553 5408 1821 5464 continet.
2077 5413 2403 5469 tentationis
2442 5415 2666 5481 emittit,
2718 5416 2829 5471 nisi
2870 5420 3223 5473 occasionem
3271 5418 3635 5474 lentitudinis
3667 5421 3768 5476 hu-

342 5493 513 5552 νεεδ.
551 5496 636 5547 15.
672 5523 740 5535 -
778 5517 798 5542 α
848 5495 920 5552 Et
959 5495 1232 5553 robustus
1272 5511 1387 5553 non
1425 5496 1669 5554 salvabit
1711 5498 1963 5555 animam
2075 5513 2281 5565 mana,
2324 5502 2417 5558 cui
2466 5502 2787 5571 insidietur,
2834 5504 3112 5562 inveniat.
3174 5506 3335 5573 Unde
3389 5507 3562 5563 etiam
3614 5508 3766 5566 illam
