3934 6086
144 301 239 351 i225
850 298 1306 355 TROPOLOGIAI
1348 303 1416 355 IN
1458 301 1659 368 OSEE,
1700 303 1878 360 AMOS
1916 306 2003 360 ET
2040 304 2193 367 JER,
2227 338 2292 345 -η
2325 307 2451 361 LIB.
2494 307 2581 361 IV.
2626 307 2694 361 IN
2733 308 2937 363 AMOS.

3538 313 3639 366 1‘26

134 428 235 484 Dei
282 437 337 485 et
378 428 632 485 hominis
671 418 1131 487 convenientiam
1175 431 1560 489 interturbare
1606 448 1826 504 przeva-
1868 438 1908 490 A
1938 449 2069 505 quae
2094 436 2548 493 indesinentibus
2567 438 3034 507 contenebratur,
3064 441 3383 496 secundum
3407 442 3638 513 Egypti

134 518 267 573 leat.
304 541 325 567 ι
362 517 643 588 Nunquid
689 518 846 574 dabit
894 519 1123 576 catulus
1170 520 1347 576 leonis
1378 535 1573 577 vocem
1625 523 1694 578 de
1728 538 1830 578 cu-

140 629 159 654 r
195 606 291 663 bili
339 621 468 674 suo,
518 606 627 662 nisi
668 606 890 676 aliquid
937 608 1415 678 apprehenderit?
1451 632 1470 659 ι
1526 613 1605 666 Ac
1657 612 1700 668 si
1745 612 1827 667 di-

133 704 225 751 cat
265 712 279 750 :
324 695 536 751 Mirum
580 710 695 751 non
745 704 828 751 est
860 695 907 751 si
952 696 1234 763 diabolus,
1270 712 1405 753 cum
1453 699 1525 754 sit
1569 698 1827 769 spiritus,

134 798 343 839 causas
392 785 453 839 in
500 783 667 839 nobis
710 785 1039 841 tentationis
1086 794 1431 856 aucupetur,
1485 802 1615 843 cum
1658 791 1829 845 etiam

135 873 349 927 catulus
405 874 592 939 leonis,
655 873 710 927 id
756 881 840 929 est
883 872 1037 929 filius
1096 874 1339 944 quilibet
1370 876 1603 939 diaboli,
1655 894 1832 933 vocem

131 961 547 1034 subreptionis,
572 975 692 1032 qua
717 961 1048 1032 quempiam
1074 975 1106 1016 a
1137 970 1289 1018 recto
1314 961 1583 1019 diducere
1606 965 1827 1035 nititur,

134 1063 170 1104 a
199 1050 374 1106 cubili
408 1050 616 1115 cordis,
650 1049 710 1104 in
755 1065 872 1120 quo
903 1049 1012 1106 sub
1043 1050 1266 1105 diabolo
1310 1059 1544 1108 auctore
1581 1053 1827 1119 fovetur,

132 1154 400 1195 exercere
430 1154 546 1195 non
577 1140 771 1205 audet,
808 1138 916 1194 nisi
967 1139 1023 1194 in
1069 1154 1185 1210 quo
1215 1139 1588 1211 subdecipere
1632 1143 1826 1211 possit,

134 1242 237 1298 per
265 1229 628 1299 conjecturas
659 1229 818 1297 prius
847 1228 1121 1284 aestimet?

205 1316 381 1373 Vnus.
420 1322 575 1371 5.—
618 1340 638 1365 ι
695 1317 976 1387 Nunquid
1032 1317 1194 1373 cadet
1250 1319 1375 1373 avis
1436 1318 1495 1373 in
1555 1318 1830 1390 laqueum

136 1428 157 1449 -
195 1412 364 1461 teme
404 1406 625 1476 absque
683 1405 952 1475 aucupo?
992 1428 1012 1453 ι
1057 1406 1196 1462 Avis
1245 1408 1304 1463 in
1348 1408 1623 1478 laqueum
1658 1417 1824 1465 terrae

129 1493 350 1564 absque
393 1507 620 1564 aucupe
670 1508 785 1549 non
817 1494 989 1562 cadit,
1024 1495 1163 1565 quia
1211 1509 1372 1551 mens
1405 1496 1607 1566 pennis
1639 1498 1830 1553 suble-

132 1588 267 1635 vata
302 1581 608 1647 virtutum,
646 1583 888 1639 terrenis
935 1584 1267 1639 nullomodo
1308 1585 1568 1640 irretitur
1614 1585 1830 1641 affecti-

131 1670 261 1736 bus,
306 1670 419 1725 nisi
456 1671 783 1741 cujuspiam
833 1686 1028 1740 pravae
1077 1673 1461 1744 suggestionis
1512 1674 1566 1728 in
1613 1689 1826 1730 morem

1943 539 2171 593 nomen,
2203 526 2508 597 angustiis,
2542 528 2828 593 auditum,
2865 528 2921 583 id
2966 536 3050 584 est
3084 528 3443 600 intelligibile
3473 531 3641 587 facia-

1942 627 2070 669 mus
2091 615 2245 684 quod
2268 616 2534 684 sequitur
2557 631 2567 668 :
2587 637 2613 664 »
2641 616 3102 687 Congt‘egamiui,
3133 639 3154 665 ι
3183 619 3393 688 inquit,
3420 639 3446 670 α
3468 634 3642 690 super

1946 722 1967 749 ι
2018 711 2241 757 montes
2298 703 2589 769 Samaria),
2649 713 2703 759 et
2758 704 2945 761 videte
2991 707 3246 763 insanias
3306 709 3518 764 multas
3578 709 3637 765 in

1944 810 1964 837 ι
2002 791 2186 846 medio
2214 792 2357 860 ejus,
2398 800 2467 848 'et
2506 792 2855 848 calumniam
2910 795 3188 864 patientes
3220 796 3279 851 in
3325 797 3635 867 penetrali-

1946 900 1967 926 ι
2004 879 2111 935 bus
2139 882 2283 950 ejus.
2318 904 2338 929 ι
2388 882 2562 949 Super
2610 888 2808 935 montes
2857 883 3121 938 Samaria:
3160 886 3503 956 congregari
3529 888 3634 956 ju-

1937 969 2167 1035 bentur,
2198 984 2328 1025 cum
2373 984 2547 1039 super
2586 970 2867 1025 fastuosas
2896 972 3295 1041 conceptiones
3327 974 3634 1029 exterioris

1938 1057 2232 1117 custodiae,
2262 1072 2393 1127 quae
2425 1058 2741 1127 hypocrisis
2768 1060 3112 1129 appellatur,
3164 1062 3637 1119 considerationis

1938 1145 2247 1200 eminentia
2279 1153 2552 1215 prastare
2582 1146 2786 1201 debere
2814 1156 3154 1218 monentur;
3188 1148 3448 1204 Samaria
3477 1151 3632 1206 enim

1938 1235 2186 1287 custodia
2233 1234 2465 1301 dicitur,
2530 1243 2595 1290 ut
2653 1236 2900 1289 insanias
2938 1238 3138 1291 multas
3186 1240 3245 1292 in
3285 1239 3400 1306 ejus
3456 1240 3633 1294 medio

1938 1321 2191 1389 videant,
2228 1321 2385 1377 aliud
2422 1322 2699 1377 nimirum
2734 1330 2922 1378 mente
2956 1324 3267 1393 intendere,
3305 1326 3463 1382 aliud
3498 1327 3635 1382 foris

1937 1409 2083 1465 velle
2129 1409 2331 1477 videri,
2386 1410 2441 1464 in
2499 1410 2703 1465 intima
2757 1411 3099 1468 discretione
3151 1416 3535 1483 perpendam;
3575 1423 3628 1471 et

1939 1498 2079 1568 quia
2111 1498 2243 1567 ipsae
2273 1498 2642 1567 cogitationes
2671 1499 3022 1555 calumniam
3052 1500 3157 1555 sibi
3188 1501 3461 1570 inferant,
3491 1504 3629 1558 dum

1938 1602 1997 1641 se
2027 1587 2255 1641 diversa
2283 1588 2357 1642 ab
2403 1587 2666 1656 invicem,
2702 1591 2952 1657 cogitare
2983 1590 3300 1658 mundana,
3333 1600 3387 1646 et
3435 1592 3633 1647 divina

1941 1676 2121 1730 facere
2156 1685 2410 1744 pensant.

127 1759 376 1829 aucupis
421 1760 706 1829 praecedat
754 1760 1078 1817 instinctus.
1141 1784 1160 1810 ι
1198 1762 1476 1832 Nunquid
1531 1763 1828 1820 auferetur
1867 1745 1907 1799 Β
2008 1765 2170 1818 Vens.
2210 1767 2293 1819 10,
2328 1795 2397 1803 —
2430 1786 2449 1812 ι
2488 1765 2556 1820 Et
2598 1765 2923 1821 nescierunt
2975 1766 3156 1822 facere
3201 1772 3440 1829 rectum.
3496 1769 3632 1825 dicit

134 1869 153 1892 ι
191 1847 439 1917 laqueus
468 1848 537 1903 de
591 1857 743 1904 terra
786 1857 1099 1919 antequam
1150 1850 1290 1919 quid
1323 1850 1596 1921 coeperit?
1651 1874 1670 1899 ι
1717 1853 1827 1908 La-

126 1950 318 2006 queus
341 1937 411 1992 de
438 1942 595 1992 terra
626 1951 741 1992 non
787 1937 1052 1994 aufertur
1080 1946 1395 2008 antequam
1445 1939 1584 2009 quid
1616 1941 1824 2010 capiat,

127 2025 270 2094 quia
300 2025 370 2081 de
404 2039 639 2095 corpore
687 2035 882 2081 nostro
914 2026 1245 2082 tentationis
1290 2042 1405 2082 non
1437 2036 1617 2085 cessat
1663 2044 1823 2085 occa-

125 2114 230 2182 sio,
282 2113 465 2170 donec
505 2129 564 2170 se
609 2114 908 2170 diabolicae
935 2115 1343 2171 consultationi
1396 2117 1827 2173 substantivum

125 2202 432 2274 quidpiam
456 2218 607 2260 verae
630 2204 1052 2273 spiritualitatis
1082 2203 1330 2274 objiciat.
1385 2205 1621 2276 Aliquid
1673 2207 1824 2261 enim

125 2292 281 2362 capit
347 2291 611 2363 laqueus,
668 2306 798 2348 cum
860 2294 1008 2348 inter
1061 2293 1342 2348 vanitates
1397 2308 1544 2363 quas
1594 2294 1822 2366 ingerit,

124 2395 355 2450 semper
406 2382 554 2437 redit
611 2380 684 2436 ad
727 2381 987 2437 animum
1033 2390 1262 2438 aeternae
1311 2382 1568 2438 veritatis
1618 2391 1820 2439 status.

128 2472 402 2540 Laqueus
452 2471 602 2526 enim
649 2478 879 2540 peccata
912 2478 1068 2533 sunt,
1113 2478 1167 2527 et
1219 2478 1451 2541 peccata
1496 2471 1641 2527 nihil
1666 2480 1821 2540 sunt,

125 2560 287 2615 unde
311 2560 461 2615 bona
490 2559 657 2629 quasi
688 2559 953 2629 quaedam
979 2559 1303 2617 substantia
1325 2567 1479 2615 sunt.
1510 2560 1672 2616 Unde
1699 2569 1784 2617 est
1809 2576 1820 2613 :

130 2672 149 2693 ι
185 2647 317 2703 Sine
348 2647 470 2717 ipso
502 2648 715 2703 factum
747 2656 831 2703 est
861 2648 942 2702 nil
975 2649 1147 2717 (Joan.
1182 2663 1219 2715 ι,
1254 2647 1330 2718 3).
1364 2670 1391 2695 ››

195 2736 370 2793 Vens.
405 2740 458 2790 6.
484 2767 554 2775 —-
593 2758 612 2784 ι
648 2735 703 2790 Si
731 2736 959 2807 clanget
1003 2736 1143 2792 tuba
1168 2736 1226 2790 in
1257 2736 1506 2805 civitate,
1554 2744 1609 2793 et
1643 2751 1822 2807 popu-

128 2847 146 2871 ο
177 2824 273 2880 lus
326 2839 444 2881 non
499 2824 879 2896 expavescet?
925 2849 952 2874 ι»
1007 2825 1156 2880 Tuba
1186 2827 1246 2879 in
1300 2827 1524 2879 civitate
1579 2824 1817 2896 clangit,

122 2928 260 2969 cum
300 2914 614 2970 auctoritas
663 2913 875 2969 divinae
925 2913 1182 2969 veritatis
1229 2914 1286 2968 in
1328 2921 1515 2969 mente
1548 2915 1820 2984 procedit.

126 3003 287 3057 Hanc
322 3004 560 3071 populus
606 3002 957 3072 expavescit,
1008 3002 1148 3072 quia
1197 3002 1611 3071 cogitationum
1664 3001 1823 3056 inso-

122 3091 303 3145 lentia
337 3091 410 3145 ab
438 3091 619 3160 ipsius
644 3091 972 3162 cognitione
1015 3090 1269 3162 diffugit.
1309 3112 1329 3139 ι
1366 3089 1422 3145 Si
1466 3089 1575 3146 erit
1606 3090 1823 3144 malum

129 3202 147 3226 ι
187 3181 248 3234 in
278 3180 510 3235 civitate
542 3180 695 3250 quod
729 3180 1010 3235 Dominus
1056 3193 1171 3234 non
1204 3179 1333 3235 fecit
1370 3179 1487 3246 [al.,
1519 3177 1755 3246 fecerit].
1798 3199 1819 3226 ι

124 3268 343 3323 Malum
379 3268 439 3323 tit
472 3267 532 3323 in
573 3268 821 3335 civitate,
854 3283 986 3324 cum
1023 3268 1353 3324 tentationis
1377 3267 1826 3338 jimmoderantia

121 3364 396 3412 versatur
445 3357 504 3411 in
560 3357 809 3413 homine.
863 3357 981 3413 Hoc
1020 3356 1239 3412 malum
1281 3357 1432 3412 Deus
1478 3355 1633 3422 facit,
1691 3369 1825 3411 cum

123 3445 214 3501 vel
272 3445 347 3500 ad
391 3444 807 3515 probationem,
866 3453 966 3501 aut
1013 3459 1215 3501 casum
1265 3445 1387 3500 ﬁeri
1442 3444 1824 3514 dispensative

120 3534 426 3604 permittit.

189 3622 377 3679 Vnus.
408 3627 461 3678 7.
491 3652 564 3665 —
597 3644 618 3671 ι
651 3622 797 3689 Quia
826 3637 942 3679 non
991 3622 1158 3679 faciet
1196 3622 1476 3677 Dominus
1509 3622 1660 3677 Deus
1688 3635 1823 3677 ver-

122 3733 141 3756 ι
178 3710 346 3778 bum,
400 3710 511 3767 nisi
558 3711 900 3767 revelaverit
948 3718 1231 3767 secretum
1277 3725 1450 3767 suum
1501 3709 1574 3765 ad
1629 3724 1822 3766 servos

120 3820 141 3846 ι
177 3813 321 3855 suos
375 3800 757 3870 prophetas.»
814 3800 915 3856 Est
969 3814 1107 3871 ergo
1142 3814 1392 3856 sensus:
1455 3798 1613 3855 Facit
1670 3799 1823 3855 Deus

114 3888 360 3955 malum,
420 3888 517 3943 sed
568 3888 767 3943 divina
825 3887 1170 3958 plerumque
1218 3887 1458 3943 intentio
1511 3887 1823 3957 patientem

114 3991 234 4032 non
277 3977 414 4032 latet
462 3976 742 4045 animum,
796 3976 875 4032 nil
919 3976 1071 4032 enim
1106 3975 1218 4032 tale
1266 3976 1325 4031 in
1375 3975 1724 4032 conscientia
1759 3974 1823 4031 lit

114 4066 386 4133 verbum,
446 4066 503 4121 id
549 4073 631 4122 est
669 4066 904 4122 ducitur
947 4066 1005 4120 in
1063 4064 1349 4133 effectum,
1404 4065 1573 4135 cujus
1629 4077 1817 4119 causa:

111 4136 497 4223 providentiis
550 4154 763 4210 nostris
812 4168 927 4209 non
972 4153 1090 4223 ipse
1138 4153 1348 4209 revelet
1390 4166 1690 4208 arcanum.
1748 4152 1815 4206 In

109 4243 222 4299 hoc
246 4242 401 4298 enim
438 4242 797 4313 prophetam,
821 4242 975 4313 quod
1007 4248 1060 4297 et
1099 4241 1318 4297 servire
1344 4254 1450 4297 sua
1477 4239 1816 4310 provisione

114 4332 463 4388 deliberant.

186 4420 366 4477 Vsus.
397 4422 449 4474 8.
483 4451 549 4459 —
586 4443 606 4469 ι
664 4420 774 4475 Leo
826 4419 1035 4490 rugiet,
1073 4418 1206 4489 quis
1245 4432 1361 4473 non
1405 4416 1665 4473 timebit?
1704 4418 1818 4472 Do-

114 4531 141 4562 »
177 4509 377 4565 minus
414 4509 566 4564 Deus
615 4508 841 4564 locutus
885 4515 988 4573 est,
1031 4508 1164 4578 quis
1189 4521 1306 4563 non
1354 4505 1756 4577 prophetabit?
1790 4523 1815 4557 »

114 4600 187 4655 Et
220 4605 308 4654 est
359 4598 592 4653 dicere:
645 4596 920 4653 Diabolus
949 4610 1083 4652 cum
1124 4596 1197 4651 sit
1244 4602 1417 4651 tantae
1466 4593 1815 4661 subtilitatis,

112 4693 345 4757 quanto
389 4685 794 4756 spiritualioris
823 4684 1106 4754 potentiae,
1143 4684 1264 4753 ipse
1316 4683 1607 4738 nimietate
1636 4682 1814 4737 avidi-

112 4776 252 4830 tatis
292 4774 523 4844 irrugit,
587 4773 720 4845 quis
774 4787 946 4829 carne
996 4771 1341 4843 praepeditus
1390 4772 1647 4827 humana
1703 4784 1815 4826 non

108 4862 498 4919 extimescat?
544 4863 819 4918 Dominus
851 4863 1004 4917 Deus
1040 4876 1140 4932 per
1181 4861 1503 4930 apostolum
1537 4873 1709 4916 suum
1738 4858 1816 4914 lo-

108 4956 291 5008 cutus
340 4958 461 5006 est:
525 4972 545 4998 ι
610 4950 868 5006 Resistite
916 4949 1166 5015 diabolo,
1218 4956 1273 5004 et
1334 4949 1516 5019 fugiet
1562 4962 1596 5002 a
1655 4947 1819 5003 vobis

111 5042 268 5110 (Jac.
300 5054 377 5104 tv,
412 5040 459 5107 7)
492 5056 503 5093 :
544 5061 563 5087 ι
611 5039 743 5109 quis
785 5054 903 5095 non
944 5038 1016 5094 ad
1048 5038 1157 5093 hoc
1188 5037 1607 5107 providentiam
1647 5036 1817 5092 adhi-

110 5128 534 5194 bebit?‘(Vnns.
584 5127 661 5200 9.)
703 5151 723 5178 ι
756 5128 1035 5184 Auditum
1071 5126 1236 5183 facite
1280 5127 1336 5181 in
1366 5126 1591 5182 zedibus
1635 5124 1814 5191 Azoti,

115 5241 138 5266 ι
168 5226 227 5273 et
267 5217 328 5273 in
382 5216 607 5272 aedibus
639 5225 802 5272 terra}
830 5215 1085 5288 Egypti.
1133 5235 1161 5266 io
1216 5217 1427 5271 Azotus
1473 5214 1819 5284 interpreta-

115 5316 215 5364 tur
252 5305 587 5362 incendium.
632 5306 813 5362 Monet
865 5314 1057 5361 noster
1084 5319 1187 5361 vos
1231 5305 1338 5360 sub
1371 5317 1634 5359 sermone
1684 5317 1819 5373 pro-

112 5394 347 5466 phetico
394 5393 735 5460 intellectus,
788 5399 850 5447 ut
901 5396 960 5447 in
1016 5392 1223 5447 aedibus
1273 5394 1458 5458 Azoti,
1514 5391 1571 5446 id
1628 5399 1712 5447 est
1759 5390 1818 5445 in

113 5483 523 5554 corporalibus
554 5482 824 5538 membris
853 5482 1085 5547 nostris,
1120 5495 1252 5552 quie
1300 5480 1592 5536 continuis
1635 5492 1820 5534 urun-

117 5582 219 5629 tur
270 5570 590 5638 desideriis,
623 5579 677 5627 et
730 5571 784 5627 in
818 5571 1103 5628 universis
1158 5570 1515 5625 conscientize
1567 5567 1817 5636 angulis,

483 5671 761 5736 PATROL.
813 5671 1018 5737 CLVI.

1943 1874 1961 1898 ι·
1996 1852 2292 1919 Dominus,
2349 1854 2797 1909 thesaurizantes
2858 1854 3241 1924 iniquitatem,
3298 1864 3351 1911 et
3396 1857 3632 1926 rapinas

1944 1962 1963 1986 ι
1995 1940 2052 1995 in
2107 1941 2330 1995 :edibus
2378 1942 2517 1996 suis.
2576 1964 2597 1989 »
2657 1944 2873 1996 Rectum
2924 1944 3103 2009 facere
3157 1944 3436 2011 nesciunt,
3491 1945 3630 2015 quia

1937 2028 2337 2085 rectitudinem
2368 2043 2487 2098 qua
2516 2044 2588 2084 ex
2624 2031 3148 2101 quantulacunque
3178 2032 3398 2088 ratione
3423 2034 3630 2089 adver-

1938 2125 2086 2183 tunt,
2116 2117 2300 2172 facere
2339 2117 2752 2187 dedignantur,
2790 2118 3107 2174 secundum
3146 2121 3299 2189 quod
3346 2122 3623 2177 sentiunt.

1935 2206 2106 2262 Moris
2150 2208 2303 2261 enim
2353 2205 2663 2276 Scripturae
2702 2216 2787 2262 est
2835 2216 2899 2263 ut
2940 2210 3146 2262 nescire
3200 2222 3300 2277 pro
3334 2209 3629 2277 dedignari

1935 2302 2202 2365 ponatur,
2228 2302 2282 2349 et
2313 2295 2484 2349 etiam
2533 2309 2675 2351 usus
2702 2295 2978 2366 loquendi
3008 2296 3179 2352 habet
3221 2305 3280 2352 ut
3323 2299 3409 2352 vir
3441 2300 3627 2355 bonus

1933 2387 2088 2436 280
2145 2382 2369 2437 mentiri
2429 2382 2643 2438 nescire
2700 2382 2948 2457 dicatur.
3009 2385 3365 2452 Iniquitatem
3422 2386 3526 2441 sibi
3576 2392 3628 2440 et

1931 2473 2161 2539 rapinas
2198 2474 2256 2525 in
2284 2472 2490 2525 aedibus
2522 2473 2636 2526 suis
2689 2471 3098 2537 thesaurizant,
3143 2480 3209 2528 ut
3264 2472 3477 2528 scilicet
3523 2474 3629 2529 ini-

1932 2559 2211 2635 quitatem
2262 2558 2648 2614 simulationis
2698 2560 2839 2629 quia
2896 2560 3038 2615 bene
3090 2560 3329 2635 faciunt,
3381 2570 3436 2617 et
3479 2563 3626 2617 male

1931 2647 2260 2714 intendunt,
2296 2655 2350 2702 et
2397 2647 2633 2717 rapinas
2663 2648 2771 2703 sibi
2816 2648 3005 2704 laudis
3036 2649 3238 2704 alienae
3280 2662 3383 2718 pro
3416 2664 3626 2721 magno

1932 2743 2230 2813 reponant.
2275 2736 2525 2791 Medium
2572 2744 2764 2792 autem
2814 2736 2958 2806 ejus,
3017 2745 3071 2792 et
3122 2737 3453 2807 penetralia,
3506 2739 3627 2794 sive

1929 2823 2098 2889 sedes,
2137 2823 2191 2877 id
2223 2831 2307 2879 est
2337 2823 2766 2891 conscientiam,
2801 2825 3014 2880 scilicet
3042 2825 3390 2895 signiﬁcant.

2003 2911 2182 2967 Vens.
2224 2915 2303 2966 ll.
2337 2943 2405 2950 —
2436 2932 2464 2960 «
2492 2911 2796 2982 Propterea
2827 2913 2949 2969 haec
2979 2913 3116 2968 dicit
3139 2914 3414 2970 Dominus
3435 2915 3622 2971 Deus:

1937 3021 1957 3047 ι
1992 2999 2411 3066 Tribulahitur,
2442 3008 2497 3057 et
2527 3001 2842 3058 circuietur
2871 3010 3045 3069 terra,
3075 3010 3129 3057 et
3169 3002 3505 3059 detrahetur
3551 3018 3624 3059 ex

1938 3110 1959 3136 ι
1995 3098 2048 3144 te
2081 3087 2351 3144 fortitudo
2378 3096 2497 3158 tua,
2544 3098 2600 3146 et
2642 3091 2992 3160 diripientur
3028 3092 3178 3147 aedes
3213 3099 3342 3147 tuae.
3378 3111 3405 3141 ι)
3461 3090 3623 3158 Quod

1931 3185 2034 3243 est,
2068 3191 2140 3232 ex
2168 3177 2350 3248 ipsius
2394 3179 2636 3236 rationis
2680 3180 2960 3236 sententia
3003 3182 3227 3237 dicere:
3279 3180 3488 3248 Multis,
3528 3181 3622 3236 in-

1932 3279 2131 3336 quam,
2184 3266 2675 3336 tribulationibus,
2738 3268 3116 3336 abstinentiae,
3166 3276 3221 3325 et
3265 3269 3621 3338 vigiliarum,

1931 3362 2390 3426 cinterorumque
2415 3357 2721 3426 malorum,
2751 3373 2882 3429 quae
2926 3357 3035 3413 sibi
3066 3358 3380 3428 hypocritze
3416 3358 3625 3414 inferre

1931 3443 2111 3500 solent
2164 3446 2455 3514 crucibus,
2513 3455 2663 3502 terra
2704 3461 3005 3516 corporum
3066 3446 3319 3516 ipsorum
3373 3446 3623 3515 obsideri

1932 3534 2155 3602 poterit,
2190 3534 2290 3589 sed
2321 3534 2594 3590 fortitudo
2621 3534 2858 3590 interior
2895 3534 2967 3589 ad
2998 3534 3220 3590 favores
3272 3534 3623 3590 extrinsecos

1931 3621 2172 3676 tendens
2201 3621 2425 3677 detrahi
2458 3636 2573 3677 non
2606 3621 2842 3686 desistit,
2877 3629 2932 3677 et
2975 3621 3262 3691 quidquid
3293 3622 3350 3676 in
3400 3621 3621 3677 aedibus

1930 3709 2257 3765 continetur
2289 3710 2590 3779 mentium,
2630 3710 2820 3766 laudis
2851 3723 3014 3765 amor
3042 3710 3257 3779 diripit.

2000 3798 2180 3854 Vens.
2218 3802 2301 3852 i2.
2349 3829 2417 3837 —
2452 3821 2471 3846 ι
2510 3799 2641 3854 Hzec
2687 3797 2823 3854 dicit
2872 3797 3152 3855 Dominus
3186 3815 3199 3852 :
3246 3798 3539 3865 Quomodo
3571 3799 3617 3854 si

1934 3908 1955 3933 ι
1986 3893 2152 3942 eruat
2190 3894 2382 3956 pastor
2408 3887 2476 3943 de
2523 3902 2621 3943 ore
2649 3886 2828 3943 leonis
2859 3887 2975 3943 duo
3019 3902 3211 3955 crura,
3266 3895 3368 3944 aut
3414 3896 3612 3943 extre—

1935 3995 1954 4020 ι
1989 3989 2150 4030 mum
2179 3975 2483 4043 auriculae;
2518 3976 2598 4032 sic
2628 3984 2908 4032 eruentur
2936 3974 3037 4031 ﬁlii
3066 3977 3259 4045 Israel,
3294 3977 3396 4047 qui
3449 3977 3617 4032 habi-

1931 4085 1952 4110 »
1985 4071 2107 4119 tant
2136 4065 2193 4119 in
2225 4063 2503 4133 Samaria,
2534 4075 2589 4122 et
2635 4066 2691 4121 in
2718 4065 2887 4136 plaga
2920 4064 3111 4121 lectuli
3149 4074 3204 4121 et
3230 4065 3289 4120 in
3336 4066 3617 4122 Damasco

1930 4174 1951 4199 ι
1988 4153 2212 4223 grabati
2274 4156 2390 4222 [at.,
2442 4155 2702 4211 Damasci
2750 4153 3030 4225 grabato].
3093 4175 3115 4201 ι
3164 4155 3289 4209 Duo
3332 4168 3505 4210 crura
3551 4155 3620 4210 de

1924 4255 2021 4297 ore
2050 4241 2223 4297 leonis
2252 4249 2446 4311 pastor
2469 4242 2639 4306 eruit,
2672 4257 2804 4297 cum
2830 4241 3220 4297 extremitates
3249 4255 3395 4310 quas
3440 4242 3498 4296 in
3530 4241 3619 4297 fa-

1854 4342 1898 4395 ι)
1925 4343 2129 4384 verum
2163 4329 2442 4385 desiderio
2465 4330 2774 4400 hypocrita:
2799 4330 3118 4385 habuerant
3147 4329 3529 4399 voluptatum,
3551 4330 3619 4385 de

1927 4417 2139 4473 diaboli
2171 4431 2267 4472 ore
2300 4426 2492 4487 pastor
2522 4418 2761 4474 interior
2791 4419 2943 4474 Deus
2979 4418 3200 4473 eximit.
3248 4418 3439 4473 Solent
3463 4419 3615 4473 enim

1926 4504 2064 4561 dum
2091 4505 2173 4560 eis
2204 4505 2357 4575 quod
2390 4505 2805 4574 concupiscunt
2835 4521 2950 4562 non
2990 4507 3263 4576 suppetit,
3304 4506 3376 4561 ad
3408 4505 3614 4561 lineam

1925 4593 2154 4650 tandem
2213 4592 2547 4649 intentionis
2592 4599 2757 4648 rectae
2804 4596 3035 4649 reverti.
3089 4596 3405 4648 Extremum
3456 4597 3617 4648 auri-
3661 4593 3671 4598 ’

1926 4680 2061 4735 cule:
2088 4687 2191 4745 est,
2245 4678 2444 4748 aliqua
2488 4678 2790 4749 particula,
2822 4678 2912 4734 vel
2966 4678 3206 4734 minima
3245 4679 3488 4735 sanioris
3521 4681 3617 4736 in-

1926 4769 2274 4839 telligentize.
2319 4768 2405 4824 Sic
2449 4769 2555 4837 ﬁlii
2597 4769 2774 4822 Israel
2812 4770 2919 4837 qui
2978 4768 3229 4821 habitant
3259 4770 3316 4821 in
3364 4769 3618 4823 Samaria

1925 4860 2233 4923 eruuntur,
2288 4857 2427 4912 dum
2473 4856 2555 4911 eis
2585 4862 2687 4911 aut
2724 4855 2969 4925 propriae
3017 4855 3350 4911 ambitionis
3393 4856 3617 4913 fructus

1926 4946 2221 5013 adimitur,
2274 4952 2374 5002 aut
2433 4944 2666 5014 aliquod
2711 4943 3087 4999 seminarium
3141 4942 3320 4999 divini
3379 4944 3614 5015 eloquii,

1925 5036 2092 5105 quasi
2153 5048 2271 5105 qua
2324 5033 2669 5090 recalescunt
2727 5031 2975 5086 scintilla
3012 5030 3393 5101 relinquitur.
3446 5034 3622 5089 Israel

1923 5126 2028 5193 ﬁlii
2056 5132 2246 5180 motus
2293 5130 2430 5179 sunt
2477 5122 2545 5176 ad
2586 5122 2764 5176 Deum
2805 5119 3147 5187 directanei;
3194 5118 3452 5176 Samaria
3481 5136 3617 5178 vero

1925 5213 2197 5277 exterior,
2221 5219 2413 5281 spreta
2442 5208 2717 5275 interiori,
2757 5206 3038 5300 custodia.
3086 5208 3393 5265 Eruuntur
3421 5218 3615 5268 autem

1924 5304 1982 5355 in
2010 5302 2202 5371 plaga,
2236 5300 2291 5355 id
2318 5308 2402 5355 est
2434 5300 2487 5352 in
2520 5297 2752 5367 regione
2783 5294 2996 5363 lectuli,
3029 5295 3128 5351 ubi
3160 5295 3422 5354 videlicet
3457 5313 3619 5356 mens

1925 5404 2126 5447 eorum
2173 5389 2393 5459 potiora
2431 5387 2799 5442 inventuram
2829 5399 2887 5439 se
2933 5384 3172 5454 putabat
3203 5384 3454 5443 fomenta
3484 5403 3619 5458 pec-

1928 5478 2059 5533 cati.
2095 5477 2270 5547 Plaga
2315 5488 2451 5545 ergo
2490 5473 2680 5529 lectuli
2742 5471 3148 5541 diverticulum
3183 5481 3287 5542 est,
3341 5475 3397 5529 in
3437 5486 3623 5534 mente

1930 5565 2233 5622 intendens
2261 5564 2532 5619 humanm
2559 5561 2733 5629 laudi,
2756 5576 2822 5618 ac
2865 5560 2911 5616 si
2940 5560 3103 5619 locus
3144 5563 3384 5634 requiei.
3423 5565 3625 5622 Dama-

3236 5668 3318 5726 14
