3934 6086
296 271 396 325 427

1178 266 1247 322 ν.
1287 266 1622 324 GUIBEBTI
1671 267 1963 325 ABBATIS
2001 269 2056 324 S.
2102 269 2345 325 ΜΑΡιῙᾸΞ
2384 269 2474 325 DE
2516 268 2907 324 NOVIGENTO

3692 269 3800 323 4'28

301 424 433 466 scus
456 406 638 464 oculus
662 405 948 474 sanguinis
973 403 1204 459 dicitur.
1234 403 1289 459 Is
1335 403 1649 459 Damascus
1677 404 1842 475 quasi
1888 417 1990 475 pro
2027 412 2074 464 Α
2099 410 2222 460 tum
2275 409 2523 469 revocat,
2574 409 2638 458 ut
2678 402 2891 457 veritas
2935 400 3149 458 scilicet
3198 401 3455 471 ipsorum
3492 400 3623 458 vita
3655 409 3807 471 pate-

306 497 545 570 grabato
583 495 847 561 habetur,
895 506 1029 549 cum
1067 505 1248 562 prava
1287 491 1525 549 intentio
1568 491 1737 548 etiam
1784 506 1883 562 spe
1913 492 1993 547 in-

304 570 531 644 terdum
556 585 696 640 falsa
731 583 966 638 miseros
996 581 1248 637 mulcere
1278 580 1527 637 videtur.

374 675 555 731 Vsus.
628 674 713 739 13,
772 671 857 725 14.
909 698 980 712 ——
1038 690 1066 718 «
1118 668 1328 725 Audite
1367 677 1423 725 et
1478 668 1875 725 contestamini
1934 669 1994 724 in

303 782 333 816 ιο
361 764 526 820 domo
602 761 794 827 Jacob,
847 759 984 815 dicit
1048 759 1329 814 Dominus
1398 759 1551 815 Deus
1607 758 1993 824 exercituum,

303 874 332 903 s
363 853 502 922 quia
544 850 602 906 in
634 849 725 904 die
753 862 884 904 cum
934 846 1168 903 visitare
1221 860 1443 916 capero
1490 847 1995 917 pravaricationes

307 963 328 990 ο
360 938 551 1007 Israel,
584 951 759 1008 super
781 951 915 993 eum
944 936 1204 997 visitabo,
1236 943 1291 991 et
1322 949 1497 1004 super
1522 936 1732 990 altaria
1772 934 1990 1002 Bethel,

305 1050 327 1077 ι
361 1036 416 1084 et
444 1026 903 1097 amputabuntur
939 1038 1159 1082 cornua
1205 1023 1424 1090 altaris,
1456 1031 1511 1078 et
1541 1023 1747 1078 cadent
1786 1022 1845 1077 in
1884 1029 1995 1078 ter-

306 1140 327 1167 ι
363 1130 509 1173 ram.
577 1136 598 1163 ι
660 1115 848 1170 Monet
899 1127 1037 1185 ergo
1091 1127 1189 1169 eos
1254 1126 1439 1168 sermo
1488 1111 1874 1182 propheticus,
1935 1117 2000 1167 ut

300 1206 561 1272 audiant,
596 1203 652 1259 id
683 1211 765 1260 est
812 1202 1154 1273 intelligant,
1209 1208 1262 1258 et
1288 1201 1440 1257 docti
1486 1215 1559 1257 ex
1592 1200 1906 1264 auditione,
1945 1206 2001 1255 et

302 1296 443 1352 alios
473 1292 778 1351 contestari
805 1306 922 1348 non
968 1291 1284 1363 negligant.
1322 1291 1393 1346 Et
1424 1290 1531 1346 hoc
1558 1290 1696 1344 dicit
1734 1290 2000 1344 Dominus

302 1386 656 1449 exercituum,
709 1395 778 1437 ac
824 1380 868 1436 si
904 1380 1159 1436 diceret:
1206 1379 1300 1435 cui
1343 1378 1506 1434 nulla
1549 1378 1742 1447 inopia
1780 1376 2003 1433 suberit

302 1475 375 1530 ad
408 1472 631 1529 facinus
659 1469 1072 1537 ulciscendum,
1104 1468 1264 1538 quia,
1298 1466 1508 1536 inquit,
1542 1467 1599 1521 in
1633 1465 1743 1534 die,
1778 1466 1837 1521 in
1878 1479 1998 1521 ma-

304 1562 509 1619 nifesta
537 1559 747 1615 scilicet
783 1558 1018 1623 ultione,
1065 1571 1199 1612 cum
1232 1555 1455 1625 aperire
1482 1569 1707 1624 capero
1755 1553 2002 1609 simula-

305 1651 476 1708 tionis
504 1662 704 1705 eorum
731 1647 948 1713 fucum,
973 1660 1147 1716 super
1176 1644 1383 1723 altaria
1413 1644 1628 1711 Bethel,
1662 1645 1815 1715 quod
1849 1643 1998 1699 dici-

308 1748 402 1797 tur
429 1740 618 1793 domus
652 1739 767 1798 Dei,
801 1736 854 1791 id
878 1710 962 1791 est
1007 1710 1182 1804 super
1212 1716 1503 1804 proposita
1547 1710 1769 1799 eorum,
1808 1731 1907 1803 qui
1939 1745 1998 1786 se
2037 1710 2078 1764 Β

306 1828 458 1884 credi
490 1825 744 1897 gestiunt
790 1824 967 1894 vulgo
1000 1823 1210 1892 templa
1242 1822 1356 1888 Dei,
1404 1822 1658 1888 visitabo,
1692 1821 1745 1876 id
1781 1828 1864 1877 est
1903 1822 1998 1892 ju-

308 1916 587 1972 dicialiter
645 1914 905 1970 crebrius
958 1911 1288 1978 imminebo,
1362 1910 1441 1966 ita
1502 1919 1565 1966 ut
1629 1912 2004 1980 amputentur

307 2006 505 2059 altaris
558 2018 798 2069 cornua,
857 2001 914 2056 id
969 2008 1053 2056 est
1114 1999 1363 2069 palliata
1420 1999 1693 2069 nequitia
1749 1998 2005 2057 fastuosa

307 2092 569 2161 fastigia;
632 2098 683 2146 et
731 2094 789 2145 in
853 2096 1052 2144 terram
1097 2088 1328 2157 cadant,
1390 2087 1732 2143 omnimodae
1791 2087 2006 2143 scilicet

306 2179 669 2250 vilipensioni
744 2187 994 2250 pateant.
1063 2178 1258 2233 Altare
1309 2178 1462 2232 enim
1520 2175 1836 2245 hypocrita
1894 2183 1997 2243 est,

309 2267 596 2338 quidquid
628 2266 684 2321 in
719 2280 823 2322 suo
854 2265 1045 2321 studio
1076 2263 1383 2334 spectabile
1415 2262 1551 2318 foris
1576 2269 1681 2317 est.

381 2356 552 2412 Vsus.
599 2358 682 2410 15.
717 2384 783 2397 -
836 2376 857 2403 ι
915 2354 985 2409 Ει
1035 2352 1356 2423 percutiam
1409 2352 1648 2407 domum
1700 2350 2003 2406 hiemalem

318 2468 339 2493 ι
374 2461 505 2502 cum
535 2445 701 2501 domo
732 2442 950 2509 astiva,
982 2448 1037 2496 et
1082 2441 1350 2511 peribunt
1376 2440 1580 2495 domus
1608 2439 1901 2507 eburnea,
1950 2447 2005 2494 et

316 2560 340 2581 ι»
375 2533 815 2603 dissipabuntur
862 2531 1010 2587 ades
1066 2529 1280 2587 multa.
1317 2529 1454 2583 dicit
1499 2527 1795 2584 Dominus.
1832 2550 1860 2577 ››
1902 2529 2006 2583 Do-

314 2636 444 2678 mus
495 2620 756 2676 hiemalis
807 2627 890 2675 est
936 2617 1303 2683 conscientia,
1352 2630 1482 2686 qua
1534 2616 1710 2672 totius
1747 2616 2003 2673 avaritia

315 2718 490 2780 atque
529 2708 760 2764 malitia
806 2706 1019 2777 torpori
1053 2705 1249 2775 pervia
1274 2711 1376 2760 est.
1428 2706 1638 2760 Domus
1665 2704 1864 2761 astiva
1920 2713 2005 2761 est

315 2812 555 2868 operum
607 2800 772 2867 quasi
818 2796 1101 2851 bonorum
1158 2793 1436 2849 habitudo
1486 2793 1788 2860 forinseca,
1840 2808 1908 2849 ac
1958 2795 2002 2848 si

315 2887 567 2959 quadam
600 2884 887 2956 spirituali
917 2883 1253 2939 redundans
1281 2882 1489 2953 gratia.
1524 2884 1727 2937 Domus
1762 2883 2006 2937 eburnea

316 2981 576 3043 pereunt,
608 2986 740 3028 cum
788 2971 1019 3027 habitus
1057 2970 1517 3034 sanctimoniam,
1570 2979 1745 3040 atque
1782 2970 2009 3026 calibs-

322 3071 414 3118 tus
455 3062 760 3118 candorem
825 3059 1209 3130 praferentes,
1266 3060 1323 3113 in
1381 3066 1579 3127 aperta
1631 3059 1841 3128 probra
1882 3073 2005 3129 per-

319 3155 640 3206 transeunt.
708 3147 867 3202 dides
924 3147 1106 3201 multa
1171 3144 1547 3215 dissipantur,
1597 3146 1747 3216 :cum
1814 3145 2008 3201 multa

317 3234 740 3306 compositionis
812 3234 1129 3290 forinsecus
1194 3232 1455 3288 affectata
1534 3232 1844 3289 simulacra
1911 3233 2005 3288 de-

318 3332 646 3381 struuntur.

978 3392 1206 3449 CAPUT
1248 3392 1343 3449 Ν.

388 3502 563 3573 (Vsus
590 3506 639 3556 1.
671 3531 739 3541 -—
777 3522 797 3549 ι
831 3499 1032 3556 Audite
1064 3498 1305 3555 verbum
1340 3498 1465 3565 hoc,
1502 3510 1691 3554 vacca
1741 3498 2005 3569 pingues,

322 3615 345 3643 ι
376 3606 509 3664 qua
537 3592 669 3649 estis
698 3590 755 3646 in
802 3589 1098 3646 montibus
1146 3587 1440 3653 Samaria,
1474 3601 1605 3657 qua
1656 3585 2006 3643 calumniam

316 3704 338 3730 ι
370 3681 556 3738 facitis
583 3680 797 3752 egenis,
828 3686 883 3735 et
914 3677 1277 3747 confringitis
1304 3689 1605 3745 pauperes,
1657 3690 1789 3745 qua
1820 3675 2010 3732 dicitis

317 3770 623 3827 »dominis
673 3769 916 3824 vestris:
964 3764 1194 3832 Afferte,
1252 3772 1308 3820 et
1360 3764 1640 3820 bibemus.
1699 3785 1720 3812 ›
1773 3765 2008 3832 Pingues

312 3875 487 3914 vacca
517 3857 712 3914 lascivn
745 3862 883 3911 sunt
911 3868 978 3909 ac
1006 3852 1238 3924 superbi
1281 3852 1612 3923 hypocrita.
1664 3852 1732 3907 Hi
1781 3860 1919 3915 sunt
1947 3855 2007 3906 in

316 3947 591 4002 montibus
651 3945 936 4010 Samaria,
1005 3943 1145 4012 quia
1220 3948 1445 3997 tument
1518 3940 1591 3995 de
1655 3940 2008 3996 continentia

313 4033 616 4091 exterioris
645 4030 947 4097 custodia;
988 4030 1095 4085 hoc
1138 4028 1292 4084 enim
1331 4027 1608 4098 exprimit
1652 4041 1859 4082 nomen
1901 4026 2007 4081 Sa—

315 4122 532 4179 maria.
564 4120 634 4176 Hi
660 4118 1011 4175 calumniam
1041 4117 1260 4174 faciunt
1291 4117 1504 4189 egenis,
1537 4115 1679 4187 quia
1722 4130 2007 4185 quacun-

313 4226 428 4283 que
458 4217 641 4281 agunt
687 4222 788 4277 pro
815 4208 1015 4278 gloria,
1069 4214 1269 4262 contra
1315 4205 1749 4261 reclamationes
1790 4204 2008 4260 faciunt

312 4313 433 4355 sua
464 4296 852 4368 intelligentia
900 4295 1163 4362 sanioris,
1212 4295 1336 4350 ideo
1380 4307 1514 4350 vere
1552 4294 1793 4364 egentis.
1850 4294 2004 4347 Pau-

308 4402 463 4457 peres
512 4385 903 4455 confringunt,
954 4398 1087 4439 cum
1142 4385 1426 4454 cogitatus
1476 4382 1857 4437 humilitatem
1907 4382 2006 4437 ali-

308 4475 544 4546 quando
573 4473 881 4529 suadentes
912 4471 970 4528 in
1011 4486 1070 4527 se
1116 4471 1391 4538 obruunt,
1449 4471 1694 4525 Dominis
1738 4469 1859 4525 suis
1906 4472 2003 4537 af-

305 4566 447 4631 ferte
470 4569 521 4617 et
552 4563 789 4617 bibemus
821 4561 1044 4626 dicunt,
1091 4574 1225 4617 cum
1255 4559 1328 4615 ab
1363 4559 1468 4626 his,
1511 4572 1761 4629 quorum
1794 4556 2003 4627 placito

310 4667 410 4723 per
439 4652 589 4709 bona
616 4664 789 4721 opera
817 4649 1104 4705 deservire
1147 4648 1422 4718 gestiunt,
1448 4646 1690 4717 [favores
1733 4647 2001 4718 exigunt,

306 4742 526 4811 quibus
554 4740 628 4796 ab
657 4740 749 4796 sui
771 4738 1248 4794 dementationem
1274 4738 1437 4807 quasi
1459 4735 1760 4806 epotandis
1788 4735 2004 4792 incum-

308 4829 473 4887 bunt.
514 4829 746 4884 Verbum
775 4830 874 4882 hoc
922 4842 1095 4881 vacca
1138 4829 1371 4895 pingues
1418 4825 1623 4880 audire
1668 4832 1998 4893 monentur,

306 4925 369 4975 ut
393 4917 629 4974 sollicite
658 4917 942 4972 trutinent
971 4928 1103 4985 qua
1136 4913 1361 4971 sibimet
1393 4913 1771 4969 intentantur.

375 5005 554 5063 Vsus.
592 5006 644 5073 2,
673 5007 724 5059 3.
773 5035 841 5043 —
876 5022 904 5054 α
950 5002 1179 5059 Iuravit
1209 5002 1488 5058 Dominus
1530 5000 1679 5056 Deus
1712 5001 1767 5055 in
1802 5008 2001 5056 sancto

308 5115 330 5142 ι
366 5108 472 5151 suo
506 5110 519 5150 :
548 5094 700 5159 Quia
728 5108 857 5150 ecce
900 5092 1020 5149 dies
1070 5091 1302 5148 venient
1346 5104 1521 5160 super
1550 5104 1671 5156 vos,
1721 5096 1778 5145 et
1822 5088 2004 5144 eleva-

307 5206 329 5231 ι
361 5183 510 5240 bunt
560 5198 660 5240 vos
704 5183 763 5239 in
809 5183 1010 5251 contis,
1061 5189 1116 5238 et
1174 5181 1453 5251 reliquias
1498 5186 1716 5234 vestras
1763 5179 1819 5234 in
1873 5177 2001 5233 ollis

307 5293 329 5321 »
363 5272 738 5329 ferventibus.
774 5272 844 5328 Et
874 5286 976 5342 per
999 5252 1302 5341 aperturas
1329 5267 1561 5325 exibitis
1592 5267 1774 5323 altera
1799 5274 2003 5323 contra

311 5380 332 5407 ι
368 5359 629 5425 alteram,
682 5369 736 5416 et
790 5359 1168 5431 projiciemini
1216 5358 1274 5413 in
1341 5358 1581 5425 Armon,
1634 5355 1771 5412 dicit
1817 5356 2003 5410 Domi-

303 5468 329 5497 »
362 5462 494 5505 nus.
534 5468 555 5496 ι
591 5440 655 5502 In
704 5454 893 5503 sancto
932 5464 1027 5503 suo
1073 5450 1336 5503 Dominus
1375 5445 1556 5517 jurat,
1602 5459 1735 5501 cum
1777 5443 1837 5500 in
1893 5458 2000 5501 sua

301 5548 438 5592 vera
465 5534 767 5591 sanctitate
811 5534 1244 5604 hypocritarum
1292 5533 1545 5589 fucatam
1594 5532 1664 5588 ad
1707 5534 1806 5602 jus
1834 5545 1999 5601 aper-

2100 500 2239 548 scat.
2311 495 2434 548 Dies
2485 505 2654 562 super
2707 503 2803 545 eos
2862 491 3126 557 veniunt,
3193 503 3326 546 cum
3389 489 3810 546 declarationes

2100 594 2300 637 eorum
2331 580 2569 637 occulta
2617 579 2920 650 pravitatis
2967 579 3107 650 ipsis
3163 586 3500 636 occurrunt.
3535 580 3596 634 In
3625 582 3804 633 contis

2101 670 2424 738 elevantur,
2458 684 2591 727 cum
2622 670 2733 726 sub
2784 669 2964 726 dubio
3010 669 3295 740 superbia
3323 677 3477 724 statu
3509 668 3805 726 feruntur.

2100 758 2211 826 Qui
2239 760 2392 815 enim
2426 760 2481 814 in
2515 767 2682 816 conto
2714 760 2943 827 insidet,
2975 772 3280 829 nunquam
3329 758 3570 814 firmiter
3605 759 3806 815 haret.

2104 851 2177 902 In
2206 850 2326 904 ollis
2355 850 2689 915 {mentibus
2730 849 2991 920 reliquiae
3015 847 3339 915 elevantur,
3380 861 3513 903 cum
3561 860 3809 903 sensua-

2106 936 2237 993 litas
2267 944 2384 993 tota
2420 951 2524 1007 per
2551 936 3042 1008 concupiscentias
3087 936 3530 1003 excandescens,
3576 950 3651 992 ex
3681 950 3812 1006 ope-

2103 1028 2185 1084 ris
2230 1026 2433 1083 nefarii
2485 1027 2886 1097 prosecutione
2947 1024 3241 1096 vulgatur.
3297 1024 3578 1095 Reliquia
3644 1026 3808 1079 enim

2106 1129 2211 1185 pro
2257 1114 2526 1184 operibus
2573 1113 2709 1185 poni
2771 1113 2969 1179 solent,
3026 1112 3166 1182 quia
3205 1111 3412 1182 utique
3467 1112 3806 1181 cogitationi

2107 1211 2456 1275 superstant,
2499 1211 2562 1259 ut
2602 1211 2687 1259 est
2716 1218 2729 1257 :
2762 1220 2788 1255 ‹
2820 1202 3098 1273 Reliquia
3127 1200 3492 1272 cogitationis
3539 1201 3690 1257 diem
3728 1201 3806 1256 fe-

2108 1301 2258 1349 stum
2282 1299 2456 1362 agent
2493 1290 2593 1345 tibi
2627 1290 2794 1359 (Psal.
2827 1303 2995 1353 Lxxv,
3032 1290 3138 1359 11).
3173 1311 3193 1337 ι
3228 1288 3377 1345 Nota
3402 1289 3557 1359 quod
3578 1289 3702 1360 jam
3730 1288 3806 1344 ad

2109 1380 2453 1437 femininum
2499 1394 2683 1450 genus
2732 1385 3004 1445 transeat,
3040 1385 3103 1434 ut
3128 1393 3283 1434 eosa
3325 1377 3522 1449 vigore
3563 1377 3807 1450 justitia

2109 1467 2465 1525 effeminatos
2489 1467 2767 1523 ostendat.
2816 1469 2916 1521 Per
2953 1473 3242 1536 aperturas
3285 1468 3461 1521 altera
3495 1472 3691 1521 contra
3716 1468 3809 1521 al-

2111 1564 2283 1613 teram
2332 1564 2565 1623 exeunt,
2618 1569 2749 1611 cum
2798 1555 3195 1612 fatiscentibus
3242 1555 3630 1625 petulantium
3685 1570 3810 1611 sen-

2111 1659 2283 1702 suum
2332 1644 2478 1709 ollis,
2536 1650 2740 1699 mutuo
2791 1644 3190 1714 detegentibus
3250 1657 3369 1699 sese
3416 1644 3694 1714 nequitiis
3750 1644 3808 1698 in

2115 1733 2463 1805 ignominias
2517 1739 2822 1802 proruunt.
2876 1734 3072 1787 Altera
3139 1738 3328 1787 contra
3375 1726 3605 1787 alteram
3662 1732 3805 1800 exit,

2113 1836 2244 1877 cum
2304 1821 2727 1891 turpitudinem
2766 1820 3056 1890 propriam
3121 1821 3284 1876 alteri
3335 1820 3648 1899 videndum
3699 1835 3809 1875 ex~

2113 1910 2292 1980 ponit.
2320 1911 2393 1964 In
2445 1911 2655 1964 Armon
2697 1924 2933 1980 quoque
2966 1909 3368 1980 projiciuntur,
3403 1924 3536 1966 cum
3589 1910 3661 1965 de
3700 1910 3811 1965 cri-

2114 1999 2270 2053 mine
2295 2005 2587 2054 sumentes
2611 1997 2936 2065 audaciam,
2960 1998 3030 2053 de
3053 1997 3176 2053 suis
3199 1998 3372 2053 etiam
3397 1997 3559 2054 radis
3583 1998 3810 2053 actibus

2112 2087 2490 2154 extolluntur,
2524 2086 2823 2158 dejiciendi
2856 2094 3046 2143 tamen
3073 2088 3246 2158 juxta
3284 2087 3568 2156 psalmum
3604 2088 3664 2142 in
3695 2087 3809 2143 ima

2113 2190 2316 2233 sensus
2370 2175 2621 2246 reprobi,
2673 2176 2812 2232 dum
2860 2175 3187 2232 allevantur
3237 2173 3410 2245 (Psal.
3449 2190 3623 2243 Lxxtt,
3680 2177 3806 2245 l8);

2115 2265 2332 2320 Armon
2361 2264 2515 2319 enim
2540 2264 2849 2317 sublimitas
2880 2262 3110 2320 dicitur.

2186 2350 2359 2407 Vnus.
2399 2353 2453 2406 4.
2484 2380 2552 2392 -
2584 2374 2605 2399 ι
2640 2351 2841 2407 Venite
2870 2352 2944 2407 ad
2974 2352 3189 2420 Bethel,
3220 2360 3274 2408 et
3309 2352 3481 2423 impie
3510 2354 3695 2425 agite;
3736 2353 3807 2409 ad

2120 2463 2140 2488 ι
2176 2439 2494 2512 Galgalam,
2531 2447 2587 2496 et
2632 2438 3010 2510 multiplicate
3055 2442 3610 2510 pravaricationem.
3646 2464 3676 2491 ››
3725 2444 3811 2498 Ad

2113 2530 2296 2586 Bethei
2326 2529 2523 2586 venire
2552 2530 2765 2585 ironice
2795 2537 3253 2595 commonentur,
3296 2536 3360 2585 ut
3390 2529 3556 2600 quasi
3600 2528 3809 2599 templa

2116 2620 2213 2674 Dei
2251 2616 2627 2688 popularibus
2668 2616 2850 2673 oculis
2904 2624 3282 2672 ostententur.
3344 2618 3539 2686 Impie,
3597 2616 3809 2686 inquit,

2115 2709 2280 2775 agite,
2328 2705 2385 2760 id
2424 2712 2507 2761 est
2554 2707 2613 2760 in
2666 2705 2773 2761 hac
2820 2706 2944 2775 ipsa
2990 2705 3164 2761 vestri
3198 2709 3323 2760 τω
3384 2705 3631 2760 nominis
3668 2703 3812 2759 cele-

2116 2793 2375 2849 bratione
2401 2792 2484 2848 nil
2513 2792 2671 2848 aliud
2703 2791 2896 2849 sciatis
2916 2807 3019 2848 vos
3045 2806 3215 2863 agere
3259 2805 3438 2862 quam
3468 2792 3675 2858 Deum,
3709 2789 3811 2861 qui

2114 2890 2199 2938 est
2251 2881 2485 2947 veritas,
2536 2882 2842 2953 abnegare.
2892 2881 3132 2953 Galgala
3181 2882 3396 2937 dicitur
3438 2881 3809 2935 volutabrum.

2047 3003 2087 3057 ρ
2117 2968 2209 3025 Ad
2242 2969 2587 3024 volutabrum
2640 2970 2907 3037 veniunt,
2962 2976 3017 3025 et
3062 2968 3562 3039 pravaricationes
3614 2967 3811 3024 multi-

2117 3058 2350 3127 plicant,
2384 3058 2523 3127 quia
2549 3056 2611 3112 fit
2626 3056 2783 3126 justo
2803 3055 3024 3127 judicio
3053 3065 3252 3127 sponte
3283 3055 3476 3126 lapsis,
3508 3062 3573 3111 ut
3604 3054 3665 3110 in
3706 3054 3808 3109 mi-

2116 3145 2279 3200 seriis
2305 3160 2420 3201 non
2451 3143 2772 3200 subsistant
2802 3144 2964 3215 (ΡεΑι.
3022 3160 3250 3212 εχχχιχ,
3288 3145 3393 3212 11).

2190 3233 2341 3289 Vsns
2501 3264 2570 3271 —
2621 3254 2641 3281 ι
2692 3233 2762 3288 Et
2804 3231 3001 3290 offerte
3051 3248 3219 3289 mane
3258 3234 3521 3306 victimas
3569 3240 3810 3299 vestras,

2124 3343 2144 3369 ι
2182 3321 2365 3378 tribus
2408 3321 2614 3377 diebus
2658 3321 2909 3377 decimas
2946 3329 3186 3379 vestras.
3238 3323 3309 3377 Et
3360 3321 3717 3378 sanetiticate
3747 3323 3812 3378 de

2123 3432 2143 3458 ι
2182 3410 2518 3465 fermentato
2571 3409 2833 3480 laudem;
2894 3417 2950 3467 et
2999 3418 3197 3466 vocate
3253 3410 3615 3465 voluntarias
3662 3409 3816 3466 obla-

2124 3522 2143 3546 ι
2183 3499 2380 3565 tiones,
2435 3506 2489 3554 et
2540 3498 2901 3555 annuntiate.
2966 3520 2986 3547 ι
3038 3500 3198 3553 Mane
3243 3500 3491 3552 victimas
3538 3496 3813 3563 offerunt,

2117 3602 2271 3655 cum,
2335 3595 2675 3658 erumpente
2723 3601 2937 3644 aurora
2992 3586 3222 3654 favoris,
3288 3585 3524 3657 propria
3571 3599 3817 3656 corpora

2119 3676 2305 3747 magis
2333 3691 2400 3731 ac
2437 3676 2622 3748 magis
2659 3684 2912 3733 mactare
2956 3676 3333 3733 contendunt.
3384 3675 3583 3729 Tribus
3625 3675 3817 3731 diebus

2117 3763 2360 3818 decimas
2388 3761 2659 3831 ofl‘erunt,
2709 3779 2842 3821 cum
2877 3779 2989 3820 non
3025 3778 3128 3834 pro
3174 3764 3343 3819 laude
3386 3764 3669 3831 humana,
3717 3764 3813 3819 sed

2117 3854 2297 3909 solius
2320 3867 2516 3909 amore
2540 3854 2839 3910 Trinitatis
2867 3852 3116 3924 legitime
3140 3853 3403 3909 victitare
3434 3867 3492 3908 se
3522 3863 3815 3909 asserunt.

2118 3940 2489 3996 Sanctiticant
2525 3940 2591 3993 de
2614 3943 2945 4007 fermentata
2973 3940 3209 3999 laudem.
3243 3940 3384 4010 quia
3436 3940 3491 3995 in
3522 3940 3682 3995 omni
3713 3955 3822 3996 suo

2116 4026 2389 4083 exercitio
2417 4026 2749 4083 intentionis
2779 4026 3130 4083 iuviscerant
3157 4026 3647 4097 depravationem.
3704 4028 3819 4082 Vo-

2116 4117 2388 4171 luntarias
2440 4114 2737 4170 oblationes
2789 4123 3019 4182 vocant,
3062 4129 3196 4171 cum
3246 4129 3362 4172 non
3420 4125 3654 4185 propter
3711 4130 3821 4172 sua

2116 4219 2247 4276 qua
2275 4204 2439 4260 nulla
2472 4204 2664 4274 putari
2688 4204 2893 4260 volunt
2913 4203 3188 4260 diluenda
3218 4205 3389 4268 mala,
3425 4203 3478 4260 id
3507 4218 3566 4259 se
3599 4204 3820 4261 laboris

2047 4291 2087 4344 υ
2116 4294 2426 4362 insumere,
2458 4292 2556 4349 sed
2582 4306 2654 4348 ex
2698 4292 2816 4348 solo
2852 4290 2948 4348 Dei
2972 4300 3027 4348 et
3057 4292 3289 4348 virtutis
3318 4306 3512 4348 amore
3558 4292 3817 4349 clamant

2114 4390 2175 4438 ut
2202 4381 2345 4437 illud
2382 4397 2394 4436 :

2397 4469 2642 4528 Oderunt
2670 4484 2891 4538 peccare
2917 4468 3042 4524 boni
3068 4470 3291 4524 virtutis
3320 4485 3519 4525 amore.

2503 4559 2669 4625 (Hon.
2705 4558 2806 4614 lib.
2837 4573 2855 4613 ι
2885 4560 3089 4628 Epist,
3121 4573 3210 4629 ep.
3250 4560 3312 4613 16
3341 4574 3516 4627 vers.,
3550 4561 3665 4629 52.)

2112 4646 2479 4703 Annuntiant
2532 4661 2666 4702 cum
2714 4660 2822 4701 sua
2883 4646 3118 4703 latentia
3171 4646 3321 4703 facta
3388 4647 3808 4716 percelebrant.

2111 4738 2200 4792 Sic
2222 4723 2364 4791 enim
2409 4737 2681 4801 voluistis,
2733 4736 2841 4803 filii
2870 4736 3059 4803 Israel,
3115 4736 3193 4791 ita
3249 4733 3463 4791 scilicet
3490 4748 3592 4805 pro
3646 4733 3810 4791 libito

2112 4829 2298 4878 vestro
2326 4824 2562 4878 actitare
2591 4822 2874 4879 collibuit.

2181 4909 2353 4966 Vsus.
2384 4912 2437 4964 6.
2470 4940 2540 4950 —
2584 4932 2605 4957 ι
2652 4908 2812 4967 Unde
2862 4917 2919 4966 et
2972 4923 3076 4981 ego
3127 4908 3258 4965 dedi
3307 4909 3468 4965 vobis
3507 4916 3807 4980 stuporem

2114 5019 2134 5044 ι
2169 4996 2428 5053 dentium
2460 4997 2519 5052 in
2551 4997 2775 5053 cunctis
2808 4997 3051 5055 urbibus
3080 4998 3302 5066 vestris,
3335 5005 3390 5054 et
3421 4998 3810 5069 indigentiam

2112 5105 2132 5131 ι
2172 5098 2386 5154 panum
2438 5084 2496 5139 in
2526 5085 2797 5141 omnibus
2831 5085 2968 5142 locis
3022 5086 3245 5155 vestris,
3308 5093 3364 5143 et
3416 5101 3532 5143 non
3563 5087 3698 5143 estis
3731 5088 3808 5144 ad

2115 5195 2134 5220 ιο
2175 5186 2263 5229 me
2312 5173 2545 5240 reversi,
2587 5174 2725 5230 dicit
2768 5174 3068 5231 Dominus.
3110 5196 3130 5223 ι
3191 5175 3435 5231 Proinde
3491 5175 3591 5231 dat
3652 5177 3810 5233 Deus

2107 5266 2380 5331 stuporem
2410 5262 2653 5317 dentium
2687 5263 2743 5318 in
2774 5264 2998 5320 cunctis
3027 5264 3275 5320 urbibus
3311 5279 3531 5333 eorum,
3580 5280 3718 5322 cum
3750 5266 3811 5321 in

2108 5350 2332 5407 cunctis
2357 5351 2594 5407 internis
2621 5366 2823 5407 eorum
2863 5353 3109 5409 statibus
3146 5352 3555 5410 bebetudinem
3594 5367 3808 5426 sugge-

2108 5442 2184 5497 rit
2209 5441 2625 5498 intellectuum.
2677 5440 2777 5497 His
2815 5442 2968 5497 enim
3019 5442 3436 5498 commolimms
3478 5455 3545 5498 ac
3594 5442 3642 5498 si
3685 5442 3810 5513 qui-

2109 5530 2352 5586 busdam
2421 5529 2692 5585 dentibus
2756 5544 2985 5586 omnem
3035 5530 3399 5601 scrupulum.
3468 5524 3808 5602 lndigentia
