3924 6088
118 283 215 335 ης)

811 284 1270 342 ruoeowcm:
1308 284 1381 344 IN
1417 288 1621 355 osus,
1662 290 1845 348 suos
1882 279 1968 346 Er
2008 290 2162 349 JER.
2192 325 2260 333 —
2300 294 2427 351 LIB.
2470 294 2561 352 Iv.
2603 299 2672 353 IN
2709 299 2915 356 auos.

3507 304 3613 360 430

102 427 319 481 panum
367 414 430 467 in
484 412 730 469 omnibus
789 414 999 472 nostris
1053 417 1182 472 locis
1236 424 1337 485 est,
1400 434 1533 476 cum
1591 420 1803 477 divinae
1841 426 2203 480 Amorosum
2223 432 2306 481 est
2336 426 2578 492 animal;
2611 428 2925 498 hypocrisis
2953 445 3107 495 vero.
3133 446 3265 502 quae
3291 433 3413 491 hac
3440 434 3612 493 absu-

105 500 522 581 consolationis
558 502 838 572 edulium,
872 519 990 575 quo
1027 513 1225 563 nostra
1255 507 1426 563 corda
1472 508 1804 578 ﬁrmantur,

103 589 384 645 omnibus
412 590 814 659 spiritualibus
843 593 1057 650 nostris
1101 594 1355 651 motibus
1400 596 1577 652 abest.
1629 597 1805 664 Quid-

106 678 253 747 quid
292 678 448 733 enim
479 679 759 736 rationale
795 688 878 737 est
910 681 1070 738 locus
1092 683 1339 753 proprize
1370 684 1578 740 animae
1607 691 1713 740 est.

180 767 351 822 Vnus.
386 770 438 821 7.
460 797 530 805 ——
552 787 580 816 «
612 768 734 839 Ego
751 783 987 839 quoque
1008 770 1279 840 prohibui
1300 785 1333 826 a
1353 771 1518 828 vobis
1538 772 1802 841 imbrem,

107 875 137 903 ι
170 868 311 910 cum
368 854 562 911 adhuc
624 864 735 912 tres
791 871 1017 913 menses
1078 867 1443 928 superessent
1496 874 1685 931 usque
1733 862 1806 916 ad

110 964 132 989 ι
170 956 455 1010 messem;
490 950 547 998 et
575 943 698 1014 plui
743 958 917 1015 super
955 960 1134 1002 unam
1177 948 1487 1017 civitatem,
1533 956 1589 1004 et
1633 964 1808 1019 super

109 1051 132 1078 ι
168 1029 416 1087 alteram
456 1046 571 1087 non
604 1032 747 1102 plui.
784 1055 804 1081 ι
843 1035 926 1090 Ac
954 1035 1003 1090 si
1034 1036 1287 1092 diceret:
1318 1036 1467 1103 Quia
1509 1046 1635 1107 post
1678 1052 1803 1094 cor-

102 1121 421 1179 rectionem
466 1136 653 1178 meam
698 1123 768 1179 ad
823 1137 914 1179 me
950 1124 1388 1182 dissimulavero
1427 1126 1659 1194 reverti,
1711 1142 1806 1196 ego

101 1226 325 1281 quoque
351 1226 387 1264 α
430 1212 582 1266 vobis
621 1212 885 1281 prohibui
928 1214 1175 1280 imbrem,
1230 1215 1596 1284 aspirationis
1640 1215 1804 1271 vide-

100 1298 238 1354 licet
292 1313 559 1369 supernae
617 1301 968 1370 temperiem.
1026 1303 1098 1359 Et
1139 1303 1247 1359 hoc
1300 1318 1420 1358 cum
1466 1304 1646 1359 adhuc
1699 1309 1807 1359 tres

99 1403 313 1443 menses
361 1403 533 1458 usque
577 1389 651 1444 ad
696 1405 920 1445 messem
967 1397 1325 1462 superessent,
1362 1407 1495 1449 cum
1526 1394 1804 1450 nimirum

100 1476 304 1532 adhuc
325 1476 506 1544 initio,
543 1479 919 1547 promotione,
955 1487 1130 1550 atque
1170 1481 1516 1550 perfectione
1546 1482 1618 1538 ab
1647 1484 1805 1538 omni

100 1565 271 1622 bonae
310 1566 428 1636 spei
459 1568 886 1636 exspectatione
915 1569 1089 1625 corda
1136 1569 1434 1638 distarent,
1484 1570 1538 1625 id
1581 1578 1666 1627 est
1697 1585 1807 1627 an-

98 1661 344 1723 tequam
369 1654 504 1709 boni
535 1654 840 1725 quidpiam
881 1657 996 1713 Deo
1036 1658 1348 1728 instigante
1397 1667 1802 1729 proponerent.

100 1743 301 1798 Solent
326 1743 479 1798 enim
519 1723 642 1799 haec
673 1723 891 1801 utiliter
917 1753 973 1801 et
1011 1723 1415 1816 dispensative—
1439 1723 1653 1803 sanctis
1693 1748 1804 1803 ali-
1845 1723 1883 1777 Β

98 1830 333 1901 quoties
365 1831 656 1900 subtrahi,
697 1846 815 1888 non
847 1847 1274 1904 usquequaque
1322 1834 1594 1906 relinqui.
1632 1837 1807 1906 Super

94 1936 273 1975 unam
312 1923 586 1975 civitatem
617 1921 768 1991 pluit
798 1936 931 1978 cum
964 1923 1243 1979 rationem
1277 1925 1349 1979 ad
1376 1938 1444 1980 ea
1486 1925 1803 1982 videndum

97 2025 238 2080 quae
266 2010 497 2081 agenda
543 2017 682 2067 sunt
710 2010 877 2080 plene
928 2011 1154 2068 imbuit.
1189 2013 1364 2082 Super
1409 2016 1640 2068 atteram
1669 2029 1805 2070 vero

96 2115 210 2154 non
264 2099 416 2169 pluit
463 2113 597 2155 cum
645 2099 919 2155 duritiam
970 2100 1372 2158 obstinationis
1429 2117 1609 2173 pravo
1665 2105 1803 2160 sub—

98 2187 264 2244 ducit
294 2186 561 2257 aﬂ'ectui;
606 2187 760 2243 unde
803 2188 860 2243 in
894 2189 1133 2245 mensali
1160 2197 1360 2246 oratur
1404 2191 1592 2247 officio
1621 2193 1800 2263 (Dom.

97 2277 211 2342 inf.
248 2278 369 2333 Oct.
397 2275 661 2345 Epiph.),
694 2284 759 2331 ut
806 2290 937 2346 quae
990 2278 1217 2348 agenda
1263 2285 1420 2345 sunt,
1470 2279 1681 2349 inquit,
1717 2281 1801 2335 vi-

99 2364 299 2431 deant,
330 2364 416 2433 fet
483 2365 555 2419 ad
611 2364 835 2435 agenda
890 2379 1022 2435 qum
1072 2365 1320 2422 viderint
1379 2367 1799 2424 convalescant.

106 2476 126 2500 σ
156 2453 301 2508 Pars
327 2466 448 2508 una
481 2453 771 2523 compluta
810 2460 912 2520 est,
944 2459 999 2509 et
1046 2467 1200 2524 pars,
1235 2469 1409 2525 super
1458 2470 1637 2526 quam
1687 2471 1803 2512 non

103 2562 132 2589 ι
160 2539 314 2611 plui.
347 2541 519 2596 aruit.
568 2562 590 2589 ι
643 2542 781 2595 Pars
818 2557 929 2595 una
976 2543 1333 2613 compluitur
1370 2558 1503 2600 cum
1552 2545 1805 2601 benevo-

100 2629 282 2686 lentia
323 2629 531 2685 rationi
557 2630 920 2700 attribuitur;
952 2646 1085 2699 pars
1112 2645 1246 2688 vero
1270 2632 1452 2688 altera
1481 2648 1600 2689 non
1643 2647 1804 2688 com-

102 2718 271 2789 pluta
295 2720 467 2785 aruit,
500 2732 634 2773 cum
663 2717 1077 2787 atiectualitati,
1096 2719 1271 2789 juxta
1301 2720 1661 2790 Apostolum,
1685 2735 1805 2791 per-

104 2807 278 2863 ficere
307 2820 425 2862 non
458 2805 712 2876 adjacuit
738 2806 916 2878 (Rom.
949 2822 1048 2874 vn,
1085 2808 1196 2879 18).

175 2893 353 2951 Vnus.
384 2898 437 2950 8.
478 2925 540 2935 —
604 2918 625 2944 ι
664 2896 734 2951 Et
778 2902 1070 2952 venerunt
1122 2896 1253 2952 duae
1286 2903 1341 2952 et
1400 2904 1514 2953 tres
1546 2896 1806 2952 civitates

108 3004 127 3029 ι
161 2982 237 3037 ad
260 2983 551 3040 civitatem
579 2998 758 3040 unam
790 2991 854 3039 ut
886 2984 1147 3040 biberent
1175 2999 1411 3055 aquam,
1443 2993 1500 3041 et
1529 3000 1644 3042 non
1670 2992 1805 3041 sunt

106 3072 407 3141 rsatiatte;
462 3079 518 3129 et
564 3087 677 3128 non
720 3072 944 3128 redistis
991 3073 1063 3127 ad
1098 3087 1204 3140 me,
1256 3073 1391 3129 dicit
1440 3075 1741 3130 Dominus.
1773 3094 1802 3124 ››

104 3160 247 3214 Duae
274 3165 328 3214 et
357 3166 466 3215 tres
516 3164 760 3216 civitates
795 3161 869 3215 ad
911 3177 1079 3216 unam
1120 3162 1363 3218 veniunt
1418 3165 1694 3232 civitatem
1743 3169 1807 3219 ut

105 3264 314 3318 aquam
349 3248 575 3319 bibant,
601 3263 736 3305 cum
774 3256 875 3305 aut
907 3247 1167 3317 affectus,
1215 3257 1318 3305 aut
1359 3250 1649 3319 voluntas,
1685 3251 1808 3307 sive

103 3337 279 3393 etiam
308 3345 375 3393 ut
408 3345 521 3393 tres
554 3336 695 3393 ﬁant
723 3337 945 3393 ratione
984 3338 1274 3408 adjuncta.
1300 3338 1373 3393 ad
1427 3338 1806 3407 intellectum,

104 3424 199 3481 cui
232 3425 461 3495 proprie
489 3425 793 3495 proprium
825 3432 909 3481 est
938 3423 1137 3480 divina
1162 3425 1396 3492 sentire,
1426 3426 1804 3498 confugiunt;

105 3521 169 3569 ut
194 3513 479 3569 nimirum
511 3513 647 3569 inibi
680 3514 1012 3570 combibant
1042 3513 1335 3583 sapientiae
1366 3515 1638 3572 salutaris
1679 3516 1807 3572 stil-

105 3601 399 3673 licidium;
441 3602 536 3658 sed
566 3617 683 3657 non
712 3603 1021 3668 satiantur,
1054 3602 1193 3671 quia
1222 3603 1295 3658 ad
1314 3603 1534 3660 nullius
1562 3604 1807 3660 efficien-

104 3692 199 3746 tia;
233 3690 707 3757 redundantiam,
736 3704 868 3761 quae
912 3698 1221 3747 aestuantes
1252 3690 1567 3771 refrigeret,
1621 3692 1805 3749 addu-

105 3786 347 3835 cuntur.

176 3866 358 3922 Vens.
379 3869 434 3921 9.
450 3897 521 3907 —
545 3887 573 3915 «
594 3867 853 3923 Percussi
872 3881 974 3923 vos
987 3866 1047 3923 in
1059 3874 1230 3924 vento
1242 3874 1465 3936 urente,
1480 3874 1535 3924 et
1556 3868 1806 3941 inaura-

110 3976 135 4004 ι
166 3958 304 4027 gine
336 3956 767 4013 multitudinem
800 3956 1100 4013 hortorum
1136 3964 1482 4026 vestrorum,
1515 3966 1571 4015 et
1610 3960 1806 4016 vinea-

111 4067 137 4094 »
168 4058 308 4101 rum
338 4054 690 4102 vestrarum.
728 4067 749 4093 ι
784 4048 864 4101 Ac
902 4046 984 4101 sic
1008 4046 1219 4102 diceret
1255 4060 1268 4099 :
1308 4045 1453 4112 Quia
1482 4061 1588 4102 nec
1626 4048 1708 4103 sic
1736 4048 1808 4103 ad

106 4148 201 4190 me
272 4133 500 4190 redistis
558 4137 806 4204 percussi
872 4149 965 4189 vos
1024 4140 1180 4189 vento
1228 4140 1433 4203 urente,
1503 4135 1806 4204 desiderio,

105 4223 326 4279 scilicet
358 4230 567 4292 praeter
596 4223 836 4279 modum
865 4230 1165 4291 aestuante,
1209 4224 1313 4293 qui
1344 4238 1461 4280 non
1490 4225 1673 4280 solum
1702 4240 1809 4282 suo

1913 525 2069 567 mere
2108 513 2337 582 dicitur,
2372 528 2543 585 quem
2580 517 2752 573 semel
2779 518 2959 575 inficit
2984 534 3098 575 non
3142 521 3428 591 deserens,
3471 533 3613 595 quot

1915 600 2087 657 habet
2115 601 2212 657 illa
2244 603 2405 672 pilos,
2442 602 2523 660 tot
2554 605 2725 661 habet
2766 614 2957 663 motus
2997 608 3120 665 haec
3147 609 3219 664 ad
3268 610 3459 668 inanis
3488 613 3611 685 glo-

1915 689 2015 745 riae
2044 690 2453 749 distensionem
2486 706 2716 763 pravos.

1990 812 2156 869 Vnus.
2191 817 2274 870 tt).
2308 846 2376 854 —
2429 833 2456 868 α
2491 816 2616 873 Misi
2651 816 2706 871 in
2734 831 2829 873 vos
2859 827 3097 875 mortem
3129 819 3188 875 in
3219 821 3315 876 via
3350 822 3605 894 IEgypti,

1918 921 1939 948 ι·
1976 904 2228 971 percussi
2260 903 2317 959 in
2359 905 2550 975 gladio
2582 906 2830 975 juvenes
2860 914 3079 963 vestros
3107 922 3296 979 usque
3321 910 3395 965 ad
3422 912 3610 981 capti-

1919 1009 1941 1037 ι
1974 990 2204 1046 vitatem
2271 1005 2555 1071 equorum
2606 1000 2958 1063 vestrorum;
3029 1003 3084 1051 et
3142 997 3449 1054 ascendere
3506 1000 3608 1055 feci

1913 1097 1941 1129 »
1974 1079 2336 1147 putredinem
2366 1088 2690 1137 castrorum
2718 1091 3039 1140 vestrorum
3073 1086 3131 1139 in
3167 1098 3336 1142 nares
3366 1094 3607 1144 vestras:

1918 1184 1939 1211 ι
1970 1171 2025 1219 et
2071 1179 2185 1220 non
2245 1166 2469 1222 redistis
2524 1169 2596 1223 ad
2647 1183 2756 1237 me,
2807 1169 2943 1225 dicit
2993 1171 3291 1227 Dominus.
3329 1194 3349 1221 ι
3386 1174 3458 1227 1η
3520 1176 3610 1228 via

1914 1255 2140 1323 Egypti
2156 1260 2380 1310 mortem
2413 1256 2469 1311 in
2498 1271 2595 1312 eos
2632 1257 2784 1313 Deus
2819 1258 3012 1327 mittit,
3043 1274 3177 1315 cum
3207 1260 3263 1315 in
3298 1261 3610 1318 intentione

1913 1342 2197 1411 saeculari,
2228 1343 2287 1399 in
2313 1345 2482 1416 cujus
2521 1345 2761 1401 introitu
2788 1360 2942 1401 mors
2985 1355 3069 1402 est
3110 1348 3312 1417 posita,
3360 1350 3611 1406 scientias

1915 1437 2121 1485 nostrae
2152 1430 2337 1486 lucem
2371 1432 2769 1488 contenebrari
2792 1433 3082 1502 permittit.
3114 1437 3339 1489 Iuvenes
3389 1445 3611 1493 nostros

1914 1532 2083 1585 usque
2120 1518 2195 1571 ad
2244 1521 2619 1588 captivitatem
2671 1536 2929 1589 equorum
2979 1521 3114 1577 inibi
3152 1523 3418 1592 percutit,
3472 1538 3604 1579 cum

1917 1605 2201 1676 quidquid
2230 1607 2335 1676 piae
2362 1608 2686 1664 vivacitatis
2720 1618 2943 1666 constat
2987 1611 3043 1665 in
3077 1612 3272 1666 anima
3323 1627 3508 1682 usque
3537 1613 3609 1668 ad

1916 1694 2408 1764 incontinentiam,
2434 1711 2551 1767 qua
2583 1699 2954 1768 captivantur
3005 1713 3270 1770 corpora,
3302 1700 3607 1756 undecun-

1913 1795 2027 1850 que
2052 1782 2331 1852 disperire
2362 1784 2515 1840 sinit.
2564 1785 2713 1856 Equi
2745 1793 2800 1841 et
2842 1786 3108 1857 jumenta
3153 1802 3397 1858 corpora
3445 1798 3599 1857 sunt,

1912 1869 2065 1925 unde
2096 1878 2179 1926 est
2212 1886 2224 1925 :
2261 1890 2289 1922 α
2329 1873 2398 1927 Et
2432 1873 2701 1943 jumenta
2749 1875 3046 1930 eorumin
3092 1883 3272 1931 morte
3320 1876 3607 1932 conclusit

1913 1956 2081 2024 (Psal.
2145 1973 2356 2027 Lxxvn,
2422 1961 2534 2031 50).
2609 1961 2960 2015 Putredinem
3042 1969 3343 2017 castrorum
3408 1978 3608 2020 eorum

1910 2047 1969 2099 in
1993 2062 2152 2101 nares
2183 2047 2439 2117 ipsorum
2471 2049 2776 2105 ascendere
2816 2049 2969 2117 facit,
3003 2065 3133 2106 cum
3168 2051 3418 2120 fetorem,
3469 2066 3608 2121 pra-

1910 2148 2162 2205 vamque
2213 2136 2537 2205 opinionem
2583 2137 2973 2207 corporalium
3031 2154 3161 2209 quae
3221 2140 3609 2196 commiserint

1909 2220 2203 2290 vitiorum,
2253 2237 2437 2293 usque
2495 2224 2567 2279 ad
2616 2224 2830 2281 fmdum
2862 2226 2950 2282 sui
3002 2227 3257 2296 ipsorum
3328 2228 3606 2297 pudorem

1909 2311 2235 2367 redundare
2287 2312 2562 2368 concedit.
2625 2312 2825 2370 Castra
2879 2328 2982 2384 pro
3029 2316 3345 2384 corporibus
3396 2302 3608 2385 ponere

1909 2397 1969 2453 in
1998 2407 2268 2469 promptu
2295 2408 2397 2455 est.
2435 2423 2455 2449 ι
2483 2402 2885 2473 Egrediamur,
2918 2402 3130 2474 inquit,
3164 2404 3233 2458 ad
3265 2418 3397 2459 eum
3437 2412 3605 2460 extra

1908 2495 2097 2543 castra
2130 2489 2536 2559 improperium
2566 2490 2693 2561 ejus
2724 2498 3013 2560 portantes
3045 2493 3229 2562 (Hebr.
3261 2507 3380 2559 xui,
3422 2495 3532 2562 l3).
3579 2515 3599 2540 ι

1980 2616 2129 2665 $32
2160 2606 2330 2669 Vnus.
2378 2616 2461 2668 tt.
2495 2645 2564 2654 -—
2592 2635 2615 2663 α
2660 2614 2926 2671 Subverti
2958 2629 3081 2683 vos,
3130 2616 3280 2673 sicut
3322 2615 3606 2673 subvertit

1915 2720 1936 2747 ι
1971 2699 2123 2755 Deus
2151 2699 2454 2757 Sodomam
2486 2711 2542 2760 et
2570 2703 2969 2769 Gomorrham,
3000 2711 3055 2760 et
3094 2703 3226 2759 facti
3254 2704 3387 2760 estis
3439 2703 3605 2774 quasi

1910 2806 1940 2839 ιο
1971 2789 2142 2844 torris
2175 2797 2375 2859 raptus
2405 2791 2475 2847 de
2514 2791 2800 2848 incendio.
2836 2812 2863 2843 ι)
2907 2794 3061 2846 Sicut
3096 2793 3383 2848 Sodomam
3415 2798 3466 2847 et
3496 2794 3606 2849 Go-

1910 2878 2188 2931 morrham
2219 2881 2355 2933 Deus
2381 2893 2477 2935 eos
2528 2880 2829 2946 subvertit,
2880 2896 3013 2937 cum
3057 2882 3388 2950 perpetuale
3434 2881 3604 2937 silen-

1914 2965 2079 3033 tium,
2114 2966 2174 3021 in
2207 2983 2323 3037 quo
2354 2968 2586 3025 rebellio
2614 2969 2778 3025 nulla
2804 2977 2910 3035 est,
2941 2978 3144 3027 contra
3171 2971 3399 3038 vitium,
3434 2978 3488 3025 et
3510 2984 3611 3039 per

1915 3056 2109 3124 populi
2136 3056 2552 3125 cogitationum
2581 3057 2913 3114 seditionem
2945 3073 3041 3114 eos
3081 3059 3394 3115 introrsum
3435 3057 3609 3114 dimi-

1916 3144 2061 3199 nuit.
2114 3143 2359 3199 Sodoma
2397 3145 2552 3200 enim
2590 3160 2753 3215 pecus
2804 3148 2991 3214 silens,
3045 3147 3362 3203 Gomorrha
3416 3146 3610 3200 seditio

1912 3234 2107 3302 pepuli
2132 3232 2363 3288 dicitur.
2390 3233 2564 3289 Fiunt
2607 3237 2770 3303 quasi
2806 3239 2969 3289 torris
3007 3242 3201 3305 raptus
3232 3236 3297 3290 de
3339 3235 3606 3304 incendio,

1916 3335 2046 3376 cum
2080 3320 2330 3376 ambusti
2364 3322 2756 3393 undecunque
2794 3323 3068 3379 vitiorum
3100 3324 3254 3394 rogis
3284 3323 3428 3378 nihil
3461 3322 3521 3377 in
3552 3337 3611 3379 se

1918 3410 2130 3465 habent
2155 3409 2371 3465 residui
2393 3411 2461 3466 de
2491 3425 2682 3479 succo,
2712 3417 2815 3467 aut
2841 3412 3056 3468 semine
3077 3413 3351 3483 genitivo.
3383 3412 3447 3466 In
3471 3411 3610 3466 torri

1916 3499 2072 3553 enim
2111 3512 2299 3567 neque
2328 3512 2555 3567 succus,
2594 3514 2782 3570 neque
2821 3514 3056 3570 germen
3100 3508 3373 3556 remanet.
3425 3503 3498 3554 De
3517 3501 3610 3553 in-

1916 3587 2104 3641 cendio
2158 3593 2352 3641 autem
2393 3587 2640 3656 rapitur,
2692 3587 2793 3657 qui
2852 3602 2968 3643 non
3021 3601 3123 3657 per
3150 3601 3209 3643 se
3239 3601 3272 3641 a
3324 3587 3478 3643 vitiis
3502 3601 3611 3642 vo-

1919 3674 2171 3731 luntarie
2214 3673 2532 3743 cohibetur,
2582 3675 2679 3730 sed
2706 3674 2946 3730 alterius
2992 3675 3294 3745 disciplina
3337 3674 3614 3730 violenter

1919 3763 2295 3819 ahstrahitur.
2361 3762 2475 3818 Nec
2527 3763 2776 3819 multum
2827 3763 3151 3830 fructificat,
3196 3762 3291 3818 cui
3345 3762 3612 3818 voluntas

1918 3853 2061 3909 bene
2086 3851 2357 3921 operandi
2388 3851 2653 3908 habitum
2689 3865 2761 3908 ex
2790 3852 3162 3908 delectatione
3211 3865 3326 3906 non
3358 3858 3607 3920 praestat.

1989 3959 2162 4016 Vnus.
2186 3960 2270 4027 i2,
2293 3960 2376 4013 l3.
2414 3990 2482 3997 —
2499 3980 2523 4007 ‹‹
2540 3957 2900 4028 Quapropter
2912 3956 3387 4022 haecfaciamtibi,
3412 3955 3607 4012 Israel.

1923 4069 1950 4098 »
1984 4049 2294 4118 Postquam
2337 4055 2528 4103 autem
2577 4047 2700 4102 haec
2739 4047 2921 4103 fecero
2974 4046 3093 4114 tibi,
3169 4058 3494 4116 praeparare
3552 4045 3610 4100 in

1925 4159 1945 4186 ι
1982 4150 2287 4193 occursum
2320 4135 2419 4191 Dei
2441 4135 2545 4203 tui,
2570 4135 2917 4202 Israel.Quia
2939 4149 3066 4191 ecce
3092 4134 3346 4190 formans
3369 4140 3610 4200 montes,

1919 4243 1948 4276 ι)
1980 4231 2035 4279 et
2072 4238 2276 4280 creans
2304 4230 2562 4291 ventum,
2594 4230 2649 4279 et
2679 4223 3039 4280 annuntians
3070 4222 3286 4278 homini
3315 4221 3612 4292 eloquium

108 4310 320 4382 spiritu
361 4310 635 4367 interiora
682 4311 983 4381 consiccet,
1027 4313 1125 4368 sed
1153 4311 1328 4368 etiam
1383 4313 1667 4369 exteriora
1727 4313 1809 4369 iu-
1847 4317 1892 4372 D
1925 4334 1945 4361 ι
1983 4327 2175 4380 suum,
2234 4311 2445 4368 faciens
2501 4312 2845 4368 matutinam
2901 4310 3194 4377 nebulam,
3244 4315 3299 4365 et
3347 4309 3615 4381 gradiens

108 4399 316 4456 fuscet.
380 4399 688 4456 Multitudo
746 4402 1045 4468 hortorum,
1103 4405 1155 4455 et
1207 4403 1489 4455 vinearum
1544 4404 1812 4471 aurugine

109 4487 457 4559 percutitur,
491 4502 623 4544 cum
656 4488 943 4545 bonorum
986 4488 1378 4560 originalium,
1405 4498 1460 4545 et
1493 4491 1811 4547 actualium

106 4576 459 4647 frequentia,
493 4577 591 4633 sed
620 4584 677 4633 et
714 4578 811 4633 illa
840 4591 960 4649 qua
986 4592 1061 4634 ex
1090 4578 1205 4634 Deo
1237 4578 1573 4634 debriamur
1603 4579 1809 4636 intelli-

105 4665 308 4736 gentia
336 4663 395 4720 in
425 4664 699 4735 pallorem
731 4665 1049 4736 hypocrisis
1079 4666 1434 4733 demutatur,
1491 4668 1611 4723 haec
1657 4669 1811 4724 enim

103 4760 327 4809 natura
350 4758 436 4808 est
464 4754 796 4823 auruginis,
836 4760 900 4809 ut
948 4753 1011 4809 in
1051 4754 1298 4811 colorem
1348 4754 1721 4811 subalbidum
1754 4756 1811 4811 in

104 4840 450 4896 hominibus
478 4854 538 4897 se
570 4849 866 4897 convertat
893 4849 949 4898 et
998 4842 1190 4898 herbis
1224 4857 1236 4896 :
1275 4864 1303 4893 «
1332 4843 1554 4899 Oliveta
1598 4852 1810 4912 vestra,

104 4949 135 4982 ν
160 4936 218 4986 et
255 4928 423 4985 ﬂceta
471 4936 664 4985 vestra
704 4930 948 4986 comedit
977 4945 1189 4987 eruca:
1232 4938 1288 4987 et
1314 4945 1428 4987 non
1468 4932 1695 4988 redistis
1738 4933 1812 4988 ad

112 5040 133 5068 ι
166 5033 281 5085 me.
315 5017 456 5073 dicit
484 5018 782 5074 Dominus.
820 5039 842 5067 ι
878 5018 984 5075 Per
1013 5021 1230 5087 oliveta,
1262 5021 1432 5091 cujus
1463 5021 1684 5077 fructus
1729 5029 1814 5078 est

108 5107 361 5163 salubris
388 5113 444 5161 et
473 5105 817 5174 lucivomus,
853 5108 1258 5164 misericordias
1306 5109 1458 5164 circa
1487 5123 1593 5165 nos
1623 5109 1815 5181 signa-

114 5201 207 5249 tur
234 5192 501 5248 aﬂectus.
552 5192 660 5249 Per
692 5194 875 5263 ﬁceta,
908 5210 1161 5266 quorum
1209 5211 1419 5253 succus
1459 5205 1543 5253 est
1575 5197 1809 5261 lacteus,

112 5280 293 5352 pietas
349 5288 454 5349 est,
519 5294 640 5350 qua
697 5282 1075 5340 amicabiliter
1130 5284 1424 5340 enutritur
1491 5287 1809 5354 proximus.

116 5391 137 5418 ι
170 5370 464 5437 Miserere,
512 5369 722 5439 inquit,
756 5371 964 5427 animae
1012 5379 1127 5428 tuae
1173 5372 1406 5442 placens
1454 5373 1569 5428 Deo
1619 5373 1813 5441 (Eccli.

110 5472 241 5511 xxx.
272 5456 388 5525 24).
426 5475 447 5503 ι
482 5453 601 5510 Nisi
633 5457 785 5513 enim
828 5458 1008 5513 nostri
1057 5458 1308 5528 primum
1355 5458 1811 5526 miserescamus,

112 5544 383 5617 proximo
432 5557 547 5598 non
600 5545 1130 5602 condescendimus.
1186 5548 1379 5603 Eruca
1425 5547 1719 5617 hispidum
1760 5556 1815 5604 et

1924 4424 1946 4451 ι
1983 4416 2157 4472 super
2209 4400 2435 4457 excelsa
2468 4408 2651 4468 terrm,
2712 4399 2988 4456 Dominus
3049 4399 3200 4455 Deus
3251 4398 3613 4455 exercituum

1925 4509 1948 4539 ι
1989 4504 2194 4546 nomen
2224 4490 2371 4560 ejus.
2404 4508 2433 4538 η
2466 4488 2549 4544 Ac
2574 4488 2854 4544 sidiceret
2879 4502 2892 4543 :
2916 4486 3074 4555 Quae,
3105 4486 3313 4556 inquit,
3349 4485 3610 4556 praedixi,

1919 4593 2023 4650 pro
2079 4577 2298 4634 meritis
2351 4575 2450 4632 tibi
2505 4577 2770 4644 inferam,
2843 4586 2920 4643 at,
2987 4583 3289 4646 postquam
3345 4573 3612 4641 intulere,

1922 4669 2098 4722 Deum
2151 4665 2251 4722 tibi
2304 4678 2405 4734 per
2462 4663 2686 4734 ﬂagella
2739 4663 3145 4719 adventantem
3218 4662 3370 4718 bono
3435 4660 3610 4717 animi

1920 4761 2203 4824 apparatu
2255 4752 2502 4821 suscipe,
2553 4766 2681 4808 ecce
2728 4750 2905 4817 enim,
2963 4750 3016 4806 id
3075 4757 3159 4806 est
3195 4756 3399 4819 praesto
3440 4748 3617 4804 habes

1920 4856 2053 4898 eum
2081 4839 2182 4910 qui
2208 4838 2480 4894 informat
2509 4838 2743 4894 virtutis
2773 4837 3036 4893 ubertate
3064 4834 3484 4906 magnanimos,
3518 4834 3615 4891 sed

1921 4928 2165 4986 subinde
2194 4927 2354 4983 novit
2382 4925 2802 4993 excellentiam,
2850 4938 3026 4995 quam
3059 4923 3298 4979 indulsit
3338 4936 3439 4992 per
3487 4930 3616 4978 teu—

1918 5017 2202 5073 tationum
2236 5014 2440 5071 reflare
2477 5015 2810 5086 vertigines,
2849 5028 2953 5069 nec
2982 5020 3172 5068 tamen
3200 5025 3234 5066 a
3273 5025 3331 5066 se
3361 5010 3617 5080 pulsatos

1922 5104 2150 5167 alienat,
2208 5102 2307 5158 sed
2365 5102 2579 5159 intima:
2635 5101 3038 5158 consolationis
3085 5099 3383 5169 eloquium
3438 5098 3520 5153 eis
3558 5096 3616 5152 in

1922 5191 2254 5248 necessitate
2284 5192 2629 5261 suppeditat,
2685 5190 2899 5246 faciens
2953 5188 3185 5259 quidem
3237 5190 3294 5242 in
3334 5186 3618 5242 matutino

1920 5281 2192 5349 nebulam,
2223 5287 2288 5335 ut
2314 5278 2629 5349 primordia
2659 5286 2855 5334 nostra
2885 5277 3237 5348 quibusdam
3269 5274 3621 5330 misceantur

1923 5370 2108 5436 malis,
2144 5368 2286 5438 quia
2323 5381 2488 5422 nemo
2518 5376 2751 5437 repente
2782 5367 2841 5422 fit
2886 5379 3167 5433 summus,
3217 5370 3436 5434 oportet
3465 5362 3621 5418 enim

1924 5466 1990 5515 ut
2016 5456 2318 5529 gradiatur
2341 5471 2504 5525 super
2530 5457 2741 5511 excelsa
2763 5461 2936 5522 terrae,
2968 5453 3246 5509 nimirum
3282 5449 3623 5521 comprimat

1925 5547 2128 5604 rudem
2192 5545 2369 5607 illam,
2427 5554 2481 5601 et
2520 5552 2777 5602 teneram
2832 5541 3227 5600 excellentiam
3280 5538 3623 5597 terrenitatis
