  <div class='ocr_page' id='page_1' title='image "/cluster/home/n/w/nwhite01/storage/ocr_20150623/156/hvd.32044054760145/221.png"; bbox 0 0 3924 6088; ppageno 0'>
   <div class='ocr_carea' id='block_1_1' title="bbox 294 169 2005 235">
    <p class='ocr_par' dir='ltr' id='par_1_1' title="bbox 294 172 2005 235">
     <span class='ocr_line' id='line_1_1' title="bbox 294 172 2005 235; baseline -0.005 -1"><span class='ocrx_word' id='word_1_1' title='bbox 294 182 387 235; x_wconf 69' lang='grc'><strong>431</strong></span> <span class='ocrx_word' id='word_1_2' title='bbox 1198 174 1257 228; x_wconf 85' lang='grc' dir='ltr'><strong>ν.</strong></span> <span class='ocrx_word' id='word_1_3' title='bbox 1299 172 1626 229; x_wconf 82' lang='lat' dir='ltr'><strong>GUIBERTI</strong></span> <span class='ocrx_word' id='word_1_4' title='bbox 1668 172 1957 227; x_wconf 78' lang='lat' dir='ltr'><strong>ABBATlS</strong></span> <span class='ocrx_word' id='word_1_5' title='bbox 1994 174 2005 226; x_wconf 77' lang='grc' dir='ltr'><strong>ε</strong></span> 
     </span>
    </p>
   </div>
   <div class='ocr_carea' id='block_1_2' title="bbox 2194 169 2887 235">
    <p class='ocr_par' dir='ltr' id='par_1_2' title="bbox 2196 169 2887 226">
     <span class='ocr_line' id='line_1_2' title="bbox 2196 169 2887 226; baseline 0 -1"><span class='ocrx_word' id='word_1_6' title='bbox 2196 171 2334 225; x_wconf 73' lang='grc' dir='ltr'><strong>ΒΙιΕ</strong></span> <span class='ocrx_word' id='word_1_7' title='bbox 2370 169 2464 225; x_wconf 83' lang='lat' dir='ltr'><strong>DE</strong></span> <span class='ocrx_word' id='word_1_8' title='bbox 2502 170 2887 226; x_wconf 84' lang='lat' dir='ltr'><strong>NOVlGENTO</strong></span> 
     </span>
    </p>
   </div>
   <div class='ocr_carea' id='block_1_3' title="bbox 3690 170 3801 222">
    <p class='ocr_par' dir='ltr' id='par_1_3' title="bbox 3690 170 3801 222">
     <span class='ocr_line' id='line_1_3' title="bbox 3690 170 3801 222; baseline 0 0"><span class='ocrx_word' id='word_1_9' title='bbox 3690 170 3801 222; x_wconf 66' lang='grc'><strong>432</strong></span> 
     </span>
    </p>
   </div>
   <div class='ocr_carea' id='block_1_4' title="bbox 295 298 3805 375">
    <p class='ocr_par' dir='ltr' id='par_1_4' title="bbox 295 298 3805 375">
     <span class='ocr_line' id='line_1_4' title="bbox 295 298 3805 375; baseline -0.005 -6"><span class='ocrx_word' id='word_1_10' title='bbox 295 321 524 369; x_wconf 90' lang='lat' dir='ltr'><strong>nostrae.</strong></span> <span class='ocrx_word' id='word_1_11' title='bbox 554 314 696 368; x_wconf 84' lang='lat' dir='ltr'><strong>Deus</strong></span> <span class='ocrx_word' id='word_1_12' title='bbox 728 311 1060 366; x_wconf 70' lang='lat' dir='ltr'><strong>exercituum</strong></span> <span class='ocrx_word' id='word_1_13' title='bbox 1085 321 1275 361; x_wconf 83' lang='lat' dir='ltr'><strong><em>nomen</em></strong></span> <span class='ocrx_word' id='word_1_14' title='bbox 1303 305 1448 373; x_wconf 82' lang='lat' dir='ltr'><strong><em>ejus,</em></strong></span> <span class='ocrx_word' id='word_1_15' title='bbox 1488 304 1628 375; x_wconf 83' lang='lat' dir='ltr'><strong>quia</strong></span> <span class='ocrx_word' id='word_1_16' title='bbox 1663 310 1862 373; x_wconf 89' lang='lat' dir='ltr'><strong>potens</strong></span> <span class='ocrx_word' id='word_1_17' title='bbox 1898 308 1982 357; x_wconf 86' lang='lat' dir='ltr'><strong>est</strong></span> <span class='ocrx_word' id='word_1_18' title='bbox 2020 303 2065 355; x_wconf 77' lang='grc' dir='ltr'><strong>Α</strong></span> <span class='ocrx_word' id='word_1_19' title='bbox 2096 301 2508 370; x_wconf 71' lang='lat' dir='ltr'><strong>interpretatur</strong></span> <span class='ocrx_word' id='word_1_20' title='bbox 2563 305 2928 368; x_wconf 81' lang='lat' dir='ltr'><strong><em>augmentum.</em></strong></span> <span class='ocrx_word' id='word_1_21' title='bbox 2984 298 3341 354; x_wconf 81' lang='lat' dir='ltr'><strong>Conscientia</strong></span> <span class='ocrx_word' id='word_1_22' title='bbox 3394 312 3551 369; x_wconf 86' lang='lat' dir='ltr'><strong>ergo,</strong></span> <span class='ocrx_word' id='word_1_23' title='bbox 3621 299 3805 368; x_wconf 87' lang='lat' dir='ltr'><strong>cujus</strong></span> 
     </span>
    </p>
   </div>
   <div class='ocr_carea' id='block_1_5' title="bbox 299 392 1592 468">
    <p class='ocr_par' dir='ltr' id='par_1_5' title="bbox 299 392 1592 468">
     <span class='ocr_line' id='line_1_5' title="bbox 299 392 1592 468; baseline -0.011 -8"><span class='ocrx_word' id='word_1_24' title='bbox 299 400 495 459; x_wconf 86' lang='lat' dir='ltr'><strong>ulcisci</strong></span> <span class='ocrx_word' id='word_1_25' title='bbox 532 396 1016 468; x_wconf 79' lang='lat' dir='ltr'><strong>transgressiones</strong></span> <span class='ocrx_word' id='word_1_26' title='bbox 1041 393 1301 450; x_wconf 87' lang='lat' dir='ltr'><strong>criminis</strong></span> <span class='ocrx_word' id='word_1_27' title='bbox 1325 392 1592 463; x_wconf 84' lang='lat' dir='ltr'><strong>alicujus.</strong></span> 
     </span>
    </p>
   </div>
   <div class='ocr_carea' id='block_1_6' title="bbox 970 481 1313 538">
    <p class='ocr_par' dir='ltr' id='par_1_6' title="bbox 970 481 1313 538">
     <span class='ocr_line' id='line_1_6' title="bbox 970 481 1313 538; baseline -0.012 0"><span class='ocrx_word' id='word_1_28' title='bbox 970 481 1202 538; x_wconf 87' lang='lat' dir='ltr'><strong>CAPUT</strong></span> <span class='ocrx_word' id='word_1_29' title='bbox 1243 482 1313 536; x_wconf 82' lang='lat' dir='ltr'><strong>V.</strong></span> 
     </span>
    </p>
   </div>
   <div class='ocr_carea' id='block_1_7' title="bbox 370 567 1990 639">
    <p class='ocr_par' dir='ltr' id='par_1_7' title="bbox 370 567 1990 639">
     <span class='ocr_line' id='line_1_7' title="bbox 370 567 1990 639; baseline -0.009 -5"><span class='ocrx_word' id='word_1_30' title='bbox 370 578 541 634; x_wconf 74' lang='lat' dir='ltr'><strong>Vens.</strong></span> <span class='ocrx_word' id='word_1_31' title='bbox 578 579 625 629; x_wconf 80' lang='lat' dir='ltr'><strong>t.</strong></span> <span class='ocrx_word' id='word_1_32' title='bbox 656 603 724 614; x_wconf 91' lang='lat'><strong>--</strong></span> <span class='ocrx_word' id='word_1_33' title='bbox 752 595 773 621; x_wconf 70' lang='grc' dir='ltr'>κ</span> <span class='ocrx_word' id='word_1_34' title='bbox 809 572 1017 626; x_wconf 86' lang='lat' dir='ltr'><strong>Audite</strong></span> <span class='ocrx_word' id='word_1_35' title='bbox 1060 571 1301 626; x_wconf 87' lang='lat' dir='ltr'><strong>verbum</strong></span> <span class='ocrx_word' id='word_1_36' title='bbox 1344 570 1495 625; x_wconf 87' lang='lat' dir='ltr'><strong>istud</strong></span> <span class='ocrx_word' id='word_1_37' title='bbox 1540 569 1695 639; x_wconf 92' lang='lat' dir='ltr'><strong>quod</strong></span> <span class='ocrx_word' id='word_1_38' title='bbox 1729 582 1834 637; x_wconf 86' lang='lat' dir='ltr'><strong>ego</strong></span> <span class='ocrx_word' id='word_1_39' title='bbox 1865 567 1990 623; x_wconf 88' lang='lat' dir='ltr'><strong>levo</strong></span> 
     </span>
    </p>
   </div>
   <div class='ocr_carea' id='block_1_8' title="bbox 302 655 1992 735">
    <p class='ocr_par' dir='ltr' id='par_1_8' title="bbox 302 655 1992 735">
     <span class='ocr_line' id='line_1_8' title="bbox 302 655 1992 735; baseline -0.008 -14"><span class='ocrx_word' id='word_1_40' title='bbox 302 690 329 716; x_wconf 81' lang='lat'>»</span> <span class='ocrx_word' id='word_1_41' title='bbox 362 679 533 735; x_wconf 85' lang='lat' dir='ltr'><strong>super</strong></span> <span class='ocrx_word' id='word_1_42' title='bbox 557 678 657 719; x_wconf 89' lang='lat' dir='ltr'><strong>vos</strong></span> <span class='ocrx_word' id='word_1_43' title='bbox 700 662 1015 731; x_wconf 86' lang='lat' dir='ltr'><strong>planctum,</strong></span> <span class='ocrx_word' id='word_1_44' title='bbox 1066 659 1271 714; x_wconf 90' lang='lat' dir='ltr'><strong>domus</strong></span> <span class='ocrx_word' id='word_1_45' title='bbox 1298 658 1492 714; x_wconf 89' lang='lat' dir='ltr'><strong>Israel.</strong></span> <span class='ocrx_word' id='word_1_46' title='bbox 1537 680 1557 705; x_wconf 73' lang='grc' dir='ltr'><strong><em>ι</em></strong></span> <span class='ocrx_word' id='word_1_47' title='bbox 1591 657 1824 712; x_wconf 78' lang='lat' dir='ltr'><strong><em>Verbum</em></strong></span> <span class='ocrx_word' id='word_1_48' title='bbox 1847 655 1992 725; x_wconf 86' lang='lat' dir='ltr'><strong>quod</strong></span> 
     </span>
    </p>
   </div>
   <div class='ocr_carea' id='block_1_9' title="bbox 299 743 1992 823">
    <p class='ocr_par' dir='ltr' id='par_1_9' title="bbox 299 743 1992 823">
     <span class='ocr_line' id='line_1_9' title="bbox 299 743 1992 823; baseline -0.006 -14"><span class='ocrx_word' id='word_1_49' title='bbox 299 770 460 823; x_wconf 85' lang='lat' dir='ltr'><strong>super</strong></span> <span class='ocrx_word' id='word_1_50' title='bbox 487 767 584 809; x_wconf 90' lang='lat' dir='ltr'><strong>eos</strong></span> <span class='ocrx_word' id='word_1_51' title='bbox 633 753 781 807; x_wconf 88' lang='lat' dir='ltr'><strong>Deus</strong></span> <span class='ocrx_word' id='word_1_52' title='bbox 828 749 979 804; x_wconf 85' lang='lat' dir='ltr'><strong>levat</strong></span> <span class='ocrx_word' id='word_1_53' title='bbox 1019 748 1305 818; x_wconf 90' lang='lat' dir='ltr'><strong>jubentnr</strong></span> <span class='ocrx_word' id='word_1_54' title='bbox 1350 746 1571 811; x_wconf 90' lang='lat' dir='ltr'><strong>audire,</strong></span> <span class='ocrx_word' id='word_1_55' title='bbox 1634 759 1768 800; x_wconf 90' lang='lat' dir='ltr'><strong>cum</strong></span> <span class='ocrx_word' id='word_1_56' title='bbox 1819 743 1992 799; x_wconf 91' lang='lat' dir='ltr'><strong>intel-</strong></span> 
     </span>
    </p>
   </div>
   <div class='ocr_carea' id='block_1_10' title="bbox 301 833 1994 905">
    <p class='ocr_par' dir='ltr' id='par_1_10' title="bbox 301 833 1994 905">
     <span class='ocr_line' id='line_1_10' title="bbox 301 833 1994 905; baseline -0.007 -6"><span class='ocrx_word' id='word_1_57' title='bbox 301 842 602 898; x_wconf 90' lang='lat' dir='ltr'><strong>lectualem</strong></span> <span class='ocrx_word' id='word_1_58' title='bbox 655 839 859 896; x_wconf 90' lang='lat' dir='ltr'><strong>mentis</strong></span> <span class='ocrx_word' id='word_1_59' title='bbox 905 837 1185 903; x_wconf 86' lang='lat' dir='ltr'><strong>ordinem,</strong></span> <span class='ocrx_word' id='word_1_60' title='bbox 1235 835 1521 905; x_wconf 89' lang='lat' dir='ltr'><strong>quomodo</strong></span> <span class='ocrx_word' id='word_1_61' title='bbox 1569 834 1785 890; x_wconf 85' lang='lat' dir='ltr'><strong>scilicet</strong></span> <span class='ocrx_word' id='word_1_62' title='bbox 1841 833 1994 887; x_wconf 88' lang='lat' dir='ltr'><strong>Deus</strong></span> 
     </span>
    </p>
   </div>
   <div class='ocr_carea' id='block_1_11' title="bbox 301 923 1995 998">
    <p class='ocr_par' dir='ltr' id='par_1_11' title="bbox 301 923 1995 998">
     <span class='ocr_line' id='line_1_11' title="bbox 301 923 1995 998; baseline -0.006 -12"><span class='ocrx_word' id='word_1_63' title='bbox 301 931 588 998; x_wconf 88' lang='lat' dir='ltr'><strong>humiliat,</strong></span> <span class='ocrx_word' id='word_1_64' title='bbox 621 936 675 985; x_wconf 89' lang='lat' dir='ltr'><strong>et</strong></span> <span class='ocrx_word' id='word_1_65' title='bbox 719 927 935 998; x_wconf 88' lang='lat' dir='ltr'><strong>quibus</strong></span> <span class='ocrx_word' id='word_1_66' title='bbox 993 924 1210 981; x_wconf 90' lang='lat' dir='ltr'><strong>solatiis</strong></span> <span class='ocrx_word' id='word_1_67' title='bbox 1253 930 1502 979; x_wconf 84' lang='lat' dir='ltr'><strong>mentem</strong></span> <span class='ocrx_word' id='word_1_68' title='bbox 1546 923 1829 989; x_wconf 85' lang='lat' dir='ltr'><strong>sublevat,</strong></span> <span class='ocrx_word' id='word_1_69' title='bbox 1878 935 1995 975; x_wconf 88' lang='lat' dir='ltr'><strong>mo-</strong></span> 
     </span>
    </p>
   </div>
   <div class='ocr_carea' id='block_1_12' title="bbox 302 1010 1995 1085">
    <p class='ocr_par' dir='ltr' id='par_1_12' title="bbox 302 1010 1995 1085">
     <span class='ocr_line' id='line_1_12' title="bbox 302 1010 1995 1085; baseline -0.008 -10"><span class='ocrx_word' id='word_1_70' title='bbox 302 1028 516 1075; x_wconf 90' lang='lat' dir='ltr'><strong>nentur</strong></span> <span class='ocrx_word' id='word_1_71' title='bbox 547 1017 874 1085; x_wconf 80' lang='lat' dir='ltr'><strong>intelligere.</strong></span> <span class='ocrx_word' id='word_1_72' title='bbox 910 1015 1027 1070; x_wconf 85' lang='lat' dir='ltr'><strong>Hoc</strong></span> <span class='ocrx_word' id='word_1_73' title='bbox 1055 1013 1274 1067; x_wconf 69' lang='lat' dir='ltr'><strong>verbum</strong></span> <span class='ocrx_word' id='word_1_74' title='bbox 1300 1012 1489 1066; x_wconf 85' lang='lat' dir='ltr'><strong>domus</strong></span> <span class='ocrx_word' id='word_1_75' title='bbox 1522 1012 1692 1066; x_wconf 79' lang='lat' dir='ltr'><strong>Israel</strong></span> <span class='ocrx_word' id='word_1_76' title='bbox 1729 1010 1995 1080; x_wconf 89' lang='lat' dir='ltr'><strong>planctus</strong></span> 
     </span>
    </p>
   </div>
   <div class='ocr_carea' id='block_1_13' title="bbox 301 1095 1993 1175">
    <p class='ocr_par' dir='ltr' id='par_1_13' title="bbox 301 1095 1993 1175">
     <span class='ocr_line' id='line_1_13' title="bbox 301 1095 1993 1175; baseline -0.008 -13"><span class='ocrx_word' id='word_1_77' title='bbox 301 1113 403 1172; x_wconf 88' lang='lat' dir='ltr'><strong>est,</strong></span> <span class='ocrx_word' id='word_1_78' title='bbox 435 1105 575 1175; x_wconf 87' lang='lat' dir='ltr'><strong>quia</strong></span> <span class='ocrx_word' id='word_1_79' title='bbox 621 1103 906 1168; x_wconf 87' lang='lat' dir='ltr'><strong>nesciunt,</strong></span> <span class='ocrx_word' id='word_1_80' title='bbox 934 1101 1015 1169; x_wconf 34' lang='lat' dir='ltr'><strong>f-‘hi</strong></span> <span class='ocrx_word' id='word_1_81' title='bbox 1066 1099 1167 1170; x_wconf 85' lang='lat' dir='ltr'><strong>qui</strong></span> <span class='ocrx_word' id='word_1_82' title='bbox 1206 1098 1279 1153; x_wconf 89' lang='lat' dir='ltr'><strong>ad</strong></span> <span class='ocrx_word' id='word_1_83' title='bbox 1317 1099 1498 1157; x_wconf 83' lang='lat' dir='ltr'><strong>Deum</strong></span> <span class='ocrx_word' id='word_1_84' title='bbox 1546 1098 1711 1167; x_wconf 79' lang='lat' dir='ltr'><strong>dirigi</strong></span> <span class='ocrx_word' id='word_1_85' title='bbox 1766 1095 1993 1159; x_wconf 89' lang='lat' dir='ltr'><strong>volunt,</strong></span> 
     </span>
    </p>
   </div>
   <div class='ocr_carea' id='block_1_14' title="bbox 305 1185 1997 1262">
    <p class='ocr_par' dir='ltr' id='par_1_14' title="bbox 305 1185 1997 1262">
     <span class='ocr_line' id='line_1_14' title="bbox 305 1185 1997 1262; baseline -0.008 -13"><span class='ocrx_word' id='word_1_86' title='bbox 305 1202 501 1250; x_wconf 91' lang='lat' dir='ltr'><strong>utrum</strong></span> <span class='ocrx_word' id='word_1_87' title='bbox 538 1193 661 1262; x_wconf 92' lang='lat' dir='ltr'><strong>ipsa</strong></span> <span class='ocrx_word' id='word_1_88' title='bbox 707 1189 941 1245; x_wconf 89' lang='lat' dir='ltr'><strong>tentatio</strong></span> <span class='ocrx_word' id='word_1_89' title='bbox 990 1188 1183 1253; x_wconf 92' lang='lat' dir='ltr'><strong>ruina,</strong></span> <span class='ocrx_word' id='word_1_90' title='bbox 1235 1200 1308 1241; x_wconf 89' lang='lat' dir='ltr'><strong>an</strong></span> <span class='ocrx_word' id='word_1_91' title='bbox 1362 1186 1519 1241; x_wconf 91' lang='lat' dir='ltr'><strong>salus</strong></span> <span class='ocrx_word' id='word_1_92' title='bbox 1568 1185 1657 1240; x_wconf 89' lang='lat' dir='ltr'><strong>sit.</strong></span> <span class='ocrx_word' id='word_1_93' title='bbox 1712 1203 1739 1235; x_wconf 83' lang='lat'>«</span> <span class='ocrx_word' id='word_1_94' title='bbox 1784 1185 1997 1239; x_wconf 91' lang='lat' dir='ltr'><strong>Domus</strong></span> 
     </span>
    </p>
   </div>
   <div class='ocr_carea' id='block_1_15' title="bbox 305 1271 1994 1346">
    <p class='ocr_par' dir='ltr' id='par_1_15' title="bbox 305 1271 1994 1346">
     <span class='ocr_line' id='line_1_15' title="bbox 305 1271 1994 1346; baseline -0.008 -9"><span class='ocrx_word' id='word_1_95' title='bbox 305 1305 331 1330; x_wconf 83' lang='lat'>»</span> <span class='ocrx_word' id='word_1_96' title='bbox 362 1280 532 1337; x_wconf 87' lang='lat' dir='ltr'><strong>Israel</strong></span> <span class='ocrx_word' id='word_1_97' title='bbox 564 1279 784 1344; x_wconf 84' lang='lat' dir='ltr'><strong>cecidit,</strong></span> <span class='ocrx_word' id='word_1_98' title='bbox 810 1291 923 1332; x_wconf 89' lang='lat' dir='ltr'><strong>non</strong></span> <span class='ocrx_word' id='word_1_99' title='bbox 954 1275 1181 1346; x_wconf 91' lang='lat' dir='ltr'><strong>adjiciet</strong></span> <span class='ocrx_word' id='word_1_100' title='bbox 1213 1282 1275 1330; x_wconf 92' lang='lat' dir='ltr'><strong>ut</strong></span> <span class='ocrx_word' id='word_1_101' title='bbox 1305 1282 1587 1344; x_wconf 83' lang='lat' dir='ltr'><strong>resurgat.</strong></span> <span class='ocrx_word' id='word_1_102' title='bbox 1626 1296 1646 1321; x_wconf 77' lang='grc' dir='ltr'>ι</span> <span class='ocrx_word' id='word_1_103' title='bbox 1682 1273 1878 1342; x_wconf 73' lang='lat' dir='ltr'><strong>(Vnus.</strong></span> <span class='ocrx_word' id='word_1_104' title='bbox 1914 1271 1994 1341; x_wconf 81' lang='lat'><strong>2.)</strong></span> 
     </span>
    </p>
   </div>
   <div class='ocr_carea' id='block_1_16' title="bbox 310 1363 1998 1439">
    <p class='ocr_par' dir='ltr' id='par_1_16' title="bbox 310 1363 1998 1439">
     <span class='ocr_line' id='line_1_16' title="bbox 310 1363 1998 1439; baseline -0.003 -19"><span class='ocrx_word' id='word_1_105' title='bbox 310 1392 332 1420; x_wconf 75' lang='grc' dir='ltr'>ι</span> <span class='ocrx_word' id='word_1_106' title='bbox 371 1371 544 1439; x_wconf 80' lang='lat' dir='ltr'><strong>Virga</strong></span> <span class='ocrx_word' id='word_1_107' title='bbox 580 1366 753 1423; x_wconf 90' lang='lat' dir='ltr'><strong>Israel</strong></span> <span class='ocrx_word' id='word_1_108' title='bbox 787 1364 1035 1435; x_wconf 88' lang='lat' dir='ltr'><strong>projecta</strong></span> <span class='ocrx_word' id='word_1_109' title='bbox 1071 1370 1155 1418; x_wconf 90' lang='lat' dir='ltr'><strong>est</strong></span> <span class='ocrx_word' id='word_1_110' title='bbox 1193 1363 1255 1417; x_wconf 89' lang='lat' dir='ltr'><strong>in</strong></span> <span class='ocrx_word' id='word_1_111' title='bbox 1283 1370 1496 1418; x_wconf 89' lang='lat' dir='ltr'><strong>terram</strong></span> <span class='ocrx_word' id='word_1_112' title='bbox 1530 1376 1718 1429; x_wconf 90' lang='lat' dir='ltr'><strong>suam,</strong></span> <span class='ocrx_word' id='word_1_113' title='bbox 1769 1374 1883 1416; x_wconf 91' lang='lat' dir='ltr'><strong>non</strong></span> <span class='ocrx_word' id='word_1_114' title='bbox 1913 1368 1998 1415; x_wconf 87' lang='lat' dir='ltr'><strong>est</strong></span> 
     </span>
    </p>
   </div>
   <div class='ocr_carea' id='block_1_17' title="bbox 307 1449 1993 1527">
    <p class='ocr_par' dir='ltr' id='par_1_17' title="bbox 307 1449 1993 1527">
     <span class='ocr_line' id='line_1_17' title="bbox 307 1449 1993 1527; baseline -0.001 -22"><span class='ocrx_word' id='word_1_115' title='bbox 307 1482 334 1506; x_wconf 84' lang='grc'><strong>››</strong></span> <span class='ocrx_word' id='word_1_116' title='bbox 365 1456 462 1527; x_wconf 89' lang='lat' dir='ltr'><strong>qui</strong></span> <span class='ocrx_word' id='word_1_117' title='bbox 511 1454 745 1510; x_wconf 84' lang='lat' dir='ltr'><strong>suscitet</strong></span> <span class='ocrx_word' id='word_1_118' title='bbox 786 1467 931 1509; x_wconf 90' lang='lat' dir='ltr'><strong>eam.</strong></span> <span class='ocrx_word' id='word_1_119' title='bbox 985 1471 1013 1503; x_wconf 90' lang='lat'>»</span> <span class='ocrx_word' id='word_1_120' title='bbox 1059 1455 1254 1506; x_wconf 88' lang='lat' dir='ltr'><strong>Domus</strong></span> <span class='ocrx_word' id='word_1_121' title='bbox 1306 1451 1484 1504; x_wconf 80' lang='lat' dir='ltr'><strong>Israel</strong></span> <span class='ocrx_word' id='word_1_122' title='bbox 1524 1450 1694 1515; x_wconf 86' lang='lat' dir='ltr'><strong>cadit,</strong></span> <span class='ocrx_word' id='word_1_123' title='bbox 1757 1463 1887 1504; x_wconf 91' lang='lat' dir='ltr'><strong>cum</strong></span> <span class='ocrx_word' id='word_1_124' title='bbox 1928 1449 1993 1515; x_wconf 87' lang='lat' dir='ltr'><strong>is,</strong></span> 
     </span>
    </p>
   </div>
   <div class='ocr_carea' id='block_1_18' title="bbox 306 1538 1998 1616">
    <p class='ocr_par' dir='ltr' id='par_1_18' title="bbox 306 1538 1998 1616">
     <span class='ocr_line' id='line_1_18' title="bbox 306 1538 1998 1616; baseline -0.004 -17"><span class='ocrx_word' id='word_1_125' title='bbox 306 1546 404 1616; x_wconf 89' lang='lat' dir='ltr'><strong>qui</strong></span> <span class='ocrx_word' id='word_1_126' title='bbox 454 1558 587 1599; x_wconf 91' lang='lat' dir='ltr'><strong>cum</strong></span> <span class='ocrx_word' id='word_1_127' title='bbox 628 1544 741 1598; x_wconf 90' lang='lat' dir='ltr'><strong>Deo</strong></span> <span class='ocrx_word' id='word_1_128' title='bbox 784 1542 930 1596; x_wconf 92' lang='lat' dir='ltr'><strong>inter</strong></span> <span class='ocrx_word' id='word_1_129' title='bbox 971 1547 1319 1596; x_wconf 88' lang='lat' dir='ltr'><strong>tentamenta</strong></span> <span class='ocrx_word' id='word_1_130' title='bbox 1367 1540 1677 1608; x_wconf 83' lang='lat' dir='ltr'><strong>principari</strong></span> <span class='ocrx_word' id='word_1_131' title='bbox 1723 1538 1998 1593; x_wconf 80' lang='lat' dir='ltr'><strong>debuerat</strong></span> 
     </span>
    </p>
   </div>
   <div class='ocr_carea' id='block_1_19' title="bbox 306 1628 1999 1713">
    <p class='ocr_par' dir='ltr' id='par_1_19' title="bbox 306 1628 1999 1713">
     <span class='ocr_line' id='line_1_19' title="bbox 306 1628 1999 1713; baseline -0.005 -24"><span class='ocrx_word' id='word_1_132' title='bbox 306 1636 632 1699; x_wconf 79' lang='lat' dir='ltr'><strong>subsistere,</strong></span> <span class='ocrx_word' id='word_1_133' title='bbox 686 1646 802 1686; x_wconf 89' lang='lat' dir='ltr'><strong>non</strong></span> <span class='ocrx_word' id='word_1_134' title='bbox 833 1630 1298 1713; x_wconf 44' lang='lat' dir='ltr'><strong>sufﬁcitjlsrael</strong></span> <span class='ocrx_word' id='word_1_135' title='bbox 1351 1628 1501 1684; x_wconf 87' lang='lat' dir='ltr'><strong>enim</strong></span> <span class='ocrx_word' id='word_1_136' title='bbox 1555 1628 1820 1697; x_wconf 85' lang='lat' dir='ltr'><strong>princeps</strong></span> <span class='ocrx_word' id='word_1_137' title='bbox 1865 1642 1999 1682; x_wconf 89' lang='lat' dir='ltr'><strong>cum</strong></span> 
     </span>
    </p>
   </div>
   <div class='ocr_carea' id='block_1_20' title="bbox 312 1716 2002 1788">
    <p class='ocr_par' dir='ltr' id='par_1_20' title="bbox 312 1716 2002 1788">
     <span class='ocr_line' id='line_1_20' title="bbox 312 1716 2002 1788; baseline -0.006 -9"><span class='ocrx_word' id='word_1_138' title='bbox 312 1726 421 1779; x_wconf 88' lang='lat' dir='ltr'><strong>Deo</strong></span> <span class='ocrx_word' id='word_1_139' title='bbox 467 1731 570 1777; x_wconf 89' lang='lat' dir='ltr'><strong>est.</strong></span> <span class='ocrx_word' id='word_1_140' title='bbox 615 1722 732 1776; x_wconf 86' lang='lat' dir='ltr'><strong>Non</strong></span> <span class='ocrx_word' id='word_1_141' title='bbox 776 1718 971 1788; x_wconf 76' lang='lat' dir='ltr'><strong>adjicit</strong></span> <span class='ocrx_word' id='word_1_142' title='bbox 1028 1725 1087 1770; x_wconf 84' lang='lat' dir='ltr'><strong>ut</strong></span> <span class='ocrx_word' id='word_1_143' title='bbox 1134 1722 1405 1784; x_wconf 82' lang='lat' dir='ltr'><strong>resurgat,</strong></span> <span class='ocrx_word' id='word_1_144' title='bbox 1458 1732 1588 1771; x_wconf 89' lang='lat' dir='ltr'><strong>cum</strong></span> <span class='ocrx_word' id='word_1_145' title='bbox 1635 1730 1706 1771; x_wconf 82' lang='lat' dir='ltr'><strong>ex</strong></span> <span class='ocrx_word' id='word_1_146' title='bbox 1771 1716 2002 1785; x_wconf 89' lang='lat' dir='ltr'><strong>propria</strong></span> 
     </span>
    </p>
   </div>
   <div class='ocr_carea' id='block_1_21' title="bbox 308 1803 1996 1876">
    <p class='ocr_par' dir='ltr' id='par_1_21' title="bbox 308 1803 1996 1876">
     <span class='ocr_line' id='line_1_21' title="bbox 308 1803 1996 1876; baseline -0.006 -9"><span class='ocrx_word' id='word_1_147' title='bbox 308 1810 651 1867; x_wconf 90' lang='lat' dir='ltr'><strong>lentitudine</strong></span> <span class='ocrx_word' id='word_1_148' title='bbox 678 1808 1012 1876; x_wconf 84' lang='lat' dir='ltr'><strong>desperatus</strong></span> <span class='ocrx_word' id='word_1_149' title='bbox 1036 1820 1341 1875; x_wconf 81' lang='lat' dir='ltr'><strong>nunquam</strong></span> <span class='ocrx_word' id='word_1_150' title='bbox 1375 1805 1445 1859; x_wconf 88' lang='lat' dir='ltr'><strong>ad</strong></span> <span class='ocrx_word' id='word_1_151' title='bbox 1477 1804 1713 1859; x_wconf 89' lang='lat' dir='ltr'><strong>meliora</strong></span> <span class='ocrx_word' id='word_1_152' title='bbox 1736 1803 1996 1874; x_wconf 82' lang='lat' dir='ltr'><strong>respirat.</strong></span> 
     </span>
    </p>
   </div>
   <div class='ocr_carea' id='block_1_22' title="bbox 316 1893 1998 1964">
    <p class='ocr_par' dir='ltr' id='par_1_22' title="bbox 316 1893 1998 1964">
     <span class='ocr_line' id='line_1_22' title="bbox 316 1893 1998 1964; baseline -0.003 -10"><span class='ocrx_word' id='word_1_153' title='bbox 316 1902 480 1964; x_wconf 78' lang='lat' dir='ltr'><strong>Virgo</strong></span> <span class='ocrx_word' id='word_1_154' title='bbox 510 1898 688 1951; x_wconf 82' lang='lat' dir='ltr'><strong>Israel</strong></span> <span class='ocrx_word' id='word_1_155' title='bbox 715 1898 773 1949; x_wconf 76' lang='lat' dir='ltr'><strong>in</strong></span> <span class='ocrx_word' id='word_1_156' title='bbox 824 1901 1025 1948; x_wconf 86' lang='lat' dir='ltr'><strong>terram</strong></span> <span class='ocrx_word' id='word_1_157' title='bbox 1065 1910 1220 1947; x_wconf 85' lang='lat' dir='ltr'><strong>suum</strong></span> <span class='ocrx_word' id='word_1_158' title='bbox 1264 1893 1585 1963; x_wconf 84' lang='lat' dir='ltr'><strong>projicitur,</strong></span> <span class='ocrx_word' id='word_1_159' title='bbox 1617 1907 1749 1947; x_wconf 86' lang='lat' dir='ltr'><strong>cum</strong></span> <span class='ocrx_word' id='word_1_160' title='bbox 1800 1906 1998 1949; x_wconf 88' lang='lat' dir='ltr'><strong>eorum</strong></span> 
     </span>
    </p>
   </div>
   <div class='ocr_carea' id='block_1_23' title="bbox 307 1981 1998 2052">
    <p class='ocr_par' dir='ltr' id='par_1_23' title="bbox 307 1981 1998 2052">
     <span class='ocr_line' id='line_1_23' title="bbox 307 1981 1998 2052; baseline -0.005 -9"><span class='ocrx_word' id='word_1_161' title='bbox 307 1986 575 2043; x_wconf 89' lang='lat' dir='ltr'><strong>sterilitas</strong></span> <span class='ocrx_word' id='word_1_162' title='bbox 630 1983 809 2039; x_wconf 91' lang='lat' dir='ltr'><strong>animi</strong></span> <span class='ocrx_word' id='word_1_163' title='bbox 857 1983 963 2038; x_wconf 90' lang='lat' dir='ltr'><strong>sub</strong></span> <span class='ocrx_word' id='word_1_164' title='bbox 1014 1983 1247 2052; x_wconf 90' lang='lat' dir='ltr'><strong>propria</strong></span> <span class='ocrx_word' id='word_1_165' title='bbox 1295 1982 1610 2037; x_wconf 90' lang='lat' dir='ltr'><strong>temeritate</strong></span> <span class='ocrx_word' id='word_1_166' title='bbox 1661 1981 1998 2037; x_wconf 87' lang='lat' dir='ltr'><strong>demittitur.</strong></span> 
     </span>
    </p>
   </div>
   <div class='ocr_carea' id='block_1_24' title="bbox 310 2069 2004 2141">
    <p class='ocr_par' dir='ltr' id='par_1_24' title="bbox 310 2069 2004 2141">
     <span class='ocr_line' id='line_1_24' title="bbox 310 2069 2004 2141; baseline -0.005 -10"><span class='ocrx_word' id='word_1_167' title='bbox 310 2077 426 2131; x_wconf 87' lang='lat' dir='ltr'><strong>Non</strong></span> <span class='ocrx_word' id='word_1_168' title='bbox 472 2079 551 2127; x_wconf 87' lang='lat' dir='ltr'><strong>est</strong></span> <span class='ocrx_word' id='word_1_169' title='bbox 607 2075 704 2141; x_wconf 88' lang='lat' dir='ltr'><strong>qui</strong></span> <span class='ocrx_word' id='word_1_170' title='bbox 750 2074 970 2125; x_wconf 83' lang='lat' dir='ltr'><strong>suscitet</strong></span> <span class='ocrx_word' id='word_1_171' title='bbox 1027 2085 1165 2136; x_wconf 87' lang='lat' dir='ltr'><strong>eam,</strong></span> <span class='ocrx_word' id='word_1_172' title='bbox 1235 2069 1374 2140; x_wconf 88' lang='lat' dir='ltr'><strong>quia</strong></span> <span class='ocrx_word' id='word_1_173' title='bbox 1445 2077 1636 2124; x_wconf 88' lang='lat' dir='ltr'><strong>motus</strong></span> <span class='ocrx_word' id='word_1_174' title='bbox 1708 2070 2004 2125; x_wconf 89' lang='lat' dir='ltr'><strong>rationalis</strong></span> 
     </span>
    </p>
   </div>
   <div class='ocr_carea' id='block_1_25' title="bbox 306 2157 2003 2231">
    <p class='ocr_par' dir='ltr' id='par_1_25' title="bbox 306 2157 2003 2231">
     <span class='ocr_line' id='line_1_25' title="bbox 306 2157 2003 2231; baseline -0.004 -13"><span class='ocrx_word' id='word_1_175' title='bbox 306 2161 719 2231; x_wconf 80' lang='lat' dir='ltr'><strong>exstinguitur,</strong></span> <span class='ocrx_word' id='word_1_176' title='bbox 765 2159 865 2229; x_wconf 89' lang='lat' dir='ltr'><strong>qui</strong></span> <span class='ocrx_word' id='word_1_177' title='bbox 897 2158 1095 2213; x_wconf 87' lang='lat' dir='ltr'><strong>talium</strong></span> <span class='ocrx_word' id='word_1_178' title='bbox 1139 2157 1271 2212; x_wconf 80' lang='lat' dir='ltr'><strong>facit</strong></span> <span class='ocrx_word' id='word_1_179' title='bbox 1316 2157 1659 2213; x_wconf 80' lang='lat' dir='ltr'><strong>revirescere</strong></span> <span class='ocrx_word' id='word_1_180' title='bbox 1705 2158 2003 2213; x_wconf 86' lang='lat' dir='ltr'><strong>conscien-</strong></span> 
     </span>
    </p>
   </div>
   <div class='ocr_carea' id='block_1_26' title="bbox 308 2251 471 2307">
    <p class='ocr_par' dir='ltr' id='par_1_26' title="bbox 308 2251 471 2307">
     <span class='ocr_line' id='line_1_26' title="bbox 308 2251 471 2307; baseline -0.012 0"><span class='ocrx_word' id='word_1_181' title='bbox 308 2251 471 2307; x_wconf 88' lang='lat' dir='ltr'><strong>tiam.</strong></span> 
     </span>
    </p>
   </div>
   <div class='ocr_carea' id='block_1_27' title="bbox 381 2334 2002 2401">
    <p class='ocr_par' dir='ltr' id='par_1_27' title="bbox 381 2334 2002 2401">
     <span class='ocr_line' id='line_1_27' title="bbox 381 2334 2002 2401; baseline -0.004 -7"><span class='ocrx_word' id='word_1_182' title='bbox 381 2338 552 2395; x_wconf 74' lang='lat' dir='ltr'><strong>Vnus.</strong></span> <span class='ocrx_word' id='word_1_183' title='bbox 586 2340 635 2391; x_wconf 91' lang='lat'><strong>3.</strong></span> <span class='ocrx_word' id='word_1_184' title='bbox 671 2366 738 2376; x_wconf 94' lang='lat'><strong>—</strong></span> <span class='ocrx_word' id='word_1_185' title='bbox 766 2358 788 2384; x_wconf 77' lang='grc' dir='ltr'>ι</span> <span class='ocrx_word' id='word_1_186' title='bbox 824 2335 970 2401; x_wconf 86' lang='lat' dir='ltr'><strong>Quia</strong></span> <span class='ocrx_word' id='word_1_187' title='bbox 1022 2336 1141 2390; x_wconf 61' lang='lat' dir='ltr'><strong>haec</strong></span> <span class='ocrx_word' id='word_1_188' title='bbox 1172 2335 1308 2390; x_wconf 83' lang='lat' dir='ltr'><strong>dicit</strong></span> <span class='ocrx_word' id='word_1_189' title='bbox 1353 2335 1672 2389; x_wconf 91' lang='lat' dir='ltr'><strong>Dominus:</strong></span> <span class='ocrx_word' id='word_1_190' title='bbox 1735 2335 1900 2401; x_wconf 89' lang='lat' dir='ltr'><strong>Urbs,</strong></span> <span class='ocrx_word' id='word_1_191' title='bbox 1934 2334 2002 2389; x_wconf 86' lang='lat' dir='ltr'><strong>de</strong></span> 
     </span>
    </p>
   </div>
   <div class='ocr_carea' id='block_1_28' title="bbox 318 2422 2002 2498">
    <p class='ocr_par' dir='ltr' id='par_1_28' title="bbox 318 2422 2002 2498">
     <span class='ocr_line' id='line_1_28' title="bbox 318 2422 2002 2498; baseline 0.001 -23"><span class='ocrx_word' id='word_1_192' title='bbox 318 2452 334 2475; x_wconf 73' lang='grc' dir='ltr'><strong>ο</strong></span> <span class='ocrx_word' id='word_1_193' title='bbox 366 2441 485 2498; x_wconf 88' lang='lat' dir='ltr'><strong>qua</strong></span> <span class='ocrx_word' id='word_1_194' title='bbox 530 2424 974 2495; x_wconf 83' lang='lat' dir='ltr'><strong>egrediebantur</strong></span> <span class='ocrx_word' id='word_1_195' title='bbox 1006 2423 1177 2485; x_wconf 87' lang='lat' dir='ltr'><strong>mille.</strong></span> <span class='ocrx_word' id='word_1_196' title='bbox 1230 2423 1636 2492; x_wconf 86' lang='lat' dir='ltr'><strong>relinquentur</strong></span> <span class='ocrx_word' id='word_1_197' title='bbox 1666 2422 1724 2477; x_wconf 92' lang='lat' dir='ltr'><strong>in</strong></span> <span class='ocrx_word' id='word_1_198' title='bbox 1768 2436 1834 2477; x_wconf 92' lang='lat' dir='ltr'><strong>ea</strong></span> <span class='ocrx_word' id='word_1_199' title='bbox 1864 2436 2002 2478; x_wconf 91' lang='lat' dir='ltr'><strong>cen—</strong></span> 
     </span>
    </p>
   </div>
   <div class='ocr_carea' id='block_1_29' title="bbox 312 2511 2004 2582">
    <p class='ocr_par' dir='ltr' id='par_1_29' title="bbox 312 2511 2004 2582">
     <span class='ocr_line' id='line_1_29' title="bbox 312 2511 2004 2582; baseline -0.004 -11"><span class='ocrx_word' id='word_1_200' title='bbox 312 2538 340 2564; x_wconf 88' lang='grc'><strong><em>››</em></strong></span> <span class='ocrx_word' id='word_1_201' title='bbox 362 2524 482 2571; x_wconf 92' lang='lat' dir='ltr'><strong>tum</strong></span> <span class='ocrx_word' id='word_1_202' title='bbox 510 2530 522 2569; x_wconf 93' lang='lat'>:</span> <span class='ocrx_word' id='word_1_203' title='bbox 549 2514 683 2569; x_wconf 90' lang='lat' dir='ltr'><strong>etde</strong></span> <span class='ocrx_word' id='word_1_204' title='bbox 706 2526 824 2582; x_wconf 89' lang='lat' dir='ltr'><strong>qua</strong></span> <span class='ocrx_word' id='word_1_205' title='bbox 844 2511 1294 2581; x_wconf 84' lang='lat' dir='ltr'><strong>egrediebantur</strong></span> <span class='ocrx_word' id='word_1_206' title='bbox 1318 2519 1568 2575; x_wconf 89' lang='lat' dir='ltr'><strong>centum,</strong></span> <span class='ocrx_word' id='word_1_207' title='bbox 1601 2511 2004 2580; x_wconf 89' lang='lat' dir='ltr'><strong>relinquentur</strong></span> 
     </span>
    </p>
   </div>
   <div class='ocr_carea' id='block_1_30' title="bbox 316 2598 2004 2670">
    <p class='ocr_par' dir='ltr' id='par_1_30' title="bbox 316 2598 2004 2670">
     <span class='ocr_line' id='line_1_30' title="bbox 316 2598 2004 2670; baseline -0.002 -13"><span class='ocrx_word' id='word_1_208' title='bbox 316 2627 336 2652; x_wconf 72' lang='grc' dir='ltr'><strong><em>ι</em></strong></span> <span class='ocrx_word' id='word_1_209' title='bbox 372 2603 431 2658; x_wconf 89' lang='lat' dir='ltr'><strong>in</strong></span> <span class='ocrx_word' id='word_1_210' title='bbox 461 2616 529 2657; x_wconf 88' lang='lat' dir='ltr'><strong>ea</strong></span> <span class='ocrx_word' id='word_1_211' title='bbox 562 2601 754 2656; x_wconf 87' lang='lat' dir='ltr'><strong>decem</strong></span> <span class='ocrx_word' id='word_1_212' title='bbox 787 2600 843 2654; x_wconf 92' lang='lat' dir='ltr'><strong>in</strong></span> <span class='ocrx_word' id='word_1_213' title='bbox 876 2601 1045 2655; x_wconf 91' lang='lat' dir='ltr'><strong>domo</strong></span> <span class='ocrx_word' id='word_1_214' title='bbox 1080 2599 1272 2654; x_wconf 89' lang='lat' dir='ltr'><strong>Israel.</strong></span> <span class='ocrx_word' id='word_1_215' title='bbox 1320 2620 1340 2647; x_wconf 76' lang='grc' dir='ltr'>ιι</span> <span class='ocrx_word' id='word_1_216' title='bbox 1377 2601 1455 2654; x_wconf 80' lang='lat' dir='ltr'><strong>De</strong></span> <span class='ocrx_word' id='word_1_217' title='bbox 1484 2598 1628 2654; x_wconf 88' lang='lat' dir='ltr'><strong>urbe</strong></span> <span class='ocrx_word' id='word_1_218' title='bbox 1656 2601 1803 2653; x_wconf 85' lang='lat' dir='ltr'><strong>mitte</strong></span> <span class='ocrx_word' id='word_1_219' title='bbox 1835 2612 2004 2670; x_wconf 86' lang='lat' dir='ltr'><strong>egre-</strong></span> 
     </span>
    </p>
   </div>
   <div class='ocr_carea' id='block_1_31' title="bbox 311 2686 2006 2757">
    <p class='ocr_par' dir='ltr' id='par_1_31' title="bbox 311 2686 2006 2757">
     <span class='ocr_line' id='line_1_31' title="bbox 311 2686 2006 2757; baseline -0.002 -12"><span class='ocrx_word' id='word_1_220' title='bbox 311 2691 571 2757; x_wconf 89' lang='lat' dir='ltr'><strong>diuntur,</strong></span> <span class='ocrx_word' id='word_1_221' title='bbox 622 2703 756 2743; x_wconf 92' lang='lat' dir='ltr'><strong>cum</strong></span> <span class='ocrx_word' id='word_1_222' title='bbox 810 2688 886 2756; x_wconf 90' lang='lat' dir='ltr'><strong>pii</strong></span> <span class='ocrx_word' id='word_1_223' title='bbox 945 2687 1122 2743; x_wconf 87' lang='lat' dir='ltr'><strong>studii</strong></span> <span class='ocrx_word' id='word_1_224' title='bbox 1176 2688 1524 2742; x_wconf 85' lang='lat' dir='ltr'><strong>universitas</strong></span> <span class='ocrx_word' id='word_1_225' title='bbox 1569 2701 1603 2741; x_wconf 88' lang='lat' dir='ltr'><strong>a</strong></span> <span class='ocrx_word' id='word_1_226' title='bbox 1659 2686 2006 2742; x_wconf 89' lang='lat' dir='ltr'><strong>conscientia</strong></span> 
     </span>
    </p>
   </div>
   <div class='ocr_carea' id='block_1_32' title="bbox 313 2775 2003 2845">
    <p class='ocr_par' dir='ltr' id='par_1_32' title="bbox 313 2775 2003 2845">
     <span class='ocr_line' id='line_1_32' title="bbox 313 2775 2003 2845; baseline -0.004 -11"><span class='ocrx_word' id='word_1_227' title='bbox 313 2778 494 2834; x_wconf 89' lang='lat' dir='ltr'><strong>solida</strong></span> <span class='ocrx_word' id='word_1_228' title='bbox 531 2776 851 2843; x_wconf 89' lang='lat' dir='ltr'><strong>derivatur,</strong></span> <span class='ocrx_word' id='word_1_229' title='bbox 888 2790 1018 2845; x_wconf 64' lang='lat' dir='ltr'><strong>qum</strong></span> <span class='ocrx_word' id='word_1_230' title='bbox 1067 2776 1362 2844; x_wconf 88' lang='lat' dir='ltr'><strong>plenitudo</strong></span> <span class='ocrx_word' id='word_1_231' title='bbox 1392 2775 1463 2830; x_wconf 88' lang='lat' dir='ltr'><strong>ad</strong></span> <span class='ocrx_word' id='word_1_232' title='bbox 1521 2781 1731 2829; x_wconf 85' lang='lat' dir='ltr'><strong>centum</strong></span> <span class='ocrx_word' id='word_1_233' title='bbox 1772 2775 2003 2845; x_wconf 86' lang='lat' dir='ltr'><strong>redigi-</strong></span> 
     </span>
    </p>
   </div>
   <div class='ocr_carea' id='block_1_33' title="bbox 2099 386 3801 458">
    <p class='ocr_par' dir='ltr' id='par_1_33' title="bbox 2099 386 3801 458">
     <span class='ocr_line' id='line_1_33' title="bbox 2099 386 3801 458; baseline -0.001 -14"><span class='ocrx_word' id='word_1_234' title='bbox 2099 397 2217 445; x_wconf 88' lang='lat' dir='ltr'><strong>tota</strong></span> <span class='ocrx_word' id='word_1_235' title='bbox 2249 390 2484 445; x_wconf 88' lang='lat' dir='ltr'><strong>intentio</strong></span> <span class='ocrx_word' id='word_1_236' title='bbox 2528 388 2839 444; x_wconf 83' lang='lat' dir='ltr'><strong>exterioris</strong></span> <span class='ocrx_word' id='word_1_237' title='bbox 2869 388 3033 444; x_wconf 70' lang='lat' dir='ltr'><strong>famae</strong></span> <span class='ocrx_word' id='word_1_238' title='bbox 3070 395 3383 458; x_wconf 86' lang='lat' dir='ltr'><strong>augmento</strong></span> <span class='ocrx_word' id='word_1_239' title='bbox 3432 386 3801 451; x_wconf 79' lang='lat' dir='ltr'><strong>commilitat,</strong></span> 
     </span>
    </p>
   </div>
   <div class='ocr_carea' id='block_1_34' title="bbox 2097 474 3801 545">
    <p class='ocr_par' dir='ltr' id='par_1_34' title="bbox 2097 474 3801 545">
     <span class='ocr_line' id='line_1_34' title="bbox 2097 474 3801 545; baseline -0.002 -12"><span class='ocrx_word' id='word_1_240' title='bbox 2097 477 2477 544; x_wconf 89' lang='lat' dir='ltr'><strong>comburitur,</strong></span> <span class='ocrx_word' id='word_1_241' title='bbox 2536 491 2669 532; x_wconf 91' lang='lat' dir='ltr'><strong>cum</strong></span> <span class='ocrx_word' id='word_1_242' title='bbox 2740 474 3217 545; x_wconf 87' lang='lat' dir='ltr'><strong>concupiscentiis</strong></span> <span class='ocrx_word' id='word_1_243' title='bbox 3266 474 3417 530; x_wconf 88' lang='lat' dir='ltr'><strong>intro</strong></span> <span class='ocrx_word' id='word_1_244' title='bbox 3466 475 3801 539; x_wconf 84' lang='lat' dir='ltr'><strong>addicitur;</strong></span> 
     </span>
    </p>
   </div>
   <div class='ocr_carea' id='block_1_35' title="bbox 2098 563 3807 635">
    <p class='ocr_par' dir='ltr' id='par_1_35' title="bbox 2098 563 3807 635">
     <span class='ocr_line' id='line_1_35' title="bbox 2098 563 3807 635; baseline -0.002 -15"><span class='ocrx_word' id='word_1_245' title='bbox 2098 566 2304 621; x_wconf 90' lang='lat' dir='ltr'><strong>domus</strong></span> <span class='ocrx_word' id='word_1_246' title='bbox 2329 566 2448 631; x_wconf 91' lang='lat' dir='ltr'><strong>Dei,</strong></span> <span class='ocrx_word' id='word_1_247' title='bbox 2483 566 2637 635; x_wconf 90' lang='lat' dir='ltr'><strong>quod</strong></span> <span class='ocrx_word' id='word_1_248' title='bbox 2676 574 2759 620; x_wconf 91' lang='lat' dir='ltr'><strong>est</strong></span> <span class='ocrx_word' id='word_1_249' title='bbox 2789 565 2980 621; x_wconf 91' lang='lat' dir='ltr'><strong>Bethel</strong></span> <span class='ocrx_word' id='word_1_250' title='bbox 3016 578 3130 619; x_wconf 91' lang='lat' dir='ltr'><strong>non</strong></span> <span class='ocrx_word' id='word_1_251' title='bbox 3172 577 3330 629; x_wconf 88' lang='lat' dir='ltr'><strong>vera,</strong></span> <span class='ocrx_word' id='word_1_252' title='bbox 3360 564 3457 619; x_wconf 89' lang='lat' dir='ltr'><strong>sed</strong></span> <span class='ocrx_word' id='word_1_253' title='bbox 3501 563 3807 633; x_wconf 83' lang='lat' dir='ltr'><strong>imagina-</strong></span> 
     </span>
    </p>
   </div>
   <div class='ocr_carea' id='block_1_36' title="bbox 2099 652 3805 722">
    <p class='ocr_par' dir='ltr' id='par_1_36' title="bbox 2099 652 3805 722">
     <span class='ocr_line' id='line_1_36' title="bbox 2099 652 3805 722; baseline -0.003 -12"><span class='ocrx_word' id='word_1_254' title='bbox 2099 654 2208 721; x_wconf 90' lang='lat' dir='ltr'><strong>ria,</strong></span> <span class='ocrx_word' id='word_1_255' title='bbox 2233 652 2313 710; x_wconf 91' lang='lat' dir='ltr'><strong>ita</strong></span> <span class='ocrx_word' id='word_1_256' title='bbox 2341 660 2404 709; x_wconf 94' lang='lat' dir='ltr'><strong>ut</strong></span> <span class='ocrx_word' id='word_1_257' title='bbox 2426 667 2539 708; x_wconf 91' lang='lat' dir='ltr'><strong>non</strong></span> <span class='ocrx_word' id='word_1_258' title='bbox 2579 655 2670 720; x_wconf 90' lang='lat' dir='ltr'><strong>sit,</strong></span> <span class='ocrx_word' id='word_1_259' title='bbox 2702 653 3030 719; x_wconf 88' lang='lat' dir='ltr'><strong>devoratur,</strong></span> <span class='ocrx_word' id='word_1_260' title='bbox 3056 652 3196 722; x_wconf 90' lang='lat' dir='ltr'><strong>quia</strong></span> <span class='ocrx_word' id='word_1_261' title='bbox 3217 665 3251 706; x_wconf 88' lang='lat' dir='ltr'><strong>a</strong></span> <span class='ocrx_word' id='word_1_262' title='bbox 3280 652 3473 707; x_wconf 85' lang='lat' dir='ltr'><strong>fructu</strong></span> <span class='ocrx_word' id='word_1_263' title='bbox 3499 652 3805 721; x_wconf 88' lang='lat' dir='ltr'><strong>opinionis</strong></span> 
     </span>
    </p>
   </div>
   <div class='ocr_carea' id='block_1_37' title="bbox 2101 742 2638 814">
    <p class='ocr_par' dir='ltr' id='par_1_37' title="bbox 2101 742 2638 814">
     <span class='ocr_line' id='line_1_37' title="bbox 2101 742 2638 814; baseline -0.006 -16"><span class='ocrx_word' id='word_1_264' title='bbox 2101 757 2326 814; x_wconf 64' lang='lat' dir='ltr'><strong>magnae</strong></span> <span class='ocrx_word' id='word_1_265' title='bbox 2353 742 2638 812; x_wconf 87' lang='lat' dir='ltr'><strong>privatur.</strong></span> 
     </span>
    </p>
   </div>
   <div class='ocr_carea' id='block_1_38' title="bbox 2170 828 3807 899">
    <p class='ocr_par' dir='ltr' id='par_1_38' title="bbox 2170 828 3807 899">
     <span class='ocr_line' id='line_1_38' title="bbox 2170 828 3807 899; baseline -0.001 -15"><span class='ocrx_word' id='word_1_266' title='bbox 2170 833 2334 888; x_wconf 74' lang='lat' dir='ltr'><strong>Vnus.</strong></span> <span class='ocrx_word' id='word_1_267' title='bbox 2386 836 2439 898; x_wconf 91' lang='lat'><strong>7,</strong></span> <span class='ocrx_word' id='word_1_268' title='bbox 2494 831 2548 886; x_wconf 90' lang='lat'><strong>8.</strong></span> <span class='ocrx_word' id='word_1_269' title='bbox 2605 861 2672 868; x_wconf 90' lang='lat'><strong>-—</strong></span> <span class='ocrx_word' id='word_1_270' title='bbox 2719 853 2738 878; x_wconf 75' lang='grc' dir='ltr'><strong><em>α</em></strong></span> <span class='ocrx_word' id='word_1_271' title='bbox 2783 829 2888 896; x_wconf 87' lang='lat' dir='ltr'><strong>Qui</strong></span> <span class='ocrx_word' id='word_1_272' title='bbox 2920 830 3253 885; x_wconf 89' lang='lat' dir='ltr'><strong>convertitis</strong></span> <span class='ocrx_word' id='word_1_273' title='bbox 3301 831 3362 885; x_wconf 88' lang='lat' dir='ltr'><strong>in</strong></span> <span class='ocrx_word' id='word_1_274' title='bbox 3416 828 3807 899; x_wconf 81' lang='lat' dir='ltr'><strong>absynthium</strong></span> 
     </span>
    </p>
   </div>
   <div class='ocr_carea' id='block_1_39' title="bbox 2108 917 3813 991">
    <p class='ocr_par' dir='ltr' id='par_1_39' title="bbox 2108 917 3813 991">
     <span class='ocr_line' id='line_1_39' title="bbox 2108 917 3813 991; baseline -0.002 -16"><span class='ocrx_word' id='word_1_275' title='bbox 2108 943 2129 968; x_wconf 66' lang='grc' dir='ltr'><strong>π</strong></span> <span class='ocrx_word' id='word_1_276' title='bbox 2165 920 2473 991; x_wconf 89' lang='lat' dir='ltr'><strong>judicium,</strong></span> <span class='ocrx_word' id='word_1_277' title='bbox 2533 926 2588 974; x_wconf 91' lang='lat' dir='ltr'><strong>et</strong></span> <span class='ocrx_word' id='word_1_278' title='bbox 2648 917 2929 989; x_wconf 89' lang='lat' dir='ltr'><strong>justitiam</strong></span> <span class='ocrx_word' id='word_1_279' title='bbox 2976 917 3034 972; x_wconf 90' lang='lat' dir='ltr'><strong>in</strong></span> <span class='ocrx_word' id='word_1_280' title='bbox 3079 926 3233 973; x_wconf 90' lang='lat' dir='ltr'><strong>terra</strong></span> <span class='ocrx_word' id='word_1_281' title='bbox 3281 918 3626 988; x_wconf 90' lang='lat' dir='ltr'><strong>relinquitis.</strong></span> <span class='ocrx_word' id='word_1_282' title='bbox 3690 918 3813 972; x_wconf 90' lang='lat' dir='ltr'><strong>Fa-</strong></span> 
     </span>
    </p>
   </div>
   <div class='ocr_carea' id='block_1_40' title="bbox 2107 1006 3812 1074">
    <p class='ocr_par' dir='ltr' id='par_1_40' title="bbox 2107 1006 3812 1074">
     <span class='ocr_line' id='line_1_40' title="bbox 2107 1006 3812 1074; baseline 0 -13"><span class='ocrx_word' id='word_1_283' title='bbox 2107 1030 2126 1055; x_wconf 76' lang='grc' dir='ltr'><strong>ι</strong></span> <span class='ocrx_word' id='word_1_284' title='bbox 2163 1008 2401 1063; x_wconf 87' lang='lat' dir='ltr'><strong>cientem</strong></span> <span class='ocrx_word' id='word_1_285' title='bbox 2446 1009 2779 1073; x_wconf 84' lang='lat' dir='ltr'><strong>Arcturum,</strong></span> <span class='ocrx_word' id='word_1_286' title='bbox 2830 1014 2883 1062; x_wconf 90' lang='lat' dir='ltr'><strong>et</strong></span> <span class='ocrx_word' id='word_1_287' title='bbox 2925 1006 3213 1074; x_wconf 88' lang='lat' dir='ltr'><strong>Orionem,</strong></span> <span class='ocrx_word' id='word_1_288' title='bbox 3265 1015 3319 1063; x_wconf 89' lang='lat' dir='ltr'><strong>et</strong></span> <span class='ocrx_word' id='word_1_289' title='bbox 3367 1014 3812 1063; x_wconf 83' lang='lat' dir='ltr'><strong>convertentem</strong></span> 
     </span>
    </p>
   </div>
   <div class='ocr_carea' id='block_1_41' title="bbox 2110 1094 3810 1159">
    <p class='ocr_par' dir='ltr' id='par_1_41' title="bbox 2110 1094 3810 1159">
     <span class='ocr_line' id='line_1_41' title="bbox 2110 1094 3810 1159; baseline -0.003 -10"><span class='ocrx_word' id='word_1_290' title='bbox 2110 1118 2129 1143; x_wconf 75' lang='grc' dir='ltr'><strong><em>ι</em></strong></span> <span class='ocrx_word' id='word_1_291' title='bbox 2167 1097 2223 1150; x_wconf 90' lang='lat' dir='ltr'><strong>in</strong></span> <span class='ocrx_word' id='word_1_292' title='bbox 2283 1109 2449 1151; x_wconf 89' lang='lat' dir='ltr'><strong>mane</strong></span> <span class='ocrx_word' id='word_1_293' title='bbox 2508 1095 2789 1159; x_wconf 88' lang='lat' dir='ltr'><strong>tenebras,</strong></span> <span class='ocrx_word' id='word_1_294' title='bbox 2850 1103 2906 1150; x_wconf 89' lang='lat' dir='ltr'><strong>et</strong></span> <span class='ocrx_word' id='word_1_295' title='bbox 2962 1094 3110 1149; x_wconf 92' lang='lat' dir='ltr'><strong>diem</strong></span> <span class='ocrx_word' id='word_1_296' title='bbox 3169 1103 3334 1150; x_wconf 90' lang='lat' dir='ltr'><strong>nocte</strong></span> <span class='ocrx_word' id='word_1_297' title='bbox 3386 1102 3737 1150; x_wconf 88' lang='lat' dir='ltr'><strong>mutantem.</strong></span> <span class='ocrx_word' id='word_1_298' title='bbox 3780 1112 3810 1144; x_wconf 70' lang='grc' dir='ltr'><strong><em>ι</em></strong></span> 
     </span>
    </p>
   </div>
   <div class='ocr_carea' id='block_1_42' title="bbox 2100 1182 3808 1253">
    <p class='ocr_par' dir='ltr' id='par_1_42' title="bbox 2100 1182 3808 1253">
     <span class='ocr_line' id='line_1_42' title="bbox 2100 1182 3808 1253; baseline -0.001 -15"><span class='ocrx_word' id='word_1_299' title='bbox 2100 1184 2375 1238; x_wconf 76' lang='lat' dir='ltr'><strong>Iudicium</strong></span> <span class='ocrx_word' id='word_1_300' title='bbox 2402 1188 2461 1238; x_wconf 82' lang='lat' dir='ltr'><strong>in</strong></span> <span class='ocrx_word' id='word_1_301' title='bbox 2486 1185 2836 1252; x_wconf 81' lang='lat' dir='ltr'><strong>absynthium</strong></span> <span class='ocrx_word' id='word_1_302' title='bbox 2865 1190 3228 1251; x_wconf 88' lang='lat' dir='ltr'><strong>convertunt,</strong></span> <span class='ocrx_word' id='word_1_303' title='bbox 3273 1183 3376 1253; x_wconf 91' lang='lat' dir='ltr'><strong>qui</strong></span> <span class='ocrx_word' id='word_1_304' title='bbox 3405 1182 3808 1248; x_wconf 87' lang='lat' dir='ltr'><strong>dulcedinem,</strong></span> 
     </span>
    </p>
   </div>
   <div class='ocr_carea' id='block_1_43' title="bbox 2105 1271 3816 1343">
    <p class='ocr_par' dir='ltr' id='par_1_43' title="bbox 2105 1271 3816 1343">
     <span class='ocr_line' id='line_1_43' title="bbox 2105 1271 3816 1343; baseline -0.003 -14"><span class='ocrx_word' id='word_1_305' title='bbox 2105 1288 2224 1343; x_wconf 89' lang='lat' dir='ltr'><strong>qua</strong></span> <span class='ocrx_word' id='word_1_306' title='bbox 2260 1273 2356 1329; x_wconf 90' lang='lat' dir='ltr'><strong>Dei</strong></span> <span class='ocrx_word' id='word_1_307' title='bbox 2397 1273 2656 1329; x_wconf 87' lang='lat' dir='ltr'><strong>suavitas</strong></span> <span class='ocrx_word' id='word_1_308' title='bbox 2698 1279 3110 1342; x_wconf 64' lang='lat' dir='ltr'><strong>prmgustatur,</strong></span> <span class='ocrx_word' id='word_1_309' title='bbox 3153 1272 3211 1326; x_wconf 91' lang='lat' dir='ltr'><strong>in</strong></span> <span class='ocrx_word' id='word_1_310' title='bbox 3255 1272 3619 1341; x_wconf 88' lang='lat' dir='ltr'><strong>temporalem</strong></span> <span class='ocrx_word' id='word_1_311' title='bbox 3677 1271 3816 1342; x_wconf 85' lang='lat' dir='ltr'><strong>glo-</strong></span> 
     </span>
    </p>
   </div>
   <div class='ocr_carea' id='block_1_44' title="bbox 2104 1360 3811 1431">
    <p class='ocr_par' dir='ltr' id='par_1_44' title="bbox 2104 1360 3811 1431">
     <span class='ocr_line' id='line_1_44' title="bbox 2104 1360 3811 1431; baseline -0.001 -16"><span class='ocrx_word' id='word_1_312' title='bbox 2104 1360 2270 1428; x_wconf 90' lang='lat' dir='ltr'><strong>riam,</strong></span> <span class='ocrx_word' id='word_1_313' title='bbox 2294 1375 2414 1431; x_wconf 91' lang='lat' dir='ltr'><strong>qua</strong></span> <span class='ocrx_word' id='word_1_314' title='bbox 2443 1363 2596 1417; x_wconf 91' lang='lat' dir='ltr'><strong>Deus</strong></span> <span class='ocrx_word' id='word_1_315' title='bbox 2641 1362 3018 1427; x_wconf 89' lang='lat' dir='ltr'><strong>amaricatur,</strong></span> <span class='ocrx_word' id='word_1_316' title='bbox 3051 1374 3314 1430; x_wconf 89' lang='lat' dir='ltr'><strong>perverso</strong></span> <span class='ocrx_word' id='word_1_317' title='bbox 3350 1361 3570 1431; x_wconf 90' lang='lat' dir='ltr'><strong>judicio</strong></span> <span class='ocrx_word' id='word_1_318' title='bbox 3615 1361 3811 1415; x_wconf 89' lang='lat' dir='ltr'><strong>intor-</strong></span> 
     </span>
    </p>
   </div>
   <div class='ocr_carea' id='block_1_45' title="bbox 2106 1448 3814 1519">
    <p class='ocr_par' dir='ltr' id='par_1_45' title="bbox 2106 1448 3814 1519">
     <span class='ocr_line' id='line_1_45' title="bbox 2106 1448 3814 1519; baseline -0.001 -14"><span class='ocrx_word' id='word_1_319' title='bbox 2106 1464 2286 1519; x_wconf 85' lang='lat' dir='ltr'><strong>quere</strong></span> <span class='ocrx_word' id='word_1_320' title='bbox 2317 1465 2428 1505; x_wconf 88' lang='lat' dir='ltr'><strong>non</strong></span> <span class='ocrx_word' id='word_1_321' title='bbox 2467 1457 2752 1506; x_wconf 86' lang='lat' dir='ltr'><strong>metuunt.</strong></span> <span class='ocrx_word' id='word_1_322' title='bbox 2796 1450 3163 1516; x_wconf 78' lang='lat' dir='ltr'><strong>Absynthium</strong></span> <span class='ocrx_word' id='word_1_323' title='bbox 3194 1450 3345 1504; x_wconf 90' lang='lat' dir='ltr'><strong>enim</strong></span> <span class='ocrx_word' id='word_1_324' title='bbox 3376 1457 3461 1504; x_wconf 90' lang='lat' dir='ltr'><strong>est</strong></span> <span class='ocrx_word' id='word_1_325' title='bbox 3511 1448 3814 1518; x_wconf 88' lang='lat' dir='ltr'><strong>quidquid</strong></span> 
     </span>
    </p>
   </div>
   <div class='ocr_carea' id='block_1_46' title="bbox 2108 1538 3819 1609">
    <p class='ocr_par' dir='ltr' id='par_1_46' title="bbox 2108 1538 3819 1609">
     <span class='ocr_line' id='line_1_46' title="bbox 2108 1538 3819 1609; baseline -0.002 -16"><span class='ocrx_word' id='word_1_326' title='bbox 2108 1539 2468 1595; x_wconf 85' lang='lat' dir='ltr'><strong>infructuoso</strong></span> <span class='ocrx_word' id='word_1_327' title='bbox 2497 1554 2802 1609; x_wconf 90' lang='lat' dir='ltr'><strong>corporum</strong></span> <span class='ocrx_word' id='word_1_328' title='bbox 2834 1538 3118 1609; x_wconf 88' lang='lat' dir='ltr'><strong>supplicio</strong></span> <span class='ocrx_word' id='word_1_329' title='bbox 3148 1539 3456 1608; x_wconf 58' lang='lat' dir='ltr'><strong>quaesitum</strong></span> <span class='ocrx_word' id='word_1_330' title='bbox 3489 1547 3591 1593; x_wconf 90' lang='lat' dir='ltr'><strong>est.</strong></span> <span class='ocrx_word' id='word_1_331' title='bbox 3618 1539 3819 1591; x_wconf 80' lang='lat' dir='ltr'><strong>Justi-</strong></span> 
     </span>
    </p>
   </div>
   <div class='ocr_carea' id='block_1_47' title="bbox 2112 1625 3816 1696">
    <p class='ocr_par' dir='ltr' id='par_1_47' title="bbox 2112 1625 3816 1696">
     <span class='ocr_line' id='line_1_47' title="bbox 2112 1625 3816 1696; baseline -0.001 -15"><span class='ocrx_word' id='word_1_332' title='bbox 2112 1631 2246 1681; x_wconf 82' lang='lat' dir='ltr'><strong>tiam</strong></span> <span class='ocrx_word' id='word_1_333' title='bbox 2274 1630 2333 1681; x_wconf 88' lang='lat' dir='ltr'><strong>in</strong></span> <span class='ocrx_word' id='word_1_334' title='bbox 2360 1632 2504 1681; x_wconf 76' lang='lat' dir='ltr'><strong>terra</strong></span> <span class='ocrx_word' id='word_1_335' title='bbox 2553 1627 2911 1696; x_wconf 89' lang='lat' dir='ltr'><strong>relinquunt,</strong></span> <span class='ocrx_word' id='word_1_336' title='bbox 2948 1640 3079 1681; x_wconf 88' lang='lat' dir='ltr'><strong>cum</strong></span> <span class='ocrx_word' id='word_1_337' title='bbox 3126 1626 3183 1680; x_wconf 89' lang='lat' dir='ltr'><strong>in</strong></span> <span class='ocrx_word' id='word_1_338' title='bbox 3230 1625 3470 1680; x_wconf 84' lang='lat' dir='ltr'><strong>terrenis</strong></span> <span class='ocrx_word' id='word_1_339' title='bbox 3513 1625 3816 1694; x_wconf 87' lang='lat' dir='ltr'><strong>cupidita-</strong></span> 
     </span>
    </p>
   </div>
   <div class='ocr_carea' id='block_1_48' title="bbox 2112 1713 3813 1783">
    <p class='ocr_par' dir='ltr' id='par_1_48' title="bbox 2112 1713 3813 1783">
     <span class='ocr_line' id='line_1_48' title="bbox 2112 1713 3813 1783; baseline -0.002 -14"><span class='ocrx_word' id='word_1_340' title='bbox 2112 1716 2267 1771; x_wconf 89' lang='lat' dir='ltr'><strong>tibus</strong></span> <span class='ocrx_word' id='word_1_341' title='bbox 2309 1723 2671 1771; x_wconf 89' lang='lat' dir='ltr'><strong>remanentes</strong></span> <span class='ocrx_word' id='word_1_342' title='bbox 2715 1729 2911 1770; x_wconf 86' lang='lat' dir='ltr'><strong>veram</strong></span> <span class='ocrx_word' id='word_1_343' title='bbox 2947 1714 3125 1783; x_wconf 89' lang='lat' dir='ltr'><strong>ipsius</strong></span> <span class='ocrx_word' id='word_1_344' title='bbox 3173 1714 3430 1783; x_wconf 65' lang='lat' dir='ltr'><strong>justitite,</strong></span> <span class='ocrx_word' id='word_1_345' title='bbox 3482 1727 3614 1783; x_wconf 61' lang='lat' dir='ltr'><strong>quae</strong></span> <span class='ocrx_word' id='word_1_346' title='bbox 3654 1713 3813 1766; x_wconf 80' lang='lat' dir='ltr'><strong>Deus</strong></span> 
     </span>
    </p>
   </div>
   <div class='ocr_carea' id='block_1_49' title="bbox 2107 1801 3812 1872">
    <p class='ocr_par' dir='ltr' id='par_1_49' title="bbox 2107 1801 3812 1872">
     <span class='ocr_line' id='line_1_49' title="bbox 2107 1801 3812 1872; baseline -0.004 -13"><span class='ocrx_word' id='word_1_347' title='bbox 2107 1812 2213 1869; x_wconf 86' lang='lat' dir='ltr'><strong>est,</strong></span> <span class='ocrx_word' id='word_1_348' title='bbox 2257 1803 2560 1859; x_wconf 87' lang='lat' dir='ltr'><strong>essentiam</strong></span> <span class='ocrx_word' id='word_1_349' title='bbox 2623 1811 2926 1872; x_wconf 87' lang='lat' dir='ltr'><strong>spernunt.</strong></span> <span class='ocrx_word' id='word_1_350' title='bbox 2971 1803 3102 1857; x_wconf 67' lang='lat' dir='ltr'><strong>Haec</strong></span> <span class='ocrx_word' id='word_1_351' title='bbox 3129 1801 3354 1870; x_wconf 90' lang='lat' dir='ltr'><strong>justitia</strong></span> <span class='ocrx_word' id='word_1_352' title='bbox 3400 1807 3705 1855; x_wconf 76' lang='lat' dir='ltr'><strong>Arcturum</strong></span> <span class='ocrx_word' id='word_1_353' title='bbox 3757 1807 3812 1853; x_wconf 87' lang='lat' dir='ltr'><strong>et</strong></span> 
     </span>
    </p>
   </div>
   <div class='ocr_carea' id='block_1_50' title="bbox 2112 1890 3809 1961">
    <p class='ocr_par' dir='ltr' id='par_1_50' title="bbox 2112 1890 3809 1961">
     <span class='ocr_line' id='line_1_50' title="bbox 2112 1890 3809 1961; baseline -0.004 -11"><span class='ocrx_word' id='word_1_354' title='bbox 2112 1895 2360 1950; x_wconf 83' lang='lat' dir='ltr'><strong>Orionem</strong></span> <span class='ocrx_word' id='word_1_355' title='bbox 2388 1892 2539 1959; x_wconf 85' lang='lat' dir='ltr'><strong>facit,</strong></span> <span class='ocrx_word' id='word_1_356' title='bbox 2591 1906 2723 1947; x_wconf 91' lang='lat' dir='ltr'><strong>cum</strong></span> <span class='ocrx_word' id='word_1_357' title='bbox 2763 1891 3047 1961; x_wconf 91' lang='lat' dir='ltr'><strong>quidquid</strong></span> <span class='ocrx_word' id='word_1_358' title='bbox 3088 1890 3539 1961; x_wconf 66' lang='lat' dir='ltr'><strong>praeclarissima:</strong></span> <span class='ocrx_word' id='word_1_359' title='bbox 3581 1890 3809 1944; x_wconf 89' lang='lat' dir='ltr'><strong>sancti-</strong></span> 
     </span>
    </p>
   </div>
   <div class='ocr_carea' id='block_1_51' title="bbox 2112 1979 3808 2051">
    <p class='ocr_par' dir='ltr' id='par_1_51' title="bbox 2112 1979 3808 2051">
     <span class='ocr_line' id='line_1_51' title="bbox 2112 1979 3808 2051; baseline -0.004 -13"><span class='ocrx_word' id='word_1_360' title='bbox 2112 1984 2245 2038; x_wconf 88' lang='lat' dir='ltr'><strong>tatis</strong></span> <span class='ocrx_word' id='word_1_361' title='bbox 2285 1990 2339 2037; x_wconf 90' lang='lat' dir='ltr'><strong>et</strong></span> <span class='ocrx_word' id='word_1_362' title='bbox 2392 1982 2449 2036; x_wconf 89' lang='lat' dir='ltr'><strong>in</strong></span> <span class='ocrx_word' id='word_1_363' title='bbox 2500 1981 2751 2051; x_wconf 77' lang='lat' dir='ltr'><strong>praelatis</strong></span> <span class='ocrx_word' id='word_1_364' title='bbox 2781 1980 3084 2049; x_wconf 90' lang='lat' dir='ltr'><strong>reperitur,</strong></span> <span class='ocrx_word' id='word_1_365' title='bbox 3145 1987 3199 2035; x_wconf 92' lang='lat' dir='ltr'><strong>et</strong></span> <span class='ocrx_word' id='word_1_366' title='bbox 3251 1979 3496 2034; x_wconf 89' lang='lat' dir='ltr'><strong>subditis</strong></span> <span class='ocrx_word' id='word_1_367' title='bbox 3538 1987 3697 2033; x_wconf 87' lang='lat' dir='ltr'><strong>creat</strong></span> <span class='ocrx_word' id='word_1_368' title='bbox 3750 1982 3808 2031; x_wconf 88' lang='lat' dir='ltr'><strong>et</strong></span> 
     </span>
    </p>
   </div>
   <div class='ocr_carea' id='block_1_52' title="bbox 2111 2067 3809 2137">
    <p class='ocr_par' dir='ltr' id='par_1_52' title="bbox 2111 2067 3809 2137">
     <span class='ocr_line' id='line_1_52' title="bbox 2111 2067 3809 2137; baseline -0.003 -13"><span class='ocrx_word' id='word_1_369' title='bbox 2111 2077 2257 2125; x_wconf 64' lang='lat'><strong>233</strong></span> <span class='ocrx_word' id='word_1_370' title='bbox 2292 2071 2544 2126; x_wconf 90' lang='lat' dir='ltr'><strong>instruit.</strong></span> <span class='ocrx_word' id='word_1_371' title='bbox 2580 2070 2705 2125; x_wconf 89' lang='lat' dir='ltr'><strong>Non</strong></span> <span class='ocrx_word' id='word_1_372' title='bbox 2741 2069 2842 2125; x_wconf 91' lang='lat' dir='ltr'><strong>abs</strong></span> <span class='ocrx_word' id='word_1_373' title='bbox 2870 2083 2931 2124; x_wconf 91' lang='lat' dir='ltr'><strong>re</strong></span> <span class='ocrx_word' id='word_1_374' title='bbox 2979 2069 3131 2123; x_wconf 90' lang='lat' dir='ltr'><strong>enim</strong></span> <span class='ocrx_word' id='word_1_375' title='bbox 3167 2070 3477 2123; x_wconf 89' lang='lat' dir='ltr'><strong>Arcturum</strong></span> <span class='ocrx_word' id='word_1_376' title='bbox 3538 2067 3809 2137; x_wconf 74' lang='lat' dir='ltr'><strong>praelatos</strong></span> 
     </span>
    </p>
   </div>
   <div class='ocr_carea' id='block_1_53' title="bbox 2112 2155 3806 2230">
    <p class='ocr_par' dir='ltr' id='par_1_53' title="bbox 2112 2155 3806 2230">
     <span class='ocr_line' id='line_1_53' title="bbox 2112 2155 3806 2230; baseline -0.004 -15"><span class='ocrx_word' id='word_1_377' title='bbox 2112 2158 2398 2230; x_wconf 87' lang='lat' dir='ltr'><strong>intelligas</strong></span> <span class='ocrx_word' id='word_1_378' title='bbox 2417 2158 2462 2213; x_wconf 92' lang='lat' dir='ltr'><strong>si</strong></span> <span class='ocrx_word' id='word_1_379' title='bbox 2507 2159 2730 2213; x_wconf 87' lang='lat' dir='ltr'><strong>bootem</strong></span> <span class='ocrx_word' id='word_1_380' title='bbox 2779 2172 2913 2213; x_wconf 91' lang='lat' dir='ltr'><strong>cum</strong></span> <span class='ocrx_word' id='word_1_381' title='bbox 2960 2157 3214 2227; x_wconf 88' lang='lat' dir='ltr'><strong>plaustro</strong></span> <span class='ocrx_word' id='word_1_382' title='bbox 3252 2155 3594 2212; x_wconf 89' lang='lat' dir='ltr'><strong>consideras.</strong></span> <span class='ocrx_word' id='word_1_383' title='bbox 3635 2157 3806 2211; x_wconf 81' lang='lat' dir='ltr'><strong>Tene-</strong></span> 
     </span>
    </p>
   </div>
   <div class='ocr_carea' id='block_1_54' title="bbox 2112 2244 3806 2311">
    <p class='ocr_par' dir='ltr' id='par_1_54' title="bbox 2112 2244 3806 2311">
     <span class='ocr_line' id='line_1_54' title="bbox 2112 2244 3806 2311; baseline -0.003 -9"><span class='ocrx_word' id='word_1_384' title='bbox 2112 2250 2238 2302; x_wconf 85' lang='lat' dir='ltr'><strong>bras</strong></span> <span class='ocrx_word' id='word_1_385' title='bbox 2271 2250 2331 2301; x_wconf 78' lang='lat' dir='ltr'><strong>in</strong></span> <span class='ocrx_word' id='word_1_386' title='bbox 2360 2262 2516 2301; x_wconf 87' lang='lat' dir='ltr'><strong>mane</strong></span> <span class='ocrx_word' id='word_1_387' title='bbox 2546 2247 2846 2311; x_wconf 85' lang='lat' dir='ltr'><strong>convertit,</strong></span> <span class='ocrx_word' id='word_1_388' title='bbox 2879 2260 3011 2301; x_wconf 91' lang='lat' dir='ltr'><strong>cum</strong></span> <span class='ocrx_word' id='word_1_389' title='bbox 3054 2245 3460 2301; x_wconf 87' lang='lat' dir='ltr'><strong>obscuritatem</strong></span> <span class='ocrx_word' id='word_1_390' title='bbox 3513 2244 3806 2299; x_wconf 82' lang='lat' dir='ltr'><strong>conscien-</strong></span> 
     </span>
    </p>
   </div>
   <div class='ocr_carea' id='block_1_55' title="bbox 2113 2332 3807 2404">
    <p class='ocr_par' dir='ltr' id='par_1_55' title="bbox 2113 2332 3807 2404">
     <span class='ocr_line' id='line_1_55' title="bbox 2113 2332 3807 2404; baseline -0.005 -12"><span class='ocrx_word' id='word_1_391' title='bbox 2113 2336 2326 2393; x_wconf 87' lang='lat' dir='ltr'><strong>tiarum</strong></span> <span class='ocrx_word' id='word_1_392' title='bbox 2355 2335 2413 2391; x_wconf 89' lang='lat' dir='ltr'><strong>in</strong></span> <span class='ocrx_word' id='word_1_393' title='bbox 2443 2333 2852 2404; x_wconf 89' lang='lat' dir='ltr'><strong>crepusculum</strong></span> <span class='ocrx_word' id='word_1_394' title='bbox 2897 2332 3264 2403; x_wconf 89' lang='lat' dir='ltr'><strong>aspirationis</strong></span> <span class='ocrx_word' id='word_1_395' title='bbox 3300 2332 3511 2388; x_wconf 64' lang='lat' dir='ltr'><strong>divinae</strong></span> <span class='ocrx_word' id='word_1_396' title='bbox 3558 2332 3807 2389; x_wconf 87' lang='lat' dir='ltr'><strong>reducit.</strong></span> 
     </span>
    </p>
   </div>
   <div class='ocr_carea' id='block_1_56' title="bbox 2112 2421 3805 2499">
    <p class='ocr_par' dir='ltr' id='par_1_56' title="bbox 2112 2421 3805 2499">
     <span class='ocr_line' id='line_1_56' title="bbox 2112 2421 3805 2499; baseline -0.002 -20"><span class='ocrx_word' id='word_1_397' title='bbox 2112 2427 2183 2481; x_wconf 88' lang='lat' dir='ltr'><strong>At</strong></span> <span class='ocrx_word' id='word_1_398' title='bbox 2207 2425 2349 2479; x_wconf 81' lang='lat' dir='ltr'><strong>diem</strong></span> <span class='ocrx_word' id='word_1_399' title='bbox 2390 2429 2538 2478; x_wconf 84' lang='lat' dir='ltr'><strong>nocte</strong></span> <span class='ocrx_word' id='word_1_400' title='bbox 2598 2430 2802 2489; x_wconf 88' lang='lat' dir='ltr'><strong>mutat,</strong></span> <span class='ocrx_word' id='word_1_401' title='bbox 2861 2436 2996 2478; x_wconf 91' lang='lat' dir='ltr'><strong>cum</strong></span> <span class='ocrx_word' id='word_1_402' title='bbox 3053 2421 3410 2492; x_wconf 89' lang='lat' dir='ltr'><strong>splendorem</strong></span> <span class='ocrx_word' id='word_1_403' title='bbox 3464 2421 3805 2499; x_wconf 80' lang='lat' dir='ltr'><strong>hypocrisis,</strong></span> 
     </span>
    </p>
   </div>
   <div class='ocr_carea' id='block_1_57' title="bbox 2110 2508 3808 2582">
    <p class='ocr_par' dir='ltr' id='par_1_57' title="bbox 2110 2508 3808 2582">
     <span class='ocr_line' id='line_1_57' title="bbox 2110 2508 3808 2582; baseline -0.005 -12"><span class='ocrx_word' id='word_1_404' title='bbox 2110 2522 2212 2570; x_wconf 88' lang='lat' dir='ltr'><strong>aut</strong></span> <span class='ocrx_word' id='word_1_405' title='bbox 2246 2514 2305 2567; x_wconf 90' lang='lat' dir='ltr'><strong>in</strong></span> <span class='ocrx_word' id='word_1_406' title='bbox 2346 2511 2609 2582; x_wconf 67' lang='lat' dir='ltr'><strong>praesenti</strong></span> <span class='ocrx_word' id='word_1_407' title='bbox 2658 2510 2903 2581; x_wconf 68' lang='lat' dir='ltr'><strong>propriae</strong></span> <span class='ocrx_word' id='word_1_408' title='bbox 2946 2510 3251 2566; x_wconf 90' lang='lat' dir='ltr'><strong>retectione</strong></span> <span class='ocrx_word' id='word_1_409' title='bbox 3299 2510 3573 2580; x_wconf 65' lang='lat' dir='ltr'><strong>nequitiae</strong></span> <span class='ocrx_word' id='word_1_410' title='bbox 3625 2509 3714 2564; x_wconf 87' lang='lat' dir='ltr'><strong>vel</strong></span> <span class='ocrx_word' id='word_1_411' title='bbox 3746 2508 3808 2563; x_wconf 90' lang='lat' dir='ltr'><strong>in</strong></span> 
     </span>
    </p>
   </div>
   <div class='ocr_carea' id='block_1_58' title="bbox 2110 2597 3807 2670">
    <p class='ocr_par' dir='ltr' id='par_1_58' title="bbox 2110 2597 3807 2670">
     <span class='ocr_line' id='line_1_58' title="bbox 2110 2597 3807 2670; baseline -0.002 -13"><span class='ocrx_word' id='word_1_412' title='bbox 2110 2602 2308 2657; x_wconf 78' lang='lat' dir='ltr'><strong>futuro</strong></span> <span class='ocrx_word' id='word_1_413' title='bbox 2348 2607 2623 2670; x_wconf 89' lang='lat' dir='ltr'><strong>perpetua</strong></span> <span class='ocrx_word' id='word_1_414' title='bbox 2675 2601 2927 2655; x_wconf 65' lang='lat' dir='ltr'><strong>caecitate</strong></span> <span class='ocrx_word' id='word_1_415' title='bbox 2979 2599 3341 2655; x_wconf 88' lang='lat' dir='ltr'><strong>condemnat.</strong></span> <span class='ocrx_word' id='word_1_416' title='bbox 3407 2621 3428 2647; x_wconf 78' lang='grc' dir='ltr'>ι</span> <span class='ocrx_word' id='word_1_417' title='bbox 3486 2597 3593 2664; x_wconf 86' lang='lat' dir='ltr'><strong>Qui</strong></span> <span class='ocrx_word' id='word_1_418' title='bbox 3636 2606 3807 2654; x_wconf 85' lang='lat' dir='ltr'><strong>vocat</strong></span> 
     </span>
    </p>
   </div>
   <div class='ocr_carea' id='block_1_59' title="bbox 2114 2686 3805 2759">
    <p class='ocr_par' dir='ltr' id='par_1_59' title="bbox 2114 2686 3805 2759">
     <span class='ocr_line' id='line_1_59' title="bbox 2114 2686 3805 2759; baseline 0 -19"><span class='ocrx_word' id='word_1_419' title='bbox 2114 2709 2140 2740; x_wconf 77' lang='grc' dir='ltr'><strong>ι)</strong></span> <span class='ocrx_word' id='word_1_420' title='bbox 2175 2703 2360 2759; x_wconf 87' lang='lat' dir='ltr'><strong>aquas</strong></span> <span class='ocrx_word' id='word_1_421' title='bbox 2389 2689 2583 2753; x_wconf 88' lang='lat' dir='ltr'><strong>maris,</strong></span> <span class='ocrx_word' id='word_1_422' title='bbox 2615 2695 2670 2743; x_wconf 93' lang='lat' dir='ltr'><strong>et</strong></span> <span class='ocrx_word' id='word_1_423' title='bbox 2716 2686 2959 2743; x_wconf 78' lang='lat' dir='ltr'><strong>effundit</strong></span> <span class='ocrx_word' id='word_1_424' title='bbox 3005 2701 3102 2742; x_wconf 91' lang='lat' dir='ltr'><strong>eas</strong></span> <span class='ocrx_word' id='word_1_425' title='bbox 3135 2700 3312 2756; x_wconf 87' lang='lat' dir='ltr'><strong>super</strong></span> <span class='ocrx_word' id='word_1_426' title='bbox 3361 2686 3559 2741; x_wconf 89' lang='lat' dir='ltr'><strong>faciem</strong></span> <span class='ocrx_word' id='word_1_427' title='bbox 3615 2694 3805 2752; x_wconf 82' lang='lat' dir='ltr'><strong>terrae,</strong></span> 
     </span>
    </p>
   </div>
   <div class='ocr_carea' id='block_1_60' title="bbox 2116 2764 3805 2846">
    <p class='ocr_par' dir='ltr' id='par_1_60' title="bbox 2116 2764 3805 2846">
     <span class='ocr_line' id='line_1_60' title="bbox 2116 2764 3805 2846; baseline -0.002 -14"><span class='ocrx_word' id='word_1_428' title='bbox 2116 2797 2143 2828; x_wconf 84' lang='grc'><strong>››</strong></span> <span class='ocrx_word' id='word_1_429' title='bbox 2177 2777 2458 2832; x_wconf 91' lang='lat' dir='ltr'><strong>Dominus</strong></span> <span class='ocrx_word' id='word_1_430' title='bbox 2486 2790 2694 2831; x_wconf 90' lang='lat' dir='ltr'><strong>nomen</strong></span> <span class='ocrx_word' id='word_1_431' title='bbox 2727 2776 2874 2846; x_wconf 87' lang='lat' dir='ltr'><strong>ejus.</strong></span> <span class='ocrx_word' id='word_1_432' title='bbox 2908 2798 2929 2823; x_wconf 75' lang='grc' dir='ltr'><strong><em>ι</em></strong></span> <span class='ocrx_word' id='word_1_433' title='bbox 2964 2777 3162 2844; x_wconf 84' lang='lat' dir='ltr'><strong>Aquas</strong></span> <span class='ocrx_word' id='word_1_434' title='bbox 3204 2764 3375 2829; x_wconf 81' lang='lat' dir='ltr'><strong>maris</strong></span> <span class='ocrx_word' id='word_1_435' title='bbox 3408 2783 3571 2830; x_wconf 90' lang='lat' dir='ltr'><strong>vocat</strong></span> <span class='ocrx_word' id='word_1_436' title='bbox 3599 2775 3703 2844; x_wconf 88' lang='lat' dir='ltr'><strong>qui</strong></span> <span class='ocrx_word' id='word_1_437' title='bbox 3735 2776 3805 2830; x_wconf 87' lang='lat' dir='ltr'><strong>ad</strong></span> 
     </span>
    </p>
   </div>
   <div class='ocr_carea' id='block_1_61' title="bbox 312 2862 3803 2946">
    <p class='ocr_par' dir='ltr' id='par_1_61' title="bbox 312 2862 3803 2946">
     <span class='ocr_line' id='line_1_61' title="bbox 312 2862 3803 2946; baseline -0.001 -25"><span class='ocrx_word' id='word_1_438' title='bbox 312 2877 429 2930; x_wconf 86' lang='lat' dir='ltr'><strong>tur,</strong></span> <span class='ocrx_word' id='word_1_439' title='bbox 463 2865 602 2920; x_wconf 90' lang='lat' dir='ltr'><strong>dum</strong></span> <span class='ocrx_word' id='word_1_440' title='bbox 634 2870 851 2919; x_wconf 89' lang='lat' dir='ltr'><strong>remota</strong></span> <span class='ocrx_word' id='word_1_441' title='bbox 887 2863 1175 2932; x_wconf 89' lang='lat' dir='ltr'><strong>spirituali</strong></span> <span class='ocrx_word' id='word_1_442' title='bbox 1210 2862 1593 2917; x_wconf 87' lang='lat' dir='ltr'><strong>exuberantia</strong></span> <span class='ocrx_word' id='word_1_443' title='bbox 1639 2865 1708 2918; x_wconf 92' lang='lat' dir='ltr'><strong>ad</strong></span> <span class='ocrx_word' id='word_1_444' title='bbox 1741 2871 2003 2927; x_wconf 88' lang='lat' dir='ltr'><strong>externa,</strong></span> <span class='ocrx_word' id='word_1_445' title='bbox 2044 2891 2085 2946; x_wconf 67' lang='grc' dir='ltr'><strong>ρ</strong></span> <span class='ocrx_word' id='word_1_446' title='bbox 2114 2865 2203 2922; x_wconf 91' lang='lat' dir='ltr'><strong>sui</strong></span> <span class='ocrx_word' id='word_1_447' title='bbox 2235 2879 2486 2921; x_wconf 90' lang='lat' dir='ltr'><strong>amorem</strong></span> <span class='ocrx_word' id='word_1_448' title='bbox 2541 2878 2734 2920; x_wconf 91' lang='lat' dir='ltr'><strong>errore</strong></span> <span class='ocrx_word' id='word_1_449' title='bbox 2797 2864 3106 2931; x_wconf 84' lang='lat' dir='ltr'><strong>fluitantia,</strong></span> <span class='ocrx_word' id='word_1_450' title='bbox 3141 2871 3197 2919; x_wconf 91' lang='lat' dir='ltr'><strong>et</strong></span> <span class='ocrx_word' id='word_1_451' title='bbox 3252 2862 3491 2918; x_wconf 87' lang='lat' dir='ltr'><strong>internis</strong></span> <span class='ocrx_word' id='word_1_452' title='bbox 3546 2864 3803 2933; x_wconf 86' lang='lat' dir='ltr'><strong>pestibus</strong></span> 
     </span>
    </p>
   </div>
   <div class='ocr_carea' id='block_1_62' title="bbox 312 2948 2004 3018">
    <p class='ocr_par' dir='ltr' id='par_1_62' title="bbox 312 2948 2004 3018">
     <span class='ocr_line' id='line_1_62' title="bbox 312 2948 2004 3018; baseline -0.004 -11"><span class='ocrx_word' id='word_1_453' title='bbox 312 2960 366 3007; x_wconf 88' lang='lat' dir='ltr'><strong>et</strong></span> <span class='ocrx_word' id='word_1_454' title='bbox 392 2959 454 3007; x_wconf 91' lang='lat' dir='ltr'><strong>ut</strong></span> <span class='ocrx_word' id='word_1_455' title='bbox 485 2951 562 3006; x_wconf 91' lang='lat' dir='ltr'><strong>ita</strong></span> <span class='ocrx_word' id='word_1_456' title='bbox 590 2949 855 3016; x_wconf 84' lang='lat' dir='ltr'><strong>dixerim,</strong></span> <span class='ocrx_word' id='word_1_457' title='bbox 892 2948 1138 3018; x_wconf 64' lang='lat' dir='ltr'><strong>publicae</strong></span> <span class='ocrx_word' id='word_1_458' title='bbox 1173 2948 1551 3004; x_wconf 88' lang='lat' dir='ltr'><strong>humanitatis</strong></span> <span class='ocrx_word' id='word_1_459' title='bbox 1574 2948 1724 3004; x_wconf 87' lang='lat' dir='ltr'><strong>bona</strong></span> <span class='ocrx_word' id='word_1_460' title='bbox 1760 2948 2004 3004; x_wconf 88' lang='lat' dir='ltr'><strong>restrin-</strong></span> 
     </span>
    </p>
   </div>
   <div class='ocr_carea' id='block_1_63' title="bbox 313 3036 2001 3119">
    <p class='ocr_par' dir='ltr' id='par_1_63' title="bbox 313 3036 2001 3119">
     <span class='ocr_line' id='line_1_63' title="bbox 313 3036 2001 3119; baseline -0.004 -23"><span class='ocrx_word' id='word_1_461' title='bbox 313 3041 490 3112; x_wconf 83' lang='lat' dir='ltr'><strong>gitur.</strong></span> <span class='ocrx_word' id='word_1_462' title='bbox 530 3038 907 3096; x_wconf 84' lang='lat' dir='ltr'><strong>Centenarius</strong></span> <span class='ocrx_word' id='word_1_463' title='bbox 945 3038 1099 3092; x_wconf 89' lang='lat' dir='ltr'><strong>enim</strong></span> <span class='ocrx_word' id='word_1_464' title='bbox 1140 3036 1442 3119; x_wconf 45' lang='lat' dir='ltr'><strong>mill&#39;enarii</strong></span> <span class='ocrx_word' id='word_1_465' title='bbox 1476 3050 1609 3105; x_wconf 89' lang='lat' dir='ltr'><strong>pars</strong></span> <span class='ocrx_word' id='word_1_466' title='bbox 1640 3044 1722 3091; x_wconf 88' lang='lat' dir='ltr'><strong>est</strong></span> <span class='ocrx_word' id='word_1_467' title='bbox 1759 3037 2001 3102; x_wconf 90' lang='lat' dir='ltr'><strong>decima,</strong></span> 
     </span>
    </p>
   </div>
   <div class='ocr_carea' id='block_1_64' title="bbox 312 3124 2002 3185">
    <p class='ocr_par' dir='ltr' id='par_1_64' title="bbox 312 3124 2002 3185">
     <span class='ocr_line' id='line_1_64' title="bbox 312 3124 2002 3185; baseline -0.002 -1"><span class='ocrx_word' id='word_1_468' title='bbox 312 3136 367 3185; x_wconf 90' lang='lat' dir='ltr'><strong>et</strong></span> <span class='ocrx_word' id='word_1_469' title='bbox 424 3129 590 3183; x_wconf 90' lang='lat' dir='ltr'><strong>homo</strong></span> <span class='ocrx_word' id='word_1_470' title='bbox 652 3125 910 3181; x_wconf 90' lang='lat' dir='ltr'><strong>decimus</strong></span> <span class='ocrx_word' id='word_1_471' title='bbox 977 3125 1033 3179; x_wconf 91' lang='lat' dir='ltr'><strong>iu</strong></span> <span class='ocrx_word' id='word_1_472' title='bbox 1094 3124 1359 3179; x_wconf 90' lang='lat' dir='ltr'><strong>rationali</strong></span> <span class='ocrx_word' id='word_1_473' title='bbox 1425 3133 1708 3180; x_wconf 87' lang='lat' dir='ltr'><strong>creatura.</strong></span> <span class='ocrx_word' id='word_1_474' title='bbox 1761 3124 2002 3181; x_wconf 89' lang='lat' dir='ltr'><strong>Centum</strong></span> 
     </span>
    </p>
   </div>
   <div class='ocr_carea' id='block_1_65' title="bbox 313 3212 2005 3287">
    <p class='ocr_par' dir='ltr' id='par_1_65' title="bbox 313 3212 2005 3287">
     <span class='ocr_line' id='line_1_65' title="bbox 313 3212 2005 3287; baseline -0.002 -14"><span class='ocrx_word' id='word_1_475' title='bbox 313 3231 544 3287; x_wconf 91' lang='lat' dir='ltr'><strong>quoque</strong></span> <span class='ocrx_word' id='word_1_476' title='bbox 571 3221 961 3275; x_wconf 82' lang='lat' dir='ltr'><strong>extenuantur</strong></span> <span class='ocrx_word' id='word_1_477' title='bbox 991 3213 1049 3267; x_wconf 89' lang='lat' dir='ltr'><strong>in</strong></span> <span class='ocrx_word' id='word_1_478' title='bbox 1077 3212 1290 3279; x_wconf 86' lang='lat' dir='ltr'><strong>decem,</strong></span> <span class='ocrx_word' id='word_1_479' title='bbox 1320 3212 1554 3281; x_wconf 87' lang='lat' dir='ltr'><strong>quando</strong></span> <span class='ocrx_word' id='word_1_480' title='bbox 1582 3213 1753 3267; x_wconf 90' lang='lat' dir='ltr'><strong>etiam</strong></span> <span class='ocrx_word' id='word_1_481' title='bbox 1782 3213 2005 3283; x_wconf 85' lang='lat' dir='ltr'><strong>abjecto</strong></span> 
     </span>
    </p>
   </div>
   <div class='ocr_carea' id='block_1_66' title="bbox 314 3300 2006 3375">
    <p class='ocr_par' dir='ltr' id='par_1_66' title="bbox 314 3300 2006 3375">
     <span class='ocr_line' id='line_1_66' title="bbox 314 3300 2006 3375; baseline -0.002 -15"><span class='ocrx_word' id='word_1_482' title='bbox 314 3308 436 3375; x_wconf 89' lang='lat' dir='ltr'><strong>ipso</strong></span> <span class='ocrx_word' id='word_1_483' title='bbox 465 3303 757 3359; x_wconf 91' lang='lat' dir='ltr'><strong>communi</strong></span> <span class='ocrx_word' id='word_1_484' title='bbox 784 3316 851 3356; x_wconf 91' lang='lat' dir='ltr'><strong>ac</strong></span> <span class='ocrx_word' id='word_1_485' title='bbox 882 3301 1133 3356; x_wconf 86' lang='lat' dir='ltr'><strong>naturali</strong></span> <span class='ocrx_word' id='word_1_486' title='bbox 1166 3300 1332 3368; x_wconf 92' lang='lat' dir='ltr'><strong>bono,</strong></span> <span class='ocrx_word' id='word_1_487' title='bbox 1367 3300 1436 3355; x_wconf 89' lang='lat' dir='ltr'><strong>ad</strong></span> <span class='ocrx_word' id='word_1_488' title='bbox 1462 3314 1669 3370; x_wconf 89' lang='lat' dir='ltr'><strong>puram</strong></span> <span class='ocrx_word' id='word_1_489' title='bbox 1699 3301 2006 3370; x_wconf 88' lang='lat' dir='ltr'><strong>deponitur</strong></span> 
     </span>
    </p>
   </div>
   <div class='ocr_carea' id='block_1_67' title="bbox 313 3388 2004 3458">
    <p class='ocr_par' dir='ltr' id='par_1_67' title="bbox 313 3388 2004 3458">
     <span class='ocr_line' id='line_1_67' title="bbox 313 3388 2004 3458; baseline -0.004 -9"><span class='ocrx_word' id='word_1_490' title='bbox 313 3389 698 3449; x_wconf 90' lang='lat' dir='ltr'><strong>sensualitatis</strong></span> <span class='ocrx_word' id='word_1_491' title='bbox 740 3388 1168 3445; x_wconf 88' lang='lat' dir='ltr'><strong>hebetudinem.</strong></span> <span class='ocrx_word' id='word_1_492' title='bbox 1217 3388 1793 3458; x_wconf 62' lang='lat' dir='ltr'><strong>Denariuspamque</strong></span> <span class='ocrx_word' id='word_1_493' title='bbox 1827 3390 1881 3444; x_wconf 91' lang='lat' dir='ltr'><strong>id</strong></span> <span class='ocrx_word' id='word_1_494' title='bbox 1912 3389 2004 3443; x_wconf 88' lang='lat' dir='ltr'><strong>in—</strong></span> 
     </span>
    </p>
   </div>
   <div class='ocr_carea' id='block_1_68' title="bbox 316 3476 2001 3547">
    <p class='ocr_par' dir='ltr' id='par_1_68' title="bbox 316 3476 2001 3547">
     <span class='ocr_line' id='line_1_68' title="bbox 316 3476 2001 3547; baseline -0.002 -11"><span class='ocrx_word' id='word_1_495' title='bbox 316 3494 493 3537; x_wconf 88' lang='lat' dir='ltr'><strong>nuere</strong></span> <span class='ocrx_word' id='word_1_496' title='bbox 542 3478 854 3539; x_wconf 85' lang='lat' dir='ltr'><strong>invenitur,</strong></span> <span class='ocrx_word' id='word_1_497' title='bbox 920 3478 1061 3547; x_wconf 89' lang='lat' dir='ltr'><strong>quia</strong></span> <span class='ocrx_word' id='word_1_498' title='bbox 1103 3476 1365 3532; x_wconf 87' lang='lat' dir='ltr'><strong>videlicet</strong></span> <span class='ocrx_word' id='word_1_499' title='bbox 1409 3476 1523 3545; x_wconf 85' lang='lat' dir='ltr'><strong>ipse</strong></span> <span class='ocrx_word' id='word_1_500' title='bbox 1578 3477 1887 3546; x_wconf 89' lang='lat' dir='ltr'><strong>quinarius</strong></span> <span class='ocrx_word' id='word_1_501' title='bbox 1946 3479 2001 3532; x_wconf 90' lang='lat' dir='ltr'><strong>in</strong></span> 
     </span>
    </p>
   </div>
   <div class='ocr_carea' id='block_1_69' title="bbox 315 3565 2006 3635">
    <p class='ocr_par' dir='ltr' id='par_1_69' title="bbox 315 3565 2006 3635">
     <span class='ocr_line' id='line_1_69' title="bbox 315 3565 2006 3635; baseline -0.001 -11"><span class='ocrx_word' id='word_1_502' title='bbox 315 3567 573 3626; x_wconf 89' lang='lat' dir='ltr'><strong>interiori</strong></span> <span class='ocrx_word' id='word_1_503' title='bbox 617 3575 671 3622; x_wconf 90' lang='lat' dir='ltr'><strong>et</strong></span> <span class='ocrx_word' id='word_1_504' title='bbox 695 3565 967 3623; x_wconf 87' lang='lat' dir='ltr'><strong>exteriori</strong></span> <span class='ocrx_word' id='word_1_505' title='bbox 1016 3565 1382 3621; x_wconf 87' lang='lat' dir='ltr'><strong>sensualitate</strong></span> <span class='ocrx_word' id='word_1_506' title='bbox 1433 3566 1780 3635; x_wconf 86' lang='lat' dir='ltr'><strong>geminatur.</strong></span> <span class='ocrx_word' id='word_1_507' title='bbox 1845 3566 2006 3623; x_wconf 91' lang='lat' dir='ltr'><strong>Unde</strong></span> 
     </span>
    </p>
   </div>
   <div class='ocr_carea' id='block_1_70' title="bbox 317 3653 2008 3724">
    <p class='ocr_par' dir='ltr' id='par_1_70' title="bbox 317 3653 2008 3724">
     <span class='ocr_line' id='line_1_70' title="bbox 317 3653 2008 3724; baseline -0.004 -11"><span class='ocrx_word' id='word_1_508' title='bbox 317 3658 547 3714; x_wconf 90' lang='lat' dir='ltr'><strong>cuidam</strong></span> <span class='ocrx_word' id='word_1_509' title='bbox 587 3655 732 3711; x_wconf 90' lang='lat' dir='ltr'><strong>lucri</strong></span> <span class='ocrx_word' id='word_1_510' title='bbox 782 3654 871 3709; x_wconf 90' lang='lat' dir='ltr'><strong>sui</strong></span> <span class='ocrx_word' id='word_1_511' title='bbox 903 3654 1088 3724; x_wconf 89' lang='lat' dir='ltr'><strong>gratia</strong></span> <span class='ocrx_word' id='word_1_512' title='bbox 1116 3653 1436 3709; x_wconf 89' lang='lat' dir='ltr'><strong>dominium</strong></span> <span class='ocrx_word' id='word_1_513' title='bbox 1476 3667 1649 3723; x_wconf 91' lang='lat' dir='ltr'><strong>super</strong></span> <span class='ocrx_word' id='word_1_514' title='bbox 1703 3653 1894 3709; x_wconf 84' lang='lat' dir='ltr'><strong>decem</strong></span> <span class='ocrx_word' id='word_1_515' title='bbox 1933 3655 2008 3709; x_wconf 88' lang='lat' dir='ltr'><strong>ci-</strong></span> 
     </span>
    </p>
   </div>
   <div class='ocr_carea' id='block_1_71' title="bbox 319 3743 1356 3809">
    <p class='ocr_par' dir='ltr' id='par_1_71' title="bbox 319 3743 1356 3809">
     <span class='ocr_line' id='line_1_71' title="bbox 319 3743 1356 3809; baseline -0.007 -8"><span class='ocrx_word' id='word_1_516' title='bbox 319 3746 522 3801; x_wconf 88' lang='lat' dir='ltr'><strong>vitates</strong></span> <span class='ocrx_word' id='word_1_517' title='bbox 549 3743 889 3799; x_wconf 88' lang='lat' dir='ltr'><strong>attribuitur</strong></span> <span class='ocrx_word' id='word_1_518' title='bbox 919 3744 1067 3809; x_wconf 87' lang='lat' dir='ltr'><strong>(Luc.</strong></span> <span class='ocrx_word' id='word_1_519' title='bbox 1092 3756 1213 3808; x_wconf 65' lang='lat' dir='ltr'><strong>xxx,</strong></span> <span class='ocrx_word' id='word_1_520' title='bbox 1249 3745 1356 3807; x_wconf 82' lang='grc'><strong>17).</strong></span> 
     </span>
    </p>
   </div>
   <div class='ocr_carea' id='block_1_72' title="bbox 392 3828 2007 3897">
    <p class='ocr_par' dir='ltr' id='par_1_72' title="bbox 392 3828 2007 3897">
     <span class='ocr_line' id='line_1_72' title="bbox 392 3828 2007 3897; baseline -0.002 -9"><span class='ocrx_word' id='word_1_521' title='bbox 392 3832 561 3889; x_wconf 77' lang='lat' dir='ltr'><strong>Vens.</strong></span> <span class='ocrx_word' id='word_1_522' title='bbox 604 3832 657 3897; x_wconf 78' lang='grc'><strong>4,</strong></span> <span class='ocrx_word' id='word_1_523' title='bbox 692 3833 742 3883; x_wconf 81' lang='lat'><strong>5.</strong></span> <span class='ocrx_word' id='word_1_524' title='bbox 773 3858 847 3870; x_wconf 96' lang='lat'><strong><em>—</em></strong></span> <span class='ocrx_word' id='word_1_525' title='bbox 891 3850 911 3876; x_wconf 75' lang='grc' dir='ltr'>ι</span> <span class='ocrx_word' id='word_1_526' title='bbox 948 3828 1196 3894; x_wconf 78' lang='lat' dir='ltr'><strong>Qmerite</strong></span> <span class='ocrx_word' id='word_1_527' title='bbox 1228 3843 1319 3884; x_wconf 90' lang='lat' dir='ltr'><strong>me</strong></span> <span class='ocrx_word' id='word_1_528' title='bbox 1346 3836 1401 3883; x_wconf 91' lang='lat' dir='ltr'><strong>et</strong></span> <span class='ocrx_word' id='word_1_529' title='bbox 1448 3829 1673 3884; x_wconf 90' lang='lat' dir='ltr'><strong>vivetis.</strong></span> <span class='ocrx_word' id='word_1_530' title='bbox 1717 3831 1784 3884; x_wconf 81' lang='lat' dir='ltr'><strong>Et</strong></span> <span class='ocrx_word' id='word_1_531' title='bbox 1835 3830 2007 3885; x_wconf 87' lang='lat' dir='ltr'><strong>nolite</strong></span> 
     </span>
    </p>
   </div>
   <div class='ocr_carea' id='block_1_73' title="bbox 314 3916 2005 3992">
    <p class='ocr_par' dir='ltr' id='par_1_73' title="bbox 314 3916 2005 3992">
     <span class='ocr_line' id='line_1_73' title="bbox 314 3916 2005 3992; baseline -0.001 -17"><span class='ocrx_word' id='word_1_532' title='bbox 314 3922 344 3970; x_wconf 73' lang='grc' dir='ltr'><strong><em>ἰ</em></strong></span> <span class='ocrx_word' id='word_1_533' title='bbox 383 3936 644 3992; x_wconf 64' lang='lat' dir='ltr'><strong>quaerere</strong></span> <span class='ocrx_word' id='word_1_534' title='bbox 699 3920 912 3985; x_wconf 79' lang='lat' dir='ltr'><strong>Bethel,</strong></span> <span class='ocrx_word' id='word_1_535' title='bbox 971 3926 1025 3973; x_wconf 89' lang='lat' dir='ltr'><strong>et</strong></span> <span class='ocrx_word' id='word_1_536' title='bbox 1075 3917 1134 3971; x_wconf 87' lang='lat' dir='ltr'><strong>in</strong></span> <span class='ocrx_word' id='word_1_537' title='bbox 1190 3916 1487 3987; x_wconf 86' lang='lat' dir='ltr'><strong>Galgalam</strong></span> <span class='ocrx_word' id='word_1_538' title='bbox 1553 3918 1727 3972; x_wconf 89' lang='lat' dir='ltr'><strong>nolite</strong></span> <span class='ocrx_word' id='word_1_539' title='bbox 1769 3917 2005 3985; x_wconf 87' lang='lat' dir='ltr'><strong>intrare,</strong></span> 
     </span>
    </p>
   </div>
   <div class='ocr_carea' id='block_1_74' title="bbox 326 4004 2003 4075">
    <p class='ocr_par' dir='ltr' id='par_1_74' title="bbox 326 4004 2003 4075">
     <span class='ocr_line' id='line_1_74' title="bbox 326 4004 2003 4075; baseline -0.002 -11"><span class='ocrx_word' id='word_1_540' title='bbox 326 4034 346 4057; x_wconf 76' lang='grc' dir='ltr'><strong><em>ι</em></strong></span> <span class='ocrx_word' id='word_1_541' title='bbox 376 4018 431 4065; x_wconf 90' lang='lat' dir='ltr'><strong>et</strong></span> <span class='ocrx_word' id='word_1_542' title='bbox 484 4009 543 4063; x_wconf 87' lang='lat' dir='ltr'><strong>in</strong></span> <span class='ocrx_word' id='word_1_543' title='bbox 576 4007 849 4063; x_wconf 79' lang='lat' dir='ltr'><strong>Bersabee</strong></span> <span class='ocrx_word' id='word_1_544' title='bbox 880 4020 996 4061; x_wconf 88' lang='lat' dir='ltr'><strong>non</strong></span> <span class='ocrx_word' id='word_1_545' title='bbox 1063 4004 1400 4072; x_wconf 88' lang='lat' dir='ltr'><strong>transibitis,</strong></span> <span class='ocrx_word' id='word_1_546' title='bbox 1459 4004 1600 4074; x_wconf 90' lang='lat' dir='ltr'><strong>quia</strong></span> <span class='ocrx_word' id='word_1_547' title='bbox 1654 4004 1890 4075; x_wconf 88' lang='lat' dir='ltr'><strong>Galgala</strong></span> <span class='ocrx_word' id='word_1_548' title='bbox 1922 4020 2003 4060; x_wconf 84' lang='lat' dir='ltr'><strong>ca-</strong></span> 
     </span>
    </p>
   </div>
   <div class='ocr_carea' id='block_1_75' title="bbox 327 4092 2010 4167">
    <p class='ocr_par' dir='ltr' id='par_1_75' title="bbox 327 4092 2010 4167">
     <span class='ocr_line' id='line_1_75' title="bbox 327 4092 2010 4167; baseline -0.001 -16"><span class='ocrx_word' id='word_1_549' title='bbox 327 4119 346 4144; x_wconf 75' lang='grc' dir='ltr'><strong>ι</strong></span> <span class='ocrx_word' id='word_1_550' title='bbox 380 4096 537 4167; x_wconf 88' lang='lat' dir='ltr'><strong>ptiva</strong></span> <span class='ocrx_word' id='word_1_551' title='bbox 566 4097 830 4159; x_wconf 85' lang='lat' dir='ltr'><strong>ducetur,</strong></span> <span class='ocrx_word' id='word_1_552' title='bbox 885 4100 941 4147; x_wconf 81' lang='lat' dir='ltr'><strong>et</strong></span> <span class='ocrx_word' id='word_1_553' title='bbox 988 4092 1179 4147; x_wconf 90' lang='lat' dir='ltr'><strong>Bethel</strong></span> <span class='ocrx_word' id='word_1_554' title='bbox 1227 4092 1335 4147; x_wconf 89' lang='lat' dir='ltr'><strong>erit</strong></span> <span class='ocrx_word' id='word_1_555' title='bbox 1379 4092 1620 4147; x_wconf 90' lang='lat' dir='ltr'><strong>inutilis.</strong></span> <span class='ocrx_word' id='word_1_556' title='bbox 1668 4113 1695 4139; x_wconf 84' lang='lat'>»</span> <span class='ocrx_word' id='word_1_557' title='bbox 1741 4092 1899 4158; x_wconf 91' lang='lat' dir='ltr'><strong>Quod</strong></span> <span class='ocrx_word' id='word_1_558' title='bbox 1926 4102 2010 4150; x_wconf 91' lang='lat' dir='ltr'><strong>est</strong></span> 
     </span>
    </p>
   </div>
   <div class='ocr_carea' id='block_1_76' title="bbox 2112 2951 3803 3022">
    <p class='ocr_par' dir='ltr' id='par_1_76' title="bbox 2112 2951 3803 3022">
     <span class='ocr_line' id='line_1_76' title="bbox 2112 2951 3803 3022; baseline -0.002 -13"><span class='ocrx_word' id='word_1_559' title='bbox 2112 2954 2448 3021; x_wconf 88' lang='lat' dir='ltr'><strong>amaricata,</strong></span> <span class='ocrx_word' id='word_1_560' title='bbox 2485 2953 2579 3009; x_wconf 89' lang='lat' dir='ltr'><strong>sed</strong></span> <span class='ocrx_word' id='word_1_561' title='bbox 2612 2960 2668 3008; x_wconf 92' lang='lat' dir='ltr'><strong>et</strong></span> <span class='ocrx_word' id='word_1_562' title='bbox 2715 2953 3028 3022; x_wconf 89' lang='lat' dir='ltr'><strong>cupiditate</strong></span> <span class='ocrx_word' id='word_1_563' title='bbox 3076 2951 3410 3022; x_wconf 85' lang='lat' dir='ltr'><strong>inexplebili</strong></span> <span class='ocrx_word' id='word_1_564' title='bbox 3453 2951 3603 3007; x_wconf 90' lang='lat' dir='ltr'><strong>salsa</strong></span> <span class='ocrx_word' id='word_1_565' title='bbox 3629 2952 3803 3007; x_wconf 87' lang='lat' dir='ltr'><strong>corda</strong></span> 
     </span>
    </p>
   </div>
   <div class='ocr_carea' id='block_1_77' title="bbox 2113 3040 3800 3111">
    <p class='ocr_par' dir='ltr' id='par_1_77' title="bbox 2113 3040 3800 3111">
     <span class='ocr_line' id='line_1_77' title="bbox 2113 3040 3800 3111; baseline -0.001 -13"><span class='ocrx_word' id='word_1_566' title='bbox 2113 3043 2404 3098; x_wconf 84' lang='lat' dir='ltr'><strong>contrahit</strong></span> <span class='ocrx_word' id='word_1_567' title='bbox 2431 3050 2487 3097; x_wconf 90' lang='lat' dir='ltr'><strong>et</strong></span> <span class='ocrx_word' id='word_1_568' title='bbox 2524 3042 2728 3098; x_wconf 89' lang='lat' dir='ltr'><strong>elevat.</strong></span> <span class='ocrx_word' id='word_1_569' title='bbox 2780 3042 2955 3111; x_wconf 82' lang='lat' dir='ltr'><strong>Super</strong></span> <span class='ocrx_word' id='word_1_570' title='bbox 2974 3043 3172 3106; x_wconf 79' lang='lat' dir='ltr'><strong>faciem</strong></span> <span class='ocrx_word' id='word_1_571' title='bbox 3217 3046 3373 3095; x_wconf 67' lang='lat' dir='ltr'><strong>terras</strong></span> <span class='ocrx_word' id='word_1_572' title='bbox 3401 3055 3492 3094; x_wconf 81' lang='lat' dir='ltr'><strong>eas</strong></span> <span class='ocrx_word' id='word_1_573' title='bbox 3532 3040 3800 3108; x_wconf 72' lang='lat' dir='ltr'><strong>effundit,</strong></span> 
     </span>
    </p>
   </div>
   <div class='ocr_carea' id='block_1_78' title="bbox 2113 3128 3808 3199">
    <p class='ocr_par' dir='ltr' id='par_1_78' title="bbox 2113 3128 3808 3199">
     <span class='ocr_line' id='line_1_78' title="bbox 2113 3128 3808 3199; baseline -0.001 -12"><span class='ocrx_word' id='word_1_574' title='bbox 2113 3146 2246 3187; x_wconf 90' lang='lat' dir='ltr'><strong>cum</strong></span> <span class='ocrx_word' id='word_1_575' title='bbox 2287 3131 2357 3185; x_wconf 89' lang='lat' dir='ltr'><strong>ad</strong></span> <span class='ocrx_word' id='word_1_576' title='bbox 2413 3130 2928 3186; x_wconf 89' lang='lat' dir='ltr'><strong>considerationem</strong></span> <span class='ocrx_word' id='word_1_577' title='bbox 2981 3143 3101 3185; x_wconf 72' lang='lat' dir='ltr'><strong>suae</strong></span> <span class='ocrx_word' id='word_1_578' title='bbox 3143 3129 3349 3185; x_wconf 90' lang='lat' dir='ltr'><strong>veteris</strong></span> <span class='ocrx_word' id='word_1_579' title='bbox 3394 3128 3808 3199; x_wconf 68' lang='lat' dir='ltr'><strong>delinquentiaa</strong></span> 
     </span>
    </p>
   </div>
   <div class='ocr_carea' id='block_1_79' title="bbox 2113 3216 3804 3287">
    <p class='ocr_par' dir='ltr' id='par_1_79' title="bbox 2113 3216 3804 3287">
     <span class='ocr_line' id='line_1_79' title="bbox 2113 3216 3804 3287; baseline -0.001 -12"><span class='ocrx_word' id='word_1_580' title='bbox 2113 3233 2314 3275; x_wconf 89' lang='lat' dir='ltr'><strong>eorum</strong></span> <span class='ocrx_word' id='word_1_581' title='bbox 2373 3218 2881 3287; x_wconf 88' lang='lat' dir='ltr'><strong>contemplationes</strong></span> <span class='ocrx_word' id='word_1_582' title='bbox 2920 3216 3199 3273; x_wconf 83' lang='lat' dir='ltr'><strong>extendit.</strong></span> <span class='ocrx_word' id='word_1_583' title='bbox 3251 3217 3426 3271; x_wconf 88' lang='lat' dir='ltr'><strong>Terra</strong></span> <span class='ocrx_word' id='word_1_584' title='bbox 3482 3216 3635 3272; x_wconf 86' lang='lat' dir='ltr'><strong>enim</strong></span> <span class='ocrx_word' id='word_1_585' title='bbox 3699 3232 3804 3287; x_wconf 89' lang='lat' dir='ltr'><strong>pro</strong></span> 
     </span>
    </p>
   </div>
   <div class='ocr_carea' id='block_1_80' title="bbox 2112 3306 3805 3375">
    <p class='ocr_par' dir='ltr' id='par_1_80' title="bbox 2112 3306 3805 3375">
     <span class='ocr_line' id='line_1_80' title="bbox 2112 3306 3805 3375; baseline 0.001 -15"><span class='ocrx_word' id='word_1_586' title='bbox 2112 3311 2389 3375; x_wconf 79' lang='lat' dir='ltr'><strong>peccatore</strong></span> <span class='ocrx_word' id='word_1_587' title='bbox 2424 3306 2683 3375; x_wconf 90' lang='lat' dir='ltr'><strong>ponitur,</strong></span> <span class='ocrx_word' id='word_1_588' title='bbox 2734 3314 2798 3361; x_wconf 93' lang='lat' dir='ltr'><strong>ut</strong></span> <span class='ocrx_word' id='word_1_589' title='bbox 2852 3313 2981 3362; x_wconf 84' lang='lat' dir='ltr'><strong>est:</strong></span> <span class='ocrx_word' id='word_1_590' title='bbox 3034 3328 3055 3355; x_wconf 78' lang='grc' dir='ltr'>ι</span> <span class='ocrx_word' id='word_1_591' title='bbox 3107 3306 3282 3360; x_wconf 89' lang='lat' dir='ltr'><strong>Terra</strong></span> <span class='ocrx_word' id='word_1_592' title='bbox 3330 3317 3425 3373; x_wconf 83' lang='lat' dir='ltr'><strong>es;</strong></span> <span class='ocrx_word' id='word_1_593' title='bbox 3465 3325 3488 3352; x_wconf 75' lang='grc' dir='ltr'>ιι</span> <span class='ocrx_word' id='word_1_594' title='bbox 3549 3307 3805 3361; x_wconf 81' lang='lat' dir='ltr'><strong>Dominus</strong></span> 
     </span>
    </p>
   </div>
   <div class='ocr_carea' id='block_1_81' title="bbox 2115 3393 3805 3464">
    <p class='ocr_par' dir='ltr' id='par_1_81' title="bbox 2115 3393 3805 3464">
     <span class='ocr_line' id='line_1_81' title="bbox 2115 3393 3805 3464; baseline 0.001 -16"><span class='ocrx_word' id='word_1_595' title='bbox 2115 3394 2231 3464; x_wconf 85' lang='lat' dir='ltr'><strong>ejus</strong></span> <span class='ocrx_word' id='word_1_596' title='bbox 2260 3410 2451 3449; x_wconf 84' lang='lat' dir='ltr'><strong>nomen</strong></span> <span class='ocrx_word' id='word_1_597' title='bbox 2477 3402 2580 3459; x_wconf 89' lang='lat' dir='ltr'><strong>est,</strong></span> <span class='ocrx_word' id='word_1_598' title='bbox 2627 3395 2727 3464; x_wconf 93' lang='lat' dir='ltr'><strong>qui</strong></span> <span class='ocrx_word' id='word_1_599' title='bbox 2760 3394 2920 3450; x_wconf 91' lang='lat' dir='ltr'><strong>aliud</strong></span> <span class='ocrx_word' id='word_1_600' title='bbox 2962 3408 3066 3449; x_wconf 92' lang='lat' dir='ltr'><strong>vas</strong></span> <span class='ocrx_word' id='word_1_601' title='bbox 3107 3394 3164 3449; x_wconf 90' lang='lat' dir='ltr'><strong>in</strong></span> <span class='ocrx_word' id='word_1_602' title='bbox 3196 3393 3489 3461; x_wconf 90' lang='lat' dir='ltr'><strong>honorem,</strong></span> <span class='ocrx_word' id='word_1_603' title='bbox 3526 3393 3684 3449; x_wconf 90' lang='lat' dir='ltr'><strong>aliud</strong></span> <span class='ocrx_word' id='word_1_604' title='bbox 3746 3395 3805 3449; x_wconf 89' lang='lat' dir='ltr'><strong>in</strong></span> 
     </span>
    </p>
   </div>
   <div class='ocr_carea' id='block_1_82' title="bbox 2115 3482 3398 3553">
    <p class='ocr_par' dir='ltr' id='par_1_82' title="bbox 2115 3482 3398 3553">
     <span class='ocr_line' id='line_1_82' title="bbox 2115 3482 3398 3553; baseline -0.004 -15"><span class='ocrx_word' id='word_1_605' title='bbox 2115 3482 2520 3539; x_wconf 90' lang='lat' dir='ltr'><strong>contumeliam</strong></span> <span class='ocrx_word' id='word_1_606' title='bbox 2552 3483 2737 3539; x_wconf 86' lang='lat' dir='ltr'><strong>facere</strong></span> <span class='ocrx_word' id='word_1_607' title='bbox 2763 3490 2942 3552; x_wconf 88' lang='lat' dir='ltr'><strong>potest</strong></span> <span class='ocrx_word' id='word_1_608' title='bbox 2973 3483 3146 3553; x_wconf 85' lang='lat' dir='ltr'><strong>(Rom.</strong></span> <span class='ocrx_word' id='word_1_609' title='bbox 3180 3496 3257 3547; x_wconf 66' lang='grc' dir='ltr'><strong>ιχ,</strong></span> <span class='ocrx_word' id='word_1_610' title='bbox 3289 3482 3398 3550; x_wconf 72' lang='lat'><strong>21).</strong></span> 
     </span>
    </p>
   </div>
   <div class='ocr_carea' id='block_1_83' title="bbox 2188 3571 3811 3640">
    <p class='ocr_par' dir='ltr' id='par_1_83' title="bbox 2188 3571 3811 3640">
     <span class='ocr_line' id='line_1_83' title="bbox 2188 3571 3811 3640; baseline -0.001 -12"><span class='ocrx_word' id='word_1_611' title='bbox 2188 3573 2356 3628; x_wconf 74' lang='lat' dir='ltr'><strong>Vnus.</strong></span> <span class='ocrx_word' id='word_1_612' title='bbox 2391 3573 2444 3627; x_wconf 89' lang='lat'><strong>9.</strong></span> <span class='ocrx_word' id='word_1_613' title='bbox 2489 3601 2562 3614; x_wconf 94' lang='lat'>—</span> <span class='ocrx_word' id='word_1_614' title='bbox 2615 3596 2634 3621; x_wconf 81' lang='grc' dir='ltr'>ι</span> <span class='ocrx_word' id='word_1_615' title='bbox 2683 3571 2793 3640; x_wconf 91' lang='lat' dir='ltr'><strong>Qui</strong></span> <span class='ocrx_word' id='word_1_616' title='bbox 2840 3572 3099 3628; x_wconf 88' lang='lat' dir='ltr'><strong>subridet</strong></span> <span class='ocrx_word' id='word_1_617' title='bbox 3144 3573 3469 3627; x_wconf 87' lang='lat' dir='ltr'><strong>vastitatem</strong></span> <span class='ocrx_word' id='word_1_618' title='bbox 3510 3586 3686 3640; x_wconf 89' lang='lat' dir='ltr'><strong>super</strong></span> <span class='ocrx_word' id='word_1_619' title='bbox 3709 3586 3811 3627; x_wconf 90' lang='lat' dir='ltr'><strong>ro-</strong></span> 
     </span>
    </p>
   </div>
   <div class='ocr_carea' id='block_1_84' title="bbox 2124 3660 3817 3731">
    <p class='ocr_par' dir='ltr' id='par_1_84' title="bbox 2124 3660 3817 3731">
     <span class='ocr_line' id='line_1_84' title="bbox 2124 3660 3817 3731; baseline -0.002 -15"><span class='ocrx_word' id='word_1_620' title='bbox 2124 3683 2143 3706; x_wconf 73' lang='grc'><strong>»</strong></span> <span class='ocrx_word' id='word_1_621' title='bbox 2182 3663 2439 3728; x_wconf 90' lang='lat' dir='ltr'><strong>bustum,</strong></span> <span class='ocrx_word' id='word_1_622' title='bbox 2501 3668 2556 3716; x_wconf 87' lang='lat' dir='ltr'><strong>et</strong></span> <span class='ocrx_word' id='word_1_623' title='bbox 2606 3661 3106 3731; x_wconf 89' lang='lat' dir='ltr'><strong>depopulationem</strong></span> <span class='ocrx_word' id='word_1_624' title='bbox 3159 3673 3335 3730; x_wconf 89' lang='lat' dir='ltr'><strong>super</strong></span> <span class='ocrx_word' id='word_1_625' title='bbox 3390 3666 3673 3729; x_wconf 88' lang='lat' dir='ltr'><strong>potentem</strong></span> <span class='ocrx_word' id='word_1_626' title='bbox 3735 3660 3817 3714; x_wconf 90' lang='lat' dir='ltr'><strong>af-</strong></span> 
     </span>
    </p>
   </div>
   <div class='ocr_carea' id='block_1_85' title="bbox 2123 3748 3814 3817">
    <p class='ocr_par' dir='ltr' id='par_1_85' title="bbox 2123 3748 3814 3817">
     <span class='ocr_line' id='line_1_85' title="bbox 2123 3748 3814 3817; baseline -0.001 -13"><span class='ocrx_word' id='word_1_627' title='bbox 2123 3772 2144 3797; x_wconf 74' lang='grc' dir='ltr'><strong>ι</strong></span> <span class='ocrx_word' id='word_1_628' title='bbox 2185 3749 2309 3804; x_wconf 89' lang='lat' dir='ltr'><strong>fert.</strong></span> <span class='ocrx_word' id='word_1_629' title='bbox 2349 3770 2369 3796; x_wconf 77' lang='grc' dir='ltr'><strong><em>ι</em></strong></span> <span class='ocrx_word' id='word_1_630' title='bbox 2413 3750 2592 3817; x_wconf 83' lang='lat' dir='ltr'><strong>Super</strong></span> <span class='ocrx_word' id='word_1_631' title='bbox 2633 3751 2916 3805; x_wconf 83' lang='lat' dir='ltr'><strong>robustum</strong></span> <span class='ocrx_word' id='word_1_632' title='bbox 2972 3752 3284 3805; x_wconf 80' lang='lat' dir='ltr'><strong>vastitatem</strong></span> <span class='ocrx_word' id='word_1_633' title='bbox 3343 3748 3621 3815; x_wconf 89' lang='lat' dir='ltr'><strong>subridet,</strong></span> <span class='ocrx_word' id='word_1_634' title='bbox 3677 3762 3814 3803; x_wconf 89' lang='lat' dir='ltr'><strong>cum</strong></span> 
     </span>
    </p>
   </div>
   <div class='ocr_carea' id='block_1_86' title="bbox 2119 3836 3813 3906">
    <p class='ocr_par' dir='ltr' id='par_1_86' title="bbox 2119 3836 3813 3906">
     <span class='ocr_line' id='line_1_86' title="bbox 2119 3836 3813 3906; baseline -0.002 -13"><span class='ocrx_word' id='word_1_635' title='bbox 2119 3852 2253 3893; x_wconf 90' lang='lat' dir='ltr'><strong>eum</strong></span> <span class='ocrx_word' id='word_1_636' title='bbox 2280 3837 2383 3906; x_wconf 91' lang='lat' dir='ltr'><strong>qui</strong></span> <span class='ocrx_word' id='word_1_637' title='bbox 2428 3836 2670 3893; x_wconf 67' lang='lat' dir='ltr'><strong>internae</strong></span> <span class='ocrx_word' id='word_1_638' title='bbox 2717 3838 2826 3893; x_wconf 91' lang='lat' dir='ltr'><strong>sibi</strong></span> <span class='ocrx_word' id='word_1_639' title='bbox 2875 3836 3225 3893; x_wconf 86' lang='lat' dir='ltr'><strong>fortitudinis</strong></span> <span class='ocrx_word' id='word_1_640' title='bbox 3268 3836 3509 3903; x_wconf 80' lang='lat' dir='ltr'><strong>gloriam</strong></span> <span class='ocrx_word' id='word_1_641' title='bbox 3556 3844 3813 3906; x_wconf 89' lang='lat' dir='ltr'><strong>arrogat,</strong></span> 
     </span>
    </p>
   </div>
   <div class='ocr_carea' id='block_1_87' title="bbox 2121 3924 3812 3996">
    <p class='ocr_par' dir='ltr' id='par_1_87' title="bbox 2121 3924 3812 3996">
     <span class='ocr_line' id='line_1_87' title="bbox 2121 3924 3812 3996; baseline -0.001 -15"><span class='ocrx_word' id='word_1_642' title='bbox 2121 3927 2193 3981; x_wconf 90' lang='lat' dir='ltr'><strong>ad</strong></span> <span class='ocrx_word' id='word_1_643' title='bbox 2253 3925 2572 3996; x_wconf 83' lang='lat' dir='ltr'><strong>propatulae</strong></span> <span class='ocrx_word' id='word_1_644' title='bbox 2636 3925 3001 3982; x_wconf 90' lang='lat' dir='ltr'><strong>desolationis</strong></span> <span class='ocrx_word' id='word_1_645' title='bbox 3049 3924 3344 3980; x_wconf 88' lang='lat' dir='ltr'><strong>infamiam</strong></span> <span class='ocrx_word' id='word_1_646' title='bbox 3405 3928 3812 3981; x_wconf 88' lang='lat' dir='ltr'><strong>universorum</strong></span> 
     </span>
    </p>
   </div>
   <div class='ocr_carea' id='block_1_88' title="bbox 2121 4012 3815 4083">
    <p class='ocr_par' dir='ltr' id='par_1_88' title="bbox 2121 4012 3815 4083">
     <span class='ocr_line' id='line_1_88' title="bbox 2121 4012 3815 4083; baseline -0.003 -14"><span class='ocrx_word' id='word_1_647' title='bbox 2121 4013 2421 4069; x_wconf 90' lang='lat' dir='ltr'><strong>cachinnis</strong></span> <span class='ocrx_word' id='word_1_648' title='bbox 2446 4014 2788 4083; x_wconf 89' lang='lat' dir='ltr'><strong>exponendo</strong></span> <span class='ocrx_word' id='word_1_649' title='bbox 2817 4012 3082 4069; x_wconf 90' lang='lat' dir='ltr'><strong>declarat.</strong></span> <span class='ocrx_word' id='word_1_650' title='bbox 3138 4013 3619 4082; x_wconf 82' lang='lat' dir='ltr'><strong>Depopulationem</strong></span> <span class='ocrx_word' id='word_1_651' title='bbox 3647 4026 3815 4080; x_wconf 83' lang='lat' dir='ltr'><strong>super</strong></span> 
     </span>
    </p>
   </div>
   <div class='ocr_carea' id='block_1_89' title="bbox 2118 4100 3817 4173">
    <p class='ocr_par' dir='ltr' id='par_1_89' title="bbox 2118 4100 3817 4173">
     <span class='ocr_line' id='line_1_89' title="bbox 2118 4100 3817 4173; baseline -0.002 -16"><span class='ocrx_word' id='word_1_652' title='bbox 2118 4107 2385 4173; x_wconf 77' lang='lat' dir='ltr'><strong>potentem</strong></span> <span class='ocrx_word' id='word_1_653' title='bbox 2445 4100 2628 4170; x_wconf 73' lang='lat' dir='ltr'><strong>affert,</strong></span> <span class='ocrx_word' id='word_1_654' title='bbox 2708 4116 2839 4157; x_wconf 91' lang='lat' dir='ltr'><strong>cum</strong></span> <span class='ocrx_word' id='word_1_655' title='bbox 2910 4101 3229 4167; x_wconf 86' lang='lat' dir='ltr'><strong>interiores,</strong></span> <span class='ocrx_word' id='word_1_656' title='bbox 3291 4115 3439 4170; x_wconf 91' lang='lat' dir='ltr'><strong>quas</strong></span> <span class='ocrx_word' id='word_1_657' title='bbox 3492 4116 3550 4155; x_wconf 88' lang='lat' dir='ltr'><strong>se</strong></span> <span class='ocrx_word' id='word_1_658' title='bbox 3602 4100 3817 4155; x_wconf 75' lang='lat' dir='ltr'><strong>habere</strong></span> 
     </span>
    </p>
   </div>
   <div class='ocr_carea' id='block_1_90' title="bbox 320 4181 3813 4260">
    <p class='ocr_par' dir='ltr' id='par_1_90' title="bbox 320 4181 3813 4260">
     <span class='ocr_line' id='line_1_90' title="bbox 320 4181 3813 4260; baseline 0 -19"><span class='ocrx_word' id='word_1_659' title='bbox 320 4186 548 4241; x_wconf 89' lang='lat' dir='ltr'><strong>dicere:</strong></span> <span class='ocrx_word' id='word_1_660' title='bbox 581 4183 635 4238; x_wconf 90' lang='lat' dir='ltr'><strong>Si</strong></span> <span class='ocrx_word' id='word_1_661' title='bbox 669 4198 787 4247; x_wconf 84' lang='lat' dir='ltr'><strong>vos,</strong></span> <span class='ocrx_word' id='word_1_662' title='bbox 839 4181 938 4251; x_wconf 87' lang='lat' dir='ltr'><strong>qui</strong></span> <span class='ocrx_word' id='word_1_663' title='bbox 986 4181 1058 4236; x_wconf 90' lang='lat' dir='ltr'><strong>ad</strong></span> <span class='ocrx_word' id='word_1_664' title='bbox 1092 4182 1273 4237; x_wconf 91' lang='lat' dir='ltr'><strong>Deum</strong></span> <span class='ocrx_word' id='word_1_665' title='bbox 1312 4181 1483 4251; x_wconf 88' lang='lat' dir='ltr'><strong>dirigi</strong></span> <span class='ocrx_word' id='word_1_666' title='bbox 1521 4195 1703 4250; x_wconf 67' lang='lat' dir='ltr'><strong>operte</strong></span> <span class='ocrx_word' id='word_1_667' title='bbox 1760 4183 2007 4251; x_wconf 89' lang='lat' dir='ltr'><strong>pretium</strong></span> <span class='ocrx_word' id='word_1_668' title='bbox 2052 4191 2092 4243; x_wconf 86' lang='grc' dir='ltr'><strong>Ι)</strong></span> <span class='ocrx_word' id='word_1_669' title='bbox 2124 4189 2361 4246; x_wconf 83' lang='lat' dir='ltr'><strong>simulat</strong></span> <span class='ocrx_word' id='word_1_670' title='bbox 2413 4190 2699 4246; x_wconf 86' lang='lat' dir='ltr'><strong>virtutum</strong></span> <span class='ocrx_word' id='word_1_671' title='bbox 2755 4191 2966 4260; x_wconf 89' lang='lat' dir='ltr'><strong>copias,</strong></span> <span class='ocrx_word' id='word_1_672' title='bbox 3026 4191 3096 4245; x_wconf 92' lang='lat' dir='ltr'><strong>ad</strong></span> <span class='ocrx_word' id='word_1_673' title='bbox 3143 4191 3485 4245; x_wconf 82' lang='lat' dir='ltr'><strong>exteriorem</strong></span> <span class='ocrx_word' id='word_1_674' title='bbox 3534 4189 3813 4257; x_wconf 78' lang='lat' dir='ltr'><strong>impoten-</strong></span> 
     </span>
    </p>
   </div>
   <div class='ocr_carea' id='block_1_91' title="bbox 322 4270 2010 4340">
    <p class='ocr_par' dir='ltr' id='par_1_91' title="bbox 322 4270 2010 4340">
     <span class='ocr_line' id='line_1_91' title="bbox 322 4270 2010 4340; baseline -0.001 -11"><span class='ocrx_word' id='word_1_675' title='bbox 322 4272 603 4329; x_wconf 65' lang='lat' dir='ltr'><strong>aestimare</strong></span> <span class='ocrx_word' id='word_1_676' title='bbox 659 4271 1007 4338; x_wconf 87' lang='lat' dir='ltr'><strong>debueratis,</strong></span> <span class='ocrx_word' id='word_1_677' title='bbox 1060 4284 1147 4325; x_wconf 89' lang='lat' dir='ltr'><strong>me</strong></span> <span class='ocrx_word' id='word_1_678' title='bbox 1204 4270 1555 4339; x_wconf 72' lang='lat' dir='ltr'><strong>quaereretis,</strong></span> <span class='ocrx_word' id='word_1_679' title='bbox 1590 4271 1760 4325; x_wconf 86' lang='lat' dir='ltr'><strong>vitale</strong></span> <span class='ocrx_word' id='word_1_680' title='bbox 1810 4273 2010 4340; x_wconf 87' lang='lat' dir='ltr'><strong>procul</strong></span> 
     </span>
    </p>
   </div>
   <div class='ocr_carea' id='block_1_92' title="bbox 322 4358 2010 4430">
    <p class='ocr_par' dir='ltr' id='par_1_92' title="bbox 322 4358 2010 4430">
     <span class='ocr_line' id='line_1_92' title="bbox 322 4358 2010 4430; baseline 0.001 -15"><span class='ocrx_word' id='word_1_681' title='bbox 322 4359 497 4416; x_wconf 92' lang='lat' dir='ltr'><strong>dubio</strong></span> <span class='ocrx_word' id='word_1_682' title='bbox 528 4359 817 4430; x_wconf 86' lang='lat' dir='ltr'><strong>saperetis.</strong></span> <span class='ocrx_word' id='word_1_683' title='bbox 871 4359 1043 4414; x_wconf 91' lang='lat' dir='ltr'><strong>Porro</strong></span> <span class='ocrx_word' id='word_1_684' title='bbox 1066 4358 1206 4429; x_wconf 90' lang='lat' dir='ltr'><strong>quia</strong></span> <span class='ocrx_word' id='word_1_685' title='bbox 1237 4360 1426 4413; x_wconf 87' lang='lat' dir='ltr'><strong>domus</strong></span> <span class='ocrx_word' id='word_1_686' title='bbox 1466 4359 1568 4411; x_wconf 78' lang='lat' dir='ltr'><strong>Dei</strong></span> <span class='ocrx_word' id='word_1_687' title='bbox 1616 4359 1797 4414; x_wconf 89' lang='lat' dir='ltr'><strong>videri</strong></span> <span class='ocrx_word' id='word_1_688' title='bbox 1833 4360 2010 4430; x_wconf 88' lang='lat' dir='ltr'><strong>hypo-</strong></span> 
     </span>
    </p>
   </div>
   <div class='ocr_carea' id='block_1_93' title="bbox 321 4446 2011 4517">
    <p class='ocr_par' dir='ltr' id='par_1_93' title="bbox 321 4446 2011 4517">
     <span class='ocr_line' id='line_1_93' title="bbox 321 4446 2011 4517; baseline 0.001 -15"><span class='ocrx_word' id='word_1_689' title='bbox 321 4447 478 4503; x_wconf 91' lang='lat' dir='ltr'><strong>critis</strong></span> <span class='ocrx_word' id='word_1_690' title='bbox 545 4447 989 4516; x_wconf 66' lang='lat' dir='ltr'><strong>praesumptione</strong></span> <span class='ocrx_word' id='word_1_691' title='bbox 1050 4446 1285 4517; x_wconf 87' lang='lat' dir='ltr'><strong>gestitis,</strong></span> <span class='ocrx_word' id='word_1_692' title='bbox 1335 4454 1391 4502; x_wconf 91' lang='lat' dir='ltr'><strong>et</strong></span> <span class='ocrx_word' id='word_1_693' title='bbox 1446 4446 1590 4502; x_wconf 90' lang='lat' dir='ltr'><strong>clam</strong></span> <span class='ocrx_word' id='word_1_694' title='bbox 1651 4446 2011 4503; x_wconf 84' lang='lat' dir='ltr'><strong>involvimini</strong></span> 
     </span>
    </p>
   </div>
   <div class='ocr_carea' id='block_1_94' title="bbox 321 4534 2014 4607">
    <p class='ocr_par' dir='ltr' id='par_1_94' title="bbox 321 4534 2014 4607">
     <span class='ocr_line' id='line_1_94' title="bbox 321 4534 2014 4607; baseline 0.002 -18"><span class='ocrx_word' id='word_1_695' title='bbox 321 4536 595 4591; x_wconf 87' lang='lat' dir='ltr'><strong>vitiorum</strong></span> <span class='ocrx_word' id='word_1_696' title='bbox 650 4534 990 4603; x_wconf 84' lang='lat' dir='ltr'><strong>volutabris,</strong></span> <span class='ocrx_word' id='word_1_697' title='bbox 1041 4544 1095 4590; x_wconf 93' lang='lat' dir='ltr'><strong>et</strong></span> <span class='ocrx_word' id='word_1_698' title='bbox 1137 4535 1209 4589; x_wconf 90' lang='lat' dir='ltr'><strong>ad</strong></span> <span class='ocrx_word' id='word_1_699' title='bbox 1248 4544 1483 4604; x_wconf 91' lang='lat' dir='ltr'><strong>puteum</strong></span> <span class='ocrx_word' id='word_1_700' title='bbox 1536 4536 1865 4605; x_wconf 85' lang='lat' dir='ltr'><strong>septimum,</strong></span> <span class='ocrx_word' id='word_1_701' title='bbox 1911 4537 2014 4607; x_wconf 90' lang='lat' dir='ltr'><strong>qui</strong></span> 
     </span>
    </p>
   </div>
   <div class='ocr_carea' id='block_1_95' title="bbox 320 4624 2017 4695">
    <p class='ocr_par' dir='ltr' id='par_1_95' title="bbox 320 4624 2017 4695">
     <span class='ocr_line' id='line_1_95' title="bbox 320 4624 2017 4695; baseline 0 -15"><span class='ocrx_word' id='word_1_702' title='bbox 320 4632 402 4680; x_wconf 88' lang='lat' dir='ltr'><strong>est</strong></span> <span class='ocrx_word' id='word_1_703' title='bbox 431 4625 711 4689; x_wconf 84' lang='lat' dir='ltr'><strong>Bersabee,</strong></span> <span class='ocrx_word' id='word_1_704' title='bbox 759 4624 848 4679; x_wconf 86' lang='lat' dir='ltr'><strong>vel</strong></span> <span class='ocrx_word' id='word_1_705' title='bbox 880 4625 1053 4679; x_wconf 86' lang='lat' dir='ltr'><strong>etiam</strong></span> <span class='ocrx_word' id='word_1_706' title='bbox 1102 4632 1344 4693; x_wconf 86' lang='lat' dir='ltr'><strong>puteum</strong></span> <span class='ocrx_word' id='word_1_707' title='bbox 1391 4625 1690 4692; x_wconf 87' lang='lat' dir='ltr'><strong>satietatis,</strong></span> <span class='ocrx_word' id='word_1_708' title='bbox 1731 4625 1888 4695; x_wconf 90' lang='lat' dir='ltr'><strong>quod</strong></span> <span class='ocrx_word' id='word_1_709' title='bbox 1933 4633 2017 4681; x_wconf 90' lang='lat' dir='ltr'><strong>est</strong></span> 
     </span>
    </p>
   </div>
   <div class='ocr_carea' id='block_1_96' title="bbox 327 4712 2017 4783">
    <p class='ocr_par' dir='ltr' id='par_1_96' title="bbox 327 4712 2017 4783">
     <span class='ocr_line' id='line_1_96' title="bbox 327 4712 2017 4783; baseline 0.001 -15"><span class='ocrx_word' id='word_1_710' title='bbox 327 4712 704 4768; x_wconf 87' lang='lat' dir='ltr'><strong>humanitatis</strong></span> <span class='ocrx_word' id='word_1_711' title='bbox 756 4726 992 4782; x_wconf 88' lang='lat' dir='ltr'><strong>vorago,</strong></span> <span class='ocrx_word' id='word_1_712' title='bbox 1037 4727 1166 4783; x_wconf 59' lang='lat' dir='ltr'><strong>qua?</strong></span> <span class='ocrx_word' id='word_1_713' title='bbox 1208 4712 1579 4781; x_wconf 88' lang='lat' dir='ltr'><strong>quaternario</strong></span> <span class='ocrx_word' id='word_1_714' title='bbox 1622 4714 1913 4776; x_wconf 80' lang='lat' dir='ltr'><strong>exteriori,</strong></span> <span class='ocrx_word' id='word_1_715' title='bbox 1961 4722 2017 4770; x_wconf 86' lang='lat' dir='ltr'><strong>et</strong></span> 
     </span>
    </p>
   </div>
   <div class='ocr_carea' id='block_1_97' title="bbox 329 4799 2018 4865">
    <p class='ocr_par' dir='ltr' id='par_1_97' title="bbox 329 4799 2018 4865">
     <span class='ocr_line' id='line_1_97' title="bbox 329 4799 2018 4865; baseline 0.001 -10"><span class='ocrx_word' id='word_1_716' title='bbox 329 4799 592 4856; x_wconf 88' lang='lat' dir='ltr'><strong>interiori</strong></span> <span class='ocrx_word' id='word_1_717' title='bbox 624 4802 876 4856; x_wconf 88' lang='lat' dir='ltr'><strong>ternario</strong></span> <span class='ocrx_word' id='word_1_718' title='bbox 915 4808 1157 4865; x_wconf 90' lang='lat' dir='ltr'><strong>constat,</strong></span> <span class='ocrx_word' id='word_1_719' title='bbox 1210 4801 1414 4855; x_wconf 88' lang='lat' dir='ltr'><strong>misera</strong></span> <span class='ocrx_word' id='word_1_720' title='bbox 1446 4814 1545 4855; x_wconf 88' lang='lat' dir='ltr'><strong>vos</strong></span> <span class='ocrx_word' id='word_1_721' title='bbox 1590 4800 1864 4856; x_wconf 89' lang='lat' dir='ltr'><strong>aviditate</strong></span> <span class='ocrx_word' id='word_1_722' title='bbox 1911 4802 2018 4857; x_wconf 91' lang='lat' dir='ltr'><strong>im-</strong></span> 
     </span>
    </p>
   </div>
   <div class='ocr_carea' id='block_1_98' title="bbox 325 4887 2015 4959">
    <p class='ocr_par' dir='ltr' id='par_1_98' title="bbox 325 4887 2015 4959">
     <span class='ocr_line' id='line_1_98' title="bbox 325 4887 2015 4959; baseline 0.002 -16"><span class='ocrx_word' id='word_1_723' title='bbox 325 4889 602 4959; x_wconf 87' lang='lat' dir='ltr'><strong>mergitis,</strong></span> <span class='ocrx_word' id='word_1_724' title='bbox 652 4888 845 4944; x_wconf 89' lang='lat' dir='ltr'><strong>sciatis</strong></span> <span class='ocrx_word' id='word_1_725' title='bbox 905 4888 1139 4943; x_wconf 89' lang='lat' dir='ltr'><strong>iudubie</strong></span> <span class='ocrx_word' id='word_1_726' title='bbox 1199 4887 1339 4958; x_wconf 89' lang='lat' dir='ltr'><strong>quia</strong></span> <span class='ocrx_word' id='word_1_727' title='bbox 1390 4888 1758 4944; x_wconf 75' lang='lat' dir='ltr'><strong>clandeSLinae</strong></span> <span class='ocrx_word' id='word_1_728' title='bbox 1816 4898 2015 4946; x_wconf 77' lang='lat' dir='ltr'><strong>vestrae</strong></span> 
     </span>
    </p>
   </div>
   <div class='ocr_carea' id='block_1_99' title="bbox 324 4976 2018 5046">
    <p class='ocr_par' dir='ltr' id='par_1_99' title="bbox 324 4976 2018 5046">
     <span class='ocr_line' id='line_1_99' title="bbox 324 4976 2018 5046; baseline 0.001 -13"><span class='ocrx_word' id='word_1_729' title='bbox 324 4978 520 5033; x_wconf 90' lang='lat' dir='ltr'><strong>sordes</strong></span> <span class='ocrx_word' id='word_1_730' title='bbox 556 4977 925 5046; x_wconf 75' lang='lat' dir='ltr'><strong>deprehensae</strong></span> <span class='ocrx_word' id='word_1_731' title='bbox 962 4977 1248 5033; x_wconf 89' lang='lat' dir='ltr'><strong>ducentur</strong></span> <span class='ocrx_word' id='word_1_732' title='bbox 1291 4976 1348 5032; x_wconf 91' lang='lat' dir='ltr'><strong>in</strong></span> <span class='ocrx_word' id='word_1_733' title='bbox 1396 4977 1709 5046; x_wconf 90' lang='lat' dir='ltr'><strong>publicum,</strong></span> <span class='ocrx_word' id='word_1_734' title='bbox 1767 4986 1822 5033; x_wconf 88' lang='lat' dir='ltr'><strong>et</strong></span> <span class='ocrx_word' id='word_1_735' title='bbox 1875 4979 2018 5034; x_wconf 91' lang='lat' dir='ltr'><strong>illud</strong></span> 
     </span>
    </p>
   </div>
   <div class='ocr_carea' id='block_1_100' title="bbox 328 5064 2018 5136">
    <p class='ocr_par' dir='ltr' id='par_1_100' title="bbox 328 5064 2018 5136">
     <span class='ocr_line' id='line_1_100' title="bbox 328 5064 2018 5136; baseline 0.001 -17"><span class='ocrx_word' id='word_1_736' title='bbox 328 5064 449 5132; x_wconf 91' lang='lat' dir='ltr'><strong>Dei,</strong></span> <span class='ocrx_word' id='word_1_737' title='bbox 481 5067 635 5136; x_wconf 88' lang='lat' dir='ltr'><strong>quod</strong></span> <span class='ocrx_word' id='word_1_738' title='bbox 678 5079 778 5121; x_wconf 89' lang='lat' dir='ltr'><strong>vos</strong></span> <span class='ocrx_word' id='word_1_739' title='bbox 817 5079 939 5121; x_wconf 89' lang='lat' dir='ltr'><strong>esse</strong></span> <span class='ocrx_word' id='word_1_740' title='bbox 966 5065 1250 5121; x_wconf 90' lang='lat' dir='ltr'><strong>simulatis</strong></span> <span class='ocrx_word' id='word_1_741' title='bbox 1301 5065 1357 5119; x_wconf 89' lang='lat' dir='ltr'><strong>in</strong></span> <span class='ocrx_word' id='word_1_742' title='bbox 1390 5065 1549 5121; x_wconf 87' lang='lat' dir='ltr'><strong>nullo</strong></span> <span class='ocrx_word' id='word_1_743' title='bbox 1579 5064 1737 5121; x_wconf 87' lang='lat' dir='ltr'><strong>vobis</strong></span> <span class='ocrx_word' id='word_1_744' title='bbox 1769 5067 2018 5135; x_wconf 89' lang='lat' dir='ltr'><strong>proderit</strong></span> 
     </span>
    </p>
   </div>
   <div class='ocr_carea' id='block_1_101' title="bbox 328 5154 631 5223">
    <p class='ocr_par' dir='ltr' id='par_1_101' title="bbox 328 5154 631 5223">
     <span class='ocr_line' id='line_1_101' title="bbox 328 5154 631 5223; baseline -0.01 -14"><span class='ocrx_word' id='word_1_745' title='bbox 328 5162 442 5209; x_wconf 87' lang='lat' dir='ltr'><strong>tem</strong></span> <span class='ocrx_word' id='word_1_746' title='bbox 452 5154 631 5223; x_wconf 91' lang='lat' dir='ltr'><strong>plum.</strong></span> 
     </span>
    </p>
   </div>
   <div class='ocr_carea' id='block_1_102' title="bbox 399 5239 2021 5308">
    <p class='ocr_par' dir='ltr' id='par_1_102' title="bbox 399 5239 2021 5308">
     <span class='ocr_line' id='line_1_102' title="bbox 399 5239 2021 5308; baseline 0.001 -12"><span class='ocrx_word' id='word_1_747' title='bbox 399 5239 570 5296; x_wconf 71' lang='lat' dir='ltr'><strong>Vnus.</strong></span> <span class='ocrx_word' id='word_1_748' title='bbox 605 5244 657 5295; x_wconf 85' lang='lat'><strong>6.</strong></span> <span class='ocrx_word' id='word_1_749' title='bbox 689 5272 757 5281; x_wconf 94' lang='lat'><strong><em>—</em></strong></span> <span class='ocrx_word' id='word_1_750' title='bbox 806 5267 827 5291; x_wconf 77' lang='grc' dir='ltr'><strong>ι</strong></span> <span class='ocrx_word' id='word_1_751' title='bbox 878 5242 1123 5308; x_wconf 75' lang='lat' dir='ltr'><strong>Quzeritc</strong></span> <span class='ocrx_word' id='word_1_752' title='bbox 1181 5241 1512 5307; x_wconf 90' lang='lat' dir='ltr'><strong>Dominum,</strong></span> <span class='ocrx_word' id='word_1_753' title='bbox 1573 5250 1628 5296; x_wconf 90' lang='lat' dir='ltr'><strong>et</strong></span> <span class='ocrx_word' id='word_1_754' title='bbox 1676 5241 1899 5297; x_wconf 90' lang='lat' dir='ltr'><strong>vivite:</strong></span> <span class='ocrx_word' id='word_1_755' title='bbox 1950 5257 2021 5297; x_wconf 89' lang='lat' dir='ltr'><strong>ne</strong></span> 
     </span>
    </p>
   </div>
   <div class='ocr_carea' id='block_1_103' title="bbox 335 5328 2017 5425">
    <p class='ocr_par' dir='ltr' id='par_1_103' title="bbox 335 5328 2017 5425">
     <span class='ocr_line' id='line_1_103' title="bbox 335 5328 2017 5425; baseline 0.001 -41"><span class='ocrx_word' id='word_1_756' title='bbox 335 5350 358 5377; x_wconf 78' lang='grc' dir='ltr'><strong><em>ι</em></strong></span> <span class='ocrx_word' id='word_1_757' title='bbox 391 5328 534 5384; x_wconf 90' lang='lat' dir='ltr'><strong>forte</strong></span> <span class='ocrx_word' id='word_1_758' title='bbox 564 5328 986 5386; x_wconf 69' lang='lat' dir='ltr'><strong>comburantur</strong></span> <span class='ocrx_word' id='word_1_759' title='bbox 1011 5339 1074 5387; x_wconf 89' lang='lat' dir='ltr'><strong>ut</strong></span> <span class='ocrx_word' id='word_1_760' title='bbox 1096 5330 1247 5425; x_wconf 74' lang='lat' dir='ltr'><strong>ignis</strong></span> <span class='ocrx_word' id='word_1_761' title='bbox 1271 5330 1476 5386; x_wconf 90' lang='lat' dir='ltr'><strong>domus</strong></span> <span class='ocrx_word' id='word_1_762' title='bbox 1502 5330 1733 5400; x_wconf 76' lang='lat' dir='ltr'><strong>Ioseph.</strong></span> <span class='ocrx_word' id='word_1_763' title='bbox 1764 5340 1819 5386; x_wconf 90' lang='lat' dir='ltr'><strong>et</strong></span> <span class='ocrx_word' id='word_1_764' title='bbox 1848 5330 2017 5386; x_wconf 90' lang='lat' dir='ltr'><strong>devo-</strong></span> 
     </span>
    </p>
   </div>
   <div class='ocr_carea' id='block_1_104' title="bbox 332 5416 2018 5490">
    <p class='ocr_par' dir='ltr' id='par_1_104' title="bbox 332 5416 2018 5490">
     <span class='ocr_line' id='line_1_104' title="bbox 332 5416 2018 5490; baseline 0.002 -18"><span class='ocrx_word' id='word_1_765' title='bbox 332 5435 358 5465; x_wconf 78' lang='grc'><strong><em>›</em></strong></span> <span class='ocrx_word' id='word_1_766' title='bbox 393 5416 560 5488; x_wconf 89' lang='lat' dir='ltr'><strong>rabit,</strong></span> <span class='ocrx_word' id='word_1_767' title='bbox 591 5424 645 5473; x_wconf 88' lang='lat' dir='ltr'><strong>et</strong></span> <span class='ocrx_word' id='word_1_768' title='bbox 677 5430 794 5473; x_wconf 89' lang='lat' dir='ltr'><strong>non</strong></span> <span class='ocrx_word' id='word_1_769' title='bbox 835 5419 943 5475; x_wconf 88' lang='lat' dir='ltr'><strong>erit</strong></span> <span class='ocrx_word' id='word_1_770' title='bbox 975 5419 1073 5489; x_wconf 89' lang='lat' dir='ltr'><strong>qui</strong></span> <span class='ocrx_word' id='word_1_771' title='bbox 1110 5416 1443 5488; x_wconf 75' lang='lat' dir='ltr'><strong>exstinguat</strong></span> <span class='ocrx_word' id='word_1_772' title='bbox 1485 5417 1699 5474; x_wconf 80' lang='lat' dir='ltr'><strong>Bethel.</strong></span> <span class='ocrx_word' id='word_1_773' title='bbox 1736 5437 1763 5470; x_wconf 63' lang='grc' dir='ltr'><strong>ν</strong></span> <span class='ocrx_word' id='word_1_774' title='bbox 1812 5419 2018 5490; x_wconf 82' lang='lat' dir='ltr'><strong>Joseph</strong></span> 
     </span>
    </p>
   </div>
   <div class='ocr_carea' id='block_1_105' title="bbox 2123 4277 3388 4349">
    <p class='ocr_par' dir='ltr' id='par_1_105' title="bbox 2123 4277 3388 4349">
     <span class='ocr_line' id='line_1_105' title="bbox 2123 4277 3388 4349; baseline 0 -16"><span class='ocrx_word' id='word_1_775' title='bbox 2123 4278 2282 4345; x_wconf 90' lang='lat' dir='ltr'><strong>tiam,</strong></span> <span class='ocrx_word' id='word_1_776' title='bbox 2309 4285 2365 4333; x_wconf 91' lang='lat' dir='ltr'><strong>et</strong></span> <span class='ocrx_word' id='word_1_777' title='bbox 2398 4277 2519 4333; x_wconf 87' lang='lat' dir='ltr'><strong>vitii</strong></span> <span class='ocrx_word' id='word_1_778' title='bbox 2549 4278 2813 4334; x_wconf 90' lang='lat' dir='ltr'><strong>inertiam</strong></span> <span class='ocrx_word' id='word_1_779' title='bbox 2840 4279 3149 4349; x_wconf 85' lang='lat' dir='ltr'><strong>redigendo</strong></span> <span class='ocrx_word' id='word_1_780' title='bbox 3180 4278 3388 4348; x_wconf 91' lang='lat' dir='ltr'><strong>deplet.</strong></span> 
     </span>
    </p>
   </div>
   <div class='ocr_carea' id='block_1_106' title="bbox 2194 4365 3817 4437">
    <p class='ocr_par' dir='ltr' id='par_1_106' title="bbox 2194 4365 3817 4437">
     <span class='ocr_line' id='line_1_106' title="bbox 2194 4365 3817 4437; baseline -0.001 -15"><span class='ocrx_word' id='word_1_781' title='bbox 2194 4365 2365 4422; x_wconf 72' lang='lat' dir='ltr'><strong>Vnus.</strong></span> <span class='ocrx_word' id='word_1_782' title='bbox 2428 4368 2512 4418; x_wconf 81' lang='lat' dir='ltr'><strong>to.</strong></span> <span class='ocrx_word' id='word_1_783' title='bbox 2548 4394 2613 4407; x_wconf 93' lang='lat'><strong>—-</strong></span> <span class='ocrx_word' id='word_1_784' title='bbox 2663 4384 2693 4416; x_wconf 72' lang='grc' dir='ltr'><strong><em>α</em></strong></span> <span class='ocrx_word' id='word_1_785' title='bbox 2740 4366 2881 4422; x_wconf 90' lang='lat' dir='ltr'><strong>Odio</strong></span> <span class='ocrx_word' id='word_1_786' title='bbox 2926 4366 3257 4422; x_wconf 90' lang='lat' dir='ltr'><strong>habuerunt</strong></span> <span class='ocrx_word' id='word_1_787' title='bbox 3315 4366 3373 4420; x_wconf 91' lang='lat' dir='ltr'><strong>in</strong></span> <span class='ocrx_word' id='word_1_788' title='bbox 3432 4374 3593 4437; x_wconf 88' lang='lat' dir='ltr'><strong>porta</strong></span> <span class='ocrx_word' id='word_1_789' title='bbox 3638 4367 3817 4420; x_wconf 85' lang='lat' dir='ltr'><strong>corri-</strong></span> 
     </span>
    </p>
   </div>
   <div class='ocr_carea' id='block_1_107' title="bbox 2129 4453 3811 4522">
    <p class='ocr_par' dir='ltr' id='par_1_107' title="bbox 2129 4453 3811 4522">
     <span class='ocr_line' id='line_1_107' title="bbox 2129 4453 3811 4522; baseline 0 -15"><span class='ocrx_word' id='word_1_790' title='bbox 2129 4474 2150 4499; x_wconf 74' lang='grc' dir='ltr'>ι</span> <span class='ocrx_word' id='word_1_791' title='bbox 2186 4453 2455 4522; x_wconf 90' lang='lat' dir='ltr'><strong>pientem,</strong></span> <span class='ocrx_word' id='word_1_792' title='bbox 2492 4461 2548 4508; x_wconf 91' lang='lat' dir='ltr'><strong>et</strong></span> <span class='ocrx_word' id='word_1_793' title='bbox 2596 4453 2922 4522; x_wconf 84' lang='lat' dir='ltr'><strong>loquentem</strong></span> <span class='ocrx_word' id='word_1_794' title='bbox 2959 4453 3201 4522; x_wconf 90' lang='lat' dir='ltr'><strong>perfecte</strong></span> <span class='ocrx_word' id='word_1_795' title='bbox 3246 4453 3561 4509; x_wconf 88' lang='lat' dir='ltr'><strong>abominati</strong></span> <span class='ocrx_word' id='word_1_796' title='bbox 3592 4460 3742 4508; x_wconf 88' lang='lat' dir='ltr'><strong>sunt.</strong></span> <span class='ocrx_word' id='word_1_797' title='bbox 3788 4476 3811 4499; x_wconf 76' lang='grc' dir='ltr'>ι</span> 
     </span>
    </p>
   </div>
   <div class='ocr_carea' id='block_1_108' title="bbox 2126 4541 3818 4612">
    <p class='ocr_par' dir='ltr' id='par_1_108' title="bbox 2126 4541 3818 4612">
     <span class='ocr_line' id='line_1_108' title="bbox 2126 4541 3818 4612; baseline 0.001 -18"><span class='ocrx_word' id='word_1_798' title='bbox 2126 4542 2189 4594; x_wconf 86' lang='lat' dir='ltr'><strong>In</strong></span> <span class='ocrx_word' id='word_1_799' title='bbox 2236 4546 2403 4609; x_wconf 85' lang='lat' dir='ltr'><strong>porta</strong></span> <span class='ocrx_word' id='word_1_800' title='bbox 2446 4541 2700 4610; x_wconf 89' lang='lat' dir='ltr'><strong>corripit,</strong></span> <span class='ocrx_word' id='word_1_801' title='bbox 2757 4542 2857 4611; x_wconf 92' lang='lat' dir='ltr'><strong>qui</strong></span> <span class='ocrx_word' id='word_1_802' title='bbox 2909 4541 3263 4611; x_wconf 84' lang='lat' dir='ltr'><strong>judicialiter</strong></span> <span class='ocrx_word' id='word_1_803' title='bbox 3333 4542 3663 4612; x_wconf 89' lang='lat' dir='ltr'><strong>quempiam</strong></span> <span class='ocrx_word' id='word_1_804' title='bbox 3724 4556 3818 4596; x_wconf 88' lang='lat' dir='ltr'><strong>co—</strong></span> 
     </span>
    </p>
   </div>
   <div class='ocr_carea' id='block_1_109' title="bbox 2126 4627 3816 4699">
    <p class='ocr_par' dir='ltr' id='par_1_109' title="bbox 2126 4627 3816 4699">
     <span class='ocr_line' id='line_1_109' title="bbox 2126 4627 3816 4699; baseline 0.001 -16"><span class='ocrx_word' id='word_1_805' title='bbox 2126 4627 2337 4698; x_wconf 87' lang='lat' dir='ltr'><strong>arguit.</strong></span> <span class='ocrx_word' id='word_1_806' title='bbox 2404 4630 2467 4683; x_wconf 86' lang='lat' dir='ltr'><strong>In</strong></span> <span class='ocrx_word' id='word_1_807' title='bbox 2525 4634 2688 4699; x_wconf 83' lang='lat' dir='ltr'><strong>porta</strong></span> <span class='ocrx_word' id='word_1_808' title='bbox 2739 4628 2891 4684; x_wconf 89' lang='lat' dir='ltr'><strong>enim</strong></span> <span class='ocrx_word' id='word_1_809' title='bbox 2946 4629 3273 4698; x_wconf 87' lang='lat' dir='ltr'><strong>antiquitus</strong></span> <span class='ocrx_word' id='word_1_810' title='bbox 3326 4629 3586 4685; x_wconf 86' lang='lat' dir='ltr'><strong>exerceri</strong></span> <span class='ocrx_word' id='word_1_811' title='bbox 3633 4630 3816 4684; x_wconf 85' lang='lat' dir='ltr'><strong>solere</strong></span> 
     </span>
    </p>
   </div>
   <div class='ocr_carea' id='block_1_110' title="bbox 2120 4715 3817 4787">
    <p class='ocr_par' dir='ltr' id='par_1_110' title="bbox 2120 4715 3817 4787">
     <span class='ocr_line' id='line_1_110' title="bbox 2120 4715 3817 4787; baseline 0.002 -16"><span class='ocrx_word' id='word_1_812' title='bbox 2120 4715 2338 4785; x_wconf 90' lang='lat' dir='ltr'><strong>judicia</strong></span> <span class='ocrx_word' id='word_1_813' title='bbox 2389 4731 2503 4772; x_wconf 91' lang='lat' dir='ltr'><strong>non</strong></span> <span class='ocrx_word' id='word_1_814' title='bbox 2558 4716 2772 4771; x_wconf 90' lang='lat' dir='ltr'><strong>nemini</strong></span> <span class='ocrx_word' id='word_1_815' title='bbox 2802 4724 3021 4773; x_wconf 88' lang='lat' dir='ltr'><strong>certum</strong></span> <span class='ocrx_word' id='word_1_816' title='bbox 3055 4726 3156 4772; x_wconf 88' lang='lat' dir='ltr'><strong>est.</strong></span> <span class='ocrx_word' id='word_1_817' title='bbox 3215 4718 3355 4774; x_wconf 86' lang='lat' dir='ltr'><strong>Odio</strong></span> <span class='ocrx_word' id='word_1_818' title='bbox 3406 4732 3545 4787; x_wconf 85' lang='lat' dir='ltr'><strong>ergo</strong></span> <span class='ocrx_word' id='word_1_819' title='bbox 3603 4716 3817 4774; x_wconf 88' lang='lat' dir='ltr'><strong>habent</strong></span> 
     </span>
    </p>
   </div>
   <div class='ocr_carea' id='block_1_111' title="bbox 2124 4805 3817 4877">
    <p class='ocr_par' dir='ltr' id='par_1_111' title="bbox 2124 4805 3817 4877">
     <span class='ocr_line' id='line_1_111' title="bbox 2124 4805 3817 4877; baseline 0.002 -19"><span class='ocrx_word' id='word_1_820' title='bbox 2124 4807 2185 4858; x_wconf 85' lang='lat' dir='ltr'><strong>in</strong></span> <span class='ocrx_word' id='word_1_821' title='bbox 2208 4810 2372 4873; x_wconf 86' lang='lat' dir='ltr'><strong>porta</strong></span> <span class='ocrx_word' id='word_1_822' title='bbox 2395 4807 2791 4874; x_wconf 83' lang='lat' dir='ltr'><strong>corripientem,</strong></span> <span class='ocrx_word' id='word_1_823' title='bbox 2821 4805 2922 4875; x_wconf 90' lang='lat' dir='ltr'><strong>qui</strong></span> <span class='ocrx_word' id='word_1_824' title='bbox 2978 4820 3131 4877; x_wconf 68' lang='lat' dir='ltr'><strong>aegre</strong></span> <span class='ocrx_word' id='word_1_825' title='bbox 3191 4806 3381 4861; x_wconf 87' lang='lat' dir='ltr'><strong>ferunt</strong></span> <span class='ocrx_word' id='word_1_826' title='bbox 3428 4820 3545 4861; x_wconf 91' lang='lat' dir='ltr'><strong>non</strong></span> <span class='ocrx_word' id='word_1_827' title='bbox 3601 4819 3673 4860; x_wconf 89' lang='lat' dir='ltr'><strong>ex</strong></span> <span class='ocrx_word' id='word_1_828' title='bbox 3733 4812 3817 4861; x_wconf 85' lang='lat' dir='ltr'><strong>te-</strong></span> 
     </span>
    </p>
   </div>
   <div class='ocr_carea' id='block_1_112' title="bbox 2127 4892 3819 4962">
    <p class='ocr_par' dir='ltr' id='par_1_112' title="bbox 2127 4892 3819 4962">
     <span class='ocr_line' id='line_1_112' title="bbox 2127 4892 3819 4962; baseline -0.001 -14"><span class='ocrx_word' id='word_1_829' title='bbox 2127 4892 2408 4959; x_wconf 88' lang='lat' dir='ltr'><strong>meritate,</strong></span> <span class='ocrx_word' id='word_1_830' title='bbox 2469 4894 2565 4949; x_wconf 89' lang='lat' dir='ltr'><strong>sed</strong></span> <span class='ocrx_word' id='word_1_831' title='bbox 2615 4908 2687 4949; x_wconf 88' lang='lat' dir='ltr'><strong>ex</strong></span> <span class='ocrx_word' id='word_1_832' title='bbox 2751 4894 2988 4949; x_wconf 89' lang='lat' dir='ltr'><strong>veritate</strong></span> <span class='ocrx_word' id='word_1_833' title='bbox 3055 4902 3406 4951; x_wconf 88' lang='lat' dir='ltr'><strong>causantem.</strong></span> <span class='ocrx_word' id='word_1_834' title='bbox 3455 4896 3696 4962; x_wconf 76' lang='lat' dir='ltr'><strong>Per-recte</strong></span> <span class='ocrx_word' id='word_1_835' title='bbox 3743 4896 3819 4948; x_wconf 84' lang='lat' dir='ltr'><strong>to-</strong></span> 
     </span>
    </p>
   </div>
   <div class='ocr_carea' id='block_1_113' title="bbox 2128 4983 3820 5051">
    <p class='ocr_par' dir='ltr' id='par_1_113' title="bbox 2128 4983 3820 5051">
     <span class='ocr_line' id='line_1_113' title="bbox 2128 4983 3820 5051; baseline 0.002 -14"><span class='ocrx_word' id='word_1_836' title='bbox 2128 4988 2373 5051; x_wconf 82' lang='lat' dir='ltr'><strong>quentem</strong></span> <span class='ocrx_word' id='word_1_837' title='bbox 2410 4983 2842 5050; x_wconf 87' lang='lat' dir='ltr'><strong>abominantur,</strong></span> <span class='ocrx_word' id='word_1_838' title='bbox 2895 4999 3027 5041; x_wconf 92' lang='lat' dir='ltr'><strong>cum</strong></span> <span class='ocrx_word' id='word_1_839' title='bbox 3088 4986 3335 5042; x_wconf 88' lang='lat' dir='ltr'><strong>aliorum</strong></span> <span class='ocrx_word' id='word_1_840' title='bbox 3392 4986 3686 5041; x_wconf 90' lang='lat' dir='ltr'><strong>lenociniis</strong></span> <span class='ocrx_word' id='word_1_841' title='bbox 3734 4999 3820 5040; x_wconf 85' lang='lat' dir='ltr'><strong>as-</strong></span> 
     </span>
    </p>
   </div>
   <div class='ocr_carea' id='block_1_114' title="bbox 2130 5072 3816 5144">
    <p class='ocr_par' dir='ltr' id='par_1_114' title="bbox 2130 5072 3816 5144">
     <span class='ocr_line' id='line_1_114' title="bbox 2130 5072 3816 5144; baseline 0.002 -18"><span class='ocrx_word' id='word_1_842' title='bbox 2130 5072 2298 5138; x_wconf 91' lang='lat' dir='ltr'><strong>sueti,</strong></span> <span class='ocrx_word' id='word_1_843' title='bbox 2344 5086 2459 5139; x_wconf 92' lang='lat' dir='ltr'><strong>eos,</strong></span> <span class='ocrx_word' id='word_1_844' title='bbox 2510 5072 2611 5142; x_wconf 89' lang='lat' dir='ltr'><strong>qui</strong></span> <span class='ocrx_word' id='word_1_845' title='bbox 2652 5072 2869 5128; x_wconf 89' lang='lat' dir='ltr'><strong>sincere</strong></span> <span class='ocrx_word' id='word_1_846' title='bbox 2916 5087 3022 5129; x_wconf 90' lang='lat' dir='ltr'><strong>sua</strong></span> <span class='ocrx_word' id='word_1_847' title='bbox 3046 5074 3191 5130; x_wconf 87' lang='lat' dir='ltr'><strong>vitia</strong></span> <span class='ocrx_word' id='word_1_848' title='bbox 3246 5074 3591 5144; x_wconf 89' lang='lat' dir='ltr'><strong>corripiunt,</strong></span> <span class='ocrx_word' id='word_1_849' title='bbox 3649 5087 3816 5129; x_wconf 85' lang='lat' dir='ltr'><strong>exse-</strong></span> 
     </span>
    </p>
   </div>
   <div class='ocr_carea' id='block_1_115' title="bbox 2129 5166 2390 5213">
    <p class='ocr_par' dir='ltr' id='par_1_115' title="bbox 2129 5166 2390 5213">
     <span class='ocr_line' id='line_1_115' title="bbox 2129 5166 2390 5213; baseline -0.008 -1"><span class='ocrx_word' id='word_1_850' title='bbox 2129 5166 2390 5213; x_wconf 88' lang='lat' dir='ltr'><strong>crantur.</strong></span> 
     </span>
    </p>
   </div>
   <div class='ocr_carea' id='block_1_116' title="bbox 2202 5244 3820 5320">
    <p class='ocr_par' dir='ltr' id='par_1_116' title="bbox 2202 5244 3820 5320">
     <span class='ocr_line' id='line_1_116' title="bbox 2202 5244 3820 5320; baseline 0.001 -18"><span class='ocrx_word' id='word_1_851' title='bbox 2202 5244 2395 5315; x_wconf 73' lang='lat' dir='ltr'><strong>(Vnus.</strong></span> <span class='ocrx_word' id='word_1_852' title='bbox 2445 5248 2555 5318; x_wconf 78' lang='grc'><strong>11.)</strong></span> <span class='ocrx_word' id='word_1_853' title='bbox 2596 5278 2662 5286; x_wconf 91' lang='lat'><strong>—-</strong></span> <span class='ocrx_word' id='word_1_854' title='bbox 2690 5266 2718 5297; x_wconf 76' lang='grc' dir='ltr'>α</span> <span class='ocrx_word' id='word_1_855' title='bbox 2780 5247 3013 5315; x_wconf 85' lang='lat' dir='ltr'><strong>Idcirco,</strong></span> <span class='ocrx_word' id='word_1_856' title='bbox 3067 5262 3169 5318; x_wconf 91' lang='lat' dir='ltr'><strong>pro</strong></span> <span class='ocrx_word' id='word_1_857' title='bbox 3195 5263 3260 5304; x_wconf 91' lang='lat' dir='ltr'><strong>eo</strong></span> <span class='ocrx_word' id='word_1_858' title='bbox 3284 5250 3440 5320; x_wconf 88' lang='lat' dir='ltr'><strong>quod</strong></span> <span class='ocrx_word' id='word_1_859' title='bbox 3468 5248 3820 5319; x_wconf 90' lang='lat' dir='ltr'><strong>diripiebatis</strong></span> 
     </span>
    </p>
   </div>
   <div class='ocr_carea' id='block_1_117' title="bbox 2135 5335 3816 5405">
    <p class='ocr_par' dir='ltr' id='par_1_117' title="bbox 2135 5335 3816 5405">
     <span class='ocr_line' id='line_1_117' title="bbox 2135 5335 3816 5405; baseline 0.005 -21"><span class='ocrx_word' id='word_1_860' title='bbox 2135 5354 2158 5382; x_wconf 76' lang='grc' dir='ltr'><strong><em>ι</em></strong></span> <span class='ocrx_word' id='word_1_861' title='bbox 2194 5346 2503 5403; x_wconf 89' lang='lat' dir='ltr'><strong>pauperem</strong></span> <span class='ocrx_word' id='word_1_862' title='bbox 2558 5342 2614 5390; x_wconf 89' lang='lat' dir='ltr'><strong>et</strong></span> <span class='ocrx_word' id='word_1_863' title='bbox 2673 5335 2927 5404; x_wconf 63' lang='lat' dir='ltr'><strong>praedam</strong></span> <span class='ocrx_word' id='word_1_864' title='bbox 2985 5336 3222 5393; x_wconf 87' lang='lat' dir='ltr'><strong>electam</strong></span> <span class='ocrx_word' id='word_1_865' title='bbox 3280 5337 3560 5394; x_wconf 87' lang='lat' dir='ltr'><strong>tollebatis</strong></span> <span class='ocrx_word' id='word_1_866' title='bbox 3616 5337 3687 5393; x_wconf 89' lang='lat' dir='ltr'><strong>ab</strong></span> <span class='ocrx_word' id='word_1_867' title='bbox 3729 5352 3816 5405; x_wconf 90' lang='lat' dir='ltr'><strong>eo,</strong></span> 
     </span>
    </p>
   </div>
   <div class='ocr_carea' id='block_1_118' title="bbox 2134 5420 3819 5491">
    <p class='ocr_par' dir='ltr' id='par_1_118' title="bbox 2134 5420 3819 5491">
     <span class='ocr_line' id='line_1_118' title="bbox 2134 5420 3819 5491; baseline 0.006 -21"><span class='ocrx_word' id='word_1_868' title='bbox 2134 5442 2158 5470; x_wconf 75' lang='grc'><em>›</em></span> <span class='ocrx_word' id='word_1_869' title='bbox 2193 5420 2394 5477; x_wconf 88' lang='lat' dir='ltr'><strong>domos</strong></span> <span class='ocrx_word' id='word_1_870' title='bbox 2441 5421 2664 5491; x_wconf 88' lang='lat' dir='ltr'><strong>quadro</strong></span> <span class='ocrx_word' id='word_1_871' title='bbox 2712 5421 2896 5491; x_wconf 90' lang='lat' dir='ltr'><strong>lapide</strong></span> <span class='ocrx_word' id='word_1_872' title='bbox 2952 5423 3311 5480; x_wconf 71' lang='lat' dir='ltr'><strong>aediﬁcabitis</strong></span> <span class='ocrx_word' id='word_1_873' title='bbox 3347 5433 3401 5480; x_wconf 88' lang='lat' dir='ltr'><strong>et</strong></span> <span class='ocrx_word' id='word_1_874' title='bbox 3445 5439 3561 5480; x_wconf 89' lang='lat' dir='ltr'><strong>non</strong></span> <span class='ocrx_word' id='word_1_875' title='bbox 3595 5424 3819 5480; x_wconf 71' lang='lat' dir='ltr'><strong>.habita-</strong></span> 
     </span>
    </p>
   </div>
  </div>
