3934 6086
53 273 156 324 433

55 430 75 450 ε
116 405 251 462 bitis
313 406 371 462 in
434 406 530 462 eis.
598 428 617 452 ι

53 495 371 550 intentione
418 493 752 564 quempiam
796 494 1034 563 dissipat
1095 502 1150 550 et
1197 495 1451 551 abducit.
1512 497 1757 551 Praedam

52 584 277 637 electam
314 584 384 636 ab
429 601 486 637 eo
528 583 703 648 tollit,
755 582 857 653 qui
899 582 1056 652 quod
1089 584 1393 651 pretiosius
1437 590 1492 639 et
1520 584 1757 640 electius

56 672 117 726 in
176 671 407 727 homine
461 678 563 737 est,
624 670 953 741 spiritualia
1022 670 1222 741 utique
1282 672 1431 727 bona
1479 671 1757 741 fperversa

51 760 451 816 debortatione
497 759 799 815 subvertit.
862 763 1048 813 Domos
1106 759 1321 828 quadra
1355 760 1540 827 lapide
1569 760 1753 815 aedili-

54 856 209 914 cant,
253 863 387 905 cum
436 848 751 905 virtutibus
800 847 1148 905 immutilata
1199 850 1363 918 quasi
1421 849 1758 903 auctoritate

54 937 460 993 constantibus
532 936 914 993 conscientias
979 950 1115 992 suas
1188 936 1440 992 eminere
1514 938 1757 992 demon-

53 1032 274 1092 strant;
329 1025 423 1081 sed
476 1028 534 1078 in
587 1027 663 1079 eis
718 1041 825 1079 non
880 1024 1161 1091 habitant,
1230 1024 1371 1095 quia
1438 1025 1494 1079 in
1555 1039 1756 1081 earum

54 1112 334 1181 dominio,
400 1116 510 1169 Deo
574 1128 772 1170 eorum
842 1113 981 1168 vitia
1035 1113 1340 1177 revelante,
1405 1113 1573 1168 nimis
1628 1127 1754 1182 per-

58 1200 345 1258 functorie
371 1209 758 1271 perseverant.

134 1291 303 1347 Vnus.
360 1293 439 1344 l2.
486 1320 544 1330 —-
586 1313 607 1337 ε
658 1290 869 1347 Vincas
925 1290 1353 1347 amantissimas
1400 1290 1753 1360 plantabitis,

64 1402 81 1423 ι
117 1388 175 1434 et
206 1394 321 1434 non
364 1378 569 1434 bibetis
602 1377 800 1434 vinum
838 1393 1060 1445 earum,
1094 1379 1235 1449 quia
1282 1378 1524 1447 cognovi
1576 1379 1758 1435 multa

64 1492 80 1511 ο
144 1468 362 1523 scelera
403 1476 611 1533 vestra,
653 1476 707 1523 et
755 1467 921 1522 fortia
963 1475 1190 1536 peccata
1240 1475 1447 1522 vestra.
1490 1490 1508 1513 ι
1565 1470 1754 1521 Vinuzs

54 1554 465 1607 amantissimas
517 1551 797 1622 plantant,
838 1566 971 1607 cum
1014 1550 1340 1621 spiritualia
1388 1552 1539 1608 bona
1574 1552 1753 1607 mira-

56 1640 153 1695 bili
231 1641 548 1705 alacritate,
614 1647 671 1695 et
737 1639 920 1696 multa
982 1640 1301 1696 videntium
1368 1641 1756 1710 gratulatione

60 1737 403 1799 propagant.
460 1729 568 1785 Sed
631 1731 820 1783 vinum
881 1745 1066 1783 earum
1128 1744 1235 1782 non
1306 1729 1535 1795 bibunt,
1611 1730 1748 1786 dum

58 1816 221 1873 nulla
276 1816 597 1887 spiritualis
625 1817 902 1873 mercedis
932 1817 1203 1873 exteriori
1266 1816 1468 1873 intenti
1510 1818 1757 1875 retribu-

58 1904 211 1959 tione
261 1918 381 1960 sese
430 1905 714 1962 reﬁciunt.
764 1907 947 1961 Multa
984 1908 1186 1962 scelera
1212 1922 1417 1963 eorum
1447 1908 1755 1979 cognoscit,

59 2000 215 2049 tanto
276 1993 553 2049 nimirum
606 1994 793 2064 plura,
857 2003 1073 2065 quanto
1137 1996 1472 2061 occultiora,
1532 2003 1587 2051 et
1642 2011 1757 2066 quo

61 2081 395 2147 occultiora,
438 2096 502 2138 eo
547 2082 1046 2155 incorrigibiliora.
1100 2086 1329 2138 Peccata
1372 2099 1572 2140 eorum
1624 2092 1759 2139 sunt

60 2173 232 2233 fortia
263 2172 403 2241 quia
449 2170 776 2241 spiritualia
824 2172 1101 2228 nimirum
1149 2172 1297 2227 sicut
1342 2172 1401 2227 in
1448 2172 1610 2227 nullo
1648 2187 1758 2240 pu—

60 2260 202 2327 dori,
267 2259 343 2315 ita
391 2267 446 2316 et
489 2260 824 2316 correctioni
872 2259 1213 2330 neutiquam
1258 2260 1531 2330 patentia.
1573 2283 1591 2307 α
1641 2260 1758 2315 Ho-

68 2372 84 2390 ι
117 2355 231 2403 stes
255 2346 401 2417 justi
450 2346 792 2416 accipientes
824 2362 1038 2403 munus
1065 2356 1119 2403 et
1151 2362 1432 2417 pauperes
1484 2347 1540 2402 in
1594 2355 1757 2417 porta

68 2462 83 2475 -
119 2435 525 2504 deprimentes.
566 2458 585 2481 ι
637 2438 827 2491 Hostes
858 2437 1023 2504 justi,
1063 2436 1123 2489 id
1168 2442 1247 2491 est
1298 2435 1537 2505 justitize
1590 2444 1752 2501 sunt,

61 2524 201 2593 quia
246 2537 463 2579 munus
510 2538 544 2579 a
575 2524 777 2579 ditiore
820 2524 1111 2594 accipiunt
1149 2533 1205 2581 et
1234 2525 1446 2581 idcirco
1488 2540 1757 2595 pauperes

61 2617 115 2663 in
140 2616 325 2681 porta,
358 2611 416 2667 id
453 2618 538 2668 est
561 2611 783 2682 judicio
814 2612 1166 2682 deprimunt.

130 2700 300 2756 Vnus.
341 2704 425 2769 1:1.
458 2730 527 2739 -—
561 2722 582 2747 ε
619 2701 748 2756 Ideo
793 2700 1047 2769 prudens
1078 2701 1136 2756 in
1169 2709 1422 2772 tempore
1460 2701 1553 2757 illo
1600 2710 1757 2758 tace—

70 2812 86 2833 =
124 2789 225 2857 bit,
276 2789 416 2860 quia
459 2796 687 2859 tempus
735 2789 951 2845 malum
1004 2797 1107 2846 est.
1156 2813 1175 2837 ι
1225 2790 1470 2845 Prudens
1519 2794 1576 2845 in
1625 2796 1756 2845 tem-

55 2895 187 2948 pore
214 2879 309 2932 itlo
357 2884 539 2933 tacere
570 2878 829 2949 jubetur,
866 2878 1005 2947 quia
1054 2878 1113 2933 in
1163 2879 1435 2935 salicibus
1482 2879 1543 2933 in
1575 2879 1758 2936 medio

64 2965 373 3036 Babylonis
419 2966 803 3036 dispensative
833 2979 1053 3036 organa
1083 2966 1521 3037 suspenduntur
1573 2967 1751 3037 (Psal.

64 3070 300 3121 cum,
356 3054 431 3125 2).
495 3055 746 3124 Tempus
812 3054 1030 3111 malum
1077 3065 1182 3123 est,
1236 3070 1350 3111 non
1408 3055 1547 3111 illud
1605 3057 1759 3126 quod

67 3144 326 3211 Domino,
395 3151 451 3200 et
518 3144 792 3199 membris
855 3144 983 3214 ejus
1027 3145 1287 3199 nondum
1343 3144 1593 3207 advenit,
1662 3146 1755 3201 sed

64 3233 216 3302 quod
249 3231 507 3301 reprobis
530 3246 754 3301 semper
785 3240 1051 3301 paratum
1081 3239 1164 3288 est
1193 3232 1376 3302 (Joan.
1410 3218 1502 3296 vn,
1535 3236 1613 3301 6).

132 3320 306 3376 Vsus.
375 3321 456 3374 14.
515 3349 585 3360 -—
650 3319 899 3385 Quaerite
962 3321 1178 3375 bonum
1242 3328 1299 3375 et
1364 3335 1479 3376 non
1540 3321 1755 3376 malum

72 3432 89 3453 ν
132 3416 195 3466 ut
227 3408 479 3477 vivatis;
532 3416 587 3464 et
637 3408 747 3463 erit
806 3408 1086 3464 Dominus
1137 3408 1501 3465 exercituum
1556 3410 1754 3465 vobis-

74 3521 90 3537 ι
123 3512 257 3553 cum
282 3497 431 3553 sicut
460 3496 700 3552 dixistis.
740 3518 760 3544 ι
788 3500 863 3553 Ac
892 3497 939 3551 si
965 3497 1177 3553 diceret
1213 3513 1223 3551 :
1252 3497 1365 3553 Vos
1392 3498 1555 3553 vobis
1576 3499 1757 3554 Deum

58 3585 109 3640 in
142 3583 308 3641 vobis
367 3584 625 3640 habitare
681 3584 988 3652 ascribitis,
1055 3585 1209 3655 quod
1272 3586 1394 3655 jam
1448 3585 1507 3639 in
1570 3588 1760 3657 ligura

61 3673 251 3730 Bethel
280 3672 543 3739 audistis,
596 3672 692 3729 sed
744 3673 798 3728 id
846 3673 1008 3729 falso.
1065 3675 1136 3729 At
1182 3688 1316 3729 vero
1357 3674 1599 3744 quaerite
1653 3676 1757 3730 bo-

60 3777 218 3829 num,
253 3771 308 3818 et
336 3776 451 3817 non
493 3761 711 3817 malum
743 3761 791 3817 si
841 3761 1037 3817 vivere
1066 3762 1265 3829 vultis,
1325 3771 1379 3819 et
1439 3770 1578 3818 tunc
1629 3777 1759 3819 vere

61 3852 210 3908 Deus
264 3865 379 3907 non
427 3850 611 3906 aberit
672 3849 850 3906 vobis.
886 3850 1078 3920 (Vnus.
1142 3850 1244 3920 15.)
1305 3850 1568 3907 0dientes
1620 3866 1757 3921 ergo

58 3941 264 3994 malum
296 3939 527 3995 lumbos
557 3939 989 4009 praecingentes,
1034 3939 1254 4011 diligite
1288 3940 1523 4004 bonum,
1570 3939 1759 3996 lucer-

58 4042 162 4083 nas
194 4034 475 4092 tenentes,
527 4030 583 4081 in
628 4032 812 4096 porta,
847 4028 902 4083 id
958 4035 1044 4083 est
1094 4027 1151 4083 in
1181 4027 1342 4083 aditu
1398 4027 1760 4099 cogitationis

53 4117 334 4184 judicium
390 4116 735 4170 discretionis
781 4118 1026 4181 statuite,
1086 4118 1137 4170 si
1183 4118 1325 4183 forte
1384 4116 1611 4185 reliquis
1675 4118 1760 4170 Jo-

58 4206 192 4274 seph
226 4207 367 4259 Deus
397 4206 735 4269 misereatur,
792 4203 847 4258 id
893 4212 978 4260 est
1028 4205 1072 4260 si
1126 4205 1298 4261 alicui
1354 4204 1517 4261 bona:
1566 4205 1758 4260 inten-

62 4294 200 4349 tioni
252 4293 496 4349 residua;
546 4308 769 4359 eorum,
812 4293 915 4364 qui
984 4292 1382 4349 mundialibus
1434 4294 1762 4364 augmentis

64 4383 328 4451 aspirant
388 4382 797 4438 adminiculari
852 4382 1143 4454 dignetur.
1206 4381 1367 4448 Quod
1425 4382 1561 4438 dicit
1621 4385 1763 4450 forte

66 4470 333 4528 Hebraici
388 4471 564 4526 moris
614 4478 719 4536 est,
777 4479 842 4527 ut
907 4472 1250 4543 ambiguum
1303 4486 1406 4540 pro
1425 4470 1585 4535 {certe
1632 4486 1762 4527 cer—

63 4569 184 4617 tum
222 4567 476 4629 ponatur
505 4574 608 4629 pro
658 4559 931 4629 ambiguo.
982 4568 1048 4616 ut
1095 4559 1286 4616 illud:
1336 4560 1594 4615 Forsitan
1647 4560 1761 4616 ini-

65 4650 244 4706 micos
274 4662 476 4705 eorum
502 4648 892 4705 humiliassem
927 4650 1093 4717 (Psal.
1126 4664 1256 4716 Lxx,
1304 4653 1406 4708 15).

132 4738 309 4794 Vens.
349 4740 434 4791 16.
469 4767 537 4775 ——
573 4760 593 4785 α
643 4738 945 4807 Propterea
992 4738 1113 4794 haec
1159 4738 1297 4795 dicit
1342 4738 1664 4795 Dominus:
1699 4740 1762 4795 In

70 4852 88 4874 ι
123 4826 405 4884 omnibus
441 4826 643 4896 plateis
694 4826 979 4897 planctus,
1010 4835 1066 4883 et
1106 4828 1168 4884 in
1193 4828 1418 4884 cunctis
1471 4843 1604 4898 quae
1631 4827 1767 4884 foris

74 4940 91 4961 ν
125 4923 288 4979 sunt,
322 4915 547 4971 dicetur
598 4930 685 4971 vre
728 4931 842 4982 vae;
894 4924 950 4971 et
1000 4908 1288 4973 vocabunt
1338 4917 1647 4988 agricolam
1693 4917 1765 4973 ad

76 5029 93 5049 ι
124 5007 373 5063 luctum,
406 5011 462 5058 et
491 5004 564 5059 ad
597 5004 894 5073 planctum
916 5020 1033 5070 eos,
1067 5005 1173 5076 qui
1196 5005 1385 5062 sciunt
1410 5007 1700 5076 plangere.
1740 5031 1759 5052 »

73 5097 260 5153 (Vens.
318 5094 431 5162 17.)
496 5116 518 5141 σι
583 5094 652 5149 Et
709 5094 765 5149 in
830 5096 1100 5153 omnibus
1159 5096 1270 5151 viis
1317 5098 1422 5152 erit
1478 5096 1765 5166 planctus,

80 5208 95 5229 ι
127 5184 272 5256 quia
326 5182 689 5254 pertransibo
736 5183 796 5239 in
837 5184 1024 5240 medio
1054 5184 1161 5251 tui,
1217 5185 1354 5241 dicit
1411 5186 1701 5240 Dominus.
1742 5206 1762 5231 »

76 5274 135 5328 1η
159 5273 415 5327 omnibus
460 5272 660 5340 plateis
704 5272 959 5341 planctus
987 5279 1090 5339 est,
1138 5286 1269 5329 cum
1304 5271 1361 5327 in
1410 5271 1567 5327 omni
1610 5285 1767 5327 men-

73 5364 140 5417 tis
202 5369 261 5418 et
326 5367 496 5416 actus
550 5358 901 5430 dispersione
964 5361 1109 5416 nihil
1172 5361 1240 5417 de
1291 5360 1504 5431 gaudio
1561 5360 1767 5416 caelesti

75 5451 417 5523 requiritur,
460 5448 556 5504 sed
589 5447 647 5503 in
697 5463 931 5519 quoque
981 5451 1208 5520 negotio
1237 5450 1357 5505 sola
1417 5450 1575 5505 luctu
1596 5449 1772 5519 digna

74 5547 420 5597 tractantur.
454 5538 528 5590 In
549 5532 752 5592 cunctis
781 5554 901 5607 quae
935 5539 1079 5604 foris
1097 5543 1243 5603 sunt,
1274 5554 1353 5592 vz
1401 5553 1500 5598 v2.
1533 5537 1771 5606 dicitur,

769 269 1221 326 TROPOLOGI/E
1259 272 1324 326 ΙΝ
1364 271 1563 338 OSEE,
1602 272 1786 328 AMOS
1827 274 1911 329 ET
1949 272 2095 327 JER.
2126 302 2186 313 —
2218 273 2352 328 LIB.
2402 272 2491 328 IV.
2536 274 2606 329 lN
2646 272 2850 328 AMOS.
3458 276 3555 328 435.-

688 408 983 473 Pauperem
1046 405 1262 476 diripit,
1332 407 1433 477 qui
1501 422 1534 461 a
1606 409 1756 462 bona
1794 408 1998 464 Acum
2030 422 2145 465 non
2174 408 2361 465 solum
2397 408 2455 463 in
2510 408 2632 477 ipsa
2674 408 2891 464 enormi
2951 407 3280 464 dilatatione
3336 407 3555 463 animo-

1868 511 2022 560 rum,
2058 511 2188 565 quae
2215 498 2481 567 signatur
2515 497 2745 552 nomine
2794 496 3135 565 platearum,
3171 495 3268 551 sed
3314 496 3372 551 in
3401 495 3558 552 omni

1868 584 2149 640 forinseca
2215 585 2715 641 administratione
2786 584 3017 641 miseria
3073 584 3388 641 accersitur
3445 584 3557 654 (vel

1868 673 2324 743 congeminatur)
2402 673 2726 729 animarum
2790 681 2845 729 et
2913 687 3236 743 corporum.
3298 674 3561 743 Agricola

1867 762 1943 815 ad
1988 764 2188 817 luctum
2234 769 2491 827 vocatur,
2550 776 2685 817 cum
2742 762 2985 832 quilibet
3039 761 3397 831 pradicator,
3464 763 3558 819 cui

1870 851 2147 907 mentium
2189 851 2379 907 votiva
2407 851 2638 905 cultura
2663 850 3038 921 dignoscitur,
3072 850 3199 905 dira
3240 864 3412 919 super
3454 850 3559 906 ob-

1868 940 2106 995 duratos
2152 939 2541 1009 compassione
2587 946 2871 995 movetur.
2924 938 3033 1005 Qui
3082 942 3259 993 sciunt
3304 939 3561 1008 plangere

1868 1037 2150 1084 vocantur
2178 1029 2253 1082 ad
2280 1030 2580 1096 planctum,
2613 1043 2745 1083 cum
2779 1028 2858 1094 hi,
2892 1028 3104 1098 quibus
3149 1041 3183 1082 a
3223 1028 3336 1083 Deo
3381 1028 3561 1098 pietas

1866 1125 1950 1173 est
1982 1117 2173 1183 insita,
2226 1118 2297 1172 ad
2354 1116 2607 1172 alienum
2665 1115 3067 1171 miserabiliter
3122 1115 3562 1185 illacrymanlur

1865 1204 2129 1260 exitium.
2185 1207 2252 1258 In
2305 1206 2412 1258 viis
2463 1218 2697 1273 quoque
2741 1211 2825 1259 est
2874 1204 3146 1273 planctus,
3208 1205 3265 1256 in
3315 1202 3559 1256 omnibus

1868 1292 2143 1349 nimirum
2192 1293 2294 1363 qui
2340 1292 2481 1347 alios
2526 1292 2805 1361 exemplis
2855 1298 3070 1346 norunt
3137 1291 3367 1347 erudire
3404 1290 3559 1346 vita-

1864 1379 2035 1435 libus.
2072 1380 2224 1435 Deus
2268 1382 2327 1433 in
2360 1380 2532 1433 medio
2580 1393 2779 1435 eorum
2838 1377 3161 1447 pertransit,
3202 1392 3334 1434 rum
3385 1392 3457 1433 ne
3489 1376 3557 1431 ad

1868 1468 2154 1524 modicum
2187 1469 2420 1538 quidem
2453 1468 2512 1523 in
2552 1468 2729 1523 ullius
2753 1481 2951 1522 eorum
2984 1467 3152 1522 corde
3181 1466 3450 1522 substitit.

1937 1558 2107 1615 Vnus.
2174 1561 2258 1612 18.
2319 1589 2385 1595 —-
2448 1562 2597 1611 :34
2662 1578 2682 1605 ι
2739 1556 2839 1612 Vae
2898 1555 3354 1611 desiderantibus
3410 1554 3560 1609 diem

1873 1670 1892 1693 ιι
1928 1645 2175 1713 Domini,
2222 1645 2294 1700 ad
2352 1646 2495 1715 quid
2542 1660 2669 1699 eam
2728 1643 2927 1699 vobis?
2970 1645 3096 1699 Dies
3150 1643 3375 1699 Domini
3433 1642 3557 1709 ista,

1874 1757 1893 1781 ι
1929 1735 2197 1801 tenebrae,
2257 1741 2311 1790 et
2361 1733 2484 1790 lux.
2552 1756 2570 1779 ι
2628 1734 2785 1787 Diem
2835 1734 3052 1788 Domini
3097 1732 3400 1797 desiderat,
3458 1731 3559 1800 qui

1870 1823 2033 1879 vanis
2070 1823 2367 1879 favoribus
2407 1823 2769 1878 dementatus
2816 1821 3049 1892 qualem
3081 1835 3139 1876 se
3185 1820 3359 1891 vulgo
3411 1831 3560 1887 prte-

1867 1910 2047 1967 dicari
2098 1911 2261 1966 audit
2306 1925 2427 1966 esse
2471 1924 2530 1964 se
2577 1916 2762 1980 putat.
2816 1908 2904 1965 Ad
2956 1922 3127 1965 suum
3178 1922 3316 1978 ergo
3354 1922 3459 1975 vae,
3507 1914 3562 1961 et

1868 1999 1938 2055 ad
1972 1999 2235 2055 tenebras
2273 2004 2526 2067 exoptat,
2574 1997 2675 2067 qui
2731 2012 2846 2052 non
2891 1997 2963 2051 ad
3007 1994 3435 2061 conscientiam,
3463 1994 3561 2049 sed

1867 2089 1939 2143 ad
1995 2088 2254 2143 fabulosa
2312 2093 2607 2155 respectat.
2673 2085 2867 2153 (Vens.
2926 2086 3031 2155 19.)
3078 2105 3099 2130 ε
3160 2082 3456 2150 Quomodo
3512 2082 3559 2136 si

1874 2200 1891 2223 »
1925 2175 2167 2247 effugiat
2219 2175 2307 2229 vir
2350 2189 2384 2227 ιι
2423 2174 2566 2229 facie
2608 2174 2813 2240 leonis,
2857 2182 2913 2229 et
2950 2180 3217 2229 occurrat
3272 2171 3321 2228 ei
3364 2185 3557 2230 ursus.

1873 2287 1892 2312 »
1930 2272 1986 2320 et
2047 2263 2407 2335 ingrediatur
2450 2263 2706 2327 domum,
2768 2269 2823 2316 et
2883 2260 3165 2316 innitatur
3218 2274 3396 2315 manu
3454 2273 3561 2315 sua

1872 2375 1891 2399 ιι
1928 2366 2103 2422 super
2146 2351 2437 2417 parietem,
2472 2357 2527 2406 et
2572 2349 2829 2405 mordeat
2889 2364 3021 2405 eum
3062 2348 3342 2405 coluber?
3397 2370 3418 2395 »
3461 2350 3561 2402 Vir

1865 2444 2071 2506 afacie
2108 2443 2274 2495 leonis
2317 2438 2537 2509 eﬂugit,
2600 2452 2732 2493 cum
2790 2437 2957 2493 multi
3010 2437 3261 2493 arduum
3324 2436 3552 2493 vivendi

1865 2536 2080 2586 statum
2112 2527 2349 2599 aggredi
2381 2534 2667 2590 metuunt,
2701 2533 2960 2582 verentes
3002 2526 3201 2594 utique
3233 2523 3306 2578 ad
3336 2537 3395 2577 se
3435 2534 3559 2577 ver-

1865 2632 1966 2673 sus
2007 2617 2300 2686 instigare
2349 2614 2663 2682 diabolum,
2702 2613 2805 2684 qui
2864 2611 3071 2682 majori
3131 2625 3228 2666 eos
3285 2610 3405 2665 face
3430 2623 3556 2678 per-

1868 2712 2072 2777 urgeat
2115 2702 2515 2760 tentationum.
2563 2702 2733 2770 Quasi
2780 2716 2917 2772 ergo
2960 2699 3316 2756 evitantibus
3357 2697 3559 2753 diabo-

1866 2796 1988 2851 lum
2017 2792 2268 2850 occurrit
2297 2808 2476 2857 ursus,
2511 2790 2761 2847 carnalis
2796 2790 3057 2846 videlicet
3106 2787 3348 2859 quilibet
3386 2800 3557 2856 appe-

1870 2882 2026 2947 titus,
2096 2880 2255 2936 leone
2322 2879 2553 2950 quidem
2610 2877 2835 2941 lentior,
2889 2877 2985 2933 sed
3037 2876 3109 2931 ad
3171 2874 3558 2946 subigendum

1800 2969 2220 3040 Cpervalidus.
2289 2967 2470 3035 Quem
2562 2967 2806 3023 subinde
2887 2965 3264 3021 extimescens
3345 2961 3560 3015 domum

1867 3058 2213 3129 ingreditur,
2246 3072 2378 3113 cum
2414 3058 2486 3111 ab
2533 3055 2801 3112 exteriori
2860 3053 3165 3110 dilfusione
3219 3052 3371 3106 intra
3418 3064 3559 3105 con-

1868 3146 2117 3203 scientiae
2178 3160 2296 3202 suae
2360 3146 2435 3201 ibi
2506 3152 2663 3214 septa
2720 3144 3032 3213 colligitur.
3104 3142 3187 3197 [bi
3227 3156 3393 3193 manu
3460 3154 3561 3191 sua

1866 3251 2029 3304 super
2064 3234 2325 3304 parietem
2374 3234 2660 3299 innititur,
2717 3248 2849 3288 cum
2898 3230 3194 3287 obstaculo
3249 3227 3413 3299 quasi
3468 3227 3559 3280 in-

1866 3324 2110 3381 visibilis
2167 3322 2524 3378 conscientiae
2570 3321 2758 3392 operis
2808 3319 2898 3375 sui
2943 3319 3314 3374 intentionem
3365 3322 3560 3371 contu-

1870 3412 1978 3468 tari
2043 3425 2207 3481 posse
2286 3409 2625 3465 arbitratur.
2697 3409 2804 3463 Sed
2885 3407 3090 3462 ibidem
3169 3404 3462 3460 mordetur
3528 3415 3561 3454 τι

1868 3500 2128 3567 colubro,
2171 3514 2302 3555 cum
2360 3499 2433 3553 ad
2500 3498 2798 3553 hominum
2867 3495 3064 3551 oculos
3124 3509 3182 3549 se
3233 3492 3560 3548 subornans

1867 3588 2162 3647 remissius
2221 3600 2390 3657 agere
2448 3586 2692 3656 disponit
2758 3585 2999 3640 interius
3050 3596 3243 3637 coram
3291 3581 3426 3644 Deo,
3458 3578 3556 3633 sic-

1869 3694 1982 3751 que
2010 3677 2146 3733 dum
2180 3675 2413 3744 singula
2442 3688 2691 3744 quaeque
2727 3678 3026 3742 praecavet,
3060 3667 3335 3737 temporis
3372 3664 3557 3721 intimi

1866 3766 2147 3836 contingit
2194 3764 2419 3819 sibimet
2478 3762 2708 3819 interire
2756 3774 2995 3816 veneno.
3058 3758 3218 3824 Quod
3265 3764 3446 3811 totum
3502 3754 3556 3806 iu

1868 3855 2194 3927 hypocritas
2252 3852 2474 3917 militat,
2537 3850 2637 3920 qui
2688 3850 2825 3905 dum
2878 3846 3069 3903 veraci
3117 3845 3307 3902 studio
3359 3843 3561 3899 timent

1869 3940 2093 3996 irritare
2125 3939 2439 4005 diabolum,
2488 3940 2559 3994 ad
2610 3937 2870 3994 homines
2921 3935 3122 3991 habitu
3172 3933 3402 4003 palliato
3459 3945 3559 4001 pa—

1867 4043 1999 4084 rum
2056 4035 2264 4084 curant
2325 4028 2478 4083 intra
2534 4025 2737 4083 mentis
2792 4040 2913 4081 sure
2978 4021 3167 4078 vitiari
3224 4034 3556 4077 recessum:

1868 4117 2023 4173 unde
2054 4117 2334 4187 sequitur.

1939 4206 2110 4263 Vnus.
2141 4208 2230 4260 20.
2285 4236 2354 4245 —
2391 4227 2411 4253 ι
2475 4202 2753 4274 Nunquid
2806 4216 2919 4257 non
2976 4201 3224 4257 tenebrae
3288 4198 3408 4253 dies
3447 4198 3561 4253 Do—

1801 4273 1842 4327 D
1876 4316 1896 4342 ι
1928 4294 2090 4362 mini,
2122 4301 2176 4349 et
2208 4308 2321 4349 non
2352 4293 2477 4360 lux,
2532 4299 2588 4348 et
2634 4273 2839 4363 caligo,
2888 4298 2943 4346 et
2992 4302 3109 4345 non
3159 4295 3243 4345 est
3297 4285 3563 4357 splendor

1876 4404 1895 4429 ι
1934 4383 1991 4438 in
2041 4384 2147 4439 ea?
2212 4404 2231 4429 ιι
2291 4382 2452 4449 Quod
2508 4389 2592 4437 est
2647 4381 2887 4436 dicere:
2946 4379 3056 4447 Vos
3113 4378 3183 4433 de
3230 4377 3321 4432 die
3360 4373 3561 4447 judicii

1871 4475 2034 4543 quasi
2085 4472 2155 4527 de
2200 4472 2404 4526 ultima
2455 4478 2647 4525 vestra
2722 4472 2872 4524 sorte
2926 4467 3199 4531 tractatis,
3259 4464 3353 4519 sed
3412 4461 3560 4517 diem

1872 4560 2096 4617 Domini
2159 4559 2217 4614 in
2270 4558 2533 4629 praesenti
2587 4556 2882 4622 noveritis,
2930 4554 3032 4625 qui
3090 4568 3204 4609 non
3255 4550 3564 4606 salubriter

1874 4649 2035 4706 vobis
2070 4648 2381 4713 illucescat,
2441 4646 2537 4701 sed
2592 4659 2689 4714 per
2746 4644 3053 4699 illationem
3112 4654 3315 4696 sensus
3372 4638 3428 4692 in
3464 4651 3560 4689 vo-

1874 4739 1961 4795 bis
1986 4737 2211 4808 reprobi
2244 4737 2616 4792 tenebrescat.
2896 4790 2899 4793 λ

1944 4827 2114 4883 Vnus.
2151 4830 2231 4880 12.
2263 4855 2330 4863 —
2368 4848 2387 4870 κ
2425 4824 2548 4883 Odi.
2581 4831 2637 4880 et
2674 4822 2881 4892 projeci
2938 4819 3272 4876 festivitates
3303 4823 3560 4873 vestras:

1880 4941 1900 4964 ι
1931 4924 1986 4973 et
2012 4929 2129 4971 non
2157 4915 2381 4985 capiam
2423 4913 2654 4969 odorem
2685 4919 2937 4968 cminum
2977 4916 3322 4965 vestrorum.
3360 4928 3381 4952 ι
3420 4906 3565 4960 Deus

1873 5007 2202 5074 festivitates
2255 5017 2456 5059 eorum
2506 5001 2623 5057 odit
2667 5008 2722 5055 et
2762 4997 3004 5069 projicit.
3052 5010 3182 5053 cum
3215 5008 3388 5065 opera
3444 4993 3563 5047 ina-

1876 5093 1991 5159 nia,
2066 5108 2197 5163 quaa
2251 5091 2416 5161 vulgi
2472 5088 2869 5159 conspectibus
2924 5084 3240 5156 hypocritze
3301 5080 3565 5137 solemni—

1876 5189 2025 5247 zant,
2056 5194 2233 5236 exosa
2281 5194 2339 5235 se
2381 5178 2590 5234 habere
2632 5174 2936 5246 retegendo
2979 5186 3179 5229 eorum
3208 5169 3570 5240 ‘iniquitates

1877 5270 2140 5328 ostendit.
2211 5269 2439 5325 Odorem
2500 5271 2728 5321 creatum
2774 5276 2975 5321 eorum
3026 5276 3163 5332 non_
3193 5261 3365 5331 capit,
3436 5273 3567 5315 cum

1877 5358 2165 5431 quidquid
2229 5357 2638 5414 beneficiorum
2710 5352 2936 5423 publice
2995 5363 3335 5408 coacervare
3384 5347 3575 5404 viden-

1880 5456 1999 5512 tur,
2031 5448 2245 5504 divinae
2274 5461 2479 5503 sensus
2528 5443 2843 5512 maiestatis
2884 5456 2917 5496 a
2957 5456 3015 5497 se
3064 5440 3434 5512 indignanter
3473 5450 3577 5491 ex-

1882 5535 2082 5593 cludit.
