3934 6086
349 247 452 301 435

1231 247 1293 298 ν.
1345 243 1674 300 GUIBERTI
1715 242 2005 299 ABBATIS
2044 243 2101 298 S.
2147 243 2396 298 MARI/E
2438 244 2527 298 DE
2567 243 2958 301 NOVIGENTO

3744 242 3839 297 436

420 385 590 441 Vnus.
623 385 712 438 22.
744 415 810 423 -—
852 407 871 431 ι
908 382 1069 449 Quod
1117 382 1159 436 si
1209 380 1511 436 attuleritis
1565 380 1703 435 mihi
1753 379 2036 435 holocau—
2073 380 2120 432 Α
2147 378 2202 434 id
2239 387 2322 435 est
2351 379 2934 450 oeulumsauguinis,
2982 381 3260 436 excedere
3288 394 3384 436 eos
3431 380 3587 435 sinit.
3634 378 3846 435 Oculus

357 497 377 521 ι
413 480 673 540 stomata,
728 480 782 526 et
839 484 1083 527 munera
1140 477 1350 536 vestra,
1431 485 1546 525 non
1612 469 1920 538 suscipiam
1987 475 2044 524 et

357 584 377 609 ι
412 569 544 617 vota
578 560 880 630 pinguium
914 565 1237 613 vestrorum
1287 571 1401 611 nou
1461 557 1784 627 respiciam.
1825 577 1844 604 ι
1882 557 2043 610 Holo-

351 653 686 704 caustomata
743 647 816 702 ab
873 646 953 701 eis
1021 647 1133 700 Deo
1184 645 1527 711 afferuntur,
1587 658 1720 699 cum
1780 643 1838 698 in
1890 643 2043 698 omni

351 737 554 808 specie,
614 743 668 791 et
736 749 834 805 per
887 749 1088 790 cruces
1150 733 1505 799 innumeras,
1566 748 1697 802 quae
1761 733 1882 799 vix,
1946 739 2048 786 aut

352 825 510 880 nullo
555 824 718 880 modo
763 838 796 878 a
834 823 1047 878 sanctis
1088 821 1224 876 ferri
1285 822 1503 887 videas,
1546 835 1744 876 eorum
1807 833 2049 889 corpora

352 921 740 969 macerantur.
769 913 882 967 Nec
911 910 1138 966 mireris
1165 910 1319 979 quod
1353 910 1464 964 Deo
1487 908 1678 963 offerri
1711 909 1831 963 hinc
1857 908 2049 963 dicun-

352 1009 468 1069 tur,
501 1016 632 1056 cum
665 1015 778 1055 non
811 999 1130 1054 offerantur
1159 999 1295 1064 Deo,
1325 998 1420 1052 sed
1465 997 1638 1066 vulgo
1673 1013 1685 1061 ;
1737 997 1883 1052 scias
1914 1011 2047 1051 vero

351 1089 505 1158 quod
540 1089 598 1144 in
644 1087 954 1156 Scripturis
1010 1085 1192 1141 multa
1244 1099 1356 1140 non
1418 1092 1480 1139 ut
1511 1093 1647 1140 sunt
1706 1085 1760 1138 in
1818 1099 1897 1151 re,
1953 1084 2045 1138 sed

354 1178 436 1234 uti
504 1185 640 1233 sunt
710 1177 765 1230 in
831 1175 1100 1244 opinione
1167 1182 1479 1243 ponantur.
1552 1175 1778 1228 Munera
1849 1186 2049 1228 eorum

351 1282 458 1321 non
506 1265 930 1334 suscipiuntur,
974 1270 1028 1318 et
1082 1266 1207 1316 vota
1243 1263 1533 1330 pinguium
1588 1277 1694 1314 non
1747 1261 2052 1329 respiciun-

355 1364 470 1420 tur,
515 1353 654 1423 quia
707 1351 995 1422 quidquid
1039 1350 1147 1406 sub
1194 1349 1291 1404 Dei
1349 1349 1580 1404 nomine
1624 1347 1893 1417 quamvis
1938 1362 2055 1403 ma-

354 1457 466 1512 gno
497 1441 784 1511 impendio
839 1447 1168 1510 peragatur,
1223 1437 1509 1508 quidquid
1563 1437 1841 1492 uberioris
1887 1437 2053 1492 bene-

357 1529 596 1586 ficentiae
648 1529 829 1584 instar
875 1526 1243 1598 pinguedinis
1288 1526 1346 1580 in
1396 1525 1727 1595 proximum
1774 1538 2052 1595 praeroga-

357 1627 471 1683 tur,
507 1617 646 1688 quia
688 1618 860 1688 juxta
910 1615 1265 1684 Apostolum,
1316 1621 1483 1668 extra
1521 1613 1860 1668 cbaritatem
1901 1613 1983 1678 tit,
2017 1625 2050 1667 a

361 1707 474 1762 Deo
505 1705 742 1760 minime
772 1711 1126 1773 respectatur
1157 1704 1204 1772 (Ι
1231 1703 1349 1758 Cor.
1383 1716 1501 1768 xm,
1529 1704 1608 1769 3.)

430 1820 605 1876 Vnus.
635 1818 723 1873 23.
756 1848 825 1858 —
856 1841 875 1865 ε
931 1817 1105 1872 Aufer
1147 1830 1180 1870 a
1221 1829 1311 1871 me
1366 1814 1680 1871 tumultum
1725 1814 2052 1871 carminum

363 1932 383 1957 ι
417 1917 680 1976 tuorum;
731 1906 956 1962 cantica
1007 1905 1145 1974 lyra:
1196 1913 1310 1960 tum
1358 1919 1472 1959 non
1513 1903 1767 1958 audiam.
1809 1926 1828 1950 ι
1877 1902 2054 1970 Quid-

357 1998 498 2068 quid
577 1996 887 2066 hypocrita:
973 1994 1046 2048 ad
1111 1993 1199 2049 sui
1265 1993 1659 2063 protelandam
1720 1994 2054 2049 memoriam

359 2088 535 2143 libros
585 2085 851 2142 cudendo
892 2083 1224 2149 conficiunt,
1285 2082 1341 2136 in
1389 2083 1488 2137 Dei
1515 2082 1758 2137 auribus
1788 2096 1902 2136 non
1946 2081 2057 2136 nisi

363 2173 649 2230 tumultus
677 2180 780 2239 est,
811 2171 981 2242 cujus
1013 2178 1412 2226 momentanea
1453 2171 1580 2225 laus
1621 2170 1806 2225 solum
1837 2170 2060 2225 fructus

358 2270 463 2319 est.
496 2263 722 2318 Cantica
759 2263 894 2332 lyrae
919 2275 1024 2314 non
1075 2259 1418 2326 audiuntur,
1467 2273 1601 2314 cum
1649 2258 1910 2314 affectata
1962 2273 2058 2312 eo-

361 2366 492 2407 rum
534 2351 878 2420 eloquentia,
925 2363 1057 2419 quze
1116 2347 1508 2417 praedicationi
1562 2347 1819 2413 inservit,
1868 2361 1902 2400 a
1961 2345 2060 2401 Dei

361 2453 504 2495 aure
552 2438 910 2508 disploditur.
986 2437 1109 2503 Quo
1158 2443 1358 2492 contra
1408 2435 1642 2490 cuidam
1698 2435 1888 2490 electze
1929 2435 2064 2490 dici-

363 2536 461 2583 tur
497 2543 507 2581 :
548 2549 568 2574 α
605 2527 774 2583 Sonet
803 2540 916 2581 vox
951 2534 1049 2581 tua
1077 2525 1133 2579 in
1165 2524 1407 2580 auribus
1438 2528 1596 2590 meis,
1645 2523 1785 2594 quia
1815 2538 1928 2579 vox
1962 2531 2061 2579 tua

364 2616 550 2672 dulcis
584 2615 772 2684 (Cant.
813 2629 871 2682 ιι,
905 2615 1009 2682 l4).
1050 2634 1077 2664 »

436 2730 608 2786 Vnus.
650 2729 739 2782 24.
789 2757 862 2768 —
915 2750 935 2776 ι
989 2727 1060 2782 Et
1109 2725 1460 2781 revelabitur
1494 2726 1662 2796 quasi
1707 2740 1862 2796 aqua
1913 2726 2066 2796 judi-

373 2818 599 2883 :cium,
649 2823 703 2871 et
761 2816 986 2886 justitia
1053 2815 1221 2884 quasi
1274 2822 1498 2870 torrens
1565 2814 1743 2870 fortis.
1820 2838 1839 2862 ι
1898 2816 2068 2882 Quasi

369 2923 515 2976 aqua
549 2905 830 2975 judicium
885 2903 1192 2971 revelatur,
1263 2917 1393 2958 cum
1462 2903 1675 2959 veritas
1736 2911 1922 2960 status
1976 2920 2064 2960 eo-

368 3010 498 3053 rum
568 2993 909 3049 iustabiliter
962 2992 1216 3062 palliata,
1293 3005 1360 3046 ac
1407 2993 1454 3046 si
1529 2991 1700 3061 aquis
1765 2992 2067 3061 superficie

371 3090 541 3138 tenus
572 3079 862 3150 adoperta,
899 3080 1009 3137 cito
1041 3081 1207 3151 lapsu
1251 3079 1600 3135 denudatur.
1654 3082 1881 3134 Justitia
1910 3083 2070 3148 quasi

371 3175 578 3223 torrens
605 3170 769 3234 fortis
823 3168 1089 3232 efficitur,
1140 3181 1274 3222 cum
1313 3168 1470 3236 justo
1514 3166 1612 3221 Dei
1667 3167 1934 3223 examine
1984 3171 2068 3223 to-

375 3256 489 3313 tius
548 3257 723 3327 hujus
769 3256 974 3312 fucata:
1032 3255 1352 3312 sanctitatis
1424 3255 1822 3322 simulacrum,
1901 3255 2071 3326 quasi

371 3345 625 3416 quodam
657 3345 825 3400 ﬂuxu
860 3344 1058 3414 rapido
1086 3343 1484 3414 proturbatur.

446 3452 619 3508 Vnus.
652 3452 739 3504 25.
785 3479 858 3492 —
929 3472 949 3498 α
1015 3449 1297 3519 Nunquid
1351 3448 1568 3504 hostias
1632 3457 1686 3504 et
1723 3449 2070 3505 sacrificium

380 3538 716 3598 nobtulistis
777 3538 918 3593 mihi
997 3538 1053 3592 in
1121 3537 1339 3592 deserto
1424 3537 1815 3607 quadraginta
1881 3538 2068 3606 annis,

381 3653 400 3677 ι
437 3630 645 3685 domus
697 3627 915 3683 Israel?
951 3648 971 3675 ›
1016 3629 1235 3682 Hostias
1274 3631 1323 3679 et
1371 3624 1702 3694 sacriﬁcium
1754 3628 1813 3679 in
1865 3625 2071 3680 deserto

379 3720 570 3774 domus
612 3719 782 3772 Israel
813 3717 1187 3787 quadraginta
1243 3718 1403 3770 annis
1449 3729 1560 3770 non
1617 3715 1890 3781 offerunt,
1938 3730 2070 3770 cum

380 3807 703 3863 deserentes
744 3808 944 3872 Deum,
973 3811 1027 3858 et
1066 3803 1274 3859 deserli
1322 3817 1356 3857 a
1404 3805 1512 3858 Deo
1562 3803 1688 3857 licet
1742 3802 2072 3874 evangelice

376 3904 431 3951 et
461 3894 718 3964 legaliter
745 3893 940 3948 vivere
970 3892 1296 3957 videantur,
1331 3905 1435 3945 nec
1481 3891 1742 3957 hostiam,
1788 3905 1905 3960 qua
1936 3891 2072 3946 hos-

383 3995 490 4037 tem
540 3981 830 4037 diabolum
888 3980 1183 4050 subigaut,
1235 3993 1339 4034 nec
1395 3978 1766 4046 sacrificium,
1811 3994 1926 4048 quo
1959 3981 2072 4036 Deo

377 4077 688 4139 spontanee
736 4068 1072 4133 inserviant,
1133 4067 1370 4133 faciunt,
1419 4067 1521 4136 qui
1574 4067 1737 4136 quasi
1784 4066 1856 4122 ad
1888 4068 2070 4124 Deum

381 4157 688 4214 directanei
718 4156 902 4212 videri
931 4156 1156 4212 volunt.

452 4262 624 4318 Vnus.
655 4265 743 4330 26,
801 4265 892 4318 27.
945 4292 1012 4304 —
1071 4283 1097 4311 «
1162 4261 1233 4318 Et
1302 4261 1568 4331 portastis
1634 4262 2072 4320 tabernaculum

387 4374 408 4398 ι
444 4350 665 4407 Moloch
695 4359 906 4416 vestro,
939 4358 995 4407 et
1032 4350 1342 4422 imaginem
1392 4350 1678 4407 idolorum
1727 4360 2073 4420 vestrorum,

388 4463 408 4487 ι
445 4439 595 4495 fidus
639 4440 730 4495 dei
780 4439 976 4507 vestri,
1040 4454 1171 4510 quae
1219 4439 1425 4495 fecistis
1474 4439 1652 4496 vobis.
1708 4441 1778 4496 Et
1827 4441 2078 4510 migrare

388 4551 407 4576 ι
441 4543 542 4584 vos
608 4528 812 4584 faciam
878 4537 1040 4585 trans
1115 4529 1480 4585 Damascum.
1548 4551 1567 4576 ιι
1649 4531 2077 4584 Tabernaculum

381 4615 594 4672 Holoch
636 4629 740 4671 suo
787 4623 1038 4686 portant,
1090 4630 1221 4672 cum
1255 4616 1564 4672 delubrum
1615 4617 1872 4674 libidinis
1917 4633 2075 4674 men-

383 4714 496 4763 tem
525 4720 692 4763 suam
740 4705 924 4764 facere
977 4721 1095 4762 non
1149 4706 1476 4771 formidant,
1531 4706 1655 4762 licet
1703 4708 2076 4764 tabernaculo

383 4795 552 4866 quasi
605 4795 952 4852 continentis
1023 4795 1276 4864 corporis
1349 4795 1500 4850 bono
1561 4797 1816 4852 exterius
1875 4797 2077 4854 habitu

382 4884 526 4941 illud
582 4884 914 4940 obvolvant.
973 4883 1194 4940 Moloch
1248 4892 1442 4939 autem
1492 4884 1607 4954 ipse
1659 4893 1743 4940 est
1810 4886 2071 4956 Priapus.

382 4973 620 5029 Portant
657 4972 828 5028 etiam
870 4975 1160 5039 imaginem
1197 4972 1466 5026 idolorum
1507 4987 1768 5040 suorum,
1815 4981 1869 5029 et
1917 4975 2076 5029 sidus

382 5062 471 5116 dei
490 5061 579 5118 sui
607 5077 739 5132 quae
765 5061 875 5118 sibi
897 5061 1172 5128 fecerunt,
1200 5075 1333 5117 cum
1357 5068 1602 5116 mentem
1624 5071 1908 5131 occupant
1933 5079 2074 5133 pene

384 5149 669 5206 indelebili
735 5149 1091 5206 affectatione
1147 5149 1442 5216 vitiorum,
1509 5149 1815 5219 specialius
1882 5159 2072 5208 tamen

381 5238 637 5308 quadam
683 5238 944 5308 concepti
976 5238 1156 5294 fastus
1187 5237 1365 5294 veluti
1394 5237 1616 5294 siderea
1662 5240 2073 5308 spectabilitate

383 5326 649 5397 insigniri
703 5342 761 5384 se
811 5334 1106 5398 appetunt.
1144 5329 1314 5384 Trans
1346 5330 1668 5383 Damascum
1697 5331 1940 5395 migrare
1979 5345 2075 5386 eos

382 5414 535 5482 facit,
609 5430 743 5472 cum
794 5416 1164 5473 intentionem
1235 5416 1558 5473 criminosze
1614 5417 1926 5474 voluntatis
1998 5420 2072 5476 ad

380 5505 570 5575 operis
630 5507 1073 5574 exsecutionem,
1143 5506 1300 5577 quod
1365 5513 1451 5562 est
1517 5512 1669 5561 trans
1728 5509 2070 5575 Damascum,

2151 469 2305 524 enim
2333 469 2637 540 sanguinis
2668 469 2907 524 intentio
2933 476 3017 524 est
3045 469 3276 540 peccati.

2823 612 2901 663 CA
2915 611 3047 666 PUT
3088 611 3185 666 VI.

2227 735 2397 790 Vens.
2446 765 2512 772 —-
2562 739 2606 788 l.
2663 756 2687 782 σι
2724 734 2821 790 Vze
2868 735 2964 803 qui
3032 733 3300 806 opulenti.
3341 734 3477 789 estis
3521 733 3576 788 in
3612 733 3769 798 Sion,
3803 741 3852 788 et

2162 845 2180 869 »
2219 822 2504 878 confiditis
2585 822 2645 876 in
2722 829 2912 877 monte
2961 822 3255 888 Samariae,
3309 823 3612 892 optimates
3668 821 3852 889 capita

2162 933 2181 956 ι
2222 910 2587 980 populorum,
2646 910 3032 981 ingredientes
3082 910 3400 980 pompatice
3466 910 3702 964 domum
3766 910 3851 963 ls-

2162 998 2362 1054 nraeI!
2439 1021 2458 1047 ι
2530 1005 2677 1053 ’δθό
2745 1000 3004 1067 Oputenti
3069 1006 3205 1053 sunt
3261 1000 3319 1052 in
3398 999 3545 1062 Sion,
3625 999 3726 1067 qui
3798 997 3851 1050 in

2158 1088 2512 1157 plenitudine
2576 1087 2786 1142 divinae
2852 1087 3259 1156 speculationis
3306 1102 3423 1142 sese
3487 1085 3856 1155 przeeminere

2158 1176 2572 1245 praesculpunt,
2619 1184 2674 1231 et
2703 1179 2760 1228 in
2790 1181 2964 1230 monte
3002 1177 3286 1240 Samariae,
3339 1174 3392 1228 id
3439 1182 3522 1229 est
3570 1174 3626 1228 in
3675 1174 3855 1228 excel-
3899 1184 3901 1245 ί

2158 1263 2346 1318 lentiae
2381 1263 2682 1318 exterioris
2728 1263 2967 1318 cautelae
3006 1262 3322 1317 confidunt.
3387 1262 3484 1316 His
3539 1261 3711 1316 instat
3745 1275 3851 1320 va).

2153 1351 2438 1422 judicium
2477 1351 2678 1420 utique
2725 1349 3110 1406 damnationis
3139 1359 3385 1405 aeternze.
3425 1351 3493 1404 Hi
3541 1357 3678 1404 sunt
3720 1352 3858 1418 opti-

2159 1447 2328 1494 mates
2361 1443 2546 1509 capita
2592 1442 2933 1509 populorum,
2978 1440 3077 1509 qui
3125 1440 3193 1495 de
3231 1454 3289 1495 se
3334 1440 3476 1495 nihil
3509 1439 3616 1494 nisi
3665 1454 3859 1508 supre-

2159 1543 2320 1584 mum
2363 1527 2636 1598 cogitant,
2687 1537 2742 1584 et
2798 1542 3020 1596 semper
3076 1528 3437 1596 impatientes
3480 1528 3856 1590 consortium,

2163 1623 2279 1671 tam
2323 1615 2442 1671 loco
2493 1630 2669 1686 quam
2731 1616 3000 1685 opinione
3037 1615 3260 1670 cunctis
3333 1614 3583 1684 praeferri
3633 1615 3860 1671 deside-

2166 1712 2315 1759 rant.
2366 1705 2610 1760 Domum
2660 1704 2830 1759 Israel
2890 1707 3193 1773 pompatice
3245 1703 3674 1773 ingrediuntur,
3726 1718 3859 1759 cum

2164 1793 2448 1859 animum,
2481 1808 2658 1863 quem
2708 1794 2780 1848 ad
2813 1794 2994 1848 Deum
3038 1792 3333 1862 exporrigi
3377 1792 3670 1860 decuerat,
3726 1793 3862 1848 solis

2166 1896 2511 1953 pomparum
2543 1881 2942 1937 afTectionibus
2975 1882 3265 1936 imbuuut.

2238 1970 2408 2026 Vnus.
2460 1973 2512 2024 2.
2546 1999 2616 2008 —
2655 1990 2682 2018 (κ
2717 1970 2977 2025 Transite
3031 1969 3085 2023 in
3116 1969 3326 2025 Calane
3369 1976 3422 2023 et
3454 1968 3666 2032 videre,
3704 1977 3759 2024 et
3793 1969 3861 2024 ite

2171 2081 2191 2106 ι
2232 2058 2364 2113 inde
2421 2059 2478 2112 in
2536 2059 2740 2114 Emath
2788 2071 3080 2128 magnam,
3136 2065 3190 2112 et
3241 2057 3562 2112 descendite
3614 2057 3671 2112 in
3720 2057 3859 2113 Geth

2171 2168 2191 2193 ι
2225 2145 2686 2212 Palaestinorum,
2741 2153 2795 2200 et
2844 2146 2916 2199 ad
2969 2145 3185 2214 optima
3234 2158 3413 2215 regna
3459 2159 3709 2215 quaeque
3757 2146 3857 2200 ho-

2173 2257 2192 2281 ι
2229 2249 2390 2301 rum;
2435 2235 2478 2290 si
2546 2234 2712 2289 latior
2768 2233 3047 2289 terminus
3099 2247 3298 2288 eorum
3361 2234 3602 2288 termino
3679 2241 3862 2288 vestro

2174 2344 2192 2370 ι
2224 2331 2327 2378 est.
2368 2344 2388 2370 ι
2425 2323 2492 2377 In
2533 2322 2743 2379 Calane
2785 2321 3050 2387 transire,
3103 2329 3157 2376 et
3207 2321 3399 2376 videre
3443 2321 3744 2390 jubentur,
3802 2329 3863 2376 ut

2169 2411 2444 2466 nimirum
2475 2417 2659 2466 status
2689 2418 3029 2466 cmterarum
3063 2410 3320 2464 omnium
3358 2409 3636 2464 mentium
3669 2423 3865 2478 quau—

2169 2507 2290 2557 tum
2319 2499 2424 2555 sibi
2455 2499 2722 2569 possibile
2747 2506 2850 2565 est,
2887 2499 3220 2553 metiantur.
3256 2498 3464 2553 Calane
3502 2499 3655 2554 enim
3688 2499 3866 2554 inter-

2173 2597 2430 2659 pretatur
2457 2591 2650 2642 omnis.
2687 2588 2825 2643 Inde
2856 2587 3063 2642 Emath
3105 2601 3376 2657 magnam
3423 2601 3490 2641 ac
3537 2587 3580 2641 si
3614 2587 3869 2657 speciali-

2171 2684 2257 2733 ter
2283 2684 2436 2744 eant,
2470 2691 2735 2747 quosque
2764 2677 2965 2746 procul
2997 2675 3175 2731 dubio
3217 2676 3553 2745 magnificos
3590 2675 3646 2730 in
3687 2675 3869 2731 scele-

2172 2780 2302 2821 rum
2354 2766 2792 2835 perpetratione,
2839 2765 3154 2820 attendant.
3192 2765 3397 2819 Emath
3451 2778 3586 2819 vero
3642 2768 3870 2832 sanguis

2175 2854 2409 2920 dicitur,
2459 2862 2512 2909 et
2554 2853 2794 2924 sanguis
2841 2860 3139 2923 peccatum
3177 2861 3280 2908 est.
3335 2853 3470 2907 inde
3508 2856 3566 2906 in
3598 2854 3730 2908 Geth
3763 2856 3873 2907 Pa—

2107 2959 2147 3015 c
2177 2944 2506 2997 laestinorum
2536 2941 2918 3005 descenditur,
2957 2956 3088 2997 cum
3128 2941 3196 2996 ad
3228 2955 3343 3007 eos,
3388 2942 3489 3011 qui
3542 2942 3870 3010 temporali-

2179 3034 2287 3088 bus
2316 3031 2612 3085 desideriis
2659 3031 3022 3094 debriantur,
3055 3037 3106 3084 et
3135 3038 3322 3084 tamen
3383 3029 3545 3084 nulla
3576 3029 3685 3084 sibi
3737 3031 3876 3085 arri-

2177 3121 2331 3185 dent,
2395 3119 2503 3174 nisi
2559 3134 2690 3189 quaa
2737 3127 2838 3174 aut
2894 3119 2972 3182 vi,
3004 3119 3151 3173 clam
3208 3127 3310 3172 aut
3367 3118 3622 3187 precario
3676 3127 3874 3174 extor-

2180 3216 2454 3278 quentur,
2501 3208 2953 3262 consideratione
2985 3208 3236 3262 venitur.
3268 3207 3408 3261 Geth
3461 3205 3876 3275 interpretatur

2178 3298 2437 3363 torcular,
2500 3295 2808 3361 Palaestini,
2870 3297 2970 3366 qui
3026 3303 3080 3351 et
3131 3294 3458 3362 Philisthzei,
3508 3298 3725 3364 potione
3799 3312 3875 3349 ca-

2179 3387 2380 3439 dentes.
2436 3384 2656 3454 Optima
2706 3401 2928 3453 queque
2957 3387 3146 3438 limum
3201 3400 3369 3450 regna
3423 3391 3560 3438 sunt
3588 3383 3877 3452 principa-

2180 3471 2324 3527 liora
2375 3487 2746 3542 quorumque
2795 3473 2926 3528 vita:
2974 3474 3279 3542 proposita.
3337 3472 3693 3538 Perpendere
3739 3486 3876 3542 ergo

2174 3561 2456 3632 jubentur
2508 3562 2556 3616 si
2614 3563 2872 3616 terminus
2925 3578 3105 3616 eorum
3155 3565 3379 3616 termino
3431 3561 3661 3616 illorum
3711 3561 3880 3616 latior

2179 3651 2288 3718 sit;
2326 3657 2522 3705 utrum
2580 3649 2782 3720 utique
2837 3651 3171 3721 arrogantia
3224 3665 3444 3717 eorum,
3493 3657 3549 3706 et
3605 3649 3881 3705 atrocitas

2178 3737 2527 3806 cupiditatis,
2559 3739 2656 3808 qui
2699 3737 2952 3793 facinora
3027 3747 3284 3807 patenter
3336 3739 3668 3804 admittunt,
3718 3746 3883 3794 tanta

2182 3826 2481 3893 habeatur,
2515 3834 2737 3896 quanta
2764 3827 2819 3881 in
2855 3827 3288 3896 hypocritarum
3313 3827 3604 3883 mentibus
3623 3825 3880 3892 eﬁerari,

2181 3928 2248 3969 ac
2303 3915 2532 3970 dilatari
2578 3915 2957 3984 dignoscitur.
3016 3915 3198 3969 Tanta
3248 3915 3400 3969 enim
3461 3922 3545 3969 est
3610 3913 3882 3978 latitudo,

2181 4012 2402 4073 quanta
2456 4003 2740 4072 opinionis
2783 4003 3172 4073 propagandae
3213 4002 3471 4067 ambitio,
3503 4015 3634 4070 qua-
3681 4000 3741 4054 in
3796 3999 3889 4054 his

2179 4091 2464 4162 siquidem
2502 4091 2682 4147 multo
2712 4105 2890 4161 quam
2926 4092 2982 4146 in
3014 4092 3221 4146 Emath
3253 4105 3484 4161 magna,
3506 4091 3625 4144 sive
3655 4089 3716 4144 in
3736 4089 3889 4144 Geth

2183 4180 2619 4236 Palaestinarum
2646 4179 2940 4235 invenitur
2967 4179 3174 4234 acrior.

2115 4259 2157 4313 Ι)
2255 4269 2426 4332 Vsus.
2459 4272 2510 4324 3.
2545 4297 2612 4308 -—
2648 4289 2670 4317 ι
2704 4267 2810 4334 Qui
2837 4268 3087 4337 separati
3117 4267 3250 4323 estis
3284 4266 3340 4321 in
3373 4267 3518 4322 diem
3551 4264 3800 4330 malum,
3836 4275 3890 4322 et

2190 4381 2209 4406 ι
2247 4357 2728 4428 appropinquatis
2765 4356 2906 4411 solio
2939 4343 3281 4426 iniquitatis.
3324 4377 3343 4402 ι
3393 4356 3456 4408 In
3485 4354 3625 4408 diem
3675 4356 3890 4408 malum

2185 4453 2504 4517 separ_atur,
2566 4444 2668 4514 qui
2731 4457 2829 4513 per
2867 4443 3308 4514 discrepantiam
3344 4443 3400 4496 in
3455 4441 3723 4512 praesenti
3773 4458 3891 4498 mo-

2185 4548 2313 4589 rum
2347 4534 2429 4588 sic
2470 4547 2503 4588 a
2543 4533 2705 4589 bonis
2732 4533 3146 4588 discernuntur
3175 4540 3238 4587 ut
3269 4531 3341 4586 ad
3379 4532 3528 4586 diem
3558 4530 3786 4586 malum
3815 4547 3890 4587 ex

2187 4623 2292 4678 hoc
2323 4621 2606 4692 perducti,
2641 4621 2824 4691 magis
2861 4621 3077 4692 egregii
3107 4635 3178 4676 ex
3210 4621 3430 4688 integro
3462 4628 3600 4674 tunc
3629 4633 3664 4673 a
3715 4619 3894 4675 bono-

2186 4724 2316 4766 rum
2352 4709 2620 4766 societate
2661 4711 2996 4765 reddantur.
3030 4711 3177 4764 Solio
3215 4710 3526 4776 iniquitatis
3571 4710 3896 4778 appropin-

2183 4806 2344 4869 quat,
2378 4797 2479 4868 qui
2511 4799 2754 4854 scienter
2799 4798 3007 4854 diaboli
3043 4813 3220 4868 regno
3263 4812 3421 4853 nunc
3469 4811 3527 4852 se
3593 4796 3895 4869 immergit

2183 4893 2238 4943 et
2273 4887 2546 4957 implicat.

2257 4977 2424 5032 Vens.
2477 4977 2530 5030 4.
2565 5004 2631 5016 -
2691 4995 2717 5026 α
2749 4976 2856 5040 Qui
2895 4975 3156 5032 dormitis
3203 4975 3262 5030 in
3311 4975 3468 5030 lectis
3503 4975 3802 5043 eburneis,
3836 4984 3891 5032 et

2189 5087 2208 5110 ι
2243 5063 2516 5120 lascivitis
2563 5064 2620 5119 in
2688 5064 2882 5120 stratis
2937 5064 3157 5120 vestris.
3223 5086 3244 5112 ι
3306 5066 3369 5118 In
3434 5065 3581 5118 lectis
3630 5064 3890 5118 eburneis

2179 5152 2410 5220 dormit,
2445 5152 2548 5223 qui
2585 5153 2643 5208 in
2703 5151 2845 5208 falsa
2885 5154 3023 5209 dum
3082 5152 3305 5208 advivit
3333 5152 3614 5208 castitatis
3666 5154 3888 5209 securi-

2181 5251 2295 5300 tate
2325 5244 2586 5314 quiescit.
2622 5243 2871 5314 Elephas
2895 5245 3071 5310 enim,
3105 5244 3257 5299 unde
3301 5243 3466 5308 ebur,
3512 5242 3742 5314 frigida;
3776 5258 3884 5299 na-

2181 5339 2326 5388 turae
2351 5340 2434 5389 est
2471 5333 2705 5388 animal.
2762 5335 2826 5387 In
2853 5335 3042 5387 stratis
3081 5332 3202 5388 suis
3250 5331 3576 5398 lasciviunt,
3610 5331 3714 5401 qui
3771 5333 3888 5387 sub

2178 5419 2332 5478 fama
2382 5421 2749 5478 continentia),
2807 5429 2962 5478 tanto
3004 5421 3269 5476 licentius
3310 5420 3659 5490 petulantiae,
3704 5429 3889 5491 atque

2178 5509 2460 5578 voluptati
2491 5508 2768 5568 inservire
2799 5517 3144 5580 proponunt.

3897 1217 3901 1350 ι
