3924 6088
192 135 295 188 439
1079 132 1140 184 ν.
1180 129 1510 185 GUIBERTI
1552 128 1843 199 ABBATIS

2089 126 2218 182 RIA‘I
2255 126 2348 181 DE
2411 124 2794 182 NOVIGENTO
2862 174 2871 181 .

3584 120 3694 174 440

192 270 480 330 teruntur,
516 263 571 319 id
594 269 676 320 est
705 278 739 317 ει
765 262 951 332 prima
978 258 1349 316 delectatione
1380 259 1613 329 peccati,
1670 273 1883 330 usque-
1925 262 1969 314 Α
1992 257 2186 312 exitus
2214 256 2445 320 habeat,
2473 255 2640 326 quasi
2668 256 2875 325 partim
2910 253 3216 310 cacutiens
3255 268 3369 309 non
3409 252 3689 324 agnoscit.

192 367 310 423 quo
358 367 439 408 ex
486 350 813 407 omnimoda
863 348 1063 405 mundi
1129 348 1447 404 desertione
1492 348 1784 418 sapientiae
1828 348 1887 402 in

192 441 359 519 nobis
414 438 727 506 saecularis,
782 452 939 508 aqua
990 443 1361 492 excrescente’
1408 436 1586 492 divini
1653 437 1883 499 amoris,

195 537 391 586 testate
416 529 680 584 siccetur.

845 632 1075 689 CAPUT
1120 633 1239 689 Vll.

266 794 435 848 Vnus.
476 796 521 845 ί.
555 821 622 832 -
655 813 680 839 ς(
723 791 853 846 Haec
890 790 1136 846 ostendit
1186 790 1321 844 mihi
1353 789 1633 845 Dominus
1684 791 1835 845 Deus
1871 806 1884 842 :

194 902 215 929 ι
254 881 323 935 Et
350 893 479 937 ecce
510 880 669 935 lictor
712 880 944 935 locusta:
991 877 1049 933 in
1106 878 1393 948 principio
1434 878 1885 949 germinantium

191 988 221 1020 ι)
263 968 498 1025 serotini
549 967 767 1032 imbris,
798 974 854 1023 et
899 980 1027 1023 ecce
1074 967 1362 1022 serotinus
1424 973 1548 1037 post
1602 974 1887 1021 tonsorem

192 1076 221 1108 ν
254 1059 378 1130 1_al.,
428 1056 769 1125 tonsionem]
826 1055 995 1127 regis.
1031 1077 1052 1104 ι
1108 1055 1268 1123 Haec,
1322 1055 1531 1125 inquit,
1583 1070 1715 1125 quae
1763 1054 1887 1110 dic-

191 1153 361 1201 turus
390 1159 520 1201 sum
567 1144 813 1199 ostendit
863 1143 1005 1199 mihi
1058 1145 1314 1198 Dominus
1374 1146 1527 1198 Deus.
1572 1146 1731 1198 Ecec.
1796 1143 1889 1198 in—

191 1235 339 1306 quit,
391 1238 545 1303 ﬁctor
598 1236 812 1288 locustae
865 1236 921 1287 in
968 1235 1247 1302 principio
1296 1234 1720 1300 germinantium
1743 1248 1887 1286 sero-

194 1327 302 1379 tini
329 1325 544 1385 imbris.
581 1322 842 1378 videlicet
869 1322 1024 1377 Deus
1050 1321 1390 1392 compositor
1423 1329 1632 1377 nostra;
1659 1321 1730 1375 ad
1759 1335 1884 1391 pro-

195 1412 480 1468 bationem
513 1411 863 1478 tentationis,
904 1418 958 1466 et
989 1411 1046 1465 in
1088 1410 1223 1466 Sina
1246 1410 1424 1477 enim,
1457 1410 1612 1480 quod
1641 1418 1725 1465 est
1775 1416 1889 1464 ten-

195 1504 350 1569 tatio,
378 1508 431 1556 et
462 1503 521 1555 in
570 1507 786 1565 sancto,
830 1499 879 1554 id
909 1507 992 1555 est
1022 1499 1081 1554 in
1129 1499 1430 1555 sanctitate
1470 1499 1767 1555 nobiscum
1798 1499 1890 1554 di-

197 1597 478 1656 versatur,
525 1588 581 1643 in
633 1588 913 1658 principio
962 1596 1170 1663 nostra}
1222 1587 1611 1654 institutionis,
1660 1588 1894 1656 quando

197 1686 387 1734 tamen
418 1693 492 1734 ex
511 1677 709 1732 divino
739 1690 934 1732 amore
962 1677 1272 1746 compungi
1303 1675 1631 1745 incipimus.
1666 1674 1715 1729 is
1742 1673 1894 1729 enim

195 1776 279 1824 est
323 1768 506 1823 imber
560 1768 850 1829 serotinus,
900 1763 973 1818 ad
1027 1762 1197 1832 cujus
1250 1768 1468 1817 motum
1520 1761 1575 1815 in
1635 1762 1896 1817 omnium

196 1855 363 1925 plane
405 1855 691 1911 virtutum
740 1865 987 1923 germen
1036 1850 1419 1919 erumpimus.
1472 1852 1623 1915 Ecce,
1684 1848 1893 1919 inquit,

190 1944 350 2007 ﬁctor
391 1944 624 1997 locustae.
658 1942 739 1995 Ac
767 1940 814 1995 si
868 1939 1128 1995 diceret:
1188 1938 1487 1994 Accessisti
1536 1938 1605 1993 ad
1646 1938 1894 1994 servitu-

196 2038 308 2087 tem
336 2030 456 2096 Dei,
489 2036 576 2085 sta
606 2029 663 2083 in
698 2026 925 2098 justitia
948 2032 1003 2081 et
1044 2025 1247 2081 timore
1295 2025 1490 2095 (Eccli.
1535 2040 1592 2092 u,
1639 2027 1711 2095 2),
1757 2025 1897 2096 quia

196 2134 326 2182 ecce,
360 2116 416 2172 id
442 2125 526 2173 est
557 2115 629 2172 ad
667 2115 926 2172 subitum
954 2113 1058 2170 tibi
1090 2112 1320 2180 insiliet,
1368 2113 1465 2168 Dei
1497 2120 1691 2170 tamen
1724 2121 1893 2179 nutu,

197 2205 542 2261 mordacitas
595 2196 983 2275 suggestionis
1024 2215 1237 2272 pravae.
1314 2202 1558 2257 Locusta
1603 2202 1756 2257 enim
1799 2215 1896 2257 ore

198 2294 368 2360 laedit,
401 2294 459 2348 in
496 2292 710 2364 frigore
754 2298 960 2361 torpet,
1008 2290 1089 2345 sic
1135 2289 1372 2345 tentatio
1432 2290 1590 2345 cordi
1648 2289 1898 2345 admissa

196 2380 499 2449 consumit,
530 2379 866 2449 reprimitur
894 2376 1167 2438 adversis,
1196 2377 1568 2446 prosperitate
1608 2384 1894 2433 movetur.

203 2470 419 2526 Tonsor
456 2468 607 2540 regis
658 2468 879 2523 brucus
919 2467 992 2521 ad
1022 2465 1244 2521 literam
1292 2465 1630 2532 vocabatur,
1684 2473 1739 2522 et
1768 2466 1897 2522 ideo

199 2565 390 2614 tonsor
415 2557 556 2628 quia
606 2556 902 2613 residuum
937 2554 1293 2611 locustarum
1336 2554 1454 2610 solo
1492 2563 1662 2611 tenus
1703 2563 1898 2611 atton—

197 2647 331 2702 dere
358 2646 682 2713 videbatur,
716 2645 886 2712 Regis
916 2651 1110 2698 autem
1140 2642 1372 2709 dicitur,
1407 2642 1546 2713 quia
1575 2643 1698 2701 sine
1747 2642 1898 2712 regis

196 2736 456 2791 omnium
478 2733 761 2805 permissu
788 2731 934 2787 nihil
965 2745 1135 2802 agere
1166 2731 1482 2786 sinebatur.
1519 2732 1743 2787 Brucus
1783 2731 1898 2786 ita-

198 2839 312 2896 que
338 2831 532 2882 tonsor
570 2828 673 2888 est,
725 2835 860 2877 cum
886 2819 1152 2889 capitalis
1206 2818 1517 2888 cujuslibet
1567 2819 1695 2874 vitii
1755 2833 1898 2875 usus

1993 345 2076 401 Ad
2107 345 2528 415 reprimendam
2568 358 2704 414 ergo
2739 343 2937 399 mortis
2980 342 3243 398 instantis
3289 341 3526 409 rabiem,
3564 354 3698 411 par-

1996 435 2230 490 vitatem
2260 447 2426 490 suam
2466 432 2723 488 clamans
2767 431 3005 502 spiritus
3048 432 3162 487 Deo
3210 439 3401 487 noster
3448 429 3694 501 ingemi-

1998 531 2116 590 nat,
2158 530 2215 577 et
2247 530 2623 591 prosequenti-
2675 536 2801 574 mox
2845 520 3032 587 gratia
3078 534 3191 575 non
3235 519 3487 575 tiendum
3537 517 3727 588 quod.

1999 618 2373 681 proposuerat
2396 611 2590 666 dictat.
2637 611 2793 666 Uttut:
2828 623 3047 665 necesse
3076 615 3189 670 est,
3228 607 3527 678 utquibus
3557 620 3693 662 eru~

2000 700 2260 764 diamur,
2291 708 2345 755 et
2375 699 2489 755 alia
2518 699 2799 755 ostendat.
2929 759 2937 766 ο

2069 789 2321 857 Vnus.‘7,
2372 791 2422 842 8.
2458 818 2525 829 —
2582 809 2609 837 ‹‹
2665 788 2736 843 Et
2788 801 2916 843 ecce
2974 787 3255 842 Dominus
3311 792 3468 841 stans
3518 797 3698 853 super

2002 902 2026 923 ·›
2056 892 2285 933 murum
2319 877 2503 944 litum,
2553 880 2608 932 et
2642 877 2699 931 in
2739 890 2917 931 manu
2948 877 3075 946 ejus
3107 875 3283 930 trulla
3323 872 3694 929 czrmentarii.

2005 988 2023 1011 η
2062 966 2127 1021 Et
2151 965 2297 1020 dixit
2327 966 2607 1020 Dominus
2654 965 2725 1020 ad
2755 979 2885 1020 me:
2927 962 3076 1030 Quid
3126 970 3189 1019 tu
3239 962 3416 1017 vides.
3478 960 3697 1016 Amos?

2003 1074 2025 1101 ι
2060 1062 2115 1109 et
2168 1054 2319 1108 dixi:
2383 1053 2641 1108 Trullam
2693 1052 3066 1108 caementarii.
3129 1073 3149 1098 ι
3206 1054 3465 1105 Dominus
3532 1065 3701 1118 super

1998 1158 2209 1196 murum
2244 1143 2398 1196 litum
2441 1150 2570 1207 stat,
2600 1156 2733 1198 cum
2778 1156 2953 1211 super
3002 1148 3210 1196 nostrae
3256 1138 3700 1209 propugnacula

2000 1230 2225 1295 mentis,
2258 1230 2472 1301 quibus
2518 1230 2745 1286 diabolo
2771 1244 3045 1299 paramus
3098 1228 3373 1284 obsistere
3420 1226 3702 1282 Dominus

1999 1319 2285 1375 auxilium
2334 1319 2560 1374 laturus
2605 1319 2883 1385 assistere,
2925 1325 3077 1372 certo
3108 1317 3439 1371 animorum
3467 1322 3698 1370 nostro-

1999 1422 2131 1464 rum
2161 1408 2550 1477 experimento
2577 1422 2637 1463 se
2684 1414 2979 1463 monstrat.
3032 1408 3251 1461 Murum
3295 1413 3486 1461 autem
3541 1406 3699 1457 litum

2000 1504 2185 1562 vocat,
2228 1496 2369 1567 quia
2412 1498 2565 1552 Deus
2618 1512 2751 1552 eum
2806 1503 3025 1551 remota
3083 1494 3204 1551 vitii
3256 1492 3700 1563 scrupulositate

1936 1596 1976 1649 Β
2005 1585 2348 1655 complanat,
2380 1592 2435 1641 et
2468 1592 2669 1640 contra
2719 1584 2945 1655 pluvias
2995 1583 3374 1640 tentationum
3431 1581 3699 1637 munitet

2004 1674 2255 1729 roborat.
2308 1676 2368 1729 In
2416 1690 2582 1728 manu
2645 1675 2740 1730 Dei
2784 1676 2951 1729 trulla
3006 1674 3339 1728 cmmentarii
3404 1678 3506 1739 est,
3557 1670 3701 1740 quia

2004 1763 2061 1817 in
2118 1763 2245 1833 ejus
2293 1764 2529 1819 arbitrio
2581 1763 2885 1820 efﬁcientia
2937 1770 3143 1818 nostra:
3189 1760 3468 1817 tuitionis.
3523 1760 3701 1814 Amos

2002 1851 2215 1906 dicitur
2246 1852 2481 1920 populus
2533 1852 2774 1905 avulsus.
2838 1851 2935 1907 Ille
2988 1851 3139 1906 enim
3199 1850 3485 1912 avellitur,
3529 1848 3702 1919 cujus

2002 1939 2270 2009 cogitatio
2304 1940 2401 1995 Dei
2441 1939 2660 1995 timoris
2688 1939 2990 1996 interstitio
3047 1953 3081 1994 a
3111 1938 3310 1994 mundi
3364 1951 3559 1993 amore
3608 1937 3702 1993 de-

2002 2026 2254 2083 ducitur.
2317 2028 2490 2084 Amos
2570 2042 2706 2096 ergo
2765 2028 2901 2098 quid
2975 2028 3164 2083 videat
3220 2027 3586 2097 recogitatur,
3645 2033 3701 2080 et

2002 2118 2172 2171 trulla
2206 2118 2539 2171 caementarii
2589 2116 2768 2172 videri
2810 2116 3204 2186 respondetur,
3254 2115 3394 2185 quia
3434 2116 3532 2171 Dei
3575 2115 3701 2184 opi-

2004 2205 2131 2260 ﬁcio
2154 2205 2285 2260 calx
2314 2205 2497 2261 divini
2544 2205 2751 2261 caloris
2781 2214 2989 2261 nostrae
3039 2203 3354 2260 terrenitati
3399 2204 3699 2273 adjuncta,

2003 2306 2228 2361 semper
2257 2292 2467 2347 nostris
2527 2291 2735 2347 animis
2788 2292 2860 2347 ad
2900 2292 3137 2348 tutelam
3194 2290 3520 2347 adhibenda
3548 2306 3703 2346 mon-

2003 2386 2243 2435 stratur.
2300 2402 2320 2428 ι
2378 2381 2447 2435 Et
2500 2380 2647 2436 dixit
2704 2381 2983 2436 Dominus
3038 2396 3051 2434 :
3110 2381 3254 2435 Ecce
3312 2394 3416 2451 ego
3490 2393 3699 2448 ponam

2010 2490 2030 2515 ι
2068 2467 2302 2523 trullam
2350 2467 2405 2523 in
2434 2468 2617 2524 medio
2656 2469 2851 2538 populi
2882 2468 2991 2523 mei
3025 2469 3220 2524 Israel.
3255 2468 3379 2523 Non
3431 2466 3698 2537 adjiciam

2010 2580 2028 2603 η
2072 2558 2223 2614 ultra
2250 2557 2701 2627 superinducere
2736 2571 2894 2613 eum.
2939 2578 2961 2604 ι
2997 2557 3193 2624 (Vnus.
3228 2557 3305 2627 9.)
3336 2579 3361 2603 α
3398 2557 3465 2611 Et
3510 2555 3700 2611 demo-

2010 2669 2029 2693 »
2061 2646 2275 2701 lientur
2346 2645 2572 2702 excelsa
2638 2645 2792 2711 idoli,
2864 2652 2919 2701 et
2973 2645 3449 2701 sanctiﬁcationes
3527 2643 3699 2700 Israel

2009 2756 2032 2783 ι
2065 2734 2503 2801 desolabuntur,
2559 2741 2614 2791 et
2660 2748 3004 2805 consurgam
3061 2749 3235 2803 super
3266 2734 3498 2789 domum
3555 2734 3701 2789 Jero—

2012 2847 2032 2871 »
2071 2824 2234 2878 hoam
2269 2823 2324 2878 in
2359 2823 2570 2894 gladio.
2599 2844 2619 2871 ι
2671 2825 2927 2878 Dominus
2975 2822 3113 2879 dicit
3162 2837 3295 2878 cum
3348 2822 3540 2877 animo
3578 2822 3701 2877 suis

199 2893 528 2968 indesinens
574 2911 751 2966 menti
791 2909 1160 2966 devastandae
1210 2907 1576 2963 invisibiliter
1619 2915 1896 2978 superest.
1938 2893 1978 2948 Ο
2011 2911 2260 2967 motibus
2317 2893 2714 2982 re’spondenda
2789 2896 3067 2983 suggerit.
3149 2912 3480 2967 Notandum
3543 2911 3698 2980 quod

198 3004 324 3057 Post
376 3001 533 3056 hunc
590 3004 855 3053 tonsorem
908 3000 1179 3054 serotinus
1238 2996 1403 3063 redit,
1474 3011 1608 3052 cum
1666 3011 1901 3066 exaspe-

200 3097 388 3155 rante,
444 3088 557 3144 imo
608 3094 852 3159 urgente
931 3093 1180 3157 peccato,
1236 3086 1404 3155 quasi
1458 3087 1530 3141 ad
1581 3094 1898 3142 extremam

197 3176 654 3248 eompunctionis
713 3175 1059 3232 medicinam
1127 3188 1287 3230 mens
1339 3175 1611 3231 universa
1668 3182 1901 3245 repente

201 3265 481 3323 concedit.
529 3264 745 3320 Bruchi
801 3270 996 3319 autem
1054 3271 1325 3318 naturam
1371 3262 1604 3329 scimus,
1656 3262 1776 3318 loco
1806 3261 1899 3317 cui

200 3355 472 3411 insederit
500 3353 681 3409 donec
710 3352 911 3408 reddat
939 3366 1199 3416 exesum,
1234 3351 1470 3407 minime
1497 3351 1798 3406 dimoveri.

275 3444 424 3501 Vnus
452 3445 505 3497 2.
537 3470 610 3483 -—
637 3462 665 3490 «
724 3441 792 3496 Et
831 3440 1047 3496 factum
1099 3447 1202 3501 est.
1262 3454 1396 3495 cum
1451 3445 1903 3495 consummasset

208 3555 228 3579 ι
265 3530 558 3589 comedere
588 3530 828 3586 herbam
863 3537 1047 3595 terrm,
1080 3528 1203 3583 dixi
1237 3542 1249 3582 :
1284 3528 1523 3583 Domine
1564 3528 1734 3595 Deus,
1770 3541 1897 3597 pro-

209 3644 230 3668 ι
267 3622 444 3692 pitius
488 3627 627 3685 esto,
677 3620 929 3675 obsecro.
987 3617 1126 3684 Quis
1184 3617 1479 3672 suscitabit
1529 3617 1722 3683 Iacob,
1761 3615 1900 3687 quia

208 3730 232 3759 ι
271 3709 550 3779 parvulus
578 3708 699 3764 est?
719 3730 739 3756 ι
773 3698 1006 3762 Herbam
1032 3712 1189 3761 terra
1209 3706 1475 3761 comedere
1515 3712 1898 3771 consummat,

204 3812 338 3854 cum
378 3797 613 3853 tentatio
655 3797 775 3866 spei
819 3796 1056 3850 internae
1100 3795 1348 3850 virorem
1408 3800 1553 3848 ἐιη
1603 3802 1898 3850 extenuat.

203 3886 372 3941 Jacob
431 3888 565 3956 quia
612 3886 880 3954 parvulus
938 3888 1036 3949 est,
1081 3882 1316 3938 minime
1382 3882 1714 3945 suscitatur,
1762 3883 1902 3953 quia

206 3973 370 4030 rudis
414 3973 665 4038 animus,
706 3980 762 4028 et
813 3985 847 4026 a
874 3971 1052 4027 veteri
1084 3970 1499 4026 consuetudine
1534 3971 1776 4027 necdum
1810 3972 1900 4026 vi-

207 4061 391 4117 riliter
420 4058 775 4128 resipiscens,
808 4072 1114 4129 nunquam
1159 4072 1193 4112 a
1221 4073 1327 4113 suo
1377 4065 1603 4127 torpore
1652 4058 1898 4127 levatur,

207 4150 319 4206 nisi
368 4162 469 4219 per
517 4146 785 4217 illapsum
825 4147 1024 4218 gratiae
1076 4145 1368 4202 tulciatur.
1416 4146 1608 4216 (Vsus.
1662 4146 1739 4216 3.)
1773 4147 1898 4203 Vox

209 4239 331 4295 haec
359 4235 599 4317 spiritus
626 4244 732 4305 est,
753 4235 823 4292 de
852 4250 963 4291 sua
992 4235 1051 4289 in
1078 4249 1137 4290 se
1166 4234 1240 4289 ad
1271 4235 1450 4290 Deum
1487 4235 1717 4291 miseria
1758 4250 1900 4292 con—

209 4324 522 4398 querentis.
602 4324 905 4381 Miseretur
983 4324 1198 4394 itaque,
1255 4331 1594 4380 ostensurus
1659 4324 1902 4381 subinde

212 4414 388 4472 menti
415 4422 469 4470 et
499 4412 737 4469 alterius
766 4412 919 4469 modi
947 4426 1141 4469 casus.

284 4504 455 4560 Vnus.
489 4506 541 4570 4,
576 4504 627 4565 5,
655 4505 708 4557 6.
741 4532 810 4541 —-
842 4523 870 4551 «
923 4502 995 4557 Et
1040 4515 1169 4557 ecce
1225 4501 1464 4557 vocabat
1506 4500 1790 4572 judicium
1832 4501 1902 4556 ad

216 4614 238 4639 ι
272 4592 462 4665 ignem
493 4590 774 4648 Dominus
805 4591 988 4658 Deus;
1009 4598 1063 4646 et
1115 4589 1414 4646 devoravit
1442 4590 1714 4660 abyssum
1763 4590 1900 4646 mul-

214 4705 240 4728 ι»
274 4689 388 4737 tam
433 4687 488 4736 et
527 4679 784 4736 comedet
832 4677 1005 4734 simul
1060 4684 1301 4747 partem.
1351 4700 1370 4725 ι
1420 4677 1473 4733 Si
1523 4692 1757 4733 causam
1804 4692 1906 4747 pro

210 4768 409 4825 effecto
455 4781 759 4838 ponamus,
808 4765 1084 4835 judicium
1160 4779 1262 4835 pro
1328 4767 1540 4819 ratione
1594 4765 1906 4836 intelligere

212 4873 539 4931 possumus.
591 4858 876 4914 Judicium
933 4856 1111 4928 igitur
1157 4856 1231 4910 ad
1276 4858 1453 4924 ignem
1498 4858 1754 4910 Dominus
1803 4870 1906 4909 vo-

212 4957 323 5015 cat,
369 4961 503 5005 cum
554 4946 793 5003 rationis
846 4944 1245 5002 auctoritatem
1289 4944 1908 5015 concupiscentialibus

215 5036 466 5092 ﬂammis
490 5034 819 5091 addemnat.
863 5034 1141 5102 Abyssum
1204 5034 1431 5087 multam
1473 5033 1730 5098 devorat,
1772 5047 1904 5087 cum

212 5130 505 5194 praerupta
534 5121 783 5194 ingenia.
815 5128 872 5177 et
900 5120 1204 5192 cujusdam
1238 5120 1537 5191 profundae
1574 5118 1909 5190 perspicaci-

212 5214 346 5269 tatis
381 5219 703 5267 extremum
742 5209 1138 5266 obnubilando
1166 5209 1467 5265 adnihilat.
1502 5210 1717 5263 Partem
1745 5210 1907 5263 simul

211 5299 479 5367 comedit,
522 5298 663 5370 quia
704 5297 836 5355 licet
880 5306 1097 5355 statum
1137 5313 1330 5365 suum,
1379 5298 1436 5354 in
1494 5306 1781 5367 quantum
1827 5297 1910 5353 di-

212 5388 448 5456 labitur,
507 5386 701 5443 adhuc
752 5386 937 5442 metiri
998 5393 1054 5442 et
1101 5386 1292 5442 dolere
1367 5385 1562 5456 possit,
1625 5397 1905 5454 quorsum

212 5484 406 5533 tamen
436 5476 550 5533 Deo
579 5474 938 5546 permittente
975 5474 1246 5544 ducatur,
1288 5483 1345 5532 et
1389 5490 1537 5547 quos
1573 5474 1740 5544 ccepti
1769 5473 1908 5531 mali

2008 3001 2220 3070 cuique
2248 3000 2459 3055 visioni
2486 3001 2841 3070 praeponitur
2875 3015 2887 3053 :
2929 3001 3089 3065 Ecce,
3141 3006 3203 3055 ut
3251 3000 3582 3069 repentinas
3613 2998 3698 3054 in-

2008 3087 2197 3143 sinuet
2224 3087 2638 3154 titillationum,
2667 3087 2755 3142 vel
2781 3087 3141 3142 diversorum
3176 3086 3476 3142 habituum
3510 3099 3702 3155 super-

2010 3177 2307 3231 ventiones
2364 3176 2542 3230 menti
2616 3177 2905 3231 humanae.
2985 3175 3057 3230 In
3122 3175 3299 3229 medio
3362 3176 3553 3245 populi
3610 3173 3698 3231 sui

2008 3267 2179 3319 Israel
2210 3265 2431 3318 trullam
2462 3265 2611 3320 Deus
2652 3264 2829 3334 ponit,
2865 3278 2995 3320 cum
3029 3264 3413 3320 ministerium
3460 3262 3701 3319 subsidii

2008 3353 2117 3419 sui,
2154 3368 2270 3423 quo
2306 3361 2543 3422 paratus
2571 3354 2938 3409 estomnibus
2968 3354 3065 3423 qui
3089 3360 3387 3409 tentantur
3406 3351 3700 3408 auxiliari.

2008 3442 2369 3510 omnibusin
2409 3442 2661 3498 evidenti
2710 3442 2996 3512 proponit.
3048 3444 3166 3497 Non
3198 3441 3393 3512 adjicit
3443 3442 3592 3494 ultra
3617 3456 3705 3495 su-

2007 3531 2357 3600 perinducere
2398 3547 2538 3594 eum,
2585 3545 2716 3586 cum
2745 3531 3013 3601 exigente
3044 3532 3244 3587 merito
3292 3545 3414 3591 suo.
3466 3530 3617 3598 apud
3646 3543 3705 3584 se.

2010 3619 2264 3690 cogitatu
2315 3618 2539 3689 judicat
2592 3619 2833 3689 dignum
2887 3634 2965 3687 se,
3009 3619 3103 3675 cui
3165 3621 3314 3675 Deus
3363 3618 3705 3674 subtrahere

2016 3707 2235 3773 debeat,
2318 3722 2438 3764 sua:
2491 3708 2893 3778 opitulationis
2938 3707 3332 3778 obstaculum;
3383 3708 3487 3762 hoc
3533 3721 3704 3762 nam-

2011 3811 2145 3867 que,
2178 3811 2293 3866 quo
2326 3796 2588 3853 munitur
2618 3798 2863 3853 maceria
2892 3805 3095 3853 contra
3142 3796 3490 3866 tempestatis
3536 3796 3708 3865 impe-

2011 3892 2155 3952 tum,
2215 3885 2445 3941 videtur
2495 3886 2820 3955 signiﬁcare
2863 3893 3227 3941 caementum.
3292 3885 3515 3938 Excelsa
3570 3883 3717 3936 idoli

2010 3973 2421 4040 demoliuntur,
2487 3988 2619 4029 cum
2683 3974 2968 4043 superbiat
3036 3972 3412 4043 singularitas
3480 3971 3707 4027 diabolo

2009 4076 2112 4117 nos
2164 4062 2556 4131 colaphizante
2616 4061 2937 4131 deponitur.
2998 4062 3145 4125 Quid
3195 4070 3279 4117 est
3325 4061 3481 4116 enim
3529 4059 3709 4115 excel-

2006 4165 2134 4205 sum
2170 4151 2323 4218 idoli,
2367 4149 2476 4205 nisi
2514 4151 2806 4221 quoddam
2868 4151 3090 4222 insigne
3148 4149 3499 4220 spectaculi?
3547 4148 3706 4204 Unde

1942 4234 1983 4286 D
2009 4245 2061 4294 et
2096 4238 2433 4308 spectabiles
2483 4238 2729 4294 dicimus
2774 4254 2921 4309 quos
2970 4253 3041 4295 ex
3072 4252 3180 4294 sua
3232 4238 3504 4307 opinione
3538 4236 3706 4292 mira-

2013 4341 2161 4382 mur.
2206 4329 2671 4397 Sanctiﬁcationes
2704 4329 2873 4382 Israel
2916 4328 3270 4395 desolantur,
3323 4341 3455 4382 cum
3502 4340 3705 4383 crassa-

2012 4417 2355 4488 religionum
2389 4416 2603 4485 species
2630 4425 2685 4472 et
2718 4417 2911 4487 magni
2956 4416 3207 4472 nominis
3254 4415 3476 4471 umbrae
3528 4415 3708 4484 quoti-

2011 4504 2185 4560 diana
2245 4503 2610 4559 devolutione
2661 4512 3019 4574 coquuntur.
3060 4506 3239 4574 Super
3275 4505 3492 4559 domum
3542 4506 3702 4558 Jero-

2014 4594 2167 4648 boam
2194 4595 2253 4647 in
2282 4592 2469 4659 gladio
2494 4594 2889 4664 consurgitur,
2928 4609 3059 4649 cum
3090 4608 3267 4663 super
3296 4593 3700 4649 conscientiam

2013 4682 2148 4738 solis
2177 4696 2276 4752 per
2312 4682 2659 4750 hypocrisim
2701 4682 3113 4751 temporalibus
3155 4682 3503 4751 aspirantem
3551 4681 3709 4736 vitiis

2013 4769 2488 4840 adequitantibus
2540 4769 2845 4826 militatur.
2912 4770 3148 4826 Gladius
3203 4769 3354 4825 enim
3413 4776 3703 4839 peccatum

2014 4873 2191 4928 grave
2214 4857 2523 4930 signiﬁcat.
2568 4857 2748 4914 David
2799 4858 2955 4914 enim
3006 4858 3074 4914 de
3124 4858 3314 4927 gladio
3371 4858 3709 4929 malignose

2012 4946 2156 5016 eripi
2184 4952 2348 5017 rogat
2374 4947 2543 5015 (Psal.
2575 4961 2772 5012 cxuu,
2809 4947 2915 5016 10).

2089 5035 2256 5091 Vnns.
2296 5037 2380 5088 lo.
2411 5065 2482 5074 —
2518 5055 2545 5083 ‹‹
2595 5036 2663 5091 Εῑ
2715 5035 2869 5090 misit
2909 5035 3170 5091 Amasias
3210 5035 3474 5091 sacerdos
3517 5034 3707 5091 Bethel

2020 5147 2040 5171 ι
2077 5124 2148 5180 ad
2204 5124 2506 5180 Jeroboam
2569 5138 2764 5195 regem
2828 5125 3025 5193 Israel,
3092 5124 3333 5180 dicens:
3390 5124 3709 5180 Rebellavit

2020 5212 2043 5263 ὁ
2076 5219 2277 5268 contra
2307 5220 2358 5269 te
2386 5215 2555 5269 Amos
2582 5213 2663 5268 .in
2695 5212 2880 5269 medio
2907 5214 3114 5269 domus
3158 5213 3352 5280 Israel,
3404 5227 3519 5268 non
3550 5220 3703 5282 pote-

2021 5323 2043 5351 ι
2082 5301 2153 5356 rit
2218 5309 2373 5357 terra
2424 5300 2705 5358 sustinere
2781 5316 3073 5357 sermones
3149 5302 3294 5372 ejus.
3372 5323 3391 5349 ι
3448 5301 3707 5355 Amasias

2014 5389 2432 5461 interpretatur
2454 5391 2706 5446 robustus
2746 5398 2802 5446 et
2842 5390 3120 5457 frigidus:
3167 5390 3471 5447 Jeroboam
3510 5394 3710 5459 tempo-

2014 5479 2172 5533 ralis.
2203 5478 2490 5548 [Robustus
2519 5485 2575 5534 et
2600 5479 2846 5548 frigidus
2897 5479 3146 5534 sacerdos
3182 5486 3266 5536 est
3320 5479 3521 5545 Bethel,
3578 5492 3707 5533 cum
