  <div class='ocr_page' id='page_1' title='image "/cluster/home/n/w/nwhite01/storage/ocr_20150623/156/hvd.32044054760145/226.png"; bbox 0 0 3934 6086; ppageno 0'>
   <div class='ocr_carea' id='block_1_1' title="bbox 108 202 1806 276">
    <p class='ocr_par' dir='ltr' id='par_1_1' title="bbox 108 202 1805 276">
     <span class='ocr_line' id='line_1_1' title="bbox 108 202 1805 276; baseline 0.004 -19"><span class='ocrx_word' id='word_1_1' title='bbox 108 202 202 257; x_wconf 39' lang='lat' dir='ltr'><strong>iiii</strong></span> <span class='ocrx_word' id='word_1_2' title='bbox 810 203 1266 261; x_wconf 59' lang='lat' dir='ltr'><strong>TROPOLOGIIE</strong></span> <span class='ocrx_word' id='word_1_3' title='bbox 1304 207 1376 262; x_wconf 79' lang='lat' dir='ltr'><strong>IN</strong></span> <span class='ocrx_word' id='word_1_4' title='bbox 1416 207 1620 276; x_wconf 85' lang='lat' dir='ltr'><strong>OSEE,</strong></span> <span class='ocrx_word' id='word_1_5' title='bbox 1661 209 1805 265; x_wconf 70' lang='grc' dir='ltr'><strong>ΑΜΟ</strong></span> 
     </span>
    </p>
   </div>
   <div class='ocr_carea' id='block_1_2' title="bbox 1988 202 3604 276">
    <p class='ocr_par' dir='ltr' id='par_1_2' title="bbox 2011 205 3604 262">
     <span class='ocr_line' id='line_1_2' title="bbox 2011 205 3604 262; baseline -0.001 0"><span class='ocrx_word' id='word_1_6' title='bbox 2011 207 2152 262; x_wconf 79' lang='lat' dir='ltr'><strong>JER.</strong></span> <span class='ocrx_word' id='word_1_7' title='bbox 2198 236 2259 246; x_wconf 93' lang='lat'><strong><em>—</em></strong></span> <span class='ocrx_word' id='word_1_8' title='bbox 2307 206 2437 261; x_wconf 87' lang='lat' dir='ltr'><strong>LIB.</strong></span> <span class='ocrx_word' id='word_1_9' title='bbox 2480 206 2567 260; x_wconf 85' lang='lat' dir='ltr'><strong>IV.</strong></span> <span class='ocrx_word' id='word_1_10' title='bbox 2612 205 2679 260; x_wconf 84' lang='lat' dir='ltr'><strong>IN</strong></span> <span class='ocrx_word' id='word_1_11' title='bbox 2719 205 2925 262; x_wconf 79' lang='lat' dir='ltr'><strong>AMOS.</strong></span> <span class='ocrx_word' id='word_1_12' title='bbox 3502 209 3604 260; x_wconf 42' lang='lat' dir='ltr'><strong>.i-iv‘l</strong></span> 
     </span>
    </p>
   </div>
   <div class='ocr_carea' id='block_1_3' title="bbox 104 338 3602 412">
    <p class='ocr_par' dir='ltr' id='par_1_3' title="bbox 104 338 3602 412">
     <span class='ocr_line' id='line_1_3' title="bbox 104 338 3602 412; baseline -0.001 -16"><span class='ocrx_word' id='word_1_13' title='bbox 104 339 244 409; x_wconf 88' lang='lat' dir='ltr'><strong>quis</strong></span> <span class='ocrx_word' id='word_1_14' title='bbox 300 338 600 410; x_wconf 75' lang='lat' dir='ltr'><strong>hypocrita</strong></span> <span class='ocrx_word' id='word_1_15' title='bbox 649 338 810 395; x_wconf 90' lang='lat' dir='ltr'><strong>fortis</strong></span> <span class='ocrx_word' id='word_1_16' title='bbox 865 354 1053 409; x_wconf 89' lang='lat' dir='ltr'><strong>opere,</strong></span> <span class='ocrx_word' id='word_1_17' title='bbox 1103 342 1201 397; x_wconf 89' lang='lat' dir='ltr'><strong>sed</strong></span> <span class='ocrx_word' id='word_1_18' title='bbox 1260 342 1506 412; x_wconf 83' lang='lat' dir='ltr'><strong>frigidus</strong></span> <span class='ocrx_word' id='word_1_19' title='bbox 1591 352 1798 410; x_wconf 90' lang='lat' dir='ltr'><strong>mente,</strong></span> <span class='ocrx_word' id='word_1_20' title='bbox 1840 344 1885 397; x_wconf 86' lang='lat' dir='ltr'><strong>A</strong></span> <span class='ocrx_word' id='word_1_21' title='bbox 1922 365 1942 392; x_wconf 86' lang='grc'><strong>‹</strong></span> <span class='ocrx_word' id='word_1_22' title='bbox 1976 342 2132 399; x_wconf 87' lang='lat' dir='ltr'><strong>Sicut</strong></span> <span class='ocrx_word' id='word_1_23' title='bbox 2166 356 2299 398; x_wconf 86' lang='lat' dir='ltr'><strong>oves</strong></span> <span class='ocrx_word' id='word_1_24' title='bbox 2320 341 2618 397; x_wconf 88' lang='lat' dir='ltr'><strong>ininferno</strong></span> <span class='ocrx_word' id='word_1_25' title='bbox 2653 339 2814 408; x_wconf 77' lang='lat' dir='ltr'><strong>positi</strong></span> <span class='ocrx_word' id='word_1_26' title='bbox 2845 339 3178 403; x_wconf 85' lang='lat' dir='ltr'><strong>sunt(Psal.</strong></span> <span class='ocrx_word' id='word_1_27' title='bbox 3208 353 3406 404; x_wconf 79' lang='lat' dir='ltr'><strong>XLVIII,</strong></span> <span class='ocrx_word' id='word_1_28' title='bbox 3444 339 3554 409; x_wconf 89' lang='grc'><strong>15.)</strong></span> <span class='ocrx_word' id='word_1_29' title='bbox 3584 361 3602 387; x_wconf 74' lang='grc' dir='ltr'><strong>ι</strong></span> 
     </span>
    </p>
   </div>
   <div class='ocr_carea' id='block_1_4' title="bbox 105 427 1807 500">
    <p class='ocr_par' dir='ltr' id='par_1_4' title="bbox 105 427 1807 500">
     <span class='ocr_line' id='line_1_4' title="bbox 105 427 1807 500; baseline 0.003 -17"><span class='ocrx_word' id='word_1_30' title='bbox 105 441 340 483; x_wconf 88' lang='lat' dir='ltr'><strong>sacrum</strong></span> <span class='ocrx_word' id='word_1_31' title='bbox 362 427 660 493; x_wconf 88' lang='lat' dir='ltr'><strong>ducatum,</strong></span> <span class='ocrx_word' id='word_1_32' title='bbox 692 441 760 483; x_wconf 91' lang='lat' dir='ltr'><strong>ac</strong></span> <span class='ocrx_word' id='word_1_33' title='bbox 789 428 835 482; x_wconf 91' lang='lat' dir='ltr'><strong>si</strong></span> <span class='ocrx_word' id='word_1_34' title='bbox 877 428 973 484; x_wconf 88' lang='lat' dir='ltr'><strong>Dei</strong></span> <span class='ocrx_word' id='word_1_35' title='bbox 1019 429 1091 484; x_wconf 91' lang='lat' dir='ltr'><strong>sit</strong></span> <span class='ocrx_word' id='word_1_36' title='bbox 1129 430 1427 499; x_wconf 82' lang='lat' dir='ltr'><strong>templum,</strong></span> <span class='ocrx_word' id='word_1_37' title='bbox 1463 432 1717 500; x_wconf 71' lang='lat' dir='ltr'><strong>praebere</strong></span> <span class='ocrx_word' id='word_1_38' title='bbox 1749 446 1807 487; x_wconf 90' lang='lat' dir='ltr'><strong>se</strong></span> 
     </span>
    </p>
   </div>
   <div class='ocr_carea' id='block_1_5' title="bbox 109 515 1806 585">
    <p class='ocr_par' dir='ltr' id='par_1_5' title="bbox 109 515 1806 585">
     <span class='ocr_line' id='line_1_5' title="bbox 109 515 1806 585; baseline 0.002 -14"><span class='ocrx_word' id='word_1_39' title='bbox 109 530 273 585; x_wconf 87' lang='lat' dir='ltr'><strong>posse</strong></span> <span class='ocrx_word' id='word_1_40' title='bbox 305 515 632 585; x_wconf 86' lang='lat' dir='ltr'><strong>pollicetur;</strong></span> <span class='ocrx_word' id='word_1_41' title='bbox 673 516 747 572; x_wconf 88' lang='lat' dir='ltr'><strong>ad</strong></span> <span class='ocrx_word' id='word_1_42' title='bbox 775 516 850 571; x_wconf 85' lang='lat' dir='ltr'><strong>ad</strong></span> <span class='ocrx_word' id='word_1_43' title='bbox 887 518 1173 572; x_wconf 84' lang='lat' dir='ltr'><strong>Jeroboam</strong></span> <span class='ocrx_word' id='word_1_44' title='bbox 1199 534 1374 584; x_wconf 86' lang='lat' dir='ltr'><strong>regem</strong></span> <span class='ocrx_word' id='word_1_45' title='bbox 1418 521 1584 574; x_wconf 85' lang='lat' dir='ltr'><strong>Israel</strong></span> <span class='ocrx_word' id='word_1_46' title='bbox 1615 520 1806 584; x_wconf 83' lang='lat' dir='ltr'><strong>mittit,</strong></span> 
     </span>
    </p>
   </div>
   <div class='ocr_carea' id='block_1_6' title="bbox 108 605 1805 679">
    <p class='ocr_par' dir='ltr' id='par_1_6' title="bbox 108 605 1805 679">
     <span class='ocr_line' id='line_1_6' title="bbox 108 605 1805 679; baseline 0.002 -20"><span class='ocrx_word' id='word_1_47' title='bbox 108 619 243 661; x_wconf 90' lang='lat' dir='ltr'><strong>cum</strong></span> <span class='ocrx_word' id='word_1_48' title='bbox 274 619 335 660; x_wconf 90' lang='lat' dir='ltr'><strong>se</strong></span> <span class='ocrx_word' id='word_1_49' title='bbox 362 606 413 660; x_wconf 90' lang='lat' dir='ltr'><strong>ei</strong></span> <span class='ocrx_word' id='word_1_50' title='bbox 441 618 513 660; x_wconf 86' lang='lat' dir='ltr'><strong>ex</strong></span> <span class='ocrx_word' id='word_1_51' title='bbox 546 605 982 674; x_wconf 88' lang='lat' dir='ltr'><strong>temporalitatis</strong></span> <span class='ocrx_word' id='word_1_52' title='bbox 1026 620 1240 673; x_wconf 82' lang='lat' dir='ltr'><strong>amore,</strong></span> <span class='ocrx_word' id='word_1_53' title='bbox 1275 607 1446 677; x_wconf 85' lang='lat' dir='ltr'><strong>cujus</strong></span> <span class='ocrx_word' id='word_1_54' title='bbox 1486 609 1805 679; x_wconf 88' lang='lat' dir='ltr'><strong>regiminio,</strong></span> 
     </span>
    </p>
   </div>
   <div class='ocr_carea' id='block_1_7' title="bbox 107 693 1808 767">
    <p class='ocr_par' dir='ltr' id='par_1_7' title="bbox 107 693 1808 767">
     <span class='ocr_line' id='line_1_7' title="bbox 107 693 1808 767; baseline 0.002 -19"><span class='ocrx_word' id='word_1_55' title='bbox 107 709 243 749; x_wconf 89' lang='lat' dir='ltr'><strong>cum</strong></span> <span class='ocrx_word' id='word_1_56' title='bbox 277 708 315 748; x_wconf 91' lang='lat' dir='ltr'><strong>a</strong></span> <span class='ocrx_word' id='word_1_57' title='bbox 359 694 474 749; x_wconf 90' lang='lat' dir='ltr'><strong>Deo</strong></span> <span class='ocrx_word' id='word_1_58' title='bbox 516 693 745 749; x_wconf 84' lang='lat' dir='ltr'><strong>deberet</strong></span> <span class='ocrx_word' id='word_1_59' title='bbox 795 694 984 765; x_wconf 80' lang='lat' dir='ltr'><strong>dirigi,</strong></span> <span class='ocrx_word' id='word_1_60' title='bbox 1029 708 1088 750; x_wconf 91' lang='lat' dir='ltr'><strong>se</strong></span> <span class='ocrx_word' id='word_1_61' title='bbox 1138 695 1397 752; x_wconf 85' lang='lat' dir='ltr'><strong>meminit</strong></span> <span class='ocrx_word' id='word_1_62' title='bbox 1439 697 1808 767; x_wconf 88' lang='lat' dir='ltr'><strong>dirigendum</strong></span> 
     </span>
    </p>
   </div>
   <div class='ocr_carea' id='block_1_8' title="bbox 113 782 1811 854">
    <p class='ocr_par' dir='ltr' id='par_1_8' title="bbox 113 782 1811 854">
     <span class='ocr_line' id='line_1_8' title="bbox 113 782 1811 854; baseline 0.002 -17"><span class='ocrx_word' id='word_1_63' title='bbox 113 782 438 847; x_wconf 82' lang='lat' dir='ltr'><strong>tradidisse,</strong></span> <span class='ocrx_word' id='word_1_64' title='bbox 492 782 816 838; x_wconf 84' lang='lat' dir='ltr'><strong>committit.</strong></span> <span class='ocrx_word' id='word_1_65' title='bbox 871 785 1061 849; x_wconf 85' lang='lat' dir='ltr'><strong>Amos,</strong></span> <span class='ocrx_word' id='word_1_66' title='bbox 1113 784 1321 854; x_wconf 87' lang='lat' dir='ltr'><strong>inquit,</strong></span> <span class='ocrx_word' id='word_1_67' title='bbox 1371 791 1559 839; x_wconf 86' lang='lat' dir='ltr'><strong>contra</strong></span> <span class='ocrx_word' id='word_1_68' title='bbox 1617 791 1667 839; x_wconf 87' lang='lat' dir='ltr'><strong>te</strong></span> <span class='ocrx_word' id='word_1_69' title='bbox 1716 800 1811 841; x_wconf 90' lang='lat' dir='ltr'><strong>re—</strong></span> 
     </span>
    </p>
   </div>
   <div class='ocr_carea' id='block_1_9' title="bbox 110 870 1811 944">
    <p class='ocr_par' dir='ltr' id='par_1_9' title="bbox 110 870 1811 944">
     <span class='ocr_line' id='line_1_9' title="bbox 110 870 1811 944; baseline 0.002 -18"><span class='ocrx_word' id='word_1_70' title='bbox 110 870 285 927; x_wconf 85' lang='lat' dir='ltr'><strong>bellat</strong></span> <span class='ocrx_word' id='word_1_71' title='bbox 314 874 371 925; x_wconf 83' lang='lat' dir='ltr'><strong>in</strong></span> <span class='ocrx_word' id='word_1_72' title='bbox 400 871 574 925; x_wconf 82' lang='lat' dir='ltr'><strong>medio</strong></span> <span class='ocrx_word' id='word_1_73' title='bbox 602 871 792 926; x_wconf 87' lang='lat' dir='ltr'><strong>domus</strong></span> <span class='ocrx_word' id='word_1_74' title='bbox 841 874 1036 941; x_wconf 82' lang='lat' dir='ltr'><strong>Israel,</strong></span> <span class='ocrx_word' id='word_1_75' title='bbox 1087 880 1187 928; x_wconf 89' lang='lat' dir='ltr'><strong>tua</strong></span> <span class='ocrx_word' id='word_1_76' title='bbox 1220 874 1495 929; x_wconf 86' lang='lat' dir='ltr'><strong>nimirum</strong></span> <span class='ocrx_word' id='word_1_77' title='bbox 1545 874 1811 944; x_wconf 79' lang='lat' dir='ltr'><strong>cogitatio</strong></span> 
     </span>
    </p>
   </div>
   <div class='ocr_carea' id='block_1_10' title="bbox 108 957 1809 1029">
    <p class='ocr_par' dir='ltr' id='par_1_10' title="bbox 108 957 1809 1029">
     <span class='ocr_line' id='line_1_10' title="bbox 108 957 1809 1029; baseline 0.003 -18"><span class='ocrx_word' id='word_1_78' title='bbox 108 972 141 1011; x_wconf 89' lang='lat' dir='ltr'><strong>a</strong></span> <span class='ocrx_word' id='word_1_79' title='bbox 176 957 377 1013; x_wconf 89' lang='lat' dir='ltr'><strong>mundi</strong></span> <span class='ocrx_word' id='word_1_80' title='bbox 412 958 607 1013; x_wconf 87' lang='lat' dir='ltr'><strong>volens</strong></span> <span class='ocrx_word' id='word_1_81' title='bbox 653 958 823 1013; x_wconf 81' lang='lat' dir='ltr'><strong>avelli</strong></span> <span class='ocrx_word' id='word_1_82' title='bbox 874 958 1120 1014; x_wconf 85' lang='lat' dir='ltr'><strong>lasciviis</strong></span> <span class='ocrx_word' id='word_1_83' title='bbox 1154 958 1251 1015; x_wconf 88' lang='lat' dir='ltr'><strong>tibi</strong></span> <span class='ocrx_word' id='word_1_84' title='bbox 1286 959 1393 1029; x_wconf 87' lang='lat' dir='ltr'><strong>ipsi</strong></span> <span class='ocrx_word' id='word_1_85' title='bbox 1446 961 1598 1016; x_wconf 90' lang='lat' dir='ltr'><strong>intra</strong></span> <span class='ocrx_word' id='word_1_86' title='bbox 1642 969 1692 1016; x_wconf 90' lang='lat' dir='ltr'><strong>te</strong></span> <span class='ocrx_word' id='word_1_87' title='bbox 1722 975 1809 1016; x_wconf 89' lang='lat' dir='ltr'><strong>re-</strong></span> 
     </span>
    </p>
   </div>
   <div class='ocr_carea' id='block_1_11' title="bbox 113 1047 1807 1119">
    <p class='ocr_par' dir='ltr' id='par_1_11' title="bbox 113 1047 1807 1119">
     <span class='ocr_line' id='line_1_11' title="bbox 113 1047 1807 1119; baseline -0.001 -15"><span class='ocrx_word' id='word_1_88' title='bbox 113 1047 278 1104; x_wconf 89' lang='lat' dir='ltr'><strong>bellis</strong></span> <span class='ocrx_word' id='word_1_89' title='bbox 303 1055 405 1103; x_wconf 86' lang='lat' dir='ltr'><strong>est.</strong></span> <span class='ocrx_word' id='word_1_90' title='bbox 465 1049 580 1103; x_wconf 83' lang='lat' dir='ltr'><strong>Non</strong></span> <span class='ocrx_word' id='word_1_91' title='bbox 614 1050 812 1117; x_wconf 82' lang='lat' dir='ltr'><strong>pelerit</strong></span> <span class='ocrx_word' id='word_1_92' title='bbox 859 1053 1006 1101; x_wconf 85' lang='lat' dir='ltr'><strong>terra</strong></span> <span class='ocrx_word' id='word_1_93' title='bbox 1056 1050 1322 1104; x_wconf 83' lang='lat' dir='ltr'><strong>sustinere</strong></span> <span class='ocrx_word' id='word_1_94' title='bbox 1375 1064 1640 1103; x_wconf 85' lang='lat' dir='ltr'><strong>sermones</strong></span> <span class='ocrx_word' id='word_1_95' title='bbox 1671 1048 1807 1119; x_wconf 79' lang='lat' dir='ltr'><strong>ejus,</strong></span> 
     </span>
    </p>
   </div>
   <div class='ocr_carea' id='block_1_12' title="bbox 111 1135 1811 1207">
    <p class='ocr_par' dir='ltr' id='par_1_12' title="bbox 111 1135 1811 1207">
     <span class='ocr_line' id='line_1_12' title="bbox 111 1135 1811 1207; baseline 0.001 -17"><span class='ocrx_word' id='word_1_96' title='bbox 111 1150 231 1191; x_wconf 90' lang='lat' dir='ltr'><strong>non</strong></span> <span class='ocrx_word' id='word_1_97' title='bbox 254 1135 459 1204; x_wconf 88' lang='lat' dir='ltr'><strong>poterit</strong></span> <span class='ocrx_word' id='word_1_98' title='bbox 490 1136 693 1205; x_wconf 89' lang='lat' dir='ltr'><strong>utique</strong></span> <span class='ocrx_word' id='word_1_99' title='bbox 714 1135 953 1191; x_wconf 87' lang='lat' dir='ltr'><strong>humani</strong></span> <span class='ocrx_word' id='word_1_100' title='bbox 972 1136 1228 1206; x_wconf 91' lang='lat' dir='ltr'><strong>corporis</strong></span> <span class='ocrx_word' id='word_1_101' title='bbox 1261 1136 1541 1207; x_wconf 77' lang='lat' dir='ltr'><strong>fragilitas</strong></span> <span class='ocrx_word' id='word_1_102' title='bbox 1570 1137 1811 1193; x_wconf 88' lang='lat' dir='ltr'><strong>tolerare</strong></span> 
     </span>
    </p>
   </div>
   <div class='ocr_carea' id='block_1_13' title="bbox 112 1224 1166 1296">
    <p class='ocr_par' dir='ltr' id='par_1_13' title="bbox 112 1224 1166 1296">
     <span class='ocr_line' id='line_1_13' title="bbox 112 1224 1166 1296; baseline -0.001 -17"><span class='ocrx_word' id='word_1_103' title='bbox 112 1224 467 1280; x_wconf 83' lang='lat' dir='ltr'><strong>nimietatem</strong></span> <span class='ocrx_word' id='word_1_104' title='bbox 497 1224 981 1281; x_wconf 90' lang='lat' dir='ltr'><strong>continentiarum</strong></span> <span class='ocrx_word' id='word_1_105' title='bbox 1022 1226 1166 1296; x_wconf 88' lang='lat' dir='ltr'><strong>ejus.</strong></span> 
     </span>
    </p>
   </div>
   <div class='ocr_carea' id='block_1_14' title="bbox 184 1313 1811 1384">
    <p class='ocr_par' dir='ltr' id='par_1_14' title="bbox 184 1313 1811 1384">
     <span class='ocr_line' id='line_1_14' title="bbox 184 1313 1811 1384; baseline 0.002 -19"><span class='ocrx_word' id='word_1_106' title='bbox 184 1313 356 1369; x_wconf 75' lang='lat' dir='ltr'><strong>Vens.</strong></span> <span class='ocrx_word' id='word_1_107' title='bbox 395 1315 475 1366; x_wconf 85' lang='lat' dir='ltr'><strong>ll.</strong></span> <span class='ocrx_word' id='word_1_108' title='bbox 514 1343 581 1352; x_wconf 88' lang='lat'><strong><em>—-</em></strong></span> <span class='ocrx_word' id='word_1_109' title='bbox 616 1334 643 1361; x_wconf 91' lang='grc'><strong>‹‹</strong></span> <span class='ocrx_word' id='word_1_110' title='bbox 693 1313 827 1369; x_wconf 59' lang='lat' dir='ltr'><strong>Haec</strong></span> <span class='ocrx_word' id='word_1_111' title='bbox 867 1313 1020 1368; x_wconf 90' lang='lat' dir='ltr'><strong>enim</strong></span> <span class='ocrx_word' id='word_1_112' title='bbox 1066 1313 1203 1369; x_wconf 86' lang='lat' dir='ltr'><strong>dicit</strong></span> <span class='ocrx_word' id='word_1_113' title='bbox 1251 1314 1425 1369; x_wconf 87' lang='lat' dir='ltr'><strong>Amos</strong></span> <span class='ocrx_word' id='word_1_114' title='bbox 1457 1329 1468 1367; x_wconf 92' lang='lat'>:</span> <span class='ocrx_word' id='word_1_115' title='bbox 1506 1315 1569 1370; x_wconf 90' lang='lat' dir='ltr'><strong>In</strong></span> <span class='ocrx_word' id='word_1_116' title='bbox 1620 1313 1811 1384; x_wconf 85' lang='lat' dir='ltr'><strong>gladio</strong></span> 
     </span>
    </p>
   </div>
   <div class='ocr_carea' id='block_1_15' title="bbox 111 1399 1812 1471">
    <p class='ocr_par' dir='ltr' id='par_1_15' title="bbox 111 1399 1812 1471">
     <span class='ocr_line' id='line_1_15' title="bbox 111 1399 1812 1471; baseline 0.001 -16"><span class='ocrx_word' id='word_1_117' title='bbox 111 1421 135 1448; x_wconf 74' lang='grc' dir='ltr'><strong><em>ι</em></strong></span> <span class='ocrx_word' id='word_1_118' title='bbox 174 1399 454 1455; x_wconf 85' lang='lat' dir='ltr'><strong>morietur</strong></span> <span class='ocrx_word' id='word_1_119' title='bbox 482 1400 807 1469; x_wconf 81' lang='lat' dir='ltr'><strong>Jeroboam,</strong></span> <span class='ocrx_word' id='word_1_120' title='bbox 838 1408 893 1455; x_wconf 90' lang='lat' dir='ltr'><strong>et</strong></span> <span class='ocrx_word' id='word_1_121' title='bbox 918 1401 1091 1455; x_wconf 79' lang='lat' dir='ltr'><strong>Israel</strong></span> <span class='ocrx_word' id='word_1_122' title='bbox 1133 1403 1396 1470; x_wconf 84' lang='lat' dir='ltr'><strong>captivus</strong></span> <span class='ocrx_word' id='word_1_123' title='bbox 1444 1403 1713 1471; x_wconf 79' lang='lat' dir='ltr'><strong>migrabit</strong></span> <span class='ocrx_word' id='word_1_124' title='bbox 1744 1404 1812 1457; x_wconf 89' lang='lat' dir='ltr'><strong>de</strong></span> 
     </span>
    </p>
   </div>
   <div class='ocr_carea' id='block_1_16' title="bbox 115 1488 1813 1560">
    <p class='ocr_par' dir='ltr' id='par_1_16' title="bbox 115 1488 1813 1560">
     <span class='ocr_line' id='line_1_16' title="bbox 115 1488 1813 1560; baseline 0.002 -16"><span class='ocrx_word' id='word_1_125' title='bbox 115 1512 135 1536; x_wconf 75' lang='grc' dir='ltr'><strong>ι</strong></span> <span class='ocrx_word' id='word_1_126' title='bbox 174 1498 329 1544; x_wconf 90' lang='lat' dir='ltr'><strong>terra</strong></span> <span class='ocrx_word' id='word_1_127' title='bbox 375 1503 501 1545; x_wconf 92' lang='lat' dir='ltr'><strong>sua.</strong></span> <span class='ocrx_word' id='word_1_128' title='bbox 540 1512 560 1537; x_wconf 76' lang='grc' dir='ltr'><strong><em>ι</em></strong></span> <span class='ocrx_word' id='word_1_129' title='bbox 626 1491 707 1545; x_wconf 86' lang='lat' dir='ltr'><strong>Ac</strong></span> <span class='ocrx_word' id='word_1_130' title='bbox 736 1491 783 1544; x_wconf 91' lang='lat' dir='ltr'><strong>si</strong></span> <span class='ocrx_word' id='word_1_131' title='bbox 839 1488 1091 1545; x_wconf 78' lang='lat' dir='ltr'><strong>diceret:</strong></span> <span class='ocrx_word' id='word_1_132' title='bbox 1138 1490 1600 1560; x_wconf 88' lang='lat' dir='ltr'><strong>Temporalitatis</strong></span> <span class='ocrx_word' id='word_1_133' title='bbox 1652 1506 1813 1547; x_wconf 85' lang='lat' dir='ltr'><strong>amor</strong></span> 
     </span>
    </p>
   </div>
   <div class='ocr_carea' id='block_1_17' title="bbox 110 1578 1813 1650">
    <p class='ocr_par' dir='ltr' id='par_1_17' title="bbox 110 1578 1813 1650">
     <span class='ocr_line' id='line_1_17' title="bbox 110 1578 1813 1650; baseline 0.002 -17"><span class='ocrx_word' id='word_1_134' title='bbox 110 1579 167 1634; x_wconf 90' lang='lat' dir='ltr'><strong>in</strong></span> <span class='ocrx_word' id='word_1_135' title='bbox 196 1579 415 1634; x_wconf 89' lang='lat' dir='ltr'><strong>malum</strong></span> <span class='ocrx_word' id='word_1_136' title='bbox 448 1593 672 1649; x_wconf 86' lang='lat' dir='ltr'><strong>semper</strong></span> <span class='ocrx_word' id='word_1_137' title='bbox 703 1578 949 1650; x_wconf 86' lang='lat' dir='ltr'><strong>capitale</strong></span> <span class='ocrx_word' id='word_1_138' title='bbox 980 1580 1275 1648; x_wconf 82' lang='lat' dir='ltr'><strong>relabitur,</strong></span> <span class='ocrx_word' id='word_1_139' title='bbox 1296 1588 1352 1636; x_wconf 91' lang='lat' dir='ltr'><strong>et</strong></span> <span class='ocrx_word' id='word_1_140' title='bbox 1378 1580 1549 1636; x_wconf 87' lang='lat' dir='ltr'><strong>Israel</strong></span> <span class='ocrx_word' id='word_1_141' title='bbox 1580 1580 1813 1637; x_wconf 86' lang='lat' dir='ltr'><strong>fictitius</strong></span> 
     </span>
    </p>
   </div>
   <div class='ocr_carea' id='block_1_18' title="bbox 110 1667 1808 1741">
    <p class='ocr_par' dir='ltr' id='par_1_18' title="bbox 110 1667 1808 1741">
     <span class='ocr_line' id='line_1_18' title="bbox 110 1667 1808 1741; baseline 0.002 -21"><span class='ocrx_word' id='word_1_142' title='bbox 110 1668 369 1737; x_wconf 85' lang='lat' dir='ltr'><strong>corporis</strong></span> <span class='ocrx_word' id='word_1_143' title='bbox 415 1668 502 1723; x_wconf 90' lang='lat' dir='ltr'><strong>sui</strong></span> <span class='ocrx_word' id='word_1_144' title='bbox 563 1667 823 1725; x_wconf 81' lang='lat' dir='ltr'><strong>libertate</strong></span> <span class='ocrx_word' id='word_1_145' title='bbox 858 1670 1196 1741; x_wconf 86' lang='lat' dir='ltr'><strong>emigrando</strong></span> <span class='ocrx_word' id='word_1_146' title='bbox 1240 1670 1583 1741; x_wconf 85' lang='lat' dir='ltr'><strong>privabitur.</strong></span> <span class='ocrx_word' id='word_1_147' title='bbox 1636 1672 1808 1728; x_wconf 74' lang='lat' dir='ltr'><strong>Vens.</strong></span> 
     </span>
    </p>
   </div>
   <div class='ocr_carea' id='block_1_19' title="bbox 116 1756 1808 1826">
    <p class='ocr_par' dir='ltr' id='par_1_19' title="bbox 116 1756 1808 1826">
     <span class='ocr_line' id='line_1_19' title="bbox 116 1756 1808 1826; baseline 0.004 -18"><span class='ocrx_word' id='word_1_148' title='bbox 116 1759 197 1817; x_wconf 77' lang='lat'><strong>12,</strong></span> <span class='ocrx_word' id='word_1_149' title='bbox 239 1757 411 1826; x_wconf 85' lang='grc'><strong>13.)‹‹</strong></span> <span class='ocrx_word' id='word_1_150' title='bbox 466 1756 537 1811; x_wconf 90' lang='lat' dir='ltr'><strong>Et</strong></span> <span class='ocrx_word' id='word_1_151' title='bbox 595 1756 742 1813; x_wconf 84' lang='lat' dir='ltr'><strong>dixit</strong></span> <span class='ocrx_word' id='word_1_152' title='bbox 799 1758 1060 1813; x_wconf 84' lang='lat' dir='ltr'><strong>Amasias</strong></span> <span class='ocrx_word' id='word_1_153' title='bbox 1091 1759 1160 1813; x_wconf 91' lang='lat' dir='ltr'><strong>ad</strong></span> <span class='ocrx_word' id='word_1_154' title='bbox 1212 1760 1426 1814; x_wconf 76' lang='lat' dir='ltr'><strong>Amos:</strong></span> <span class='ocrx_word' id='word_1_155' title='bbox 1477 1759 1583 1822; x_wconf 89' lang='lat' dir='ltr'><strong>Qui</strong></span> <span class='ocrx_word' id='word_1_156' title='bbox 1633 1759 1808 1822; x_wconf 85' lang='lat' dir='ltr'><strong>vides,</strong></span> 
     </span>
    </p>
   </div>
   <div class='ocr_carea' id='block_1_20' title="bbox 118 1844 1806 1915">
    <p class='ocr_par' dir='ltr' id='par_1_20' title="bbox 118 1844 1806 1915">
     <span class='ocr_line' id='line_1_20' title="bbox 118 1844 1806 1915; baseline 0.002 -17"><span class='ocrx_word' id='word_1_157' title='bbox 118 1866 137 1889; x_wconf 74' lang='grc' dir='ltr'><strong><em>ι</em></strong></span> <span class='ocrx_word' id='word_1_158' title='bbox 170 1844 434 1914; x_wconf 83' lang='lat' dir='ltr'><strong>gradere,</strong></span> <span class='ocrx_word' id='word_1_159' title='bbox 494 1851 550 1900; x_wconf 91' lang='lat' dir='ltr'><strong>et</strong></span> <span class='ocrx_word' id='word_1_160' title='bbox 597 1845 740 1915; x_wconf 87' lang='lat' dir='ltr'><strong>juge</strong></span> <span class='ocrx_word' id='word_1_161' title='bbox 772 1845 831 1900; x_wconf 90' lang='lat' dir='ltr'><strong>in</strong></span> <span class='ocrx_word' id='word_1_162' title='bbox 890 1854 1099 1901; x_wconf 89' lang='lat' dir='ltr'><strong>terram</strong></span> <span class='ocrx_word' id='word_1_163' title='bbox 1138 1846 1309 1911; x_wconf 82' lang='lat' dir='ltr'><strong>Iuda,</strong></span> <span class='ocrx_word' id='word_1_164' title='bbox 1366 1854 1423 1902; x_wconf 93' lang='lat' dir='ltr'><strong>et</strong></span> <span class='ocrx_word' id='word_1_165' title='bbox 1452 1847 1682 1901; x_wconf 85' lang='lat' dir='ltr'><strong>comede</strong></span> <span class='ocrx_word' id='word_1_166' title='bbox 1732 1847 1806 1902; x_wconf 84' lang='lat' dir='ltr'><strong>ibi</strong></span> 
     </span>
    </p>
   </div>
   <div class='ocr_carea' id='block_1_21' title="bbox 118 1933 1808 2003">
    <p class='ocr_par' dir='ltr' id='par_1_21' title="bbox 118 1933 1808 2003">
     <span class='ocr_line' id='line_1_21' title="bbox 118 1933 1808 2003; baseline 0.003 -17"><span class='ocrx_word' id='word_1_167' title='bbox 118 1954 136 1977; x_wconf 70' lang='grc' dir='ltr'><strong>ι</strong></span> <span class='ocrx_word' id='word_1_168' title='bbox 174 1945 402 2000; x_wconf 90' lang='lat' dir='ltr'><strong>panem,</strong></span> <span class='ocrx_word' id='word_1_169' title='bbox 479 1940 533 1987; x_wconf 91' lang='lat' dir='ltr'><strong>et</strong></span> <span class='ocrx_word' id='word_1_170' title='bbox 607 1933 684 1988; x_wconf 90' lang='lat' dir='ltr'><strong>ibi</strong></span> <span class='ocrx_word' id='word_1_171' title='bbox 754 1934 1145 2003; x_wconf 88' lang='lat' dir='ltr'><strong>prophetabis.</strong></span> <span class='ocrx_word' id='word_1_172' title='bbox 1204 1935 1274 1989; x_wconf 90' lang='lat' dir='ltr'><strong>Et</strong></span> <span class='ocrx_word' id='word_1_173' title='bbox 1328 1935 1385 1989; x_wconf 92' lang='lat' dir='ltr'><strong>in</strong></span> <span class='ocrx_word' id='word_1_174' title='bbox 1442 1935 1634 1991; x_wconf 89' lang='lat' dir='ltr'><strong>Bethel</strong></span> <span class='ocrx_word' id='word_1_175' title='bbox 1696 1951 1808 1991; x_wconf 91' lang='lat' dir='ltr'><strong>non</strong></span> 
     </span>
    </p>
   </div>
   <div class='ocr_carea' id='block_1_22' title="bbox 114 2019 1811 2094">
    <p class='ocr_par' dir='ltr' id='par_1_22' title="bbox 114 2019 1811 2094">
     <span class='ocr_line' id='line_1_22' title="bbox 114 2019 1811 2094; baseline 0.002 -20"><span class='ocrx_word' id='word_1_176' title='bbox 114 2042 133 2066; x_wconf 62' lang='grc' dir='ltr'>θ</span> <span class='ocrx_word' id='word_1_177' title='bbox 169 2019 408 2090; x_wconf 88' lang='lat' dir='ltr'><strong>adjicies</strong></span> <span class='ocrx_word' id='word_1_178' title='bbox 438 2020 587 2076; x_wconf 87' lang='lat' dir='ltr'><strong>ultra</strong></span> <span class='ocrx_word' id='word_1_179' title='bbox 614 2029 679 2077; x_wconf 89' lang='lat' dir='ltr'><strong>ut</strong></span> <span class='ocrx_word' id='word_1_180' title='bbox 709 2023 1033 2092; x_wconf 86' lang='lat' dir='ltr'><strong>prophetes,</strong></span> <span class='ocrx_word' id='word_1_181' title='bbox 1065 2022 1205 2093; x_wconf 90' lang='lat' dir='ltr'><strong>quia</strong></span> <span class='ocrx_word' id='word_1_182' title='bbox 1246 2023 1621 2078; x_wconf 81' lang='lat' dir='ltr'><strong>sanctiﬁcatio</strong></span> <span class='ocrx_word' id='word_1_183' title='bbox 1641 2021 1811 2094; x_wconf 76' lang='lat' dir='ltr'><strong>[regis</strong></span> 
     </span>
    </p>
   </div>
   <div class='ocr_carea' id='block_1_23' title="bbox 115 2110 1811 2182">
    <p class='ocr_par' dir='ltr' id='par_1_23' title="bbox 115 2110 1811 2182">
     <span class='ocr_line' id='line_1_23' title="bbox 115 2110 1811 2182; baseline 0.002 -19"><span class='ocrx_word' id='word_1_184' title='bbox 115 2129 137 2155; x_wconf 76' lang='grc' dir='ltr'><strong>ι</strong></span> <span class='ocrx_word' id='word_1_185' title='bbox 171 2117 278 2176; x_wconf 89' lang='lat' dir='ltr'><strong>est,</strong></span> <span class='ocrx_word' id='word_1_186' title='bbox 331 2117 387 2164; x_wconf 92' lang='lat' dir='ltr'><strong>et</strong></span> <span class='ocrx_word' id='word_1_187' title='bbox 441 2110 648 2166; x_wconf 91' lang='lat' dir='ltr'><strong>domus</strong></span> <span class='ocrx_word' id='word_1_188' title='bbox 701 2111 865 2182; x_wconf 83' lang='lat' dir='ltr'><strong>regni</strong></span> <span class='ocrx_word' id='word_1_189' title='bbox 916 2110 1060 2181; x_wconf 86' lang='lat' dir='ltr'><strong>ejus.</strong></span> <span class='ocrx_word' id='word_1_190' title='bbox 1120 2130 1147 2161; x_wconf 72' lang='grc' dir='ltr'><strong>ιο</strong></span> <span class='ocrx_word' id='word_1_191' title='bbox 1205 2112 1309 2176; x_wconf 83' lang='lat' dir='ltr'><strong>Qui</strong></span> <span class='ocrx_word' id='word_1_192' title='bbox 1366 2112 1538 2175; x_wconf 76' lang='lat' dir='ltr'><strong>vides,</strong></span> <span class='ocrx_word' id='word_1_193' title='bbox 1622 2110 1811 2180; x_wconf 90' lang='lat' dir='ltr'><strong>inquit</strong></span> 
     </span>
    </p>
   </div>
   <div class='ocr_carea' id='block_1_24' title="bbox 107 2198 1810 2269">
    <p class='ocr_par' dir='ltr' id='par_1_24' title="bbox 107 2198 1810 2269">
     <span class='ocr_line' id='line_1_24' title="bbox 107 2198 1810 2269; baseline 0.001 -17"><span class='ocrx_word' id='word_1_194' title='bbox 107 2198 393 2261; x_wconf 85' lang='lat' dir='ltr'><strong>Amasias,</strong></span> <span class='ocrx_word' id='word_1_195' title='bbox 425 2200 674 2267; x_wconf 85' lang='lat' dir='ltr'><strong>gradere,</strong></span> <span class='ocrx_word' id='word_1_196' title='bbox 706 2200 764 2255; x_wconf 91' lang='lat' dir='ltr'><strong>id</strong></span> <span class='ocrx_word' id='word_1_197' title='bbox 789 2209 893 2265; x_wconf 89' lang='lat' dir='ltr'><strong>est,</strong></span> <span class='ocrx_word' id='word_1_198' title='bbox 931 2200 1031 2269; x_wconf 92' lang='lat' dir='ltr'><strong>qui</strong></span> <span class='ocrx_word' id='word_1_199' title='bbox 1081 2199 1354 2269; x_wconf 89' lang='lat' dir='ltr'><strong>prospicis</strong></span> <span class='ocrx_word' id='word_1_200' title='bbox 1392 2214 1590 2255; x_wconf 91' lang='lat' dir='ltr'><strong>omnes</strong></span> <span class='ocrx_word' id='word_1_201' title='bbox 1623 2201 1810 2268; x_wconf 70' lang='lat' dir='ltr'><strong>poeni-</strong></span> 
     </span>
    </p>
   </div>
   <div class='ocr_carea' id='block_1_25' title="bbox 108 2286 1809 2357">
    <p class='ocr_par' dir='ltr' id='par_1_25' title="bbox 108 2286 1809 2357">
     <span class='ocr_line' id='line_1_25' title="bbox 108 2286 1809 2357; baseline 0.001 -16"><span class='ocrx_word' id='word_1_202' title='bbox 108 2286 329 2341; x_wconf 88' lang='lat' dir='ltr'><strong>tentiali</strong></span> <span class='ocrx_word' id='word_1_203' title='bbox 360 2287 711 2343; x_wconf 84' lang='lat' dir='ltr'><strong>confessione</strong></span> <span class='ocrx_word' id='word_1_204' title='bbox 756 2288 811 2342; x_wconf 91' lang='lat' dir='ltr'><strong>in</strong></span> <span class='ocrx_word' id='word_1_205' title='bbox 848 2287 959 2342; x_wconf 86' lang='lat' dir='ltr'><strong>line</strong></span> <span class='ocrx_word' id='word_1_206' title='bbox 1003 2303 1161 2357; x_wconf 86' lang='lat' dir='ltr'><strong>posse</strong></span> <span class='ocrx_word' id='word_1_207' title='bbox 1210 2287 1444 2354; x_wconf 91' lang='lat' dir='ltr'><strong>salvari,</strong></span> <span class='ocrx_word' id='word_1_208' title='bbox 1493 2288 1609 2343; x_wconf 90' lang='lat' dir='ltr'><strong>tuis</strong></span> <span class='ocrx_word' id='word_1_209' title='bbox 1659 2288 1809 2343; x_wconf 91' lang='lat' dir='ltr'><strong>inte-</strong></span> 
     </span>
    </p>
   </div>
   <div class='ocr_carea' id='block_1_26' title="bbox 109 2374 1807 2447">
    <p class='ocr_par' dir='ltr' id='par_1_26' title="bbox 109 2374 1807 2447">
     <span class='ocr_line' id='line_1_26' title="bbox 109 2374 1807 2447; baseline 0 -18"><span class='ocrx_word' id='word_1_210' title='bbox 109 2374 218 2429; x_wconf 91' lang='lat' dir='ltr'><strong>rim</strong></span> <span class='ocrx_word' id='word_1_211' title='bbox 248 2374 387 2431; x_wconf 90' lang='lat' dir='ltr'><strong>dum</strong></span> <span class='ocrx_word' id='word_1_212' title='bbox 448 2389 642 2445; x_wconf 87' lang='lat' dir='ltr'><strong>sospes</strong></span> <span class='ocrx_word' id='word_1_213' title='bbox 679 2390 740 2432; x_wconf 91' lang='lat' dir='ltr'><strong>es</strong></span> <span class='ocrx_word' id='word_1_214' title='bbox 786 2376 1014 2447; x_wconf 88' lang='lat' dir='ltr'><strong>legibus</strong></span> <span class='ocrx_word' id='word_1_215' title='bbox 1071 2385 1250 2432; x_wconf 85' lang='lat' dir='ltr'><strong>utere.</strong></span> <span class='ocrx_word' id='word_1_216' title='bbox 1307 2379 1458 2444; x_wconf 83' lang='lat' dir='ltr'><strong>Fuge</strong></span> <span class='ocrx_word' id='word_1_217' title='bbox 1496 2380 1556 2431; x_wconf 87' lang='lat' dir='ltr'><strong>in</strong></span> <span class='ocrx_word' id='word_1_218' title='bbox 1606 2382 1807 2430; x_wconf 83' lang='lat' dir='ltr'><strong>terram</strong></span> 
     </span>
    </p>
   </div>
   <div class='ocr_carea' id='block_1_27' title="bbox 104 2464 1803 2524">
    <p class='ocr_par' dir='ltr' id='par_1_27' title="bbox 104 2464 1803 2524">
     <span class='ocr_line' id='line_1_27' title="bbox 104 2464 1803 2524; baseline 0.002 -8"><span class='ocrx_word' id='word_1_219' title='bbox 104 2464 271 2524; x_wconf 88' lang='lat' dir='ltr'><strong>Juda,</strong></span> <span class='ocrx_word' id='word_1_220' title='bbox 338 2464 580 2520; x_wconf 87' lang='lat' dir='ltr'><strong>salutem</strong></span> <span class='ocrx_word' id='word_1_221' title='bbox 659 2472 818 2520; x_wconf 86' lang='lat' dir='ltr'><strong>tuam</strong></span> <span class='ocrx_word' id='word_1_222' title='bbox 880 2465 1096 2521; x_wconf 77' lang='lat' dir='ltr'><strong>ultimae</strong></span> <span class='ocrx_word' id='word_1_223' title='bbox 1155 2465 1492 2522; x_wconf 82' lang='lat' dir='ltr'><strong>confessioni</strong></span> <span class='ocrx_word' id='word_1_224' title='bbox 1555 2479 1803 2521; x_wconf 88' lang='lat' dir='ltr'><strong>reserva.</strong></span> 
     </span>
    </p>
   </div>
   <div class='ocr_carea' id='block_1_28' title="bbox 106 2554 1808 2623">
    <p class='ocr_par' dir='ltr' id='par_1_28' title="bbox 106 2554 1808 2623">
     <span class='ocr_line' id='line_1_28' title="bbox 106 2554 1808 2623; baseline 0.002 -16"><span class='ocrx_word' id='word_1_225' title='bbox 106 2554 194 2607; x_wconf 81' lang='lat' dir='ltr'><strong>Ibi</strong></span> <span class='ocrx_word' id='word_1_226' title='bbox 225 2570 423 2623; x_wconf 85' lang='lat' dir='ltr'><strong>panem</strong></span> <span class='ocrx_word' id='word_1_227' title='bbox 452 2554 683 2622; x_wconf 85' lang='lat' dir='ltr'><strong>comede,</strong></span> <span class='ocrx_word' id='word_1_228' title='bbox 732 2554 791 2609; x_wconf 90' lang='lat' dir='ltr'><strong>in</strong></span> <span class='ocrx_word' id='word_1_229' title='bbox 821 2555 930 2610; x_wconf 88' lang='lat' dir='ltr'><strong>hac</strong></span> <span class='ocrx_word' id='word_1_230' title='bbox 982 2554 1249 2611; x_wconf 84' lang='lat' dir='ltr'><strong>videlicet</strong></span> <span class='ocrx_word' id='word_1_231' title='bbox 1296 2555 1612 2610; x_wconf 87' lang='lat' dir='ltr'><strong>intentione</strong></span> <span class='ocrx_word' id='word_1_232' title='bbox 1660 2563 1808 2611; x_wconf 91' lang='lat' dir='ltr'><strong>tem-</strong></span> 
     </span>
    </p>
   </div>
   <div class='ocr_carea' id='block_1_29' title="bbox 105 2643 1808 2714">
    <p class='ocr_par' dir='ltr' id='par_1_29' title="bbox 105 2643 1808 2714">
     <span class='ocr_line' id='line_1_29' title="bbox 105 2643 1808 2714; baseline 0.001 -17"><span class='ocrx_word' id='word_1_233' title='bbox 105 2643 403 2713; x_wconf 90' lang='lat' dir='ltr'><strong>poralibus</strong></span> <span class='ocrx_word' id='word_1_234' title='bbox 430 2643 897 2714; x_wconf 89' lang='lat' dir='ltr'><strong>jucunditatibus</strong></span> <span class='ocrx_word' id='word_1_235' title='bbox 927 2644 1155 2699; x_wconf 86' lang='lat' dir='ltr'><strong>satiare.</strong></span> <span class='ocrx_word' id='word_1_236' title='bbox 1192 2644 1276 2698; x_wconf 88' lang='lat' dir='ltr'><strong>Ibi</strong></span> <span class='ocrx_word' id='word_1_237' title='bbox 1293 2644 1668 2714; x_wconf 83' lang='lat' dir='ltr'><strong>prophetabis,</strong></span> <span class='ocrx_word' id='word_1_238' title='bbox 1699 2644 1808 2699; x_wconf 91' lang='lat' dir='ltr'><strong>sub</strong></span> 
     </span>
    </p>
   </div>
   <div class='ocr_carea' id='block_1_30' title="bbox 109 2731 1806 2802">
    <p class='ocr_par' dir='ltr' id='par_1_30' title="bbox 109 2731 1806 2802">
     <span class='ocr_line' id='line_1_30' title="bbox 109 2731 1806 2802; baseline 0.001 -16"><span class='ocrx_word' id='word_1_239' title='bbox 109 2731 291 2801; x_wconf 89' lang='lat' dir='ltr'><strong>hujus</strong></span> <span class='ocrx_word' id='word_1_240' title='bbox 318 2733 513 2801; x_wconf 86' lang='lat' dir='ltr'><strong>procul</strong></span> <span class='ocrx_word' id='word_1_241' title='bbox 545 2732 723 2789; x_wconf 87' lang='lat' dir='ltr'><strong>dubio</strong></span> <span class='ocrx_word' id='word_1_242' title='bbox 767 2731 882 2802; x_wconf 91' lang='lat' dir='ltr'><strong>spei</strong></span> <span class='ocrx_word' id='word_1_243' title='bbox 921 2732 1280 2802; x_wconf 87' lang='lat' dir='ltr'><strong>providentia</strong></span> <span class='ocrx_word' id='word_1_244' title='bbox 1311 2737 1459 2787; x_wconf 67' lang='lat'><strong>238</strong></span> <span class='ocrx_word' id='word_1_245' title='bbox 1512 2746 1806 2802; x_wconf 88' lang='lat' dir='ltr'><strong>permane-</strong></span> 
     </span>
    </p>
   </div>
   <div class='ocr_carea' id='block_1_31' title="bbox 112 2818 1806 2890">
    <p class='ocr_par' dir='ltr' id='par_1_31' title="bbox 112 2818 1806 2890">
     <span class='ocr_line' id='line_1_31' title="bbox 112 2818 1806 2890; baseline 0.001 -16"><span class='ocrx_word' id='word_1_246' title='bbox 112 2818 218 2874; x_wconf 89' lang='lat' dir='ltr'><strong>bis.</strong></span> <span class='ocrx_word' id='word_1_247' title='bbox 252 2821 327 2872; x_wconf 89' lang='lat' dir='ltr'><strong>In</strong></span> <span class='ocrx_word' id='word_1_248' title='bbox 351 2821 534 2874; x_wconf 83' lang='lat' dir='ltr'><strong>Belhel</strong></span> <span class='ocrx_word' id='word_1_249' title='bbox 563 2837 669 2875; x_wconf 86' lang='lat' dir='ltr'><strong>non</strong></span> <span class='ocrx_word' id='word_1_250' title='bbox 709 2822 939 2889; x_wconf 70' lang='lat' dir='ltr'><strong>adficies</strong></span> <span class='ocrx_word' id='word_1_251' title='bbox 982 2820 1135 2875; x_wconf 85' lang='lat' dir='ltr'><strong>ultra</strong></span> <span class='ocrx_word' id='word_1_252' title='bbox 1163 2825 1224 2874; x_wconf 86' lang='lat' dir='ltr'><strong>ut</strong></span> <span class='ocrx_word' id='word_1_253' title='bbox 1259 2822 1570 2890; x_wconf 81' lang='lat' dir='ltr'><strong>prophetes,</strong></span> <span class='ocrx_word' id='word_1_254' title='bbox 1606 2829 1806 2876; x_wconf 89' lang='lat' dir='ltr'><strong>contra</strong></span> 
     </span>
    </p>
   </div>
   <div class='ocr_carea' id='block_1_32' title="bbox 1920 428 3609 498">
    <p class='ocr_par' dir='ltr' id='par_1_32' title="bbox 1920 428 3609 498">
     <span class='ocr_line' id='line_1_32' title="bbox 1920 428 3609 498; baseline 0.002 -17"><span class='ocrx_word' id='word_1_255' title='bbox 1920 450 1945 482; x_wconf 87' lang='lat'><strong>«</strong></span> <span class='ocrx_word' id='word_1_256' title='bbox 1984 434 2049 488; x_wconf 82' lang='lat' dir='ltr'><strong>Et</strong></span> <span class='ocrx_word' id='word_1_257' title='bbox 2088 431 2234 487; x_wconf 80' lang='lat' dir='ltr'><strong>dixit</strong></span> <span class='ocrx_word' id='word_1_258' title='bbox 2274 431 2553 486; x_wconf 88' lang='lat' dir='ltr'><strong>Dominus</strong></span> <span class='ocrx_word' id='word_1_259' title='bbox 2597 429 2670 484; x_wconf 92' lang='lat' dir='ltr'><strong>ad</strong></span> <span class='ocrx_word' id='word_1_260' title='bbox 2715 443 2803 483; x_wconf 90' lang='lat' dir='ltr'><strong>me</strong></span> <span class='ocrx_word' id='word_1_261' title='bbox 2837 443 2849 481; x_wconf 88' lang='lat'><strong><em>:</em></strong></span> <span class='ocrx_word' id='word_1_262' title='bbox 2886 428 3040 484; x_wconf 86' lang='lat' dir='ltr'><strong>Vade</strong></span> <span class='ocrx_word' id='word_1_263' title='bbox 3090 428 3364 498; x_wconf 88' lang='lat' dir='ltr'><strong>propheta</strong></span> <span class='ocrx_word' id='word_1_264' title='bbox 3401 428 3474 483; x_wconf 90' lang='lat' dir='ltr'><strong>ad</strong></span> <span class='ocrx_word' id='word_1_265' title='bbox 3506 443 3609 498; x_wconf 90' lang='lat' dir='ltr'><strong>po-</strong></span> 
     </span>
    </p>
   </div>
   <div class='ocr_carea' id='block_1_33' title="bbox 1921 516 3610 590">
    <p class='ocr_par' dir='ltr' id='par_1_33' title="bbox 1921 516 3610 590">
     <span class='ocr_line' id='line_1_33' title="bbox 1921 516 3610 590; baseline -0.002 -13"><span class='ocrx_word' id='word_1_266' title='bbox 1921 543 1942 569; x_wconf 78' lang='grc' dir='ltr'><strong>ι</strong></span> <span class='ocrx_word' id='word_1_267' title='bbox 1980 520 2184 590; x_wconf 90' lang='lat' dir='ltr'><strong>pulum</strong></span> <span class='ocrx_word' id='word_1_268' title='bbox 2214 534 2404 577; x_wconf 89' lang='lat' dir='ltr'><strong>meum</strong></span> <span class='ocrx_word' id='word_1_269' title='bbox 2435 518 2624 574; x_wconf 89' lang='lat' dir='ltr'><strong>Israel.</strong></span> <span class='ocrx_word' id='word_1_270' title='bbox 2661 538 2687 569; x_wconf 70' lang='grc' dir='ltr'><strong>υ</strong></span> <span class='ocrx_word' id='word_1_271' title='bbox 2730 517 3007 573; x_wconf 83' lang='lat' dir='ltr'><strong>Dominus</strong></span> <span class='ocrx_word' id='word_1_272' title='bbox 3045 516 3200 583; x_wconf 87' lang='lat' dir='ltr'><strong>dicit,</strong></span> <span class='ocrx_word' id='word_1_273' title='bbox 3236 531 3367 572; x_wconf 91' lang='lat' dir='ltr'><strong>cum</strong></span> <span class='ocrx_word' id='word_1_274' title='bbox 3402 517 3610 573; x_wconf 89' lang='lat' dir='ltr'><strong>rationi</strong></span> 
     </span>
    </p>
   </div>
   <div class='ocr_carea' id='block_1_34' title="bbox 1917 606 3610 680">
    <p class='ocr_par' dir='ltr' id='par_1_34' title="bbox 1917 606 3610 680">
     <span class='ocr_line' id='line_1_34' title="bbox 1917 606 3610 680; baseline -0.004 -13"><span class='ocrx_word' id='word_1_275' title='bbox 1917 610 2213 667; x_wconf 77' lang='lat' dir='ltr'><strong>sentiendo</strong></span> <span class='ocrx_word' id='word_1_276' title='bbox 2244 609 2561 680; x_wconf 88' lang='lat' dir='ltr'><strong>instinguit.</strong></span> <span class='ocrx_word' id='word_1_277' title='bbox 2605 608 2777 675; x_wconf 71' lang='lat' dir='ltr'><strong>Vade,</strong></span> <span class='ocrx_word' id='word_1_278' title='bbox 2813 606 3018 676; x_wconf 87' lang='lat' dir='ltr'><strong>inquit,</strong></span> <span class='ocrx_word' id='word_1_279' title='bbox 3049 606 3121 661; x_wconf 90' lang='lat' dir='ltr'><strong>ab</strong></span> <span class='ocrx_word' id='word_1_280' title='bbox 3150 606 3343 675; x_wconf 84' lang='lat' dir='ltr'><strong>inepta</strong></span> <span class='ocrx_word' id='word_1_281' title='bbox 3387 606 3610 676; x_wconf 90' lang='lat' dir='ltr'><strong>simpli-</strong></span> 
     </span>
    </p>
   </div>
   <div class='ocr_carea' id='block_1_35' title="bbox 1918 694 3613 768">
    <p class='ocr_par' dir='ltr' id='par_1_35' title="bbox 1918 694 3613 768">
     <span class='ocr_line' id='line_1_35' title="bbox 1918 694 3613 768; baseline -0.002 -13"><span class='ocrx_word' id='word_1_282' title='bbox 1918 700 2105 765; x_wconf 89' lang='lat' dir='ltr'><strong>citate,</strong></span> <span class='ocrx_word' id='word_1_283' title='bbox 2128 706 2183 755; x_wconf 91' lang='lat' dir='ltr'><strong>et</strong></span> <span class='ocrx_word' id='word_1_284' title='bbox 2215 698 2423 768; x_wconf 90' lang='lat' dir='ltr'><strong>populo</strong></span> <span class='ocrx_word' id='word_1_285' title='bbox 2468 696 2880 768; x_wconf 87' lang='lat' dir='ltr'><strong>cogitationum</strong></span> <span class='ocrx_word' id='word_1_286' title='bbox 2911 710 3041 751; x_wconf 90' lang='lat' dir='ltr'><strong>cum</strong></span> <span class='ocrx_word' id='word_1_287' title='bbox 3076 696 3189 751; x_wconf 89' lang='lat' dir='ltr'><strong>Deo</strong></span> <span class='ocrx_word' id='word_1_288' title='bbox 3232 694 3402 765; x_wconf 89' lang='lat' dir='ltr'><strong>dirigi</strong></span> <span class='ocrx_word' id='word_1_289' title='bbox 3456 710 3613 766; x_wconf 70' lang='lat' dir='ltr'><strong>quaa-</strong></span> 
     </span>
    </p>
   </div>
   <div class='ocr_carea' id='block_1_36' title="bbox 1918 785 2860 854">
    <p class='ocr_par' dir='ltr' id='par_1_36' title="bbox 1918 785 2860 854">
     <span class='ocr_line' id='line_1_36' title="bbox 1918 785 2860 854; baseline -0.008 -10"><span class='ocrx_word' id='word_1_290' title='bbox 1918 788 2167 844; x_wconf 90' lang='lat' dir='ltr'><strong>rentium</strong></span> <span class='ocrx_word' id='word_1_291' title='bbox 2201 787 2271 842; x_wconf 91' lang='lat' dir='ltr'><strong>ad</strong></span> <span class='ocrx_word' id='word_1_292' title='bbox 2295 786 2578 842; x_wconf 89' lang='lat' dir='ltr'><strong>cautelam</strong></span> <span class='ocrx_word' id='word_1_293' title='bbox 2607 785 2860 854; x_wconf 89' lang='lat' dir='ltr'><strong>provide.</strong></span> 
     </span>
    </p>
   </div>
   <div class='ocr_carea' id='block_1_37' title="bbox 1990 871 3611 933">
    <p class='ocr_par' dir='ltr' id='par_1_37' title="bbox 1990 871 3611 933">
     <span class='ocr_line' id='line_1_37' title="bbox 1990 871 3611 933; baseline -0.004 0"><span class='ocrx_word' id='word_1_294' title='bbox 1990 878 2160 933; x_wconf 74' lang='lat' dir='ltr'><strong>Vens.</strong></span> <span class='ocrx_word' id='word_1_295' title='bbox 2198 878 2281 930; x_wconf 88' lang='grc'>16.</span> <span class='ocrx_word' id='word_1_296' title='bbox 2342 904 2410 915; x_wconf 92' lang='lat'><strong>-—</strong></span> <span class='ocrx_word' id='word_1_297' title='bbox 2449 897 2469 923; x_wconf 77' lang='grc' dir='ltr'>ι</span> <span class='ocrx_word' id='word_1_298' title='bbox 2536 874 2706 929; x_wconf 80' lang='lat' dir='ltr'><strong>Nunc</strong></span> <span class='ocrx_word' id='word_1_299' title='bbox 2758 872 2890 929; x_wconf 90' lang='lat' dir='ltr'><strong>audi</strong></span> <span class='ocrx_word' id='word_1_300' title='bbox 2925 873 3163 927; x_wconf 91' lang='lat' dir='ltr'><strong>verbum</strong></span> <span class='ocrx_word' id='word_1_301' title='bbox 3222 871 3491 927; x_wconf 88' lang='lat' dir='ltr'><strong>Domini:</strong></span> <span class='ocrx_word' id='word_1_302' title='bbox 3525 872 3611 926; x_wconf 90' lang='lat' dir='ltr'><strong>Tu</strong></span> 
     </span>
    </p>
   </div>
   <div class='ocr_carea' id='block_1_38' title="bbox 1926 959 3610 1033">
    <p class='ocr_par' dir='ltr' id='par_1_38' title="bbox 1926 959 3610 1033">
     <span class='ocr_line' id='line_1_38' title="bbox 1926 959 3610 1033; baseline -0.004 -13"><span class='ocrx_word' id='word_1_303' title='bbox 1926 987 1945 1011; x_wconf 70' lang='grc' dir='ltr'><strong><em>ι</em></strong></span> <span class='ocrx_word' id='word_1_304' title='bbox 1973 964 2114 1020; x_wconf 89' lang='lat' dir='ltr'><strong>dicis</strong></span> <span class='ocrx_word' id='word_1_305' title='bbox 2146 981 2159 1018; x_wconf 91' lang='lat'>:</span> <span class='ocrx_word' id='word_1_306' title='bbox 2186 965 2310 1020; x_wconf 89' lang='lat' dir='ltr'><strong>Non</strong></span> <span class='ocrx_word' id='word_1_307' title='bbox 2344 962 2709 1033; x_wconf 85' lang='lat' dir='ltr'><strong>prophetabis</strong></span> <span class='ocrx_word' id='word_1_308' title='bbox 2753 975 2927 1031; x_wconf 89' lang='lat' dir='ltr'><strong>super</strong></span> <span class='ocrx_word' id='word_1_309' title='bbox 2976 961 3168 1028; x_wconf 90' lang='lat' dir='ltr'><strong>Israel,</strong></span> <span class='ocrx_word' id='word_1_310' title='bbox 3209 966 3264 1016; x_wconf 86' lang='lat' dir='ltr'><strong>et</strong></span> <span class='ocrx_word' id='word_1_311' title='bbox 3319 975 3435 1015; x_wconf 90' lang='lat' dir='ltr'><strong>non</strong></span> <span class='ocrx_word' id='word_1_312' title='bbox 3485 959 3610 1015; x_wconf 91' lang='lat' dir='ltr'><strong>stil-</strong></span> 
     </span>
    </p>
   </div>
   <div class='ocr_carea' id='block_1_39' title="bbox 1926 1048 3612 1122">
    <p class='ocr_par' dir='ltr' id='par_1_39' title="bbox 1926 1048 3612 1122">
     <span class='ocr_line' id='line_1_39' title="bbox 1926 1048 3612 1122; baseline -0.004 -13"><span class='ocrx_word' id='word_1_313' title='bbox 1926 1075 1946 1100; x_wconf 76' lang='grc' dir='ltr'><strong><em>ι</em></strong></span> <span class='ocrx_word' id='word_1_314' title='bbox 1985 1053 2129 1110; x_wconf 90' lang='lat' dir='ltr'><strong>labis</strong></span> <span class='ocrx_word' id='word_1_315' title='bbox 2182 1066 2356 1122; x_wconf 89' lang='lat' dir='ltr'><strong>super</strong></span> <span class='ocrx_word' id='word_1_316' title='bbox 2407 1053 2640 1108; x_wconf 90' lang='lat' dir='ltr'><strong>domum</strong></span> <span class='ocrx_word' id='word_1_317' title='bbox 2692 1050 2846 1106; x_wconf 88' lang='lat' dir='ltr'><strong>idoli.</strong></span> <span class='ocrx_word' id='word_1_318' title='bbox 2893 1072 2919 1099; x_wconf 85' lang='lat'><strong>»</strong></span> <span class='ocrx_word' id='word_1_319' title='bbox 2982 1052 3213 1103; x_wconf 85' lang='lat' dir='ltr'><strong>Verbum</strong></span> <span class='ocrx_word' id='word_1_320' title='bbox 3275 1049 3454 1115; x_wconf 89' lang='lat' dir='ltr'><strong>audit,</strong></span> <span class='ocrx_word' id='word_1_321' title='bbox 3511 1048 3612 1119; x_wconf 88' lang='lat' dir='ltr'><strong>qui</strong></span> 
     </span>
    </p>
   </div>
   <div class='ocr_carea' id='block_1_40' title="bbox 1920 1137 3613 1211">
    <p class='ocr_par' dir='ltr' id='par_1_40' title="bbox 1920 1137 3613 1211">
     <span class='ocr_line' id='line_1_40' title="bbox 1920 1137 3613 1211; baseline -0.004 -13"><span class='ocrx_word' id='word_1_322' title='bbox 1920 1142 2206 1211; x_wconf 89' lang='lat' dir='ltr'><strong>intelligit.</strong></span> <span class='ocrx_word' id='word_1_323' title='bbox 2275 1143 2396 1197; x_wconf 85' lang='lat' dir='ltr'><strong>Non</strong></span> <span class='ocrx_word' id='word_1_324' title='bbox 2462 1140 2763 1210; x_wconf 82' lang='lat' dir='ltr'><strong>prophetat</strong></span> <span class='ocrx_word' id='word_1_325' title='bbox 2818 1154 2981 1208; x_wconf 83' lang='lat' dir='ltr'><strong>super</strong></span> <span class='ocrx_word' id='word_1_326' title='bbox 3039 1140 3233 1204; x_wconf 84' lang='lat' dir='ltr'><strong>Israel,</strong></span> <span class='ocrx_word' id='word_1_327' title='bbox 3300 1138 3402 1208; x_wconf 88' lang='lat' dir='ltr'><strong>qui</strong></span> <span class='ocrx_word' id='word_1_328' title='bbox 3452 1137 3613 1193; x_wconf 89' lang='lat' dir='ltr'><strong>nulla</strong></span> 
     </span>
    </p>
   </div>
   <div class='ocr_carea' id='block_1_41' title="bbox 1921 1226 3613 1299">
    <p class='ocr_par' dir='ltr' id='par_1_41' title="bbox 1921 1226 3613 1299">
     <span class='ocr_line' id='line_1_41' title="bbox 1921 1226 3613 1299; baseline -0.004 -13"><span class='ocrx_word' id='word_1_329' title='bbox 1921 1238 2168 1286; x_wconf 90' lang='lat' dir='ltr'><strong>mentem</strong></span> <span class='ocrx_word' id='word_1_330' title='bbox 2222 1229 2543 1299; x_wconf 86' lang='lat' dir='ltr'><strong>provisione</strong></span> <span class='ocrx_word' id='word_1_331' title='bbox 2598 1228 2861 1298; x_wconf 87' lang='lat' dir='ltr'><strong>castigat.</strong></span> <span class='ocrx_word' id='word_1_332' title='bbox 2918 1229 3036 1282; x_wconf 88' lang='lat' dir='ltr'><strong>Non</strong></span> <span class='ocrx_word' id='word_1_333' title='bbox 3088 1227 3264 1281; x_wconf 84' lang='lat' dir='ltr'><strong>stillat</strong></span> <span class='ocrx_word' id='word_1_334' title='bbox 3323 1241 3488 1296; x_wconf 80' lang='lat' dir='ltr'><strong>super</strong></span> <span class='ocrx_word' id='word_1_335' title='bbox 3517 1226 3613 1279; x_wconf 91' lang='lat' dir='ltr'><strong>do-</strong></span> 
     </span>
    </p>
   </div>
   <div class='ocr_carea' id='block_1_42' title="bbox 1917 1314 3616 1388">
    <p class='ocr_par' dir='ltr' id='par_1_42' title="bbox 1917 1314 3616 1388">
     <span class='ocr_line' id='line_1_42' title="bbox 1917 1314 3616 1388; baseline -0.003 -15"><span class='ocrx_word' id='word_1_336' title='bbox 1917 1336 2062 1373; x_wconf 86' lang='lat' dir='ltr'><strong>mum</strong></span> <span class='ocrx_word' id='word_1_337' title='bbox 2092 1319 2244 1383; x_wconf 87' lang='lat' dir='ltr'><strong>idoli,</strong></span> <span class='ocrx_word' id='word_1_338' title='bbox 2281 1318 2619 1388; x_wconf 82' lang='lat' dir='ltr'><strong>quicunque</strong></span> <span class='ocrx_word' id='word_1_339' title='bbox 2652 1315 2931 1386; x_wconf 88' lang='lat' dir='ltr'><strong>paulatim</strong></span> <span class='ocrx_word' id='word_1_340' title='bbox 2964 1329 3077 1370; x_wconf 90' lang='lat' dir='ltr'><strong>non</strong></span> <span class='ocrx_word' id='word_1_341' title='bbox 3110 1314 3396 1370; x_wconf 86' lang='lat' dir='ltr'><strong>inﬂectere</strong></span> <span class='ocrx_word' id='word_1_342' title='bbox 3426 1314 3616 1369; x_wconf 91' lang='lat' dir='ltr'><strong>studet</strong></span> 
     </span>
    </p>
   </div>
   <div class='ocr_carea' id='block_1_43' title="bbox 1919 1402 3617 1474">
    <p class='ocr_par' dir='ltr' id='par_1_43' title="bbox 1919 1402 3617 1474">
     <span class='ocr_line' id='line_1_43' title="bbox 1919 1402 3617 1474; baseline -0.004 -11"><span class='ocrx_word' id='word_1_343' title='bbox 1919 1407 2325 1463; x_wconf 82' lang='lat' dir='ltr'><strong>conscientiam</strong></span> <span class='ocrx_word' id='word_1_344' title='bbox 2411 1406 2647 1474; x_wconf 87' lang='lat' dir='ltr'><strong>peccati.</strong></span> <span class='ocrx_word' id='word_1_345' title='bbox 2729 1405 2950 1460; x_wconf 84' lang='lat' dir='ltr'><strong>Stillare</strong></span> <span class='ocrx_word' id='word_1_346' title='bbox 3000 1402 3153 1458; x_wconf 89' lang='lat' dir='ltr'><strong>enim</strong></span> <span class='ocrx_word' id='word_1_347' title='bbox 3212 1416 3312 1472; x_wconf 88' lang='lat' dir='ltr'><strong>pro</strong></span> <span class='ocrx_word' id='word_1_348' title='bbox 3374 1403 3617 1457; x_wconf 82' lang='lat' dir='ltr'><strong>decidere</strong></span> 
     </span>
    </p>
   </div>
   <div class='ocr_carea' id='block_1_44' title="bbox 1919 1491 3615 1565">
    <p class='ocr_par' dir='ltr' id='par_1_44' title="bbox 1919 1491 3615 1565">
     <span class='ocr_line' id='line_1_44' title="bbox 1919 1491 3615 1565; baseline -0.003 -14"><span class='ocrx_word' id='word_1_349' title='bbox 1919 1497 2059 1552; x_wconf 89' lang='lat' dir='ltr'><strong>solet</strong></span> <span class='ocrx_word' id='word_1_350' title='bbox 2090 1496 2245 1565; x_wconf 90' lang='lat' dir='ltr'><strong>poni.</strong></span> <span class='ocrx_word' id='word_1_351' title='bbox 2294 1496 2468 1563; x_wconf 84' lang='lat' dir='ltr'><strong>Super</strong></span> <span class='ocrx_word' id='word_1_352' title='bbox 2514 1495 2730 1548; x_wconf 86' lang='lat' dir='ltr'><strong>domum</strong></span> <span class='ocrx_word' id='word_1_353' title='bbox 2779 1507 2916 1561; x_wconf 83' lang='lat' dir='ltr'><strong>ergo</strong></span> <span class='ocrx_word' id='word_1_354' title='bbox 2965 1493 3102 1546; x_wconf 81' lang='lat' dir='ltr'><strong>idoli</strong></span> <span class='ocrx_word' id='word_1_355' title='bbox 3156 1491 3352 1557; x_wconf 89' lang='lat' dir='ltr'><strong>stillat,</strong></span> <span class='ocrx_word' id='word_1_356' title='bbox 3403 1491 3506 1561; x_wconf 89' lang='lat' dir='ltr'><strong>qui</strong></span> <span class='ocrx_word' id='word_1_357' title='bbox 3558 1491 3615 1546; x_wconf 92' lang='lat' dir='ltr'><strong>in</strong></span> 
     </span>
    </p>
   </div>
   <div class='ocr_carea' id='block_1_45' title="bbox 1920 1582 3346 1653">
    <p class='ocr_par' dir='ltr' id='par_1_45' title="bbox 1920 1582 3346 1653">
     <span class='ocr_line' id='line_1_45' title="bbox 1920 1582 3346 1653; baseline -0.004 -13"><span class='ocrx_word' id='word_1_358' title='bbox 1920 1599 2027 1640; x_wconf 88' lang='lat' dir='ltr'><strong>sua</strong></span> <span class='ocrx_word' id='word_1_359' title='bbox 2050 1583 2503 1641; x_wconf 88' lang='lat' dir='ltr'><strong>consideratione</strong></span> <span class='ocrx_word' id='word_1_360' title='bbox 2527 1582 2845 1653; x_wconf 81' lang='lat' dir='ltr'><strong>hypocrisis</strong></span> <span class='ocrx_word' id='word_1_361' title='bbox 2877 1582 3027 1637; x_wconf 89' lang='lat' dir='ltr'><strong>vires</strong></span> <span class='ocrx_word' id='word_1_362' title='bbox 3050 1588 3346 1636; x_wconf 83' lang='lat' dir='ltr'><strong>extenuat.</strong></span> 
     </span>
    </p>
   </div>
   <div class='ocr_carea' id='block_1_46' title="bbox 1991 1667 3612 1741">
    <p class='ocr_par' dir='ltr' id='par_1_46' title="bbox 1991 1667 3612 1741">
     <span class='ocr_line' id='line_1_46' title="bbox 1991 1667 3612 1741; baseline -0.006 -11"><span class='ocrx_word' id='word_1_363' title='bbox 1991 1674 2163 1730; x_wconf 71' lang='lat' dir='ltr'><strong>Vens.</strong></span> <span class='ocrx_word' id='word_1_364' title='bbox 2213 1677 2297 1727; x_wconf 90' lang='grc'>17.</span> <span class='ocrx_word' id='word_1_365' title='bbox 2331 1704 2398 1712; x_wconf 95' lang='lat'><strong>—</strong></span> <span class='ocrx_word' id='word_1_366' title='bbox 2435 1697 2454 1719; x_wconf 77' lang='grc' dir='ltr'>ι</span> <span class='ocrx_word' id='word_1_367' title='bbox 2513 1674 2748 1741; x_wconf 90' lang='lat' dir='ltr'><strong>Propter</strong></span> <span class='ocrx_word' id='word_1_368' title='bbox 2799 1671 2924 1730; x_wconf 87' lang='lat' dir='ltr'><strong>hoc.</strong></span> <span class='ocrx_word' id='word_1_369' title='bbox 2960 1670 3082 1725; x_wconf 56' lang='lat' dir='ltr'><strong>hac</strong></span> <span class='ocrx_word' id='word_1_370' title='bbox 3107 1669 3241 1724; x_wconf 90' lang='lat' dir='ltr'><strong>dicit</strong></span> <span class='ocrx_word' id='word_1_371' title='bbox 3290 1667 3612 1724; x_wconf 89' lang='lat' dir='ltr'><strong>Dominus:</strong></span> 
     </span>
    </p>
   </div>
   <div class='ocr_carea' id='block_1_47' title="bbox 1921 1756 3618 1823">
    <p class='ocr_par' dir='ltr' id='par_1_47' title="bbox 1921 1756 3618 1823">
     <span class='ocr_line' id='line_1_47' title="bbox 1921 1756 3618 1823; baseline -0.004 -4"><span class='ocrx_word' id='word_1_372' title='bbox 1921 1785 1947 1811; x_wconf 84' lang='grc'><strong>››</strong></span> <span class='ocrx_word' id='word_1_373' title='bbox 1982 1764 2140 1820; x_wconf 85' lang='lat' dir='ltr'><strong>Uxor</strong></span> <span class='ocrx_word' id='word_1_374' title='bbox 2165 1770 2267 1819; x_wconf 91' lang='lat' dir='ltr'><strong>tua</strong></span> <span class='ocrx_word' id='word_1_375' title='bbox 2298 1762 2355 1817; x_wconf 91' lang='lat' dir='ltr'><strong>in</strong></span> <span class='ocrx_word' id='word_1_376' title='bbox 2422 1761 2649 1816; x_wconf 83' lang='lat' dir='ltr'><strong>civitate</strong></span> <span class='ocrx_word' id='word_1_377' title='bbox 2705 1759 3101 1823; x_wconf 89' lang='lat' dir='ltr'><strong>fornicabitur,</strong></span> <span class='ocrx_word' id='word_1_378' title='bbox 3165 1765 3219 1813; x_wconf 89' lang='lat' dir='ltr'><strong>et</strong></span> <span class='ocrx_word' id='word_1_379' title='bbox 3273 1757 3372 1812; x_wconf 86' lang='lat' dir='ltr'><strong>lilii</strong></span> <span class='ocrx_word' id='word_1_380' title='bbox 3433 1756 3515 1812; x_wconf 89' lang='lat' dir='ltr'><strong>tui</strong></span> <span class='ocrx_word' id='word_1_381' title='bbox 3563 1764 3618 1813; x_wconf 89' lang='lat' dir='ltr'><strong>et</strong></span> 
     </span>
    </p>
   </div>
   <div class='ocr_carea' id='block_1_48' title="bbox 1922 1844 3615 1920">
    <p class='ocr_par' dir='ltr' id='par_1_48' title="bbox 1922 1844 3615 1920">
     <span class='ocr_line' id='line_1_48' title="bbox 1922 1844 3615 1920; baseline -0.002 -17"><span class='ocrx_word' id='word_1_382' title='bbox 1922 1870 1948 1903; x_wconf 71' lang='grc' dir='ltr'><strong><em>ι</em></strong></span> <span class='ocrx_word' id='word_1_383' title='bbox 1982 1852 2112 1907; x_wconf 69' lang='lat' dir='ltr'><strong>filite</strong></span> <span class='ocrx_word' id='word_1_384' title='bbox 2144 1851 2202 1906; x_wconf 88' lang='lat' dir='ltr'><strong>in</strong></span> <span class='ocrx_word' id='word_1_385' title='bbox 2240 1849 2432 1920; x_wconf 89' lang='lat' dir='ltr'><strong>gladio</strong></span> <span class='ocrx_word' id='word_1_386' title='bbox 2471 1849 2692 1913; x_wconf 87' lang='lat' dir='ltr'><strong>cadent,</strong></span> <span class='ocrx_word' id='word_1_387' title='bbox 2738 1856 2793 1903; x_wconf 90' lang='lat' dir='ltr'><strong>et</strong></span> <span class='ocrx_word' id='word_1_388' title='bbox 2833 1849 3049 1903; x_wconf 91' lang='lat' dir='ltr'><strong>humus</strong></span> <span class='ocrx_word' id='word_1_389' title='bbox 3096 1854 3198 1902; x_wconf 92' lang='lat' dir='ltr'><strong>tua</strong></span> <span class='ocrx_word' id='word_1_390' title='bbox 3247 1845 3302 1900; x_wconf 90' lang='lat' dir='ltr'><strong>in</strong></span> <span class='ocrx_word' id='word_1_391' title='bbox 3354 1844 3615 1901; x_wconf 89' lang='lat' dir='ltr'><strong>funiculo</strong></span> 
     </span>
    </p>
   </div>
   <div class='ocr_carea' id='block_1_49' title="bbox 1918 1933 3616 2006">
    <p class='ocr_par' dir='ltr' id='par_1_49' title="bbox 1918 1933 3616 2006">
     <span class='ocr_line' id='line_1_49' title="bbox 1918 1933 3616 2006; baseline -0.005 -9"><span class='ocrx_word' id='word_1_392' title='bbox 1918 1940 2260 2002; x_wconf 57' lang='lat' dir='ltr'><strong>iimetietur,</strong></span> <span class='ocrx_word' id='word_1_393' title='bbox 2338 1946 2393 1994; x_wconf 90' lang='lat' dir='ltr'><strong>et</strong></span> <span class='ocrx_word' id='word_1_394' title='bbox 2450 1946 2514 1993; x_wconf 92' lang='lat' dir='ltr'><strong>tu</strong></span> <span class='ocrx_word' id='word_1_395' title='bbox 2582 1937 2638 1993; x_wconf 93' lang='lat' dir='ltr'><strong>in</strong></span> <span class='ocrx_word' id='word_1_396' title='bbox 2708 1945 2859 1992; x_wconf 89' lang='lat' dir='ltr'><strong>terra</strong></span> <span class='ocrx_word' id='word_1_397' title='bbox 2924 1935 3143 2006; x_wconf 90' lang='lat' dir='ltr'><strong>polluta</strong></span> <span class='ocrx_word' id='word_1_398' title='bbox 3214 1933 3494 1999; x_wconf 90' lang='lat' dir='ltr'><strong>morieris,</strong></span> <span class='ocrx_word' id='word_1_399' title='bbox 3561 1940 3616 1989; x_wconf 89' lang='lat' dir='ltr'><strong>et</strong></span> 
     </span>
    </p>
   </div>
   <div class='ocr_carea' id='block_1_50' title="bbox 1925 2023 3615 2096">
    <p class='ocr_par' dir='ltr' id='par_1_50' title="bbox 1925 2023 3615 2096">
     <span class='ocr_line' id='line_1_50' title="bbox 1925 2023 3615 2096; baseline -0.004 -13"><span class='ocrx_word' id='word_1_400' title='bbox 1925 2052 1945 2077; x_wconf 74' lang='grc' dir='ltr'><strong>ι</strong></span> <span class='ocrx_word' id='word_1_401' title='bbox 1983 2028 2173 2085; x_wconf 49' lang='lat' dir='ltr'><strong>Israel.</strong></span> <span class='ocrx_word' id='word_1_402' title='bbox 2204 2027 2469 2096; x_wconf 88' lang='lat' dir='ltr'><strong>captivus</strong></span> <span class='ocrx_word' id='word_1_403' title='bbox 2531 2025 2803 2095; x_wconf 88' lang='lat' dir='ltr'><strong>migrabit</strong></span> <span class='ocrx_word' id='word_1_404' title='bbox 2851 2025 2921 2080; x_wconf 89' lang='lat' dir='ltr'><strong>de</strong></span> <span class='ocrx_word' id='word_1_405' title='bbox 2976 2032 3128 2080; x_wconf 91' lang='lat' dir='ltr'><strong>terra</strong></span> <span class='ocrx_word' id='word_1_406' title='bbox 3175 2037 3302 2077; x_wconf 89' lang='lat' dir='ltr'><strong>sua.</strong></span> <span class='ocrx_word' id='word_1_407' title='bbox 3364 2044 3392 2072; x_wconf 82' lang='grc'><strong>››</strong></span> <span class='ocrx_word' id='word_1_408' title='bbox 3456 2023 3615 2079; x_wconf 88' lang='lat' dir='ltr'><strong>Uxor</strong></span> 
     </span>
    </p>
   </div>
   <div class='ocr_carea' id='block_1_51' title="bbox 1920 2112 3615 2187">
    <p class='ocr_par' dir='ltr' id='par_1_51' title="bbox 1920 2112 3615 2187">
     <span class='ocr_line' id='line_1_51' title="bbox 1920 2112 3615 2187; baseline -0.005 -14"><span class='ocrx_word' id='word_1_409' title='bbox 1920 2116 2234 2187; x_wconf 84' lang='lat' dir='ltr'><strong>hypocrisis</strong></span> <span class='ocrx_word' id='word_1_410' title='bbox 2275 2114 2570 2171; x_wconf 87' lang='lat' dir='ltr'><strong>delectatio</strong></span> <span class='ocrx_word' id='word_1_411' title='bbox 2598 2121 2682 2167; x_wconf 80' lang='lat' dir='ltr'><strong>est</strong></span> <span class='ocrx_word' id='word_1_412' title='bbox 2710 2112 3044 2169; x_wconf 89' lang='lat' dir='ltr'><strong>voluntatis.</strong></span> <span class='ocrx_word' id='word_1_413' title='bbox 3102 2112 3233 2167; x_wconf 68' lang='lat' dir='ltr'><strong>Haec</strong></span> <span class='ocrx_word' id='word_1_414' title='bbox 3288 2114 3347 2164; x_wconf 82' lang='lat' dir='ltr'><strong>in</strong></span> <span class='ocrx_word' id='word_1_415' title='bbox 3396 2113 3615 2165; x_wconf 80' lang='lat' dir='ltr'><strong>civitate</strong></span> 
     </span>
    </p>
   </div>
   <div class='ocr_carea' id='block_1_52' title="bbox 1916 2200 3614 2270">
    <p class='ocr_par' dir='ltr' id='par_1_52' title="bbox 1916 2200 3614 2270">
     <span class='ocr_line' id='line_1_52' title="bbox 1916 2200 3614 2270; baseline -0.005 -8"><span class='ocrx_word' id='word_1_416' title='bbox 1916 2208 2255 2270; x_wconf 87' lang='lat' dir='ltr'><strong>fornicatur,</strong></span> <span class='ocrx_word' id='word_1_417' title='bbox 2284 2218 2419 2260; x_wconf 90' lang='lat' dir='ltr'><strong>cum</strong></span> <span class='ocrx_word' id='word_1_418' title='bbox 2458 2204 2528 2258; x_wconf 91' lang='lat' dir='ltr'><strong>ad</strong></span> <span class='ocrx_word' id='word_1_419' title='bbox 2566 2203 2762 2258; x_wconf 87' lang='lat' dir='ltr'><strong>Iaudes</strong></span> <span class='ocrx_word' id='word_1_420' title='bbox 2799 2201 3086 2257; x_wconf 87' lang='lat' dir='ltr'><strong>extrarias</strong></span> <span class='ocrx_word' id='word_1_421' title='bbox 3130 2200 3188 2255; x_wconf 91' lang='lat' dir='ltr'><strong>in</strong></span> <span class='ocrx_word' id='word_1_422' title='bbox 3232 2207 3419 2256; x_wconf 88' lang='lat' dir='ltr'><strong>mente</strong></span> <span class='ocrx_word' id='word_1_423' title='bbox 3478 2214 3614 2269; x_wconf 88' lang='lat' dir='ltr'><strong>pro-</strong></span> 
     </span>
    </p>
   </div>
   <div class='ocr_carea' id='block_1_53' title="bbox 1916 2287 3614 2362">
    <p class='ocr_par' dir='ltr' id='par_1_53' title="bbox 1916 2287 3614 2362">
     <span class='ocr_line' id='line_1_53' title="bbox 1916 2287 3614 2362; baseline -0.005 -11"><span class='ocrx_word' id='word_1_424' title='bbox 1916 2296 2195 2352; x_wconf 90' lang='lat' dir='ltr'><strong>stituitur.</strong></span> <span class='ocrx_word' id='word_1_425' title='bbox 2228 2295 2359 2348; x_wconf 87' lang='lat' dir='ltr'><strong>Filii</strong></span> <span class='ocrx_word' id='word_1_426' title='bbox 2412 2297 2461 2347; x_wconf 90' lang='lat' dir='ltr'><strong>et</strong></span> <span class='ocrx_word' id='word_1_427' title='bbox 2489 2291 2619 2362; x_wconf 65' lang='lat' dir='ltr'><strong>ﬁlim</strong></span> <span class='ocrx_word' id='word_1_428' title='bbox 2646 2293 2706 2344; x_wconf 86' lang='lat' dir='ltr'><strong>in</strong></span> <span class='ocrx_word' id='word_1_429' title='bbox 2756 2291 2942 2359; x_wconf 86' lang='lat' dir='ltr'><strong>gladio</strong></span> <span class='ocrx_word' id='word_1_430' title='bbox 2972 2290 3210 2355; x_wconf 86' lang='lat' dir='ltr'><strong>cadunt,</strong></span> <span class='ocrx_word' id='word_1_431' title='bbox 3260 2303 3393 2344; x_wconf 91' lang='lat' dir='ltr'><strong>cum</strong></span> <span class='ocrx_word' id='word_1_432' title='bbox 3443 2287 3614 2343; x_wconf 85' lang='lat' dir='ltr'><strong>fortes</strong></span> 
     </span>
    </p>
   </div>
   <div class='ocr_carea' id='block_1_54' title="bbox 1915 2375 3609 2441">
    <p class='ocr_par' dir='ltr' id='par_1_54' title="bbox 1915 2375 3609 2441">
     <span class='ocr_line' id='line_1_54' title="bbox 1915 2375 3609 2441; baseline -0.006 -1"><span class='ocrx_word' id='word_1_433' title='bbox 1915 2393 1971 2441; x_wconf 90' lang='lat' dir='ltr'><strong>et</strong></span> <span class='ocrx_word' id='word_1_434' title='bbox 1999 2382 2209 2440; x_wconf 89' lang='lat' dir='ltr'><strong>infirmi</strong></span> <span class='ocrx_word' id='word_1_435' title='bbox 2244 2381 2476 2437; x_wconf 90' lang='lat' dir='ltr'><strong>habitus</strong></span> <span class='ocrx_word' id='word_1_436' title='bbox 2529 2379 2709 2435; x_wconf 90' lang='lat' dir='ltr'><strong>animi</strong></span> <span class='ocrx_word' id='word_1_437' title='bbox 2738 2379 2847 2434; x_wconf 90' lang='lat' dir='ltr'><strong>sub</strong></span> <span class='ocrx_word' id='word_1_438' title='bbox 2893 2377 3153 2434; x_wconf 86' lang='lat' dir='ltr'><strong>criminis</strong></span> <span class='ocrx_word' id='word_1_439' title='bbox 3203 2375 3352 2431; x_wconf 90' lang='lat' dir='ltr'><strong>man</strong></span> <span class='ocrx_word' id='word_1_440' title='bbox 3384 2383 3566 2430; x_wconf 88' lang='lat' dir='ltr'><strong>ruunt</strong></span> <span class='ocrx_word' id='word_1_441' title='bbox 3597 2390 3609 2429; x_wconf 88' lang='lat'><em>:</em></span> 
     </span>
    </p>
   </div>
   <div class='ocr_carea' id='block_1_55' title="bbox 1914 2456 3703 2543">
    <p class='ocr_par' dir='ltr' id='par_1_55' title="bbox 1914 2456 3703 2543">
     <span class='ocr_line' id='line_1_55' title="bbox 1914 2456 3703 2543; baseline -0.004 -16"><span class='ocrx_word' id='word_1_442' title='bbox 1914 2476 2123 2543; x_wconf 76' lang='lat' dir='ltr'><strong>Hamus</strong></span> <span class='ocrx_word' id='word_1_443' title='bbox 2157 2471 2284 2541; x_wconf 89' lang='lat' dir='ltr'><strong>ejus</strong></span> <span class='ocrx_word' id='word_1_444' title='bbox 2323 2473 2383 2524; x_wconf 84' lang='lat' dir='ltr'><strong>in</strong></span> <span class='ocrx_word' id='word_1_445' title='bbox 2424 2471 2670 2536; x_wconf 82' lang='lat' dir='ltr'><strong>funiculo</strong></span> <span class='ocrx_word' id='word_1_446' title='bbox 2713 2467 2969 2533; x_wconf 85' lang='lat' dir='ltr'><strong>metitur,</strong></span> <span class='ocrx_word' id='word_1_447' title='bbox 2999 2481 3133 2523; x_wconf 86' lang='lat' dir='ltr'><strong>cum</strong></span> <span class='ocrx_word' id='word_1_448' title='bbox 3184 2465 3257 2520; x_wconf 86' lang='lat' dir='ltr'><strong>ad</strong></span> <span class='ocrx_word' id='word_1_449' title='bbox 3310 2464 3613 2534; x_wconf 85' lang='lat' dir='ltr'><strong>quantita-</strong></span> <span class='ocrx_word' id='word_1_450' title='bbox 3692 2456 3703 2467; x_wconf 82' lang='grc'><em>’</em></span> 
     </span>
    </p>
   </div>
   <div class='ocr_carea' id='block_1_56' title="bbox 1916 2551 3610 2630">
    <p class='ocr_par' dir='ltr' id='par_1_56' title="bbox 1916 2551 3610 2630">
     <span class='ocr_line' id='line_1_56' title="bbox 1916 2551 3610 2630; baseline -0.007 -12"><span class='ocrx_word' id='word_1_451' title='bbox 1916 2570 2029 2618; x_wconf 86' lang='lat' dir='ltr'><strong>tem</strong></span> <span class='ocrx_word' id='word_1_452' title='bbox 2062 2559 2385 2630; x_wconf 89' lang='lat' dir='ltr'><strong>cujuspiam</strong></span> <span class='ocrx_word' id='word_1_453' title='bbox 2411 2557 2775 2627; x_wconf 89' lang='lat' dir='ltr'><strong>perpetrandi</strong></span> <span class='ocrx_word' id='word_1_454' title='bbox 2809 2555 3023 2626; x_wconf 88' lang='lat' dir='ltr'><strong>peccati</strong></span> <span class='ocrx_word' id='word_1_455' title='bbox 3072 2553 3328 2624; x_wconf 90' lang='lat' dir='ltr'><strong>corporis</strong></span> <span class='ocrx_word' id='word_1_456' title='bbox 3355 2551 3610 2608; x_wconf 81' lang='lat' dir='ltr'><strong>officium</strong></span> 
     </span>
    </p>
   </div>
   <div class='ocr_carea' id='block_1_57' title="bbox 1917 2643 3607 2719">
    <p class='ocr_par' dir='ltr' id='par_1_57' title="bbox 1917 2643 3607 2719">
     <span class='ocr_line' id='line_1_57' title="bbox 1917 2643 3607 2719; baseline -0.005 -14"><span class='ocrx_word' id='word_1_457' title='bbox 1917 2665 2031 2706; x_wconf 90' lang='lat' dir='ltr'><strong>non</strong></span> <span class='ocrx_word' id='word_1_458' title='bbox 2061 2656 2325 2719; x_wconf 83' lang='lat' dir='ltr'><strong>negatur.</strong></span> <span class='ocrx_word' id='word_1_459' title='bbox 2358 2649 2422 2701; x_wconf 88' lang='lat' dir='ltr'><strong>In</strong></span> <span class='ocrx_word' id='word_1_460' title='bbox 2450 2652 2597 2699; x_wconf 82' lang='lat' dir='ltr'><strong>terra</strong></span> <span class='ocrx_word' id='word_1_461' title='bbox 2638 2646 2848 2714; x_wconf 85' lang='lat' dir='ltr'><strong>polluta</strong></span> <span class='ocrx_word' id='word_1_462' title='bbox 2874 2644 3137 2710; x_wconf 90' lang='lat' dir='ltr'><strong>moritur,</strong></span> <span class='ocrx_word' id='word_1_463' title='bbox 3187 2657 3319 2698; x_wconf 91' lang='lat' dir='ltr'><strong>cum</strong></span> <span class='ocrx_word' id='word_1_464' title='bbox 3362 2643 3418 2697; x_wconf 94' lang='lat' dir='ltr'><strong>in</strong></span> <span class='ocrx_word' id='word_1_465' title='bbox 3449 2655 3607 2697; x_wconf 87' lang='lat' dir='ltr'><strong>exse-</strong></span> 
     </span>
    </p>
   </div>
   <div class='ocr_carea' id='block_1_58' title="bbox 1915 2730 3610 2803">
    <p class='ocr_par' dir='ltr' id='par_1_58' title="bbox 1915 2730 3610 2803">
     <span class='ocr_line' id='line_1_58' title="bbox 1915 2730 3610 2803; baseline -0.006 -8"><span class='ocrx_word' id='word_1_466' title='bbox 1915 2740 2141 2795; x_wconf 88' lang='lat' dir='ltr'><strong>cutione</strong></span> <span class='ocrx_word' id='word_1_467' title='bbox 2165 2736 2416 2793; x_wconf 86' lang='lat' dir='ltr'><strong>carnalis</strong></span> <span class='ocrx_word' id='word_1_468' title='bbox 2461 2735 2726 2791; x_wconf 89' lang='lat' dir='ltr'><strong>desiderii</strong></span> <span class='ocrx_word' id='word_1_469' title='bbox 2765 2734 3002 2803; x_wconf 85' lang='lat' dir='ltr'><strong>spiritus</strong></span> <span class='ocrx_word' id='word_1_470' title='bbox 3049 2733 3238 2789; x_wconf 92' lang='lat' dir='ltr'><strong>omnis</strong></span> <span class='ocrx_word' id='word_1_471' title='bbox 3285 2730 3610 2801; x_wconf 86' lang='lat' dir='ltr'><strong>exstingui-</strong></span> 
     </span>
    </p>
   </div>
   <div class='ocr_carea' id='block_1_59' title="bbox 1917 2819 3611 2895">
    <p class='ocr_par' dir='ltr' id='par_1_59' title="bbox 1917 2819 3611 2895">
     <span class='ocr_line' id='line_1_59' title="bbox 1917 2819 3611 2895; baseline -0.005 -13"><span class='ocrx_word' id='word_1_472' title='bbox 1917 2833 2030 2883; x_wconf 91' lang='lat' dir='ltr'><strong>tur.</strong></span> <span class='ocrx_word' id='word_1_473' title='bbox 2057 2826 2231 2881; x_wconf 82' lang='lat' dir='ltr'><strong>Israel</strong></span> <span class='ocrx_word' id='word_1_474' title='bbox 2261 2828 2508 2895; x_wconf 83' lang='lat' dir='ltr'><strong>captivus</strong></span> <span class='ocrx_word' id='word_1_475' title='bbox 2532 2824 2605 2890; x_wconf 87' lang='lat' dir='ltr'><strong>de</strong></span> <span class='ocrx_word' id='word_1_476' title='bbox 2625 2828 2772 2877; x_wconf 86' lang='lat' dir='ltr'><strong>terra</strong></span> <span class='ocrx_word' id='word_1_477' title='bbox 2800 2839 2902 2876; x_wconf 88' lang='lat' dir='ltr'><strong>sua</strong></span> <span class='ocrx_word' id='word_1_478' title='bbox 2933 2822 3162 2892; x_wconf 90' lang='lat' dir='ltr'><strong>migrat,</strong></span> <span class='ocrx_word' id='word_1_479' title='bbox 3195 2835 3329 2876; x_wconf 91' lang='lat' dir='ltr'><strong>cum</strong></span> <span class='ocrx_word' id='word_1_480' title='bbox 3378 2819 3611 2875; x_wconf 90' lang='lat' dir='ltr'><strong>animus</strong></span> 
     </span>
    </p>
   </div>
   <div class='ocr_carea' id='block_1_60' title="bbox 109 2906 3609 2980">
    <p class='ocr_par' dir='ltr' id='par_1_60' title="bbox 109 2906 3609 2980">
     <span class='ocr_line' id='line_1_60' title="bbox 109 2906 3609 2980; baseline 0 -19"><span class='ocrx_word' id='word_1_481' title='bbox 109 2921 299 2963; x_wconf 89' lang='lat' dir='ltr'><strong>mores</strong></span> <span class='ocrx_word' id='word_1_482' title='bbox 330 2909 529 2979; x_wconf 91' lang='lat' dir='ltr'><strong>utique</strong></span> <span class='ocrx_word' id='word_1_483' title='bbox 578 2910 677 2979; x_wconf 91' lang='lat' dir='ltr'><strong>qui</strong></span> <span class='ocrx_word' id='word_1_484' title='bbox 743 2910 961 2979; x_wconf 89' lang='lat' dir='ltr'><strong>hospite</strong></span> <span class='ocrx_word' id='word_1_485' title='bbox 1017 2910 1133 2965; x_wconf 92' lang='lat' dir='ltr'><strong>Deo</strong></span> <span class='ocrx_word' id='word_1_486' title='bbox 1190 2909 1351 2980; x_wconf 86' lang='lat' dir='ltr'><strong>digni</strong></span> <span class='ocrx_word' id='word_1_487' title='bbox 1409 2910 1482 2965; x_wconf 90' lang='lat' dir='ltr'><strong>ab</strong></span> <span class='ocrx_word' id='word_1_488' title='bbox 1539 2910 1810 2965; x_wconf 87' lang='lat' dir='ltr'><strong>omnibus</strong></span> <span class='ocrx_word' id='word_1_489' title='bbox 1845 2906 2291 2971; x_wconf 87' lang='lat' dir='ltr'><strong>Cadirectione</strong></span> <span class='ocrx_word' id='word_1_490' title='bbox 2332 2913 2619 2978; x_wconf 86' lang='lat' dir='ltr'><strong>deficiens,</strong></span> <span class='ocrx_word' id='word_1_491' title='bbox 2680 2926 2714 2966; x_wconf 91' lang='lat' dir='ltr'><strong>a</strong></span> <span class='ocrx_word' id='word_1_492' title='bbox 2770 2924 2877 2967; x_wconf 90' lang='lat' dir='ltr'><strong>sua</strong></span> <span class='ocrx_word' id='word_1_493' title='bbox 2932 2910 3213 2966; x_wconf 82' lang='lat' dir='ltr'><strong>soliditate</strong></span> <span class='ocrx_word' id='word_1_494' title='bbox 3242 2910 3467 2963; x_wconf 89' lang='lat' dir='ltr'><strong>interna</strong></span> <span class='ocrx_word' id='word_1_495' title='bbox 3522 2907 3609 2962; x_wconf 91' lang='lat' dir='ltr'><strong>di-</strong></span> 
     </span>
    </p>
   </div>
   <div class='ocr_carea' id='block_1_61' title="bbox 103 2996 1808 3067">
    <p class='ocr_par' dir='ltr' id='par_1_61' title="bbox 103 2996 1808 3067">
     <span class='ocr_line' id='line_1_61' title="bbox 103 2996 1808 3067; baseline 0.001 -16"><span class='ocrx_word' id='word_1_496' title='bbox 103 2996 470 3066; x_wconf 90' lang='lat' dir='ltr'><strong>judicantur,</strong></span> <span class='ocrx_word' id='word_1_497' title='bbox 503 3005 807 3054; x_wconf 90' lang='lat' dir='ltr'><strong>contentus</strong></span> <span class='ocrx_word' id='word_1_498' title='bbox 846 2999 1060 3054; x_wconf 88' lang='lat' dir='ltr'><strong>honore</strong></span> <span class='ocrx_word' id='word_1_499' title='bbox 1088 2998 1453 3067; x_wconf 65' lang='lat' dir='ltr'><strong>praesentium</strong></span> <span class='ocrx_word' id='word_1_500' title='bbox 1486 2998 1555 3054; x_wconf 92' lang='lat' dir='ltr'><strong>de</strong></span> <span class='ocrx_word' id='word_1_501' title='bbox 1595 2998 1808 3054; x_wconf 88' lang='lat' dir='ltr'><strong>futuris</strong></span> 
     </span>
    </p>
   </div>
   <div class='ocr_carea' id='block_1_62' title="bbox 112 3074 1808 3156">
    <p class='ocr_par' dir='ltr' id='par_1_62' title="bbox 112 3074 1808 3156">
     <span class='ocr_line' id='line_1_62' title="bbox 112 3074 1808 3156; baseline 0.001 -16"><span class='ocrx_word' id='word_1_502' title='bbox 112 3074 359 3141; x_wconf 86' lang='lat' dir='ltr'><strong>tractare</strong></span> <span class='ocrx_word' id='word_1_503' title='bbox 426 3086 679 3142; x_wconf 89' lang='lat' dir='ltr'><strong>desistes.</strong></span> <span class='ocrx_word' id='word_1_504' title='bbox 747 3088 888 3154; x_wconf 83' lang='lat' dir='ltr'><strong>Quia</strong></span> <span class='ocrx_word' id='word_1_505' title='bbox 951 3090 1312 3150; x_wconf 79' lang='lat' dir='ltr'><strong>sanctiﬁcatio</strong></span> <span class='ocrx_word' id='word_1_506' title='bbox 1377 3090 1522 3156; x_wconf 86' lang='lat' dir='ltr'><strong>regis</strong></span> <span class='ocrx_word' id='word_1_507' title='bbox 1591 3092 1689 3154; x_wconf 89' lang='lat' dir='ltr'><strong>est,</strong></span> <span class='ocrx_word' id='word_1_508' title='bbox 1758 3092 1808 3141; x_wconf 88' lang='lat' dir='ltr'><strong>et</strong></span> 
     </span>
    </p>
   </div>
   <div class='ocr_carea' id='block_1_63' title="bbox 107 3173 1809 3247">
    <p class='ocr_par' dir='ltr' id='par_1_63' title="bbox 107 3173 1809 3247">
     <span class='ocr_line' id='line_1_63' title="bbox 107 3173 1809 3247; baseline 0.002 -19"><span class='ocrx_word' id='word_1_509' title='bbox 107 3173 299 3230; x_wconf 80' lang='lat' dir='ltr'><strong>domus</strong></span> <span class='ocrx_word' id='word_1_510' title='bbox 330 3178 484 3242; x_wconf 84' lang='lat' dir='ltr'><strong>regni</strong></span> <span class='ocrx_word' id='word_1_511' title='bbox 521 3175 660 3245; x_wconf 88' lang='lat' dir='ltr'><strong>ejus,</strong></span> <span class='ocrx_word' id='word_1_512' title='bbox 692 3176 846 3246; x_wconf 93' lang='lat' dir='ltr'><strong>quod</strong></span> <span class='ocrx_word' id='word_1_513' title='bbox 885 3184 971 3231; x_wconf 91' lang='lat' dir='ltr'><strong>est</strong></span> <span class='ocrx_word' id='word_1_514' title='bbox 1002 3191 1014 3230; x_wconf 92' lang='lat'>:</span> <span class='ocrx_word' id='word_1_515' title='bbox 1044 3175 1162 3232; x_wconf 90' lang='lat' dir='ltr'><strong>Nisi</strong></span> <span class='ocrx_word' id='word_1_516' title='bbox 1213 3177 1379 3246; x_wconf 90' lang='lat' dir='ltr'><strong>plane</strong></span> <span class='ocrx_word' id='word_1_517' title='bbox 1426 3190 1548 3243; x_wconf 90' lang='lat' dir='ltr'><strong>nos,</strong></span> <span class='ocrx_word' id='word_1_518' title='bbox 1602 3177 1702 3247; x_wconf 91' lang='lat' dir='ltr'><strong>qui</strong></span> <span class='ocrx_word' id='word_1_519' title='bbox 1731 3176 1809 3232; x_wconf 90' lang='lat' dir='ltr'><strong>ita</strong></span> 
     </span>
    </p>
   </div>
   <div class='ocr_carea' id='block_1_64' title="bbox 109 3262 1811 3334">
    <p class='ocr_par' dir='ltr' id='par_1_64' title="bbox 109 3262 1811 3334">
     <span class='ocr_line' id='line_1_64' title="bbox 109 3262 1811 3334; baseline 0.002 -16"><span class='ocrx_word' id='word_1_520' title='bbox 109 3262 444 3327; x_wconf 89' lang='lat' dir='ltr'><strong>laudamur,</strong></span> <span class='ocrx_word' id='word_1_521' title='bbox 507 3279 608 3334; x_wconf 89' lang='lat' dir='ltr'><strong>pro</strong></span> <span class='ocrx_word' id='word_1_522' title='bbox 659 3265 873 3321; x_wconf 89' lang='lat' dir='ltr'><strong>sanctis</strong></span> <span class='ocrx_word' id='word_1_523' title='bbox 904 3266 1055 3321; x_wconf 91' lang='lat' dir='ltr'><strong>Deus</strong></span> <span class='ocrx_word' id='word_1_524' title='bbox 1120 3266 1372 3333; x_wconf 90' lang='lat' dir='ltr'><strong>haberet,</strong></span> <span class='ocrx_word' id='word_1_525' title='bbox 1432 3273 1487 3320; x_wconf 90' lang='lat' dir='ltr'><strong>et</strong></span> <span class='ocrx_word' id='word_1_526' title='bbox 1536 3265 1591 3321; x_wconf 93' lang='lat' dir='ltr'><strong>in</strong></span> <span class='ocrx_word' id='word_1_527' title='bbox 1646 3266 1811 3321; x_wconf 93' lang='lat' dir='ltr'><strong>nobis</strong></span> 
     </span>
    </p>
   </div>
   <div class='ocr_carea' id='block_1_65' title="bbox 110 3353 1809 3430">
    <p class='ocr_par' dir='ltr' id='par_1_65' title="bbox 110 3353 1809 3430">
     <span class='ocr_line' id='line_1_65' title="bbox 110 3353 1809 3430; baseline 0.004 -24"><span class='ocrx_word' id='word_1_528' title='bbox 110 3366 357 3423; x_wconf 86' lang='lat' dir='ltr'><strong>regnare</strong></span> <span class='ocrx_word' id='word_1_529' title='bbox 418 3353 705 3425; x_wconf 87' lang='lat' dir='ltr'><strong>deligeret,</strong></span> <span class='ocrx_word' id='word_1_530' title='bbox 769 3367 1074 3423; x_wconf 91' lang='lat' dir='ltr'><strong>nunquam</strong></span> <span class='ocrx_word' id='word_1_531' title='bbox 1130 3355 1342 3410; x_wconf 90' lang='lat' dir='ltr'><strong>nostris</strong></span> <span class='ocrx_word' id='word_1_532' title='bbox 1396 3354 1621 3411; x_wconf 90' lang='lat' dir='ltr'><strong>actibus</strong></span> <span class='ocrx_word' id='word_1_533' title='bbox 1681 3354 1809 3430; x_wconf 79' lang='lat' dir='ltr'><strong>laus</strong></span> 
     </span>
    </p>
   </div>
   <div class='ocr_carea' id='block_1_66' title="bbox 113 3442 1277 3512">
    <p class='ocr_par' dir='ltr' id='par_1_66' title="bbox 113 3442 1277 3512">
     <span class='ocr_line' id='line_1_66' title="bbox 113 3442 1277 3512; baseline 0.002 -17"><span class='ocrx_word' id='word_1_534' title='bbox 113 3447 273 3496; x_wconf 88' lang='lat' dir='ltr'><strong>tanta</strong></span> <span class='ocrx_word' id='word_1_535' title='bbox 301 3442 649 3499; x_wconf 87' lang='lat' dir='ltr'><strong>succederet.</strong></span> <span class='ocrx_word' id='word_1_536' title='bbox 1268 3503 1277 3512; x_wconf 33' lang='grc' dir='ltr'><strong>ε</strong></span> 
     </span>
    </p>
   </div>
   <div class='ocr_carea' id='block_1_67' title="bbox 178 3530 1802 3598">
    <p class='ocr_par' dir='ltr' id='par_1_67' title="bbox 178 3530 1802 3598">
     <span class='ocr_line' id='line_1_67' title="bbox 178 3530 1802 3598; baseline 0.001 -13"><span class='ocrx_word' id='word_1_537' title='bbox 178 3530 354 3586; x_wconf 77' lang='lat' dir='ltr'><strong>Vens.</strong></span> <span class='ocrx_word' id='word_1_538' title='bbox 386 3531 470 3598; x_wconf 77' lang='grc'><strong>14,</strong></span> <span class='ocrx_word' id='word_1_539' title='bbox 508 3533 592 3584; x_wconf 77' lang='grc'><strong>15.</strong></span> <span class='ocrx_word' id='word_1_540' title='bbox 624 3563 695 3571; x_wconf 93' lang='lat'><strong>-—</strong></span> <span class='ocrx_word' id='word_1_541' title='bbox 724 3554 745 3581; x_wconf 75' lang='grc' dir='ltr'>ι</span> <span class='ocrx_word' id='word_1_542' title='bbox 807 3533 875 3588; x_wconf 82' lang='lat' dir='ltr'><strong>Et</strong></span> <span class='ocrx_word' id='word_1_543' title='bbox 904 3530 1052 3588; x_wconf 81' lang='lat' dir='ltr'><strong>dixit</strong></span> <span class='ocrx_word' id='word_1_544' title='bbox 1105 3531 1278 3588; x_wconf 81' lang='lat' dir='ltr'><strong>Amos</strong></span> <span class='ocrx_word' id='word_1_545' title='bbox 1329 3533 1400 3588; x_wconf 89' lang='lat' dir='ltr'><strong>ad</strong></span> <span class='ocrx_word' id='word_1_546' title='bbox 1462 3532 1752 3587; x_wconf 87' lang='lat' dir='ltr'><strong>Amaziam</strong></span> <span class='ocrx_word' id='word_1_547' title='bbox 1789 3550 1802 3587; x_wconf 90' lang='lat'>:</span> 
     </span>
    </p>
   </div>
   <div class='ocr_carea' id='block_1_68' title="bbox 107 3620 1803 3695">
    <p class='ocr_par' dir='ltr' id='par_1_68' title="bbox 107 3620 1803 3695">
     <span class='ocr_line' id='line_1_68' title="bbox 107 3620 1803 3695; baseline 0.004 -20"><span class='ocrx_word' id='word_1_548' title='bbox 107 3645 133 3667; x_wconf 78' lang='grc'><strong>››</strong></span> <span class='ocrx_word' id='word_1_549' title='bbox 166 3620 295 3676; x_wconf 84' lang='grc' dir='ltr'><strong>Νοη</strong></span> <span class='ocrx_word' id='word_1_550' title='bbox 344 3636 471 3677; x_wconf 87' lang='lat' dir='ltr'><strong>sum</strong></span> <span class='ocrx_word' id='word_1_551' title='bbox 520 3623 816 3692; x_wconf 89' lang='lat' dir='ltr'><strong>propheta,</strong></span> <span class='ocrx_word' id='word_1_552' title='bbox 865 3631 921 3680; x_wconf 90' lang='lat' dir='ltr'><strong>et</strong></span> <span class='ocrx_word' id='word_1_553' title='bbox 958 3638 1071 3679; x_wconf 91' lang='lat' dir='ltr'><strong>non</strong></span> <span class='ocrx_word' id='word_1_554' title='bbox 1130 3639 1260 3680; x_wconf 91' lang='lat' dir='ltr'><strong>sum</strong></span> <span class='ocrx_word' id='word_1_555' title='bbox 1291 3624 1446 3681; x_wconf 80' lang='lat' dir='ltr'><strong>filius</strong></span> <span class='ocrx_word' id='word_1_556' title='bbox 1493 3626 1803 3695; x_wconf 60' lang='lat' dir='ltr'><strong>prophetae,</strong></span> 
     </span>
    </p>
   </div>
   <div class='ocr_carea' id='block_1_69' title="bbox 109 3710 1803 3784">
    <p class='ocr_par' dir='ltr' id='par_1_69' title="bbox 109 3710 1803 3784">
     <span class='ocr_line' id='line_1_69' title="bbox 109 3710 1803 3784; baseline 0.002 -18"><span class='ocrx_word' id='word_1_557' title='bbox 109 3731 129 3757; x_wconf 77' lang='grc' dir='ltr'><strong><em>ι</em></strong></span> <span class='ocrx_word' id='word_1_558' title='bbox 166 3710 263 3766; x_wconf 87' lang='lat' dir='ltr'><strong>sed</strong></span> <span class='ocrx_word' id='word_1_559' title='bbox 330 3713 719 3767; x_wconf 88' lang='lat' dir='ltr'><strong>armentarius</strong></span> <span class='ocrx_word' id='word_1_560' title='bbox 775 3729 880 3784; x_wconf 82' lang='lat' dir='ltr'><strong>ego</strong></span> <span class='ocrx_word' id='word_1_561' title='bbox 938 3728 1069 3768; x_wconf 89' lang='lat' dir='ltr'><strong>sum</strong></span> <span class='ocrx_word' id='word_1_562' title='bbox 1132 3714 1408 3769; x_wconf 88' lang='lat' dir='ltr'><strong>vellicans</strong></span> <span class='ocrx_word' id='word_1_563' title='bbox 1458 3728 1803 3784; x_wconf 86' lang='lat' dir='ltr'><strong>sycomoros.</strong></span> 
     </span>
    </p>
   </div>
   <div class='ocr_carea' id='block_1_70' title="bbox 112 3792 1803 3873">
    <p class='ocr_par' dir='ltr' id='par_1_70' title="bbox 112 3792 1803 3873">
     <span class='ocr_line' id='line_1_70' title="bbox 112 3792 1803 3873; baseline 0.004 -21"><span class='ocrx_word' id='word_1_564' title='bbox 112 3820 132 3843; x_wconf 78' lang='grc' dir='ltr'><strong><em>ι</em></strong></span> <span class='ocrx_word' id='word_1_565' title='bbox 164 3799 236 3853; x_wconf 86' lang='grc' dir='ltr'><strong>Ει</strong></span> <span class='ocrx_word' id='word_1_566' title='bbox 266 3798 400 3853; x_wconf 90' lang='lat' dir='ltr'><strong>tulit</strong></span> <span class='ocrx_word' id='word_1_567' title='bbox 447 3814 537 3855; x_wconf 89' lang='lat' dir='ltr'><strong>me</strong></span> <span class='ocrx_word' id='word_1_568' title='bbox 611 3800 891 3856; x_wconf 86' lang='lat' dir='ltr'><strong>Dominus</strong></span> <span class='ocrx_word' id='word_1_569' title='bbox 956 3816 1090 3857; x_wconf 91' lang='lat' dir='ltr'><strong>cum</strong></span> <span class='ocrx_word' id='word_1_570' title='bbox 1160 3792 1434 3872; x_wconf 80' lang='lat' dir='ltr'><strong>seqderer</strong></span> <span class='ocrx_word' id='word_1_571' title='bbox 1482 3816 1736 3873; x_wconf 89' lang='lat' dir='ltr'><strong>gregem.</strong></span> <span class='ocrx_word' id='word_1_572' title='bbox 1777 3824 1803 3851; x_wconf 81' lang='grc'><em>›</em></span> 
     </span>
    </p>
   </div>
   <div class='ocr_carea' id='block_1_71' title="bbox 105 3887 1807 3960">
    <p class='ocr_par' dir='ltr' id='par_1_71' title="bbox 105 3887 1807 3960">
     <span class='ocr_line' id='line_1_71' title="bbox 105 3887 1807 3960; baseline 0.004 -19"><span class='ocrx_word' id='word_1_573' title='bbox 105 3888 273 3942; x_wconf 81' lang='lat' dir='ltr'><strong>Amos</strong></span> <span class='ocrx_word' id='word_1_574' title='bbox 322 3887 397 3940; x_wconf 89' lang='lat' dir='ltr'><strong>ad</strong></span> <span class='ocrx_word' id='word_1_575' title='bbox 448 3890 733 3943; x_wconf 82' lang='lat' dir='ltr'><strong>Amasiam</strong></span> <span class='ocrx_word' id='word_1_576' title='bbox 787 3889 1067 3960; x_wconf 89' lang='lat' dir='ltr'><strong>loquitur,</strong></span> <span class='ocrx_word' id='word_1_577' title='bbox 1129 3904 1263 3945; x_wconf 92' lang='lat' dir='ltr'><strong>cum</strong></span> <span class='ocrx_word' id='word_1_578' title='bbox 1318 3890 1553 3960; x_wconf 87' lang='lat' dir='ltr'><strong>spiritus</strong></span> <span class='ocrx_word' id='word_1_579' title='bbox 1612 3898 1807 3947; x_wconf 88' lang='lat' dir='ltr'><strong>noster</strong></span> 
     </span>
    </p>
   </div>
   <div class='ocr_carea' id='block_1_72' title="bbox 106 3975 1801 4049">
    <p class='ocr_par' dir='ltr' id='par_1_72' title="bbox 106 3975 1801 4049">
     <span class='ocr_line' id='line_1_72' title="bbox 106 3975 1801 4049; baseline 0.003 -20"><span class='ocrx_word' id='word_1_580' title='bbox 106 3975 384 4031; x_wconf 89' lang='lat' dir='ltr'><strong>instinctu</strong></span> <span class='ocrx_word' id='word_1_581' title='bbox 445 3976 759 4046; x_wconf 79' lang='lat' dir='ltr'><strong>hypocrisis</strong></span> <span class='ocrx_word' id='word_1_582' title='bbox 823 3978 993 4047; x_wconf 90' lang='lat' dir='ltr'><strong>quasi</strong></span> <span class='ocrx_word' id='word_1_583' title='bbox 1049 3978 1400 4034; x_wconf 88' lang='lat' dir='ltr'><strong>ratiocinans</strong></span> <span class='ocrx_word' id='word_1_584' title='bbox 1456 3978 1801 4049; x_wconf 88' lang='lat' dir='ltr'><strong>refragatur.</strong></span> 
     </span>
    </p>
   </div>
   <div class='ocr_carea' id='block_1_73' title="bbox 104 4065 1803 4137">
    <p class='ocr_par' dir='ltr' id='par_1_73' title="bbox 104 4065 1803 4137">
     <span class='ocr_line' id='line_1_73' title="bbox 104 4065 1803 4137; baseline 0.003 -17"><span class='ocrx_word' id='word_1_585' title='bbox 104 4066 227 4120; x_wconf 89' lang='lat' dir='ltr'><strong>Non</strong></span> <span class='ocrx_word' id='word_1_586' title='bbox 274 4080 414 4131; x_wconf 87' lang='lat' dir='ltr'><strong>sum,</strong></span> <span class='ocrx_word' id='word_1_587' title='bbox 456 4065 667 4135; x_wconf 88' lang='lat' dir='ltr'><strong>inquit,</strong></span> <span class='ocrx_word' id='word_1_588' title='bbox 711 4068 1000 4136; x_wconf 82' lang='lat' dir='ltr'><strong>propheta,</strong></span> <span class='ocrx_word' id='word_1_589' title='bbox 1035 4068 1198 4123; x_wconf 89' lang='lat' dir='ltr'><strong>nulla</strong></span> <span class='ocrx_word' id='word_1_590' title='bbox 1226 4067 1414 4137; x_wconf 91' lang='lat' dir='ltr'><strong>plane,</strong></span> <span class='ocrx_word' id='word_1_591' title='bbox 1446 4076 1507 4124; x_wconf 92' lang='lat' dir='ltr'><strong>ut</strong></span> <span class='ocrx_word' id='word_1_592' title='bbox 1562 4068 1632 4124; x_wconf 90' lang='lat' dir='ltr'><strong>de</strong></span> <span class='ocrx_word' id='word_1_593' title='bbox 1680 4084 1803 4125; x_wconf 91' lang='lat' dir='ltr'><strong>meo</strong></span> 
     </span>
    </p>
   </div>
   <div class='ocr_carea' id='block_1_74' title="bbox 108 4152 1805 4226">
    <p class='ocr_par' dir='ltr' id='par_1_74' title="bbox 108 4152 1805 4226">
     <span class='ocr_line' id='line_1_74' title="bbox 108 4152 1805 4226; baseline 0.002 -19"><span class='ocrx_word' id='word_1_594' title='bbox 108 4152 221 4207; x_wconf 86' lang='lat' dir='ltr'><strong>fine</strong></span> <span class='ocrx_word' id='word_1_595' title='bbox 269 4152 663 4221; x_wconf 88' lang='lat' dir='ltr'><strong>determinem,</strong></span> <span class='ocrx_word' id='word_1_596' title='bbox 716 4155 1055 4223; x_wconf 69' lang='lat' dir='ltr'><strong>praeemineo</strong></span> <span class='ocrx_word' id='word_1_597' title='bbox 1102 4155 1482 4226; x_wconf 86' lang='lat' dir='ltr'><strong>providentia.</strong></span> <span class='ocrx_word' id='word_1_598' title='bbox 1543 4158 1658 4212; x_wconf 85' lang='lat' dir='ltr'><strong>Non</strong></span> <span class='ocrx_word' id='word_1_599' title='bbox 1687 4172 1805 4210; x_wconf 90' lang='lat' dir='ltr'><strong>sum</strong></span> 
     </span>
    </p>
   </div>
   <div class='ocr_carea' id='block_1_75' title="bbox 1917 2999 2875 3073">
    <p class='ocr_par' dir='ltr' id='par_1_75' title="bbox 1917 2999 2875 3073">
     <span class='ocr_line' id='line_1_75' title="bbox 1917 2999 2875 3073; baseline -0.005 -15"><span class='ocrx_word' id='word_1_600' title='bbox 1917 3003 2168 3069; x_wconf 90' lang='lat' dir='ltr'><strong>ducitur,</strong></span> <span class='ocrx_word' id='word_1_601' title='bbox 2202 3002 2355 3073; x_wconf 91' lang='lat' dir='ltr'><strong>quod</strong></span> <span class='ocrx_word' id='word_1_602' title='bbox 2397 3009 2548 3057; x_wconf 91' lang='lat' dir='ltr'><strong>terra</strong></span> <span class='ocrx_word' id='word_1_603' title='bbox 2575 2999 2875 3070; x_wconf 73' lang='lat' dir='ltr'><strong>significat.</strong></span> 
     </span>
    </p>
   </div>
   <div class='ocr_carea' id='block_1_76' title="bbox 2550 3088 2977 3144">
    <p class='ocr_par' dir='ltr' id='par_1_76' title="bbox 2550 3088 2977 3144">
     <span class='ocr_line' id='line_1_76' title="bbox 2550 3088 2977 3144; baseline -0.007 0"><span class='ocrx_word' id='word_1_604' title='bbox 2550 3088 2783 3144; x_wconf 87' lang='lat' dir='ltr'><strong>CAPUT</strong></span> <span class='ocrx_word' id='word_1_605' title='bbox 2823 3088 2977 3142; x_wconf 79' lang='lat' dir='ltr'><strong>VIII.</strong></span> 
     </span>
    </p>
   </div>
   <div class='ocr_carea' id='block_1_77' title="bbox 1988 3173 3611 3246">
    <p class='ocr_par' dir='ltr' id='par_1_77' title="bbox 1988 3173 3611 3246">
     <span class='ocr_line' id='line_1_77' title="bbox 1988 3173 3611 3246; baseline -0.004 -11"><span class='ocrx_word' id='word_1_606' title='bbox 1988 3179 2160 3236; x_wconf 74' lang='lat' dir='ltr'><strong>Vens.</strong></span> <span class='ocrx_word' id='word_1_607' title='bbox 2224 3184 2273 3246; x_wconf 90' lang='grc'>1,</span> <span class='ocrx_word' id='word_1_608' title='bbox 2330 3182 2389 3234; x_wconf 80' lang='lat'><strong>2.</strong></span> <span class='ocrx_word' id='word_1_609' title='bbox 2443 3209 2503 3217; x_wconf 87' lang='lat'><strong>-—</strong></span> <span class='ocrx_word' id='word_1_610' title='bbox 2575 3201 2593 3226; x_wconf 76' lang='grc' dir='ltr'>ι</span> <span class='ocrx_word' id='word_1_611' title='bbox 2681 3179 2812 3234; x_wconf 65' lang='lat' dir='ltr'><strong>Haec</strong></span> <span class='ocrx_word' id='word_1_612' title='bbox 2836 3175 3081 3232; x_wconf 91' lang='lat' dir='ltr'><strong>ostendit</strong></span> <span class='ocrx_word' id='word_1_613' title='bbox 3137 3174 3276 3229; x_wconf 91' lang='lat' dir='ltr'><strong>mihi</strong></span> <span class='ocrx_word' id='word_1_614' title='bbox 3336 3173 3611 3229; x_wconf 91' lang='lat' dir='ltr'><strong>Dominus</strong></span> 
     </span>
    </p>
   </div>
   <div class='ocr_carea' id='block_1_78' title="bbox 1918 3260 3605 3335">
    <p class='ocr_par' dir='ltr' id='par_1_78' title="bbox 1918 3260 3605 3335">
     <span class='ocr_line' id='line_1_78' title="bbox 1918 3260 3605 3335; baseline -0.002 -15"><span class='ocrx_word' id='word_1_615' title='bbox 1918 3289 1946 3320; x_wconf 83' lang='lat'><strong>»</strong></span> <span class='ocrx_word' id='word_1_616' title='bbox 1977 3270 2148 3335; x_wconf 89' lang='lat' dir='ltr'><strong>Deus,</strong></span> <span class='ocrx_word' id='word_1_617' title='bbox 2179 3275 2234 3324; x_wconf 91' lang='lat' dir='ltr'><strong>et</strong></span> <span class='ocrx_word' id='word_1_618' title='bbox 2272 3282 2402 3325; x_wconf 90' lang='lat' dir='ltr'><strong>ecce</strong></span> <span class='ocrx_word' id='word_1_619' title='bbox 2435 3267 2683 3323; x_wconf 88' lang='lat' dir='ltr'><strong>uncinns</strong></span> <span class='ocrx_word' id='word_1_620' title='bbox 2729 3279 3028 3335; x_wconf 90' lang='lat' dir='ltr'><strong>pomorum</strong></span> <span class='ocrx_word' id='word_1_621' title='bbox 3063 3279 3074 3317; x_wconf 90' lang='lat'><strong>:</strong></span> <span class='ocrx_word' id='word_1_622' title='bbox 3126 3264 3196 3318; x_wconf 91' lang='lat' dir='ltr'><strong>Et</strong></span> <span class='ocrx_word' id='word_1_623' title='bbox 3221 3262 3366 3318; x_wconf 87' lang='lat' dir='ltr'><strong>dixit</strong></span> <span class='ocrx_word' id='word_1_624' title='bbox 3399 3277 3411 3316; x_wconf 88' lang='lat'><strong>:</strong></span> <span class='ocrx_word' id='word_1_625' title='bbox 3461 3260 3605 3328; x_wconf 88' lang='lat' dir='ltr'><strong>Quid</strong></span> 
     </span>
    </p>
   </div>
   <div class='ocr_carea' id='block_1_79' title="bbox 1920 3353 3609 3422">
    <p class='ocr_par' dir='ltr' id='par_1_79' title="bbox 1920 3353 3609 3422">
     <span class='ocr_line' id='line_1_79' title="bbox 1920 3353 3609 3422; baseline -0.002 -13"><span class='ocrx_word' id='word_1_626' title='bbox 1920 3379 1947 3409; x_wconf 74' lang='grc' dir='ltr'><strong>ι)</strong></span> <span class='ocrx_word' id='word_1_627' title='bbox 1980 3366 2044 3413; x_wconf 90' lang='lat' dir='ltr'><strong>tu</strong></span> <span class='ocrx_word' id='word_1_628' title='bbox 2073 3358 2233 3413; x_wconf 87' lang='lat' dir='ltr'><strong>vides</strong></span> <span class='ocrx_word' id='word_1_629' title='bbox 2276 3358 2482 3412; x_wconf 86' lang='lat' dir='ltr'><strong>Amos?</strong></span> <span class='ocrx_word' id='word_1_630' title='bbox 2510 3363 2565 3411; x_wconf 90' lang='lat' dir='ltr'><strong>et</strong></span> <span class='ocrx_word' id='word_1_631' title='bbox 2615 3355 2735 3410; x_wconf 89' lang='lat' dir='ltr'><strong>dixi</strong></span> <span class='ocrx_word' id='word_1_632' title='bbox 2772 3368 2784 3407; x_wconf 92' lang='lat'><strong>:</strong></span> <span class='ocrx_word' id='word_1_633' title='bbox 2840 3354 3125 3410; x_wconf 89' lang='lat' dir='ltr'><strong>Uncinum</strong></span> <span class='ocrx_word' id='word_1_634' title='bbox 3189 3365 3509 3422; x_wconf 89' lang='lat' dir='ltr'><strong>pomorum.</strong></span> <span class='ocrx_word' id='word_1_635' title='bbox 3538 3353 3609 3406; x_wconf 91' lang='lat' dir='ltr'><strong>Et</strong></span> 
     </span>
    </p>
   </div>
   <div class='ocr_carea' id='block_1_80' title="bbox 1922 3440 3609 3510">
    <p class='ocr_par' dir='ltr' id='par_1_80' title="bbox 1922 3440 3609 3510">
     <span class='ocr_line' id='line_1_80' title="bbox 1922 3440 3609 3510; baseline -0.005 -8"><span class='ocrx_word' id='word_1_636' title='bbox 1922 3468 1943 3494; x_wconf 73' lang='grc' dir='ltr'><strong><em>ι</em></strong></span> <span class='ocrx_word' id='word_1_637' title='bbox 1969 3446 2117 3502; x_wconf 90' lang='lat' dir='ltr'><strong>dixit</strong></span> <span class='ocrx_word' id='word_1_638' title='bbox 2146 3445 2423 3501; x_wconf 89' lang='lat' dir='ltr'><strong>Dominus</strong></span> <span class='ocrx_word' id='word_1_639' title='bbox 2460 3444 2532 3499; x_wconf 85' lang='lat' dir='ltr'><strong>ad</strong></span> <span class='ocrx_word' id='word_1_640' title='bbox 2560 3457 2688 3499; x_wconf 90' lang='lat' dir='ltr'><strong>me:</strong></span> <span class='ocrx_word' id='word_1_641' title='bbox 2736 3443 2903 3498; x_wconf 87' lang='lat' dir='ltr'><strong>Venit</strong></span> <span class='ocrx_word' id='word_1_642' title='bbox 2931 3441 3061 3496; x_wconf 84' lang='lat' dir='ltr'><strong>linis</strong></span> <span class='ocrx_word' id='word_1_643' title='bbox 3101 3455 3277 3510; x_wconf 87' lang='lat' dir='ltr'><strong>super</strong></span> <span class='ocrx_word' id='word_1_644' title='bbox 3329 3440 3609 3509; x_wconf 90' lang='lat' dir='ltr'><strong>populum</strong></span> 
     </span>
    </p>
   </div>
   <div class='ocr_carea' id='block_1_81' title="bbox 1922 3528 3606 3589">
    <p class='ocr_par' dir='ltr' id='par_1_81' title="bbox 1922 3528 3606 3589">
     <span class='ocr_line' id='line_1_81' title="bbox 1922 3528 3606 3589; baseline -0.004 0"><span class='ocrx_word' id='word_1_645' title='bbox 1922 3556 1943 3581; x_wconf 75' lang='grc' dir='ltr'><strong>ιι</strong></span> <span class='ocrx_word' id='word_1_646' title='bbox 1975 3549 2167 3589; x_wconf 89' lang='lat' dir='ltr'><strong>meum</strong></span> <span class='ocrx_word' id='word_1_647' title='bbox 2199 3533 2393 3588; x_wconf 90' lang='lat' dir='ltr'><strong>Israel.</strong></span> <span class='ocrx_word' id='word_1_648' title='bbox 2428 3554 2456 3581; x_wconf 71' lang='grc' dir='ltr'><strong>ν</strong></span> <span class='ocrx_word' id='word_1_649' title='bbox 2506 3532 2783 3586; x_wconf 92' lang='lat' dir='ltr'><strong>Dominus</strong></span> <span class='ocrx_word' id='word_1_650' title='bbox 2827 3531 2946 3585; x_wconf 69' lang='lat' dir='ltr'><strong>haec</strong></span> <span class='ocrx_word' id='word_1_651' title='bbox 2988 3529 3233 3585; x_wconf 88' lang='lat' dir='ltr'><strong>ostendit</strong></span> <span class='ocrx_word' id='word_1_652' title='bbox 3269 3542 3399 3584; x_wconf 91' lang='lat' dir='ltr'><strong>cum</strong></span> <span class='ocrx_word' id='word_1_653' title='bbox 3433 3528 3606 3583; x_wconf 88' lang='lat' dir='ltr'><strong>menti</strong></span> 
     </span>
    </p>
   </div>
   <div class='ocr_carea' id='block_1_82' title="bbox 1916 3619 3607 3692">
    <p class='ocr_par' dir='ltr' id='par_1_82' title="bbox 1916 3619 3607 3692">
     <span class='ocr_line' id='line_1_82' title="bbox 1916 3619 3607 3692; baseline -0.007 -14"><span class='ocrx_word' id='word_1_654' title='bbox 1916 3623 2287 3692; x_wconf 85' lang='lat' dir='ltr'><strong>intelligenda</strong></span> <span class='ocrx_word' id='word_1_655' title='bbox 2352 3619 2635 3690; x_wconf 88' lang='lat' dir='ltr'><strong>proponit.</strong></span> <span class='ocrx_word' id='word_1_656' title='bbox 2720 3621 2790 3672; x_wconf 88' lang='lat' dir='ltr'><strong>Et</strong></span> <span class='ocrx_word' id='word_1_657' title='bbox 2861 3634 2975 3672; x_wconf 87' lang='lat' dir='ltr'><strong>ecce</strong></span> <span class='ocrx_word' id='word_1_658' title='bbox 3025 3620 3253 3678; x_wconf 83' lang='lat' dir='ltr'><strong>uncinus</strong></span> <span class='ocrx_word' id='word_1_659' title='bbox 3305 3631 3607 3685; x_wconf 84' lang='lat' dir='ltr'><strong>pomorum,</strong></span> 
     </span>
    </p>
   </div>
   <div class='ocr_carea' id='block_1_83' title="bbox 1916 3704 3611 3783">
    <p class='ocr_par' dir='ltr' id='par_1_83' title="bbox 1916 3704 3611 3783">
     <span class='ocr_line' id='line_1_83' title="bbox 1916 3704 3611 3783; baseline -0.006 -16"><span class='ocrx_word' id='word_1_660' title='bbox 1916 3712 2055 3783; x_wconf 84' lang='lat' dir='ltr'><strong>quia</strong></span> <span class='ocrx_word' id='word_1_661' title='bbox 2100 3710 2288 3766; x_wconf 85' lang='lat' dir='ltr'><strong>subito</strong></span> <span class='ocrx_word' id='word_1_662' title='bbox 2339 3708 2529 3779; x_wconf 90' lang='lat' dir='ltr'><strong>pulsat</strong></span> <span class='ocrx_word' id='word_1_663' title='bbox 2563 3707 2844 3772; x_wconf 89' lang='lat' dir='ltr'><strong>animum,</strong></span> <span class='ocrx_word' id='word_1_664' title='bbox 2900 3707 3039 3762; x_wconf 91' lang='lat' dir='ltr'><strong>dum</strong></span> <span class='ocrx_word' id='word_1_665' title='bbox 3089 3705 3224 3760; x_wconf 90' lang='lat' dir='ltr'><strong>talia</strong></span> <span class='ocrx_word' id='word_1_666' title='bbox 3281 3704 3611 3775; x_wconf 89' lang='lat' dir='ltr'><strong>cogitantur</strong></span> 
     </span>
    </p>
   </div>
   <div class='ocr_carea' id='block_1_84' title="bbox 1916 3791 3609 3871">
    <p class='ocr_par' dir='ltr' id='par_1_84' title="bbox 1916 3791 3609 3871">
     <span class='ocr_line' id='line_1_84' title="bbox 1916 3791 3609 3871; baseline -0.006 -15"><span class='ocrx_word' id='word_1_667' title='bbox 1916 3800 2435 3871; x_wconf 88' lang='lat' dir='ltr'><strong>qualiumcumque</strong></span> <span class='ocrx_word' id='word_1_668' title='bbox 2456 3795 2881 3865; x_wconf 67' lang='lat' dir='ltr'><strong>repreeseutatio</strong></span> <span class='ocrx_word' id='word_1_669' title='bbox 2900 3795 3258 3850; x_wconf 90' lang='lat' dir='ltr'><strong>meritorum.</strong></span> <span class='ocrx_word' id='word_1_670' title='bbox 3275 3791 3446 3857; x_wconf 85' lang='lat' dir='ltr'><strong>Quasi</strong></span> <span class='ocrx_word' id='word_1_671' title='bbox 3462 3806 3609 3846; x_wconf 90' lang='lat' dir='ltr'><strong>unco</strong></span> 
     </span>
    </p>
   </div>
   <div class='ocr_carea' id='block_1_85' title="bbox 1914 3882 3605 3950">
    <p class='ocr_par' dir='ltr' id='par_1_85' title="bbox 1914 3882 3605 3950">
     <span class='ocr_line' id='line_1_85' title="bbox 1914 3882 3605 3950; baseline -0.008 -3"><span class='ocrx_word' id='word_1_672' title='bbox 1914 3890 2064 3947; x_wconf 89' lang='lat' dir='ltr'><strong>enim</strong></span> <span class='ocrx_word' id='word_1_673' title='bbox 2100 3889 2321 3944; x_wconf 89' lang='lat' dir='ltr'><strong>fructus</strong></span> <span class='ocrx_word' id='word_1_674' title='bbox 2347 3886 2617 3950; x_wconf 88' lang='lat' dir='ltr'><strong>trahitur,</strong></span> <span class='ocrx_word' id='word_1_675' title='bbox 2651 3900 2785 3942; x_wconf 88' lang='lat' dir='ltr'><strong>cum</strong></span> <span class='ocrx_word' id='word_1_676' title='bbox 2832 3891 3020 3939; x_wconf 91' lang='lat' dir='ltr'><strong>mente</strong></span> <span class='ocrx_word' id='word_1_677' title='bbox 3053 3882 3254 3937; x_wconf 90' lang='lat' dir='ltr'><strong>timore</strong></span> <span class='ocrx_word' id='word_1_678' title='bbox 3295 3886 3605 3945; x_wconf 86' lang='lat' dir='ltr'><strong>contracta,</strong></span> 
     </span>
    </p>
   </div>
   <div class='ocr_carea' id='block_1_86' title="bbox 1914 3958 3631 4049">
    <p class='ocr_par' dir='ltr' id='par_1_86' title="bbox 1914 3958 3631 4049">
     <span class='ocr_line' id='line_1_86' title="bbox 1914 3958 3631 4049; baseline -0.006 -15"><span class='ocrx_word' id='word_1_679' title='bbox 1914 3978 1973 4034; x_wconf 92' lang='lat' dir='ltr'><strong>in</strong></span> <span class='ocrx_word' id='word_1_680' title='bbox 2002 3991 2177 4049; x_wconf 90' lang='lat' dir='ltr'><strong>quam</strong></span> <span class='ocrx_word' id='word_1_681' title='bbox 2224 3983 2428 4032; x_wconf 86' lang='lat' dir='ltr'><strong>sortem</strong></span> <span class='ocrx_word' id='word_1_682' title='bbox 2478 3976 2549 4030; x_wconf 88' lang='lat' dir='ltr'><strong>sit</strong></span> <span class='ocrx_word' id='word_1_683' title='bbox 2578 3976 2900 4031; x_wconf 89' lang='lat' dir='ltr'><strong>deventura</strong></span> <span class='ocrx_word' id='word_1_684' title='bbox 2944 3972 3304 4042; x_wconf 88' lang='lat' dir='ltr'><strong>prospicitur.</strong></span> <span class='ocrx_word' id='word_1_685' title='bbox 3356 3958 3631 4025; x_wconf 52' lang='lat' dir='ltr'><strong>Interro-‘</strong></span> 
     </span>
    </p>
   </div>
   <div class='ocr_carea' id='block_1_87' title="bbox 1915 4056 3612 4137">
    <p class='ocr_par' dir='ltr' id='par_1_87' title="bbox 1915 4056 3612 4137">
     <span class='ocr_line' id='line_1_87' title="bbox 1915 4056 3612 4137; baseline -0.006 -16"><span class='ocrx_word' id='word_1_686' title='bbox 1915 4073 2089 4137; x_wconf 88' lang='lat' dir='ltr'><strong>gatur</strong></span> <span class='ocrx_word' id='word_1_687' title='bbox 2156 4063 2298 4134; x_wconf 88' lang='lat' dir='ltr'><strong>quid</strong></span> <span class='ocrx_word' id='word_1_688' title='bbox 2354 4062 2568 4129; x_wconf 89' lang='lat' dir='ltr'><strong>videat,</strong></span> <span class='ocrx_word' id='word_1_689' title='bbox 2624 4076 2759 4117; x_wconf 90' lang='lat' dir='ltr'><strong>cum</strong></span> <span class='ocrx_word' id='word_1_690' title='bbox 2810 4061 2879 4115; x_wconf 92' lang='lat' dir='ltr'><strong>ad</strong></span> <span class='ocrx_word' id='word_1_691' title='bbox 2935 4060 3035 4116; x_wconf 90' lang='lat' dir='ltr'><strong>Dei</strong></span> <span class='ocrx_word' id='word_1_692' title='bbox 3082 4058 3385 4129; x_wconf 87' lang='lat' dir='ltr'><strong>cogitando</strong></span> <span class='ocrx_word' id='word_1_693' title='bbox 3424 4056 3612 4111; x_wconf 89' lang='lat' dir='ltr'><strong>delata</strong></span> 
     </span>
    </p>
   </div>
   <div class='ocr_carea' id='block_1_88' title="bbox 1908 4145 3607 4225">
    <p class='ocr_par' dir='ltr' id='par_1_88' title="bbox 1908 4145 3607 4225">
     <span class='ocr_line' id='line_1_88' title="bbox 1908 4145 3607 4225; baseline -0.006 -15"><span class='ocrx_word' id='word_1_694' title='bbox 1908 4154 2218 4225; x_wconf 90' lang='lat' dir='ltr'><strong>judicium,</strong></span> <span class='ocrx_word' id='word_1_695' title='bbox 2248 4153 2401 4222; x_wconf 89' lang='lat' dir='ltr'><strong>apud</strong></span> <span class='ocrx_word' id='word_1_696' title='bbox 2426 4167 2484 4208; x_wconf 91' lang='lat' dir='ltr'><strong>se</strong></span> <span class='ocrx_word' id='word_1_697' title='bbox 2518 4152 2847 4211; x_wconf 81' lang='lat' dir='ltr'><strong>discutitur.</strong></span> <span class='ocrx_word' id='word_1_698' title='bbox 2884 4150 3028 4220; x_wconf 90' lang='lat' dir='ltr'><strong>quid</strong></span> <span class='ocrx_word' id='word_1_699' title='bbox 3058 4148 3127 4204; x_wconf 89' lang='lat' dir='ltr'><strong>de</strong></span> <span class='ocrx_word' id='word_1_700' title='bbox 3156 4163 3214 4203; x_wconf 87' lang='lat' dir='ltr'><strong>se</strong></span> <span class='ocrx_word' id='word_1_701' title='bbox 3244 4146 3478 4213; x_wconf 89' lang='lat' dir='ltr'><strong>sentiat;</strong></span> <span class='ocrx_word' id='word_1_702' title='bbox 3513 4145 3607 4201; x_wconf 87' lang='lat' dir='ltr'><strong>sed</strong></span> 
     </span>
    </p>
   </div>
   <div class='ocr_carea' id='block_1_89' title="bbox 94 4236 3608 4315">
    <p class='ocr_par' dir='ltr' id='par_1_89' title="bbox 94 4236 3608 4315">
     <span class='ocr_line' id='line_1_89' title="bbox 94 4236 3608 4315; baseline -0.001 -21"><span class='ocrx_word' id='word_1_703' title='bbox 94 4241 256 4311; x_wconf 80' lang='lat' dir='ltr'><strong>ﬁlius</strong></span> <span class='ocrx_word' id='word_1_704' title='bbox 306 4243 603 4310; x_wconf 55' lang='lat' dir='ltr'><strong>propheta,</strong></span> <span class='ocrx_word' id='word_1_705' title='bbox 654 4242 794 4313; x_wconf 91' lang='lat' dir='ltr'><strong>quia</strong></span> <span class='ocrx_word' id='word_1_706' title='bbox 825 4258 929 4299; x_wconf 90' lang='lat' dir='ltr'><strong>nec</strong></span> <span class='ocrx_word' id='word_1_707' title='bbox 957 4244 1336 4301; x_wconf 89' lang='lat' dir='ltr'><strong>seminarium</strong></span> <span class='ocrx_word' id='word_1_708' title='bbox 1392 4245 1607 4301; x_wconf 88' lang='lat' dir='ltr'><strong>nedum</strong></span> <span class='ocrx_word' id='word_1_709' title='bbox 1663 4259 1801 4315; x_wconf 90' lang='lat' dir='ltr'><strong>pru-</strong></span> <span class='ocrx_word' id='word_1_710' title='bbox 1843 4238 1885 4292; x_wconf 88' lang='lat' dir='ltr'><strong>D</strong></span> <span class='ocrx_word' id='word_1_711' title='bbox 1917 4258 2048 4300; x_wconf 88' lang='lat' dir='ltr'><strong>mox</strong></span> <span class='ocrx_word' id='word_1_712' title='bbox 2078 4244 2127 4299; x_wconf 88' lang='lat' dir='ltr'><strong>ei</strong></span> <span class='ocrx_word' id='word_1_713' title='bbox 2153 4243 2435 4313; x_wconf 84' lang='lat' dir='ltr'><strong>ingeritur</strong></span> <span class='ocrx_word' id='word_1_714' title='bbox 2464 4256 2637 4312; x_wconf 89' lang='lat' dir='ltr'><strong>quem</strong></span> <span class='ocrx_word' id='word_1_715' title='bbox 2670 4255 2789 4296; x_wconf 73' lang='lat' dir='ltr'><strong>suae</strong></span> <span class='ocrx_word' id='word_1_716' title='bbox 2828 4240 3083 4295; x_wconf 88' lang='lat' dir='ltr'><strong>fructum</strong></span> <span class='ocrx_word' id='word_1_717' title='bbox 3127 4236 3369 4292; x_wconf 87' lang='lat' dir='ltr'><strong>actionis</strong></span> <span class='ocrx_word' id='word_1_718' title='bbox 3407 4249 3608 4305; x_wconf 90' lang='lat' dir='ltr'><strong>exspe-</strong></span> 
     </span>
    </p>
   </div>
   <div class='ocr_carea' id='block_1_90' title="bbox 107 4329 1805 4401">
    <p class='ocr_par' dir='ltr' id='par_1_90' title="bbox 107 4329 1805 4401">
     <span class='ocr_line' id='line_1_90' title="bbox 107 4329 1805 4401; baseline 0.002 -17"><span class='ocrx_word' id='word_1_719' title='bbox 107 4330 250 4385; x_wconf 89' lang='lat' dir='ltr'><strong>dens</strong></span> <span class='ocrx_word' id='word_1_720' title='bbox 289 4329 398 4385; x_wconf 90' lang='lat' dir='ltr'><strong>sim</strong></span> <span class='ocrx_word' id='word_1_721' title='bbox 443 4329 632 4400; x_wconf 89' lang='lat' dir='ltr'><strong>accepi</strong></span> <span class='ocrx_word' id='word_1_722' title='bbox 680 4332 1020 4401; x_wconf 67' lang='lat' dir='ltr'><strong>prudentiae.</strong></span> <span class='ocrx_word' id='word_1_723' title='bbox 1069 4335 1453 4388; x_wconf 85' lang='lat' dir='ltr'><strong>Armentarius</strong></span> <span class='ocrx_word' id='word_1_724' title='bbox 1499 4347 1634 4390; x_wconf 88' lang='lat' dir='ltr'><strong>vero</strong></span> <span class='ocrx_word' id='word_1_725' title='bbox 1686 4350 1805 4389; x_wconf 87' lang='lat' dir='ltr'><strong>sum</strong></span> 
     </span>
    </p>
   </div>
   <div class='ocr_carea' id='block_1_91' title="bbox 105 4419 1807 4492">
    <p class='ocr_par' dir='ltr' id='par_1_91' title="bbox 105 4419 1807 4492">
     <span class='ocr_line' id='line_1_91' title="bbox 105 4419 1807 4492; baseline 0.004 -20"><span class='ocrx_word' id='word_1_726' title='bbox 105 4419 365 4473; x_wconf 79' lang='lat' dir='ltr'><strong>vellicans</strong></span> <span class='ocrx_word' id='word_1_727' title='bbox 441 4434 760 4487; x_wconf 84' lang='lat' dir='ltr'><strong>sycomoros,</strong></span> <span class='ocrx_word' id='word_1_728' title='bbox 846 4421 1214 4477; x_wconf 89' lang='lat' dir='ltr'><strong>discretiones</strong></span> <span class='ocrx_word' id='word_1_729' title='bbox 1259 4422 1454 4492; x_wconf 89' lang='lat' dir='ltr'><strong>procul</strong></span> <span class='ocrx_word' id='word_1_730' title='bbox 1524 4423 1699 4479; x_wconf 91' lang='lat' dir='ltr'><strong>dubio</strong></span> <span class='ocrx_word' id='word_1_731' title='bbox 1751 4431 1807 4479; x_wconf 92' lang='lat' dir='ltr'><strong>et</strong></span> 
     </span>
    </p>
   </div>
   <div class='ocr_carea' id='block_1_92' title="bbox 110 4508 1805 4583">
    <p class='ocr_par' dir='ltr' id='par_1_92' title="bbox 110 4508 1805 4583">
     <span class='ocr_line' id='line_1_92' title="bbox 110 4508 1805 4583; baseline 0.004 -21"><span class='ocrx_word' id='word_1_732' title='bbox 110 4508 364 4577; x_wconf 88' lang='lat' dir='ltr'><strong>pondera</strong></span> <span class='ocrx_word' id='word_1_733' title='bbox 395 4523 765 4579; x_wconf 89' lang='lat' dir='ltr'><strong>quorumque</strong></span> <span class='ocrx_word' id='word_1_734' title='bbox 798 4510 1143 4580; x_wconf 88' lang='lat' dir='ltr'><strong>sapientium</strong></span> <span class='ocrx_word' id='word_1_735' title='bbox 1174 4526 1526 4582; x_wconf 88' lang='lat' dir='ltr'><strong>prosequens</strong></span> <span class='ocrx_word' id='word_1_736' title='bbox 1555 4512 1610 4568; x_wconf 90' lang='lat' dir='ltr'><strong>in</strong></span> <span class='ocrx_word' id='word_1_737' title='bbox 1636 4526 1805 4583; x_wconf 88' lang='lat' dir='ltr'><strong>opere</strong></span> 
     </span>
    </p>
   </div>
   <div class='ocr_carea' id='block_1_93' title="bbox 105 4596 1808 4670">
    <p class='ocr_par' dir='ltr' id='par_1_93' title="bbox 105 4596 1808 4670">
     <span class='ocr_line' id='line_1_93' title="bbox 105 4596 1808 4670; baseline 0.004 -20"><span class='ocrx_word' id='word_1_738' title='bbox 105 4602 162 4650; x_wconf 90' lang='lat' dir='ltr'><strong>et</strong></span> <span class='ocrx_word' id='word_1_739' title='bbox 192 4596 389 4652; x_wconf 90' lang='lat' dir='ltr'><strong>verbo.</strong></span> <span class='ocrx_word' id='word_1_740' title='bbox 431 4599 773 4664; x_wconf 84' lang='lat' dir='ltr'><strong>Sycomoros,</strong></span> <span class='ocrx_word' id='word_1_741' title='bbox 814 4613 963 4669; x_wconf 90' lang='lat' dir='ltr'><strong>quos</strong></span> <span class='ocrx_word' id='word_1_742' title='bbox 1018 4599 1215 4655; x_wconf 90' lang='lat' dir='ltr'><strong>beatus</strong></span> <span class='ocrx_word' id='word_1_743' title='bbox 1264 4600 1648 4670; x_wconf 81' lang='lat' dir='ltr'><strong>Hieronymus</strong></span> <span class='ocrx_word' id='word_1_744' title='bbox 1699 4615 1808 4656; x_wconf 83' lang='lat' dir='ltr'><strong>ru-</strong></span> 
     </span>
    </p>
   </div>
   <div class='ocr_carea' id='block_1_94' title="bbox 108 4683 1806 4760">
    <p class='ocr_par' dir='ltr' id='par_1_94' title="bbox 108 4683 1806 4760">
     <span class='ocr_line' id='line_1_94' title="bbox 108 4683 1806 4760; baseline 0.004 -21"><span class='ocrx_word' id='word_1_745' title='bbox 108 4683 209 4740; x_wconf 89' lang='lat' dir='ltr'><strong>bos</strong></span> <span class='ocrx_word' id='word_1_746' title='bbox 236 4684 395 4752; x_wconf 90' lang='lat' dir='ltr'><strong>dicit,</strong></span> <span class='ocrx_word' id='word_1_747' title='bbox 453 4686 732 4751; x_wconf 85' lang='lat' dir='ltr'><strong>vellicans,</strong></span> <span class='ocrx_word' id='word_1_748' title='bbox 794 4702 909 4742; x_wconf 88' lang='lat' dir='ltr'><strong>non</strong></span> <span class='ocrx_word' id='word_1_749' title='bbox 959 4688 1029 4744; x_wconf 89' lang='lat' dir='ltr'><strong>de</strong></span> <span class='ocrx_word' id='word_1_750' title='bbox 1086 4687 1300 4744; x_wconf 82' lang='lat' dir='ltr'><strong>futuris</strong></span> <span class='ocrx_word' id='word_1_751' title='bbox 1353 4704 1486 4759; x_wconf 62' lang='lat' dir='ltr'><strong>quas</strong></span> <span class='ocrx_word' id='word_1_752' title='bbox 1525 4690 1806 4760; x_wconf 88' lang='lat' dir='ltr'><strong>attingere</strong></span> 
     </span>
    </p>
   </div>
   <div class='ocr_carea' id='block_1_95' title="bbox 105 4772 1805 4845">
    <p class='ocr_par' dir='ltr' id='par_1_95' title="bbox 105 4772 1805 4845">
     <span class='ocr_line' id='line_1_95' title="bbox 105 4772 1805 4845; baseline 0.003 -18"><span class='ocrx_word' id='word_1_753' title='bbox 105 4772 318 4838; x_wconf 85' lang='lat' dir='ltr'><strong>nescio,</strong></span> <span class='ocrx_word' id='word_1_754' title='bbox 369 4772 463 4827; x_wconf 89' lang='lat' dir='ltr'><strong>sed</strong></span> <span class='ocrx_word' id='word_1_755' title='bbox 510 4772 581 4829; x_wconf 88' lang='lat' dir='ltr'><strong>de</strong></span> <span class='ocrx_word' id='word_1_756' title='bbox 636 4773 988 4831; x_wconf 89' lang='lat' dir='ltr'><strong>instantibus</strong></span> <span class='ocrx_word' id='word_1_757' title='bbox 1045 4775 1225 4831; x_wconf 90' lang='lat' dir='ltr'><strong>animi</strong></span> <span class='ocrx_word' id='word_1_758' title='bbox 1286 4777 1396 4832; x_wconf 90' lang='lat' dir='ltr'><strong>mei</strong></span> <span class='ocrx_word' id='word_1_759' title='bbox 1442 4776 1805 4845; x_wconf 90' lang='lat' dir='ltr'><strong>passionibus</strong></span> 
     </span>
    </p>
   </div>
   <div class='ocr_carea' id='block_1_96' title="bbox 104 4859 1805 4921">
    <p class='ocr_par' dir='ltr' id='par_1_96' title="bbox 104 4859 1805 4921">
     <span class='ocr_line' id='line_1_96' title="bbox 104 4859 1805 4921; baseline 0.003 -6"><span class='ocrx_word' id='word_1_760' title='bbox 104 4859 399 4915; x_wconf 86' lang='lat' dir='ltr'><strong>moraliter</strong></span> <span class='ocrx_word' id='word_1_761' title='bbox 446 4874 669 4916; x_wconf 90' lang='lat' dir='ltr'><strong>mecum</strong></span> <span class='ocrx_word' id='word_1_762' title='bbox 727 4869 1001 4918; x_wconf 90' lang='lat' dir='ltr'><strong>tractans.</strong></span> <span class='ocrx_word' id='word_1_763' title='bbox 1058 4863 1184 4919; x_wconf 90' lang='lat' dir='ltr'><strong>Non</strong></span> <span class='ocrx_word' id='word_1_764' title='bbox 1240 4864 1394 4920; x_wconf 89' lang='lat' dir='ltr'><strong>enim</strong></span> <span class='ocrx_word' id='word_1_765' title='bbox 1444 4864 1513 4920; x_wconf 90' lang='lat' dir='ltr'><strong>de</strong></span> <span class='ocrx_word' id='word_1_766' title='bbox 1557 4865 1805 4921; x_wconf 89' lang='lat' dir='ltr'><strong>crastino</strong></span> 
     </span>
    </p>
   </div>
   <div class='ocr_carea' id='block_1_97' title="bbox 100 4949 1802 5020">
    <p class='ocr_par' dir='ltr' id='par_1_97' title="bbox 100 4949 1802 5020">
     <span class='ocr_line' id='line_1_97' title="bbox 100 4949 1802 5020; baseline 0.003 -17"><span class='ocrx_word' id='word_1_767' title='bbox 100 4949 356 5020; x_wconf 84' lang='lat' dir='ltr'><strong>rogitare</strong></span> <span class='ocrx_word' id='word_1_768' title='bbox 394 4949 478 5004; x_wconf 90' lang='lat' dir='ltr'><strong>fas</strong></span> <span class='ocrx_word' id='word_1_769' title='bbox 521 4957 626 5018; x_wconf 90' lang='lat' dir='ltr'><strong>est,</strong></span> <span class='ocrx_word' id='word_1_770' title='bbox 680 4950 781 5007; x_wconf 92' lang='lat' dir='ltr'><strong>ubi</strong></span> <span class='ocrx_word' id='word_1_771' title='bbox 827 4951 1118 5008; x_wconf 87' lang='lat' dir='ltr'><strong>sufficiens</strong></span> <span class='ocrx_word' id='word_1_772' title='bbox 1165 4954 1278 5007; x_wconf 85' lang='lat' dir='ltr'><strong>diei</strong></span> <span class='ocrx_word' id='word_1_773' title='bbox 1304 4954 1519 5008; x_wconf 87' lang='lat' dir='ltr'><strong>malitia</strong></span> <span class='ocrx_word' id='word_1_774' title='bbox 1568 4969 1667 5008; x_wconf 86' lang='lat' dir='ltr'><strong>sua</strong></span> <span class='ocrx_word' id='word_1_775' title='bbox 1697 4962 1802 5009; x_wconf 89' lang='lat' dir='ltr'><strong>est.</strong></span> 
     </span>
    </p>
   </div>
   <div class='ocr_carea' id='block_1_98' title="bbox 102 5038 1804 5112">
    <p class='ocr_par' dir='ltr' id='par_1_98' title="bbox 102 5038 1804 5112">
     <span class='ocr_line' id='line_1_98' title="bbox 102 5038 1804 5112; baseline 0.003 -18"><span class='ocrx_word' id='word_1_776' title='bbox 102 5038 271 5094; x_wconf 83' lang='lat' dir='ltr'><strong>Recte</strong></span> <span class='ocrx_word' id='word_1_777' title='bbox 306 5052 407 5107; x_wconf 90' lang='lat' dir='ltr'><strong>per</strong></span> <span class='ocrx_word' id='word_1_778' title='bbox 432 5038 645 5094; x_wconf 89' lang='lat' dir='ltr'><strong>rubum</strong></span> <span class='ocrx_word' id='word_1_779' title='bbox 686 5046 923 5096; x_wconf 90' lang='lat' dir='ltr'><strong>notatur</strong></span> <span class='ocrx_word' id='word_1_780' title='bbox 958 5041 1164 5110; x_wconf 90' lang='lat' dir='ltr'><strong>passio,</strong></span> <span class='ocrx_word' id='word_1_781' title='bbox 1195 5057 1366 5112; x_wconf 90' lang='lat' dir='ltr'><strong>quem</strong></span> <span class='ocrx_word' id='word_1_782' title='bbox 1417 5056 1539 5098; x_wconf 90' lang='lat' dir='ltr'><strong>esse</strong></span> <span class='ocrx_word' id='word_1_783' title='bbox 1582 5051 1804 5099; x_wconf 84' lang='lat' dir='ltr'><strong>constat</strong></span> 
     </span>
    </p>
   </div>
   <div class='ocr_carea' id='block_1_99' title="bbox 99 5125 1809 5200">
    <p class='ocr_par' dir='ltr' id='par_1_99' title="bbox 99 5125 1809 5200">
     <span class='ocr_line' id='line_1_99' title="bbox 99 5125 1809 5200; baseline 0.002 -19"><span class='ocrx_word' id='word_1_784' title='bbox 99 5125 230 5183; x_wconf 93' lang='lat' dir='ltr'><strong>folio</strong></span> <span class='ocrx_word' id='word_1_785' title='bbox 268 5134 324 5182; x_wconf 88' lang='lat' dir='ltr'><strong>et</strong></span> <span class='ocrx_word' id='word_1_786' title='bbox 375 5127 568 5182; x_wconf 90' lang='lat' dir='ltr'><strong>fructu</strong></span> <span class='ocrx_word' id='word_1_787' title='bbox 625 5128 822 5184; x_wconf 90' lang='lat' dir='ltr'><strong>rubeo.</strong></span> <span class='ocrx_word' id='word_1_788' title='bbox 863 5130 1015 5185; x_wconf 80' lang='lat' dir='ltr'><strong>Tulit</strong></span> <span class='ocrx_word' id='word_1_789' title='bbox 1070 5146 1152 5185; x_wconf 88' lang='lat' dir='ltr'><strong>me</strong></span> <span class='ocrx_word' id='word_1_790' title='bbox 1181 5134 1439 5186; x_wconf 87' lang='lat' dir='ltr'><strong>Dominus</strong></span> <span class='ocrx_word' id='word_1_791' title='bbox 1477 5148 1597 5187; x_wconf 86' lang='lat' dir='ltr'><strong>cum</strong></span> <span class='ocrx_word' id='word_1_792' title='bbox 1628 5148 1809 5200; x_wconf 82' lang='lat' dir='ltr'><strong>seque-</strong></span> 
     </span>
    </p>
   </div>
   <div class='ocr_carea' id='block_1_100' title="bbox 98 5215 1803 5288">
    <p class='ocr_par' dir='ltr' id='par_1_100' title="bbox 98 5215 1803 5288">
     <span class='ocr_line' id='line_1_100' title="bbox 98 5215 1803 5288; baseline 0.006 -21"><span class='ocrx_word' id='word_1_793' title='bbox 98 5232 191 5279; x_wconf 63' lang='lat' dir='ltr'><strong>rer</strong></span> <span class='ocrx_word' id='word_1_794' title='bbox 210 5230 447 5283; x_wconf 80' lang='lat' dir='ltr'><strong>gregem,</strong></span> <span class='ocrx_word' id='word_1_795' title='bbox 499 5215 734 5272; x_wconf 88' lang='lat' dir='ltr'><strong>sustulit</strong></span> <span class='ocrx_word' id='word_1_796' title='bbox 782 5217 985 5288; x_wconf 89' lang='lat' dir='ltr'><strong>utique</strong></span> <span class='ocrx_word' id='word_1_797' title='bbox 1034 5233 1123 5275; x_wconf 90' lang='lat' dir='ltr'><strong>me</strong></span> <span class='ocrx_word' id='word_1_798' title='bbox 1171 5234 1205 5275; x_wconf 91' lang='lat' dir='ltr'><strong>a</strong></span> <span class='ocrx_word' id='word_1_799' title='bbox 1239 5220 1456 5276; x_wconf 91' lang='lat' dir='ltr'><strong>mundo</strong></span> <span class='ocrx_word' id='word_1_800' title='bbox 1512 5236 1643 5276; x_wconf 90' lang='lat' dir='ltr'><strong>cum</strong></span> <span class='ocrx_word' id='word_1_801' title='bbox 1701 5222 1803 5276; x_wconf 89' lang='lat' dir='ltr'><strong>de-</strong></span> 
     </span>
    </p>
   </div>
   <div class='ocr_carea' id='block_1_101' title="bbox 103 5304 1799 5378">
    <p class='ocr_par' dir='ltr' id='par_1_101' title="bbox 103 5304 1799 5378">
     <span class='ocr_line' id='line_1_101' title="bbox 103 5304 1799 5378; baseline 0.001 -18"><span class='ocrx_word' id='word_1_802' title='bbox 103 5305 393 5374; x_wconf 86' lang='lat' dir='ltr'><strong>spiciendo</strong></span> <span class='ocrx_word' id='word_1_803' title='bbox 433 5304 508 5360; x_wconf 89' lang='lat' dir='ltr'><strong>ab</strong></span> <span class='ocrx_word' id='word_1_804' title='bbox 537 5305 658 5374; x_wconf 90' lang='lat' dir='ltr'><strong>ipso</strong></span> <span class='ocrx_word' id='word_1_805' title='bbox 703 5307 1038 5363; x_wconf 70' lang='lat' dir='ltr'><strong>saecularem</strong></span> <span class='ocrx_word' id='word_1_806' title='bbox 1074 5323 1347 5378; x_wconf 88' lang='lat' dir='ltr'><strong>sequerer</strong></span> <span class='ocrx_word' id='word_1_807' title='bbox 1377 5310 1799 5366; x_wconf 88' lang='lat' dir='ltr'><strong>hebetudinem.</strong></span> 
     </span>
    </p>
   </div>
   <div class='ocr_carea' id='block_1_102' title="bbox 103 5394 1803 5465">
    <p class='ocr_par' dir='ltr' id='par_1_102' title="bbox 103 5394 1803 5465">
     <span class='ocr_line' id='line_1_102' title="bbox 103 5394 1803 5465; baseline 0.002 -16"><span class='ocrx_word' id='word_1_808' title='bbox 103 5394 250 5450; x_wconf 85' lang='lat' dir='ltr'><strong>Grex</strong></span> <span class='ocrx_word' id='word_1_809' title='bbox 292 5394 448 5450; x_wconf 91' lang='lat' dir='ltr'><strong>enim</strong></span> <span class='ocrx_word' id='word_1_810' title='bbox 512 5394 740 5464; x_wconf 90' lang='lat' dir='ltr'><strong>proprie</strong></span> <span class='ocrx_word' id='word_1_811' title='bbox 791 5396 988 5452; x_wconf 91' lang='lat' dir='ltr'><strong>ovium</strong></span> <span class='ocrx_word' id='word_1_812' title='bbox 1047 5396 1278 5465; x_wconf 90' lang='lat' dir='ltr'><strong>dicitur,</strong></span> <span class='ocrx_word' id='word_1_813' title='bbox 1339 5397 1419 5453; x_wconf 91' lang='lat' dir='ltr'><strong>sic</strong></span> <span class='ocrx_word' id='word_1_814' title='bbox 1475 5404 1803 5453; x_wconf 88' lang='lat' dir='ltr'><strong>armentum</strong></span> 
     </span>
    </p>
   </div>
   <div class='ocr_carea' id='block_1_103' title="bbox 106 5480 1799 5555">
    <p class='ocr_par' dir='ltr' id='par_1_103' title="bbox 106 5480 1799 5555">
     <span class='ocr_line' id='line_1_103' title="bbox 106 5480 1799 5555; baseline 0.002 -19"><span class='ocrx_word' id='word_1_815' title='bbox 106 5480 300 5546; x_wconf 89' lang='lat' dir='ltr'><strong>boum,</strong></span> <span class='ocrx_word' id='word_1_816' title='bbox 365 5489 422 5537; x_wconf 85' lang='lat' dir='ltr'><strong>et</strong></span> <span class='ocrx_word' id='word_1_817' title='bbox 481 5496 617 5538; x_wconf 89' lang='lat' dir='ltr'><strong>oves</strong></span> <span class='ocrx_word' id='word_1_818' title='bbox 676 5498 779 5554; x_wconf 90' lang='lat' dir='ltr'><strong>pro</strong></span> <span class='ocrx_word' id='word_1_819' title='bbox 833 5484 1094 5542; x_wconf 86' lang='lat' dir='ltr'><strong>fatuitate</strong></span> <span class='ocrx_word' id='word_1_820' title='bbox 1155 5493 1472 5555; x_wconf 90' lang='lat' dir='ltr'><strong>ponuntur,</strong></span> <span class='ocrx_word' id='word_1_821' title='bbox 1535 5494 1596 5542; x_wconf 92' lang='lat' dir='ltr'><strong>ut</strong></span> <span class='ocrx_word' id='word_1_822' title='bbox 1655 5494 1738 5541; x_wconf 89' lang='lat' dir='ltr'><strong>est</strong></span> <span class='ocrx_word' id='word_1_823' title='bbox 1787 5500 1799 5539; x_wconf 89' lang='lat'><strong><em>:</em></strong></span> 
     </span>
    </p>
   </div>
   <div class='ocr_carea' id='block_1_104' title="bbox 1914 4327 3611 4401">
    <p class='ocr_par' dir='ltr' id='par_1_104' title="bbox 1914 4327 3611 4401">
     <span class='ocr_line' id='line_1_104' title="bbox 1914 4327 3611 4401; baseline -0.006 -13"><span class='ocrx_word' id='word_1_824' title='bbox 1914 4339 2046 4388; x_wconf 91' lang='lat' dir='ltr'><strong>ctat.</strong></span> <span class='ocrx_word' id='word_1_825' title='bbox 2110 4332 2284 4400; x_wconf 86' lang='lat' dir='ltr'><strong>Super</strong></span> <span class='ocrx_word' id='word_1_826' title='bbox 2320 4332 2604 4401; x_wconf 79' lang='lat' dir='ltr'><strong>populum,</strong></span> <span class='ocrx_word' id='word_1_827' title='bbox 2656 4329 2847 4399; x_wconf 89' lang='lat' dir='ltr'><strong>inquit</strong></span> <span class='ocrx_word' id='word_1_828' title='bbox 2902 4328 3201 4388; x_wconf 87' lang='lat' dir='ltr'><strong>Dominus,</strong></span> <span class='ocrx_word' id='word_1_829' title='bbox 3255 4341 3429 4380; x_wconf 84' lang='lat' dir='ltr'><strong>meum</strong></span> <span class='ocrx_word' id='word_1_830' title='bbox 3485 4327 3611 4393; x_wconf 81' lang='lat' dir='ltr'><strong>ﬁnis</strong></span> 
     </span>
    </p>
   </div>
   <div class='ocr_carea' id='block_1_105' title="bbox 1912 4416 3611 4489">
    <p class='ocr_par' dir='ltr' id='par_1_105' title="bbox 1912 4416 3611 4489">
     <span class='ocr_line' id='line_1_105' title="bbox 1912 4416 3611 4489; baseline -0.004 -15"><span class='ocrx_word' id='word_1_831' title='bbox 1912 4422 2077 4485; x_wconf 81' lang='lat' dir='ltr'><strong>venit,</strong></span> <span class='ocrx_word' id='word_1_832' title='bbox 2144 4435 2277 4475; x_wconf 91' lang='lat' dir='ltr'><strong>cum</strong></span> <span class='ocrx_word' id='word_1_833' title='bbox 2343 4433 2619 4489; x_wconf 70' lang='lat' dir='ltr'><strong>perversae</strong></span> <span class='ocrx_word' id='word_1_834' title='bbox 2675 4416 3025 4487; x_wconf 84' lang='lat' dir='ltr'><strong>cogitationi,</strong></span> <span class='ocrx_word' id='word_1_835' title='bbox 3078 4430 3209 4485; x_wconf 75' lang='lat' dir='ltr'><strong>quze</strong></span> <span class='ocrx_word' id='word_1_836' title='bbox 3266 4423 3506 4471; x_wconf 89' lang='lat' dir='ltr'><strong>eatenus</strong></span> <span class='ocrx_word' id='word_1_837' title='bbox 3553 4426 3611 4468; x_wconf 87' lang='lat' dir='ltr'><strong>se</strong></span> 
     </span>
    </p>
   </div>
   <div class='ocr_carea' id='block_1_106' title="bbox 1915 4504 3324 4579">
    <p class='ocr_par' dir='ltr' id='par_1_106' title="bbox 1915 4504 3324 4579">
     <span class='ocr_line' id='line_1_106' title="bbox 1915 4504 3324 4579; baseline -0.004 -15"><span class='ocrx_word' id='word_1_838' title='bbox 1915 4509 2071 4564; x_wconf 90' lang='lat' dir='ltr'><strong>cordi</strong></span> <span class='ocrx_word' id='word_1_839' title='bbox 2105 4508 2420 4579; x_wconf 85' lang='lat' dir='ltr'><strong>iugesserit,</strong></span> <span class='ocrx_word' id='word_1_840' title='bbox 2448 4507 2825 4564; x_wconf 90' lang='lat' dir='ltr'><strong>cohibitorius</strong></span> <span class='ocrx_word' id='word_1_841' title='bbox 2853 4505 3058 4561; x_wconf 89' lang='lat' dir='ltr'><strong>modus</strong></span> <span class='ocrx_word' id='word_1_842' title='bbox 3088 4504 3324 4560; x_wconf 89' lang='lat' dir='ltr'><strong>accedit.</strong></span> 
     </span>
    </p>
   </div>
   <div class='ocr_carea' id='block_1_107' title="bbox 1985 4595 3602 4667">
    <p class='ocr_par' dir='ltr' id='par_1_107' title="bbox 1985 4595 3602 4667">
     <span class='ocr_line' id='line_1_107' title="bbox 1985 4595 3602 4667; baseline -0.005 -14"><span class='ocrx_word' id='word_1_843' title='bbox 1985 4599 2154 4654; x_wconf 73' lang='lat' dir='ltr'><strong>Vens.</strong></span> <span class='ocrx_word' id='word_1_844' title='bbox 2172 4600 2223 4651; x_wconf 89' lang='lat'><strong>3.</strong></span> <span class='ocrx_word' id='word_1_845' title='bbox 2241 4627 2304 4635; x_wconf 96' lang='lat'><strong>—</strong></span> <span class='ocrx_word' id='word_1_846' title='bbox 2324 4620 2342 4645; x_wconf 77' lang='grc' dir='ltr'>ι</span> <span class='ocrx_word' id='word_1_847' title='bbox 2356 4597 2477 4652; x_wconf 82' lang='lat' dir='ltr'><strong>Non</strong></span> <span class='ocrx_word' id='word_1_848' title='bbox 2491 4595 2755 4667; x_wconf 89' lang='lat' dir='ltr'><strong>adjiciam</strong></span> <span class='ocrx_word' id='word_1_849' title='bbox 2776 4595 2947 4659; x_wconf 92' lang='lat' dir='ltr'><strong>ultra,</strong></span> <span class='ocrx_word' id='word_1_850' title='bbox 2966 4600 3426 4661; x_wconf 82' lang='lat' dir='ltr'><strong>utpertranseam</strong></span> <span class='ocrx_word' id='word_1_851' title='bbox 3440 4605 3574 4646; x_wconf 90' lang='lat' dir='ltr'><strong>eum</strong></span> <span class='ocrx_word' id='word_1_852' title='bbox 3588 4631 3602 4645; x_wconf 93' lang='lat'><strong>.</strong></span> 
     </span>
    </p>
   </div>
   <div class='ocr_carea' id='block_1_108' title="bbox 1922 4681 3609 4752">
    <p class='ocr_par' dir='ltr' id='par_1_108' title="bbox 1922 4681 3609 4752">
     <span class='ocr_line' id='line_1_108' title="bbox 1922 4681 3609 4752; baseline -0.007 -11"><span class='ocrx_word' id='word_1_853' title='bbox 1922 4710 1940 4733; x_wconf 72' lang='grc' dir='ltr'><strong>ιι</strong></span> <span class='ocrx_word' id='word_1_854' title='bbox 1980 4686 2385 4742; x_wconf 88' lang='lat' dir='ltr'><strong>Etstridebunt</strong></span> <span class='ocrx_word' id='word_1_855' title='bbox 2430 4685 2694 4741; x_wconf 88' lang='lat' dir='ltr'><strong>cardines</strong></span> <span class='ocrx_word' id='word_1_856' title='bbox 2715 4682 2929 4752; x_wconf 90' lang='lat' dir='ltr'><strong>templi.</strong></span> <span class='ocrx_word' id='word_1_857' title='bbox 2958 4705 2979 4729; x_wconf 73' lang='grc' dir='ltr'><strong>ι»</strong></span> <span class='ocrx_word' id='word_1_858' title='bbox 3005 4683 3161 4738; x_wconf 86' lang='lat' dir='ltr'><strong>Ultra</strong></span> <span class='ocrx_word' id='word_1_859' title='bbox 3192 4681 3343 4736; x_wconf 90' lang='lat' dir='ltr'><strong>Deus</strong></span> <span class='ocrx_word' id='word_1_860' title='bbox 3367 4694 3485 4733; x_wconf 86' lang='lat' dir='ltr'><strong>eum</strong></span> <span class='ocrx_word' id='word_1_861' title='bbox 3504 4695 3609 4732; x_wconf 82' lang='lat' dir='ltr'><strong>non</strong></span> 
     </span>
    </p>
   </div>
   <div class='ocr_carea' id='block_1_109' title="bbox 1915 4767 3606 4845">
    <p class='ocr_par' dir='ltr' id='par_1_109' title="bbox 1915 4767 3606 4845">
     <span class='ocr_line' id='line_1_109' title="bbox 1915 4767 3606 4845; baseline -0.005 -14"><span class='ocrx_word' id='word_1_862' title='bbox 1915 4775 2241 4845; x_wconf 90' lang='lat' dir='ltr'><strong>pertransit,</strong></span> <span class='ocrx_word' id='word_1_863' title='bbox 2295 4789 2467 4844; x_wconf 88' lang='lat' dir='ltr'><strong>quem</strong></span> <span class='ocrx_word' id='word_1_864' title='bbox 2518 4773 2679 4829; x_wconf 88' lang='lat' dir='ltr'><strong>locali</strong></span> <span class='ocrx_word' id='word_1_865' title='bbox 2719 4774 2837 4841; x_wconf 88' lang='lat' dir='ltr'><strong>jam</strong></span> <span class='ocrx_word' id='word_1_866' title='bbox 2905 4770 3248 4840; x_wconf 89' lang='lat' dir='ltr'><strong>aspiratione</strong></span> <span class='ocrx_word' id='word_1_867' title='bbox 3299 4767 3606 4837; x_wconf 83' lang='lat' dir='ltr'><strong>perfundit.</strong></span> 
     </span>
    </p>
   </div>
   <div class='ocr_carea' id='block_1_110' title="bbox 1916 4857 3609 4932">
    <p class='ocr_par' dir='ltr' id='par_1_110' title="bbox 1916 4857 3609 4932">
     <span class='ocr_line' id='line_1_110' title="bbox 1916 4857 3609 4932; baseline -0.006 -10"><span class='ocrx_word' id='word_1_868' title='bbox 1916 4865 2176 4922; x_wconf 84' lang='lat' dir='ltr'><strong>Curdines</strong></span> <span class='ocrx_word' id='word_1_869' title='bbox 2223 4865 2408 4932; x_wconf 82' lang='lat' dir='ltr'><strong>templi</strong></span> <span class='ocrx_word' id='word_1_870' title='bbox 2455 4863 2727 4929; x_wconf 87' lang='lat' dir='ltr'><strong>stridunt,</strong></span> <span class='ocrx_word' id='word_1_871' title='bbox 2758 4878 2890 4917; x_wconf 89' lang='lat' dir='ltr'><strong>cum</strong></span> <span class='ocrx_word' id='word_1_872' title='bbox 2925 4858 3406 4929; x_wconf 59' lang='lat' dir='ltr'><strong>praecordialiores</strong></span> <span class='ocrx_word' id='word_1_873' title='bbox 3449 4857 3609 4913; x_wconf 79' lang='lat' dir='ltr'><strong>home</strong></span> 
     </span>
    </p>
   </div>
   <div class='ocr_carea' id='block_1_111' title="bbox 1914 4946 3609 5019">
    <p class='ocr_par' dir='ltr' id='par_1_111' title="bbox 1914 4946 3609 5019">
     <span class='ocr_line' id='line_1_111' title="bbox 1914 4946 3609 5019; baseline -0.005 -9"><span class='ocrx_word' id='word_1_874' title='bbox 1914 4953 2274 5010; x_wconf 61' lang='lat' dir='ltr'><strong>conscientiae</strong></span> <span class='ocrx_word' id='word_1_875' title='bbox 2319 4966 2524 5008; x_wconf 90' lang='lat' dir='ltr'><strong>sensus</strong></span> <span class='ocrx_word' id='word_1_876' title='bbox 2572 4965 2607 5006; x_wconf 93' lang='lat' dir='ltr'><strong>a</strong></span> <span class='ocrx_word' id='word_1_877' title='bbox 2656 4950 2796 5007; x_wconf 90' lang='lat' dir='ltr'><strong>facie</strong></span> <span class='ocrx_word' id='word_1_878' title='bbox 2839 4950 3066 5019; x_wconf 90' lang='lat' dir='ltr'><strong>pristini</strong></span> <span class='ocrx_word' id='word_1_879' title='bbox 3125 4948 3333 5004; x_wconf 76' lang='lat' dir='ltr'><strong>erroris</strong></span> <span class='ocrx_word' id='word_1_880' title='bbox 3392 4946 3609 5003; x_wconf 89' lang='lat' dir='ltr'><strong>exulu-</strong></span> 
     </span>
    </p>
   </div>
   <div class='ocr_carea' id='block_1_112' title="bbox 1914 5035 3611 5116">
    <p class='ocr_par' dir='ltr' id='par_1_112' title="bbox 1914 5035 3611 5116">
     <span class='ocr_line' id='line_1_112' title="bbox 1914 5035 3611 5116; baseline -0.006 -17"><span class='ocrx_word' id='word_1_881' title='bbox 1914 5043 2054 5101; x_wconf 90' lang='lat' dir='ltr'><strong>lant.</strong></span> <span class='ocrx_word' id='word_1_882' title='bbox 2091 5039 2325 5116; x_wconf 75' lang='grc' dir='ltr'><strong>Καρδίαν</strong></span> <span class='ocrx_word' id='word_1_883' title='bbox 2353 5042 2510 5097; x_wconf 89' lang='lat' dir='ltr'><strong>enim</strong></span> <span class='ocrx_word' id='word_1_884' title='bbox 2546 5039 2761 5101; x_wconf 70' lang='lat' dir='ltr'><strong>Graece,</strong></span> <span class='ocrx_word' id='word_1_885' title='bbox 2824 5039 2980 5095; x_wconf 91' lang='lat' dir='ltr'><strong>unde</strong></span> <span class='ocrx_word' id='word_1_886' title='bbox 3016 5045 3070 5094; x_wconf 90' lang='lat' dir='ltr'><strong>et</strong></span> <span class='ocrx_word' id='word_1_887' title='bbox 3109 5036 3371 5093; x_wconf 78' lang='lat' dir='ltr'><strong>cardines</strong></span> <span class='ocrx_word' id='word_1_888' title='bbox 3411 5035 3611 5090; x_wconf 91' lang='lat' dir='ltr'><strong>dicun-</strong></span> 
     </span>
    </p>
   </div>
   <div class='ocr_carea' id='block_1_113' title="bbox 1912 5124 3605 5199">
    <p class='ocr_par' dir='ltr' id='par_1_113' title="bbox 1912 5124 3605 5199">
     <span class='ocr_line' id='line_1_113' title="bbox 1912 5124 3605 5199; baseline -0.006 -11"><span class='ocrx_word' id='word_1_889' title='bbox 1912 5140 2028 5199; x_wconf 90' lang='lat' dir='ltr'><strong>tur,</strong></span> <span class='ocrx_word' id='word_1_890' title='bbox 2063 5147 2153 5186; x_wconf 87' lang='lat' dir='ltr'><strong>cor</strong></span> <span class='ocrx_word' id='word_1_891' title='bbox 2182 5138 2443 5187; x_wconf 90' lang='lat' dir='ltr'><strong>vocatur.</strong></span> <span class='ocrx_word' id='word_1_892' title='bbox 2474 5151 2494 5177; x_wconf 75' lang='grc' dir='ltr'>ι</span> <span class='ocrx_word' id='word_1_893' title='bbox 2552 5131 2618 5184; x_wconf 92' lang='lat' dir='ltr'><strong>In</strong></span> <span class='ocrx_word' id='word_1_894' title='bbox 2650 5128 2746 5184; x_wconf 88' lang='lat' dir='ltr'><strong>illa</strong></span> <span class='ocrx_word' id='word_1_895' title='bbox 2772 5127 2882 5193; x_wconf 90' lang='lat' dir='ltr'><strong>die,</strong></span> <span class='ocrx_word' id='word_1_896' title='bbox 2926 5126 3062 5182; x_wconf 90' lang='lat' dir='ltr'><strong>dicit</strong></span> <span class='ocrx_word' id='word_1_897' title='bbox 3094 5126 3392 5191; x_wconf 90' lang='lat' dir='ltr'><strong>Dominus,</strong></span> <span class='ocrx_word' id='word_1_898' title='bbox 3442 5124 3605 5180; x_wconf 91' lang='lat' dir='ltr'><strong>multi</strong></span> 
     </span>
    </p>
   </div>
   <div class='ocr_carea' id='block_1_114' title="bbox 1919 5212 3609 5286">
    <p class='ocr_par' dir='ltr' id='par_1_114' title="bbox 1919 5212 3609 5286">
     <span class='ocr_line' id='line_1_114' title="bbox 1919 5212 3609 5286; baseline -0.007 -10"><span class='ocrx_word' id='word_1_899' title='bbox 1919 5242 1940 5269; x_wconf 75' lang='grc' dir='ltr'><strong>ιι</strong></span> <span class='ocrx_word' id='word_1_900' title='bbox 1978 5220 2315 5285; x_wconf 90' lang='lat' dir='ltr'><strong>morientur,</strong></span> <span class='ocrx_word' id='word_1_901' title='bbox 2354 5220 2411 5274; x_wconf 93' lang='lat' dir='ltr'><strong>in</strong></span> <span class='ocrx_word' id='word_1_902' title='bbox 2440 5217 2596 5273; x_wconf 91' lang='lat' dir='ltr'><strong>omni</strong></span> <span class='ocrx_word' id='word_1_903' title='bbox 2629 5217 2751 5273; x_wconf 88' lang='lat' dir='ltr'><strong>loco</strong></span> <span class='ocrx_word' id='word_1_904' title='bbox 2777 5215 3112 5286; x_wconf 86' lang='lat' dir='ltr'><strong>projicietur</strong></span> <span class='ocrx_word' id='word_1_905' title='bbox 3133 5212 3451 5269; x_wconf 72' lang='lat' dir='ltr'><strong>silentium.</strong></span> <span class='ocrx_word' id='word_1_906' title='bbox 3485 5235 3505 5258; x_wconf 77' lang='grc' dir='ltr'>ι</span> <span class='ocrx_word' id='word_1_907' title='bbox 3539 5214 3609 5266; x_wconf 88' lang='lat' dir='ltr'><strong>In</strong></span> 
     </span>
    </p>
   </div>
   <div class='ocr_carea' id='block_1_115' title="bbox 1911 5302 3609 5375">
    <p class='ocr_par' dir='ltr' id='par_1_115' title="bbox 1911 5302 3609 5375">
     <span class='ocr_line' id='line_1_115' title="bbox 1911 5302 3609 5375; baseline -0.002 -13"><span class='ocrx_word' id='word_1_908' title='bbox 1911 5308 2013 5363; x_wconf 85' lang='lat' dir='ltr'><strong>illa</strong></span> <span class='ocrx_word' id='word_1_909' title='bbox 2037 5310 2126 5363; x_wconf 87' lang='lat' dir='ltr'><strong>die</strong></span> <span class='ocrx_word' id='word_1_910' title='bbox 2151 5310 2309 5363; x_wconf 83' lang='lat' dir='ltr'><strong>multi</strong></span> <span class='ocrx_word' id='word_1_911' title='bbox 2355 5307 2709 5373; x_wconf 89' lang='lat' dir='ltr'><strong>moriuntur,</strong></span> <span class='ocrx_word' id='word_1_912' title='bbox 2757 5304 2895 5375; x_wconf 90' lang='lat' dir='ltr'><strong>quia</strong></span> <span class='ocrx_word' id='word_1_913' title='bbox 2928 5305 2980 5357; x_wconf 91' lang='lat' dir='ltr'><strong>in</strong></span> <span class='ocrx_word' id='word_1_914' title='bbox 3027 5303 3121 5357; x_wconf 76' lang='lat' dir='ltr'><strong>illa</strong></span> <span class='ocrx_word' id='word_1_915' title='bbox 3171 5302 3455 5358; x_wconf 90' lang='lat' dir='ltr'><strong>interioris</strong></span> <span class='ocrx_word' id='word_1_916' title='bbox 3502 5302 3609 5358; x_wconf 92' lang='lat' dir='ltr'><strong>ho-</strong></span> 
     </span>
    </p>
   </div>
   <div class='ocr_carea' id='block_1_116' title="bbox 1913 5391 3611 5463">
    <p class='ocr_par' dir='ltr' id='par_1_116' title="bbox 1913 5391 3611 5463">
     <span class='ocr_line' id='line_1_116' title="bbox 1913 5391 3611 5463; baseline -0.004 -10"><span class='ocrx_word' id='word_1_917' title='bbox 1913 5398 2085 5453; x_wconf 83' lang='lat' dir='ltr'><strong>minis</strong></span> <span class='ocrx_word' id='word_1_918' title='bbox 2144 5395 2561 5452; x_wconf 87' lang='lat' dir='ltr'><strong>illuminatione</strong></span> <span class='ocrx_word' id='word_1_919' title='bbox 2612 5394 2673 5449; x_wconf 89' lang='lat' dir='ltr'><strong>lit</strong></span> <span class='ocrx_word' id='word_1_920' title='bbox 2723 5407 2939 5463; x_wconf 57' lang='lat' dir='ltr'><strong>praepes</strong></span> <span class='ocrx_word' id='word_1_921' title='bbox 2987 5392 3253 5447; x_wconf 68' lang='lat' dir='ltr'><strong>interitus</strong></span> <span class='ocrx_word' id='word_1_922' title='bbox 3300 5391 3611 5460; x_wconf 67' lang='lat' dir='ltr'><strong>superﬂuae</strong></span> 
     </span>
    </p>
   </div>
   <div class='ocr_carea' id='block_1_117' title="bbox 1913 5480 3612 5557">
    <p class='ocr_par' dir='ltr' id='par_1_117' title="bbox 1913 5480 3612 5557">
     <span class='ocr_line' id='line_1_117' title="bbox 1913 5480 3612 5557; baseline -0.005 -15"><span class='ocrx_word' id='word_1_923' title='bbox 1913 5485 2294 5557; x_wconf 89' lang='lat' dir='ltr'><strong>cogitationis.</strong></span> <span class='ocrx_word' id='word_1_924' title='bbox 2329 5486 2614 5539; x_wconf 83' lang='lat' dir='ltr'><strong>Silentium</strong></span> <span class='ocrx_word' id='word_1_925' title='bbox 2647 5484 2701 5537; x_wconf 91' lang='lat' dir='ltr'><strong>in</strong></span> <span class='ocrx_word' id='word_1_926' title='bbox 2741 5480 3054 5550; x_wconf 86' lang='lat' dir='ltr'><strong>Scripturis</strong></span> <span class='ocrx_word' id='word_1_927' title='bbox 3094 5480 3327 5541; x_wconf 89' lang='lat' dir='ltr'><strong>dicitur,</strong></span> <span class='ocrx_word' id='word_1_928' title='bbox 3376 5481 3612 5548; x_wconf 91' lang='lat' dir='ltr'><strong>quando</strong></span> 
     </span>
    </p>
   </div>
  </div>
