3924 6088
274 196 377 249 4ιᾶ

1174 194 1236 247 ν.
1277 150 1610 250 ϐυιΒΕιέτι
1652 194 1943 249 ABBATIS
1979 194 2035 248 S.
2080 192 2317 249 MARM‘I
2355 192 2445 248 DE
2484 193 2875 249 NOVIGENTO

3664 193 3774 247 444

276 338 463 395 neque
481 338 645 394 prece
674 337 860 394 neque
884 323 1004 380 vita
1024 323 1338 394 quisquam
1364 323 1476 379 Deo
1498 321 1777 393 loquitur.
1804 322 1965 380 Unde
2001 326 2049 379 Α
2077 344 2098 371 ι
2136 296 2294 379 bitur
2343 330 2515 390 terra,
2573 330 2629 380 et
2683 322 2903 395 lugebit
2949 323 3136 380 omnis
3191 323 3481 381 habitator
3533 323 3711 395 ejus?
3746 343 3769 371 ι

272 420 358 470 est
387 427 401 467 :
435 433 456 463 α
490 413 640 469 Dum
674 412 929 469 medium
957 412 1245 468 silentium
1280 419 1535 468 tenerent
1580 412 1775 468 omnia
1805 411 1961 482 (Sap.

272 515 428 567 xvnt,
461 500 565 572 l5).
594 522 622 550 »
658 501 777 557 Hoc
824 500 1115 557 silentium
1162 500 1220 555 in
1268 500 1424 555 omni
1472 500 1594 556 loco
1642 499 1962 570 projicitur,

273 604 406 646 cum
429 590 502 646 ab
528 590 684 646 omni
707 596 893 645 mente
913 604 1045 660 quae
1065 603 1181 645 non
1198 589 1427 645 horarie
1457 589 1553 645 sed
1586 587 1966 644 localiterDeo

274 679 471 747 servit,
502 678 624 735 haec
652 692 832 748 prava
869 680 1232 734 taciturnitas
1272 677 1651 734 exsecrationi
1699 676 1962 733 habetur.

346 768 517 825 Vens.
552 768 603 822 4.
640 798 700 808 -
740 790 759 816 ι
793 766 1003 823 Audite
1042 767 1149 823 hoc
1174 767 1275 836 qui
1301 765 1592 821 conteritis
1632 777 1962 835 pauperem,

278 877 300 905 ι
334 865 388 914 et
411 856 651 913 deﬁcere
692 856 874 912 facitis
901 870 1108 926 egenos
1138 862 1320 911 terrae.
1353 876 1372 901 -
1414 854 1573 921 Quod
1617 861 1701 910 est
1731 854 1917 909 dicere
1948 866 1961 905 :

276 945 604 1016 Intelligant
658 944 778 1001 haec
833 945 936 1016 qui
996 950 1390 1014 paupertatem
1446 942 1680 1012 spiritus
1710 955 1811 1012 per
1867 956 1963 997 su-

275 1034 527 1105 perbiam
581 1033 896 1105 hypocrisis
948 1034 1236 1101 obierunt,
1291 1042 1343 1089 et
1390 1047 1487 1089 eos
1518 1039 1725 1097 motus,
1760 1030 1861 1101 qui
1910 1045 1968 1087 se

274 1124 454 1180 divini
493 1123 700 1180 auxilii
749 1124 999 1179 fatentur
1026 1136 1254 1192 egenos,
1286 1128 1339 1178 et
1368 1122 1437 1177 de
1483 1135 1589 1177 sua
1619 1121 1819 1177 crebro
1846 1126 1967 1176 ter-

275 1213 516 1269 renitate
544 1220 880 1279 causantur,
912 1226 946 1266 a
976 1212 1089 1268 Deo
1117 1211 1356 1267 deiicere
1387 1210 1623 1266 faciunt.

346 1302 518 1359 Vnns.
556 1304 607 1355 5.
633 1329 705 1342 —
738 1323 760 1350 ι
791 1300 1048 1367 Quando,
1100 1300 1392 1370 inquiunt,
1444 1297 1711 1355 transibit
1754 1297 1968 1353 mensis

279 1411 302 1439 ι
334 1398 389 1446 et
419 1389 884 1446 venundabimus
930 1402 1165 1444 merces.
1206 1410 1226 1436 ι
1281 1388 1528 1443 Mensam
1580 1387 1823 1443 transire
1862 1386 1967 1442 de-

274 1479 530 1535 siderant
558 1483 708 1533 280
738 1478 840 1549 qui
873 1477 1025 1533 hanc
1060 1477 1344 1532 virtutum
1393 1475 1784 1532 collectionem
1835 1474 1965 1530 exi-

274 1567 465 1624 naniri
486 1567 638 1623 intra
668 1567 859 1622 sinum
901 1566 1106 1623 mentis
1149 1568 1441 1635 exoptant,
1475 1564 1545 1620 ad
1594 1562 1750 1634 quod
1797 1562 1965 1633 plane

272 1662 518 1713 aestuare
555 1655 988 1712 aﬂ‘ectualitates
1034 1657 1234 1711 solent.
1288 1656 1451 1710 Tunc
1500 1668 1697 1708 merces
1744 1666 1965 1708 venun-

272 1744 432 1813 dant,
489 1760 623 1801 cum
671 1746 835 1802 bonae
887 1743 1236 1800 exhibitions
1282 1757 1455 1814 opera
1506 1749 1723 1799 mentes
1778 1740 1966 1797 laudis

272 1847 499 1902 avaras,
531 1834 790 1904 ejusdem
821 1847 996 1889 causa
1027 1832 1388 1903 recipiendze,
1423 1846 1521 1902 pro
1564 1830 1742 1905 pretio
1771 1837 1962 1885 osten-

272 1928 413 1977 tant.
449 1944 470 1971 α
522 1923 591 1978 Et
639 1922 965 1989 sabbatum,
1021 1920 1323 1992 (subaudis
1373 1920 1608 1990 quando
1664 1919 1873 1985 veniet)
1911 1925 1967 1975 et

274 2031 297 2060 ι
331 2010 658 2081 aperiemus
706 2010 1088 2077 frumentum,
1137 2016 1200 2065 ut
1254 2008 1670 2064 imminuamus
1725 2020 1966 2063 mensu—

276 2120 297 2147 ι
335 2113 483 2165 ram,
525 2106 580 2155 et
611 2112 932 2170 augeamus
981 2098 1209 2164 siclum,
1257 2106 1310 2153 et
1349 2109 1742 2167 snpponamus
1788 2102 1967 2151 state—

273 2209 301 2238 »
334 2203 428 2244 ras
469 2188 739 2245 dolosas?
767 2208 790 2237 ι
840 2188 1137 2243 Sabbatum
1184 2188 1489 2257 queeritur,
1523 2199 1655 2241 cum
1712 2199 1786 2241 ex
1845 2184 1968 2255 lege

271 2276 663 2333 membrorum
694 2290 728 2332 a
755 2276 905 2332 bono
945 2290 1116 2346 opere
1160 2276 1383 2346 requies
1414 2273 1738 2329 miseranda
1770 2281 1969 2343 capta-

271 2373 386 2422 tur.
447 2367 611 2422 Tunc
658 2368 991 2432 frumentum
1059 2365 1337 2435 aperitur,
1414 2377 1548 2419 cum
1598 2361 1968 2418 fructuositas

269 2454 509 2511 interior
539 2455 612 2510 ad
635 2454 798 2510 lucra
831 2454 1040 2510 favoris
1069 2453 1437 2523 expanditur.
1471 2452 1743 2508 Mensura
1773 2450 1969 2507 immi-

270 2544 495 2610 nuitur,
527 2558 663 2600 cum
691 2542 872 2599 sancti
898 2542 1165 2612 propositi
1196 2542 1399 2598 modus
1430 2541 1492 2596 in
1528 2540 1650 2610 ipsa
1692 2539 1969 2595 intentio-

273 2646 345 2687 ne
387 2631 712 2701 deponitur.
761 2630 946 2687 Siclus
991 2638 1259 2701 augetur,
1292 2644 1423 2687 cum
1472 2629 1767 2685 diabolicae
1824 2643 1969 2700 sug-

273 2719 544 2789 gestionis
595 2733 873 2775 nummus
925 2719 995 2774 ad
1046 2732 1231 2774 mores
1280 2725 1579 2789 gratanter
1620 2716 1963 2773 admittitur.

274 2806 493 2885 Statera
522 2806 716 2863 dolosa
739 2808 1110 2878 supponitur,
1146 2820 1280 2862 cum
1310 2805 1383 2861 ad
1408 2805 1774 2861 excusandas
1797 2818 1970 2861 excu-

2075 413 2250 481 Super
2296 413 2448 468 istud
2506 418 2653 467 terra
2706 421 2993 479 movetur,
3051 427 3182 469 cum
3236 412 3400 470 nulla
3452 427 3566 470 non
3608 427 3776 468 mens

2074 502 2386 572 peccatoris
2440 501 2550 558 sub
2610 509 2771 559 tanta
2842 501 3284 557 comminatione
3360 509 3622 558 terretur.
3699 501 3777 557 Et

2074 591 2217 661 quid
2260 592 2473 646 mirum
2530 592 2577 647 si
2630 598 2893 661 peccator
2950 590 3129 656 timet,
3184 604 3315 646 cum
3369 590 3543 647 etiam
3595 591 3776 645 omnis

2075 680 2353 735 habitator
2396 680 2653 752 ejusdem
2695 688 2881 748 terrae,
2915 680 2970 734 id
3013 688 3097 735 est
3141 680 3241 750 qui
3286 679 3391 750 ipsi
3437 687 3667 750 peccato
3697 677 3777 733 ad

2075 768 2368 841 integrum
2410 769 2761 836 dominatur,
2809 768 3027 840 fugiet?
3080 769 3251 822 Terra
3290 769 3444 823 enim
3496 781 3599 838 pro
3641 782 3779 837 pec-

2072 870 2244 924 cante,
2271 866 2327 915 et
2358 858 2607 913 habitare
2632 872 2735 928 pro
2761 858 3036 912 dominari
3055 857 3195 913 solet
3228 856 3381 927 poni.
3421 877 3442 905 ι
3478 857 3546 911 Et
3567 869 3775 911 ascen-

2080 968 2099 994 ι
2130 947 2223 1002 det
2248 946 2416 1017 quasi
2449 945 2663 1002 ﬂuvius
2696 947 3022 1012 universus,
3054 954 3107 1001 et
3136 945 3419 1016 ejicietur,
3455 951 3511 1000 et
3555 942 3776 999 deﬂuet

2078 1055 2099 1083 ι
2135 1035 2300 1103 quasi
2366 1034 2529 1090 rivus
2591 1034 2843 1105 Egypti.
2919 1056 2940 1081 ι
3002 1035 3171 1100 Quasi
3235 1036 3434 1101 ﬂuvius
3481 1035 3772 1088 universus

2073 1124 2349 1191 ascendit,
2381 1138 2514 1180 cum
2546 1123 2663 1194 ipse
2697 1124 2975 1178 habitator
3019 1136 3134 1178 non
3162 1121 3456 1188 dimidius,
3496 1120 3593 1176 sed
3640 1122 3770 1174 uni-

2071 1228 2258 1267 versus
2287 1214 2466 1269 instar
2511 1212 2672 1269 ﬂuvii
2723 1211 2916 1267 omnia
2962 1211 3365 1281 praecipitantis
3402 1210 3659 1269 adversa.
3692 1208 3770 1264 ad

2074 1315 2329 1371 superna
2359 1301 2592 1357 virtutis
2632 1300 2900 1370 erumpit.
2939 1300 3009 1355 Et
3058 1300 3234 1355 isdem
3276 1298 3523 1369 ejicitur,
3566 1311 3699 1354 cum
3732 1311 3771 1353 a

2074 1389 2317 1460 pristina
2361 1389 2710 1456 terrenitate,
2774 1389 2861 1444 vel
2913 1396 3142 1459 peccato
3198 1387 3532 1443 secluditur.
3590 1387 3771 1451 Quasi

2071 1479 2224 1533 rivus
2262 1480 2499 1547 ﬂgyptz',
2527 1478 2684 1534 haud
2716 1478 2961 1534 dubium
2987 1478 3130 1548 quin
3164 1484 3335 1544 terra,
3368 1491 3500 1546 quae
3532 1474 3769 1531 inhabi—

2076 1567 2202 1634 tari,
2238 1567 2291 1622 id
2324 1574 2422 1635 _est
2459 1566 2729 1636 possideri
2781 1566 2965 1633 debet,
3012 1564 3232 1631 deﬂuit,
3272 1579 3403 1620 cum
3432 1564 3644 1635 peccati
3674 1563 3771 1620 de-

2075 1656 2315 1723 lectatio,
2352 1670 2482 1727 qua
2505 1655 2574 1712 de
2614 1655 2912 1726 praesentis
2940 1654 3132 1712 saeculi
3168 1654 3414 1725 ZEgypto
3443 1653 3765 1719 derivatur,

2070 1744 2132 1799 in
2153 1745 2338 1815 seipsa
2370 1744 2578 1800 deﬁcit.

2144 1833 2315 1890 Vnns.
2340 1837 2390 1901 9,
2424 1836 2507 1888 lo.
2542 1864 2608 1873 —-
2633 1855 2654 1882 ‹
2689 1833 2759 1888 Et
2791 1832 2899 1889 erit
2930 1832 2988 1887 in
3017 1831 3107 1888 die
3153 1830 3250 1887 illa
3278 1830 3414 1886 dicit
3443 1829 3724 1887 Dominus
3752 1844 3765 1883 :

2078 1944 2099 1971 ι
2138 1923 2365 1979 Occidet
2423 1923 2505 1978 sol
2572 1921 2631 1977 in
2689 1921 2944 1990 meridie,
3006 1928 3062 1977 et
3123 1919 3513 1977 tenebrescere
3560 1917 3770 1974 faciam

2075 2006 2102 2060 in
2138 2017 2349 2067 terram
2380 2011 2438 2066 in
2463 2012 2554 2067 die
2597 2010 2852 2067 luminis.
2892 2032 2913 2059 ι
2950 2011 3103 2078 Erit,
3148 2023 3287 2065 vera
3333 2008 3546 2065 scilicet
3584 2020 3773 2063 essen-

2074 2099 2151 2156 tia
2174 2100 2475 2167 constabit,
2526 2103 2585 2154 in
2622 2100 2711 2154 die
2756 2102 2875 2168 illa,
2909 2099 2965 2156 id
2997 2107 3083 2156 est
3114 2099 3171 2154 in
3218 2098 3344 2155 luce
3386 2098 3615 2154 interna
3646 2111 3765 2167 prae

2071 2189 2253 2244 oculis
2281 2202 2505 2258 semper
2536 2188 2822 2255 habenda,
2873 2195 2928 2244 et
2983 2188 3108 2244 ideo
3160 2186 3498 2257 pronomine
3547 2185 3774 2241 demon-

2072 2277 2309 2333 strativo
2348 2284 2562 2332 notata.
2607 2277 2828 2333 Occidet
2869 2275 2953 2331 sol
2988 2276 3236 2342 meridie,
3284 2281 3459 2330 aestus
3507 2272 3769 2329 videlicet

2073 2365 2401 2421 tentationis
2428 2364 2645 2421 decidet
2692 2365 2798 2421 sub
2845 2365 3034 2421 calore
3075 2363 3440 2433 aspirationis
3478 2375 3767 2432 superum.

2074 2457 2136 2509 In
2164 2455 2253 2507 die
2282 2455 2506 2508 luminis
2563 2461 2712 2510 terra
2743 2453 3097 2520 tenebratur,
3142 2467 3275 2509 cum
3319 2451 3772 2508 excandescente

2075 2543 2148 2599 ad
2179 2542 2278 2599 Dei
2335 2555 2587 2598 amorem
2642 2542 2989 2598 conscientia
3035 2542 3285 2608 sordent,
3335 2548 3392 2597 et
3435 2540 3772 2596 erubescere

2076 2632 2296 2687 faciunt
2342 2631 2633 2686 hominem
2685 2631 3052 2687 tenebrarum
3103 2644 3234 2700 quae
3272 2628 3532 2685 exercuit
3577 2641 3767 2697 opera.

2082 2743 2102 2769 ι
2138 2720 2208 2775 Et
2259 2727 2592 2776 convertam
2648 2719 2983 2776 festivitates
3047 2726 3267 2775 vestras
3332 2718 3390 2772 in
3457 2716 3700 2773 luctum.
3742 2737 3764 2763 ι

2075 2808 2219 2865 Cum
2276 2808 2490 2880 gaudia
2543 2808 2735 2865 smeuli
2783 2807 3244 2879 compunctionis
3302 2806 3650 2877 rediguntur
3697 2804 3772 2860 ad

273 2895 520 2952 sationes
584 2896 645 2951 in
720 2896 966 2966 peccatis
1030 2895 1354 2965 Scripturas
1408 2894 1749 2950 adhibemus
1797 2894 1962 2965 (Psal.
2005 2926 2046 2981 ο
2074 2897 2395 2953 stimulum.
2434 2921 2455 2945 ι
2486 2897 2721 2955 Cantica
2754 2904 3063 2957 vertuntur
3104 2898 3162 2952 in
3213 2896 3530 2967 planctum,
3571 2914 3593 2941 ι
3633 2906 3769 2948 cum

274 2998 404 3051 CXL,
435 2983 507 3054 4).
549 2984 780 3041 Staterae
817 2985 967 3040 enim
1020 2984 1144 3040 ideo
1177 2984 1231 3039 in
1283 2982 1500 3054 psalmo
1555 2989 1870 3053 ponuntur,
1904 2989 1966 3039 ut

272 3077 400 3127 est:
467 3093 489 3119 α
549 3071 848 3126 Mendaces
896 3070 995 3126 filii
1066 3070 1365 3125 hominum
1420 3070 1474 3125 in
1526 3069 1751 3126 stateris
1797 3069 1961 3137 (Psal.

274 3174 391 3227 LXI,
427 3161 535 3228 tO),
578 3182 605 3209 υ
667 3159 748 3215 lbi
796 3160 950 3216 enim
1000 3167 1194 3216 nostra
1236 3159 1385 3215 facta
1433 3158 1828 3229 appendimus.
1862 3159 1968 3215 So-

274 3249 460 3305 lemus
490 3248 765 3305 nimirum
791 3263 924 3304 cum
967 3262 1002 3304 a
1030 3248 1122 3319 pio
1166 3248 1354 3304 studio
1402 3255 1629 3318 torpore
1671 3247 1965 3315 volumus,

275 3337 462 3393 dicere
519 3337 661 3393 illud
713 3337 1031 3408 sapientis:
1094 3336 1272 3405 Onus,
1326 3337 1534 3407 inquit,
1585 3350 1761 3406 super
1812 3343 1864 3392 te
1898 3351 1969 3393 ne

274 3425 578 3492 levaveris,
632 3440 764 3483 cum
818 3426 1065 3482 necdum
1118 3425 1367 3496 profecto
1430 3425 1561 3481 boni
1618 3424 1760 3481 initii
1817 3424 1970 3481 rudi-

274 3520 470 3569 menta
506 3514 865 3584 coeperimus.

346 3602 518 3659 Vens.
550 3606 603 3657 6.
636 3618 706 3643 -'—
739 3624 767 3652 «
815 3603 886 3659 Et
930 3609 995 3659 ut
1030 3601 1419 3672 possideamus
1466 3601 1522 3657 in
1569 3609 1808 3672 argento
1843 3616 1970 3674 ege-

280 3713 301 3740 ι
334 3705 437 3748 nos
464 3699 519 3748 ct
549 3705 831 3762 pauperes
882 3705 985 3762 pro
1032 3690 1455 3757 calceamentis,
1510 3697 1566 3746 et
1622 3691 1968 3762 quisquilias

280 3799 301 3827 ι
329 3779 606 3836 frumenti
645 3781 983 3836 vendamus.
1023 3801 1043 3829 ι
1075 3781 1137 3834 In
1183 3785 1407 3847 argento
1438 3794 1627 3846 egenus
1657 3779 1963 3849 possident,

274 3884 411 3928 cum
464 3882 567 3940 per
623 3868 795 3924 falsas
850 3868 1282 3938 Scripturarum
1332 3867 1846 3938 interpretationes,
1896 3869 1964 3924 ad

276 3957 653 4013 remissiorem
705 3957 881 4011 vitam
943 3955 1230 4025 quoslibet
1294 3956 1567 4012 doctrinae
1618 3964 1673 4011 et
1727 3956 1970 4013 rationis

276 4045 629 4116 intorquent,
676 4059 776 4115 per
828 4045 981 4114 quod
1027 4060 1123 4100 eos
1164 4044 1269 4101 sibi
1313 4044 1735 4114 incorporando
1782 4045 1969 4115 possi-

274 4133 429 4190 dent.
496 4135 766 4203 Pauperes
811 4148 914 4203 pro
965 4134 1339 4188 calceamentis
1409 4133 1604 4190 itidem
1653 4134 1962 4203 possident,

2074 2986 2476 3043 delectationes
2540 2987 2599 3042 in
2652 3000 3006 3057 quacunque
3029 3000 3107 3054 _re
3157 2983 3498 3049 mundiales,
3539 2980 3772 3037 nullum

2075 3090 2327 3133 amurcae
2375 3075 2693 3147 spiritualis
2723 3075 2917 3131 valent
2966 3074 3218 3145 reperire
3270 3071 3610 3142 suﬂugium.
3644 3069 3774 3124 «Et

2078 3185 2101 3214 ι
2131 3163 2401 3221 inducam
2444 3179 2619 3236 super
2662 3178 2831 3220 omne
2859 3164 3095 3220 dorsum
3124 3169 3382 3217 vestrum
3431 3171 3683 3223 saccum,
3718 3164 3775 3212 et

2079 3275 2101 3303 ι
2132 3268 2306 3323 super
2361 3268 2530 3310 omne
2585 3260 2761 3324 caput
2808 3252 3107 3308 calvitium
3159 3265 3171 3305 :
3227 3257 3283 3305 et
3330 3262 3541 3319 ponam
3601 3245 3771 3316 quasi

2079 3363 2101 3390 ι
2136 3341 2359 3398 luctum
2416 3341 2722 3413 unigeniti,
2772 3348 2827 3398 et
2869 3340 3180 3396 novissima
3227 3338 3353 3409 ejus
3392 3335 3559 3407 quasi
3618 3334 3771 3390 diem

2080 3452 2100 3479 ι
2136 3444 2423 3488 amarum.
2490 3453 2511 3479 ι
2582 3432 2758 3501 Super
2814 3445 2965 3484 omne
3021 3429 3242 3483 dorsum
3296 3442 3476 3481 eorum
3557 3439 3772 3478 saccum

2076 3520 2229 3576 Deus
2255 3519 2496 3584 inducit,
2521 3533 2653 3575 cum
2686 3518 2744 3574 in
2777 3531 3047 3588 perversa
3074 3530 3275 3572 eorum
3320 3513 3613 3585 patientia,
3651 3526 3771 3582 qua

2070 3608 2243 3679 juxta
2272 3607 2450 3664 alium
2484 3607 2841 3678 prophetam,
2862 3619 3086 3675 semper
3113 3605 3184 3661 ad
3205 3604 3565 3660 diabolorum
3593 3608 3774 3656 trans-

2076 3697 2220 3754 itum
2249 3696 2639 3752 incurvantur
2681 3696 2820 3764 (lsa,
2852 3710 2935 3760 LI,
2989 3694 3112 3763 23);
3169 3693 3275 3748 hoc
3330 3691 3481 3747 enim
3533 3690 3770 3745 dorsum

2075 3785 2389 3856 significat;
2429 3784 2639 3854 peccati
2665 3784 2825 3855 jugis
2855 3784 3133 3854 asperitas
3180 3780 3549 3837 confricatur.
3597 3780 3773 3846 Super

2076 3890 2229 3931 omne
2291 3879 2456 3944 caput
2511 3875 2795 3928 calvitium
2858 3872 3172 3936 inducitur,
3254 3883 3389 3925 cum
3450 3866 3770 3923 discretivte

2077 3963 2468 4035 cogitationes,
2511 3976 2643 4033 quae
2698 3960 2902 4031 pudori
2936 3967 3127 4014 nostro
3157 3957 3485 4021 consulunt,
3520 3962 3575 4009 et
3614 3968 3680 4008 ac
3720 3954 3768 4006 si

2076 4051 2270 4122 capilli
2299 4051 2539 4107 frontem
2581 4049 2874 4115 muniunt,
2931 4061 2965 4101 a
3023 4053 3228 4111 mente,
3281 4058 3413 4114 quae
3461 4048 3635 4112 caput
3660 4047 3764 4106 est,

2076 4138 2453 4211 ignominiose
2502 4137 2799 4194 excidunt.
2866 4137 3048 4204 Quasi
3078 4137 3280 4189 luctum
3322 4133 3591 4198 unigeniti
3617 4130 3769 4185 Deus

273 4235 408 4279 cum
440 4235 592 4278 verae
628 4201 969 4278 humilitatis
997 4222 1211 4278 amicos
1260 4222 1568 4278 verborum
1613 4201 1851 4279 suorum
1885 4201 1967 4279 le-
2005 4201 2049 4256 Ῑ)
2075 4201 2202 4285 eam
2233 4228 2411 4298 ponit,
2453 4241 2587 4283 cum
2620 4226 2795 4293 illam,
2819 4201 2952 4295 quae
2982 4201 3081 4293 per
3108 4229 3283 4292 caput
3311 4220 3633 4291 signiﬁcata
3659 4225 3766 4283 est,

275 4310 522 4376 nocinio,
579 4310 822 4367 mortuis
879 4311 1148 4380 operibus
1194 4310 1456 4367 addicere
1503 4311 1754 4368 student.
1805 4312 1967 4378 Quis-

276 4399 480 4468 quilias
519 4400 785 4465 frumenti
847 4399 1130 4465 vendunt,
1192 4413 1324 4455 cum
1373 4407 1649 4466 extrema,
1694 4406 1746 4455 et
1800 4400 1966 4470 quasi

275 4487 582 4545 carnaliter
621 4487 773 4544 dicta
799 4488 1229 4559 Scripturarum
1273 4488 1554 4559 exempla,
1603 4487 1674 4544 ad
1720 4486 1966 4543 audien-

276 4575 421 4633 tium
451 4576 867 4634 traductionem
899 4586 1219 4648 exponunt.

346 4663 525 4721 VnnL.
558 4669 609 4719 7.
646 4695 703 4705 —
746 4687 767 4714 ι
794 4665 1020 4722 Juravit
1060 4667 1340 4722 Dominus
1369 4665 1426 4721 in
1458 4664 1727 4736 superbia
1772 4664 1963 4722 Iacob.

275 4774 304 4803 »
334 4752 390 4808 Si
453 4753 668 4810 oblitus
723 4753 886 4810 fuero
936 4769 1121 4825 usque
1179 4755 1250 4811 ad
1316 4755 1485 4811 ﬂnem
1542 4755 1736 4811 omnia
1793 4767 1969 4825 opera

281 4863 302 4890 ι
335 4856 558 4899 eorum.
592 4863 614 4889 ι
676 4844 746 4897 1η
802 4843 1061 4912 superbia
1110 4842 1276 4899 Iacob
1329 4844 1481 4900 Deus
1517 4843 1698 4915 jurat,
1731 4857 1863 4899 cum
1895 4843 1966 4899 ti-

276 4944 490 4985 morem
522 4943 745 4997 eorum,
779 4930 882 5000 qui
907 4931 977 4986 de
1022 4930 1487 5001 supplantatione
1514 4931 1787 4987 vitiorum
1839 4931 1967 5001 glo-

277 5016 524 5086 riantur,
609 5018 682 5074 ad
731 5018 832 5089 jus
883 5018 1086 5075 debitas
1153 5019 1389 5076 ultionis
1449 5019 1707 5075 vocando
1780 5018 1964 5074 reﬂat.

280 5109 478 5165 Omnia
506 5123 671 5177 opera
696 5124 877 5163 eorum
908 5123 1079 5178 usque
1101 5108 1176 5162 ad
1210 5109 1375 5174 ﬁnem
1415 5123 1530 5164 non
1584 5107 1962 5174 obliviscitur,

278 5195 419 5265 quia
446 5196 550 5251 etsi
578 5196 803 5253 interim
842 5197 1071 5253 videtur
1097 5196 1376 5265 oblivisci,
1424 5204 1480 5254 et
1533 5197 1703 5252 ﬂnem
1752 5202 1964 5263 tamen,

278 5282 333 5338 id
357 5291 443 5339 est
469 5285 812 5342 omnimodis
839 5285 910 5341 ab
938 5286 1066 5357 ejus
1095 5298 1470 5357 nequaquam
1511 5284 1730 5356 judicio
1780 5283 1969 5341 oblite-

278 5371 396 5428 rari
427 5373 857 5443 permittuntur.

346 5461 518 5519 Vens.
551 5463 604 5515 8.
628 5492 698 5502 ——
727 5486 748 5509 ι
781 5462 1057 5534 Nunquid
1103 5477 1275 5532 super
1312 5462 1464 5520 istud
1494 5476 1607 5519 non
1637 5475 1965 5519 commove-

2073 4314 2481 4371 conscientiam
2510 4312 2792 4384 singulari
2827 4312 2874 4367 la
2889 4326 3001 4381 pste
3039 4311 3277 4366 rationis
3305 4309 3516 4365 damno
3562 4319 3771 4376 suppo-

2074 4403 2179 4459 nit.
2211 4403 2356 4459 Nota
2394 4401 2551 4472 quod
2598 4400 2668 4456 de
2716 4413 2921 4470 genere
2967 4398 3173 4453 transit
3231 4396 3302 4452 ad
3356 4410 3558 4466 genus,
3618 4395 3767 4450 sicut

2074 4491 2217 4547 illud
2245 4498 2350 4559 est,
2382 4489 2537 4558 quod
2568 4488 2751 4543 David
2803 4500 3071 4556 quaerens
3105 4483 3545 4541 tabernaculum
3574 4482 3766 4536 Domi-

2075 4595 2169 4648 no,
2205 4580 2263 4635 in
2288 4579 2542 4649 Ephrata
2589 4576 2802 4632 dicitur
2842 4575 3132 4630 invenisse
3174 4587 3298 4628 eam
3354 4572 3537 4642 (Psal.
3564 4584 3763 4636 cxxxr,

2072 4673 2126 4735 6,
2155 4668 2236 4735 6);
2269 4679 2372 4736 pro
2400 4665 2747 4735 signiﬁcante
2783 4663 3127 4719 interserens
3153 4665 3539 4731 significatam.
3573 4660 3763 4714 Novis-

2075 4759 2219 4813 sima
2247 4756 2364 4825 ejus
2406 4758 2568 4825 quasi
2597 4753 2742 4808 diem
2775 4768 3022 4807 amarum
3051 4751 3225 4823 ponit.
3273 4765 3405 4807 cum
3450 4749 3765 4804 satietatem

2076 4844 2313 4916 peccati,
2390 4856 2567 4913 quam
2633 4839 3008 4911 pcenitudinis
3049 4838 3333 4896 acerbitas
3387 4836 3526 4892 solet
3577 4836 3763 4905 sequi,

2071 4930 2429 4988 amarissime
2489 4929 2621 4985 facit
2678 4927 2973 4984 doloribus
3032 4925 3372 4995 suspicionis
3418 4923 3623 4979 addici.
3695 4923 3768 4979 Et

2073 5026 2225 5075 recte
2289 5018 2407 5073 dies
2471 5030 2727 5084 amarus,
2788 5015 3099 5084 voluptatis
3150 5013 3407 5069 hilaritas
3475 5011 3768 5082 prwmissa

2075 5107 2438 5163 maeroribus.

2145 5196 2318 5252 Vens.
2355 5199 2437 5249 ll.
2473 5224 2540 5234 —
2576 5216 2596 5243 ι
2633 5194 2777 5249 Ecce
2824 5191 2944 5248 dies
2997 5191 3255 5255 veniunt,
3293 5188 3430 5244 dicit
3468 5187 3763 5255 Dominus,

2074 5305 2096 5334 ι
2131 5292 2187 5340 et
2227 5283 2483 5339 emittam
2539 5283 2741 5338 famem
2806 5281 2859 5336 in
2924 5288 3091 5347 terra,
3152 5293 3268 5334 non
3317 5278 3524 5333 famem
3577 5274 3762 5346 panis,

2074 5392 2105 5424 ι
2135 5386 2325 5443 neque
2378 5371 2527 5427 sitim
2583 5384 2771 5440 aqum,
2824 5369 2928 5426 'sed
2981 5367 3253 5424 audiendi
3305 5367 3548 5422 verbum
3580 5365 3698 5420 Dei.
3739 5387 3761 5411 -

2076 5483 2097 5509 ι
2140 5463 2282 5528 Ecce,
2310 5460 2360 5516 id
2386 5467 2470 5516 est
2502 5459 2561 5514 in
2597 5460 2702 5515 hoc
2734 5459 2854 5529 ipso
2898 5458 3037 5514 tanti
3091 5456 3334 5527 torporis
3374 5454 3592 5520 habitu,
3625 5455 3763 5519 dies,
