3924 6088
238 224 348 279 445

932 223 1394 281 TROPOLOGIAS
1434 224 1501 279 IN
1542 223 1742 291 OSEE,
1780 224 1907 281 ΑΜ(

2134 224 2292 280 JER.
2339 253 2407 263 -—
2449 224 2580 278 LIB.
2624 223 2715 281 IV.
2756 223 2830 279 IN
2860 224 3064 282 AMOS.

3635 226 3739 280 446

239 374 357 416 non
384 360 681 427 claritatis,
719 358 816 415 sed
856 359 1140 415 malorum
1181 358 1656 417 manifestationis
1677 363 1929 425 veniunt;
1970 359 2020 416 Α
2049 359 2175 415 istic
2200 367 2392 430 caput,
2428 361 2585 431 quod
2612 362 3082 431 superliminaria.
3113 362 3222 418 hoc
3271 362 3365 419 hic
3392 364 3740 418 novissimum

240 454 300 503 et
361 448 433 504 ab
482 446 744 504 interiori
787 446 1021 503 miseria
1080 451 1324 502 emittam
1370 448 1624 519 inopiam
1684 455 1939 503 externa

238 535 608 592 desolationis
632 535 691 590 in
715 549 910 606 opera,
941 534 1042 592 ubi
1080 549 1113 591 a
1138 537 1365 593 nemine
1397 536 1770 607 intelligatur,
1824 550 1939 591 non

242 624 434 681 victus
458 624 776 694 corporalis
803 629 956 679 :40
993 624 1204 691 inedia,
1250 625 1346 680 sed
1388 625 1545 681 verbi
1600 625 1718 690 Dei,
1769 625 1823 680 id
1854 633 1940 681 est

237 712 484 770 interna
512 712 838 769 dulcedinis
865 713 1198 769 medullitus
1227 713 1533 784 gustanda
1566 712 1828 784 penuria.

314 802 483 859 Vnus.
528 806 612 856 l2.
640 832 711 842 —
764 824 785 850 κ
814 802 885 857 Ει
914 802 1437 858 commovebuntur
1484 817 1517 857 a
1550 801 1695 857 mari
1753 817 1939 872 usque

243 912 266 937 ι
295 891 366 945 ad
398 905 574 958 mare,
606 898 662 947 et
711 890 784 947 ab
833 891 1104 961 aquilone
1153 906 1340 961 usque
1385 891 1457 946 ad
1489 890 1787 946 orientem.
1830 912 1850 939 ι
1888 892 1937 946 Α

238 983 387 1034 mari
417 994 586 1050 usque
607 980 683 1034 ad
711 994 860 1034 mare
888 987 1341 1047 commoventur,
1371 995 1505 1036 cum
1548 980 1622 1037 ab
1651 980 1940 1036 anxietate

241 1066 519 1124 facinoris
550 1068 880 1139 perpetrati,
923 1083 1110 1139 usque
1157 1069 1228 1124 ad
1275 1068 1518 1125 extremi
1552 1069 1811 1125 timorem
1836 1069 1935 1140 ju-

241 1157 375 1212 dicii
409 1157 688 1213 continua
731 1157 991 1213 cordium
1042 1157 1400 1214 discursione
1442 1157 1715 1214 citantur.
1764 1160 1943 1228 Usque

240 1246 604 1301 adorientem
644 1261 879 1317 quoque
933 1247 1002 1301 ab
1057 1248 1312 1315 aquilone
1357 1247 1696 1316 procedunt,
1746 1260 1878 1302 cum
1906 1261 1940 1302 a

241 1333 548 1390 diabolica
590 1335 1009 1405 desperationis
1061 1334 1193 1406 gelu
1237 1335 1309 1391 ad
1368 1335 1463 1391 Dei
1534 1334 1939 1392 misericordia

241 1422 522 1478 orientem
562 1423 850 1493 respirare
895 1424 1271 1480 contendunt.
1310 1446 1331 1472 ι
1377 1421 1725 1480 ’ϐίτοιιὶὺιιηῐ
1774 1438 1940 1493 qua-

248 1533 270 1559 ι
307 1518 500 1567 rentes
528 1511 772 1568 verbum
825 1512 1072 1579 Domini,
1112 1521 1167 1567 et
1211 1527 1326 1569 non
1375 1512 1691 1568 invenient.
1740 1535 1759 1562 ι
1806 1515 1940 1569 Ver-

242 1600 370 1655 bum
415 1602 631 1655 Domini
681 1600 993 1670 quarendo
1040 1602 1419 1669 circumeunt,
1462 1601 1559 1658 sed
1612 1615 1727 1657 non
1775 1600 1940 1657 inve-

240 1688 432 1756 niunt,
462 1702 596 1744 cum
626 1688 907 1745 divinitus
932 1689 1038 1744 sibi
1063 1689 1246 1746 Deum
1278 1689 1438 1745 illabi
1491 1698 1789 1761 appetunt,
1840 1690 1938 1746 sed

241 1790 346 1846 per
372 1776 576 1832 mundi
604 1776 891 1846 appetitus
923 1776 1231 1833 circumire
1270 1791 1387 1833 non
1415 1777 1716 1847 desinunt;
1763 1791 1936 1847 quem

238 1865 477 1936 quidem
507 1879 623 1920 non
654 1865 977 1933 inveniunt,
1003 1866 1144 1936 quia
1172 1865 1526 1923 dissimiliter
1555 1880 1730 1937 quam
1756 1866 1939 1936 quari

239 1954 537 2022 debuerat,
572 1962 863 2024 quarunt.

312 2041 487 2098 Vens.
524 2044 608 2097 l3.
642 2072 711 2084 -
757 2062 785 2090 «
818 2042 883 2097 In
915 2042 1006 2099 die
1056 2041 1153 2109 illa
1202 2043 1465 2100 deficient
1503 2044 1757 2117 virgines
1806 2044 1940 2113 pul-

244 2152 267 2179 »
309 2126 484 2197 clira,
544 2138 600 2187 et
650 2130 1036 2187 adolescentes
1094 2131 1153 2187 in
1180 2132 1295 2187 siti.
1336 2153 1357 2180 ι
1413 2134 1479 2187 1η
1530 2133 1620 2187 die
1667 2134 1767 2187 illa
1822 2145 1939 2187 non

239 2218 462 2274 intima
491 2218 657 2287 lucis,
691 2219 790 2275 sed
813 2219 1048 2276 ultionis
1074 2219 1411 2287 manifesta,
1434 2224 1671 2288 virgines
1699 2222 1941 2290 pulchra

240 2306 538 2373 deficiunt,
572 2322 707 2363 cum
748 2308 1071 2376 subtiliora,
1098 2317 1154 2365 et
1202 2310 1371 2380 quasi
1414 2310 1765 2377 delicatiora,
1809 2324 1940 2380 qua

240 2396 550 2466 Apostolus
579 2405 745 2454 vocat
770 2398 1120 2455 charismata
1150 2400 1388 2456 meliora
1428 2400 1471 2470 (I
1509 2401 1639 2455 Cor.
1691 2412 1786 2467 xu,
1820 2399 1936 2469 31),

240 2485 483 2555 spiritus
508 2486 688 2541 nostri
728 2487 879 2542 dona
924 2487 1275 2557 dispereunt.
1336 2488 1717 2544 Adolescentes
1765 2488 1940 2544 etiam

240 2575 417 2628 insiti
442 2574 738 2637 deficiunt,
763 2590 898 2631 cum
925 2576 1115 2647 ,fortia
1146 2592 1417 2648 quaque,
1469 2578 1564 2634 sed
1620 2591 1720 2648 per
1761 2578 1937 2647 hypo-

240 2662 438 2718 crisim
469 2663 639 2730 facta,
673 2664 743 2720 ab
775 2665 1001 2721 interna
1026 2666 1291 2723 ariditate
1326 2666 1654 2723 subsidunt.

314 2751 487 2807 Vens.
525 2752 610 2806 14.
648 2783 717 2792 -
761 2775 780 2801 ι
832 2753 937 2820 Qui
980 2754 1183 2825 jurant
1226 2754 1284 2811 in
1311 2756 1514 2811 delicto
1567 2754 1863 2824 Samaria,
1913 2777 1934 2803 ι

238 2838 383 2909 quia
417 2840 657 2896 firmiter
696 2855 1063 2911 perseverare
1102 2844 1226 2899 sine
1274 2843 1467 2899 fructu
1514 2843 1770 2899 interiori
1801 2843 1941 2899 deli-

238 2936 388 2999 gunt
415 2928 472 2983 in
501 2930 813 2987 simulacro
837 2931 1135 2987 exterioris
1182 2932 1473 2988 custodia.
1507 2931 1767 2989 Samaria
1786 2933 1938 2988 enim

238 3017 489 3071 custodia
521 3017 753 3074 dicitur.
794 3041 815 3068 ι
866 3020 1043 3087 Vivit,
1084 3020 1377 3091 inquiunt,
1409 3022 1560 3077 Deus
1601 3028 1739 3077 tuus
1788 3022 1930 3088 Dan,

244 3124 266 3151 ι
299 3112 355 3159 et
385 3104 529 3160 vivit
558 3105 654 3161 via
682 3106 976 3175 Bersabee,
1017 3115 1072 3164 et
1100 3108 1325 3176 cadent,
1359 3118 1413 3165 et
1459 3124 1579 3165 non
1630 3117 1937 3180 resurgent

245 3207 268 3235 ι
303 3186 478 3243 ultra.
543 3210 566 3237 ι
629 3190 751 3245 Dan
818 3192 1231 3260 interpretatur
1281 3193 1576 3262 judicium.
1658 3192 1936 3265 Bersabee

240 3283 435 3332 autem
458 3283 656 3347 puteus
705 3282 995 3335 satietatis.
1047 3285 1128 3337 Ac
1167 3282 1211 3337 si
1236 3281 1524 3338 dicerent:
1562 3281 1633 3337 Hi
1676 3281 1779 3352 qui
1827 3281 1934 3337 sibi

241 3364 344 3420 Dei
403 3366 849 3424 misericordiam
916 3376 1040 3439 post
1095 3368 1326 3441 longam
1378 3370 1728 3441 hypocrisim
1784 3370 1937 3426 circa

242 3453 416 3510 finem
472 3455 835 3525 pollicentur,
882 3472 915 3513 ο
945 3458 1199 3515 terribile
1230 3458 1540 3529 judicium,
1597 3460 1744 3515 Deus
1787 3464 1933 3524 tuus,

240 3542 343 3612 qui
390 3543 635 3601 salutem
686 3545 919 3603 cuilibet
961 3561 1316 3618 quacunque
1370 3549 1512 3604 hora
1567 3548 1936 3620 ingemuisset

239 3631 561 3701 spopondit,
598 3636 757 3702 vivit,
813 3636 953 3707 quia
998 3636 1118 3693 heri
1149 3644 1204 3693 et
1232 3636 1399 3693 hodie
1447 3636 1565 3708 ipse
1590 3645 1676 3693 est
1729 3637 1930 3705 (Hebr.

238 3733 360 3787 xiii,
404 3722 491 3790 8);
548 3721 696 3778 idem
743 3724 899 3795 quod
946 3724 1204 3795 promisit
1253 3726 1436 3782 facere
1492 3732 1720 3796 potens;
1753 3725 1849 3782 sed
1879 3734 1934 3783 et

236 3807 351 3871 via,
380 3805 437 3861 id
465 3815 552 3863 est
580 3810 727 3865 actio
775 3812 933 3880 putei
964 3813 1261 3881 satietatis,
1314 3814 1368 3869 id
1416 3821 1502 3870 est
1538 3813 1737 3884 gloria
1787 3820 1935 3869 tem-

238 3895 452 3962 poralis
481 3897 719 3965 advivit,
740 3899 1056 3968 plurimum
1078 3902 1322 3957 infirmis
1346 3902 1638 3960 mentibus
1667 3903 1756 3959 sui
1779 3917 1934 3959 com-

238 3983 509 4040 moditate
555 3986 771 4043 valens.
830 3988 983 4057 Ideo,
1029 3990 1108 4046 ait
1156 3991 1451 4062 propheta,
1505 3992 1699 4048 cadent
1739 3997 1790 4047 et
1827 4008 1935 4047 non

235 4079 521 4140 resurgent
546 4076 695 4130 ultra
740 4076 881 4147 quia
926 4092 1045 4134 non
1086 4078 1296 4136 debent
1342 4078 1541 4136 divina
1588 4080 1934 4151 restringere

235 4159 348 4215 sub
378 4176 485 4218 suo
516 4163 658 4221 velle
683 4164 924 4237 judicia.

900 4307 1130 4366 CAPUT
1168 4308 1270 4365 IX.

314 4430 485 4486 Vens.
524 4434 571 4484 t.
605 4461 672 4471 —
708 4456 729 4482 ι
765 4432 1223 4490 VidiDominum
1247 4442 1493 4492 stantem
1525 4450 1702 4506 super
1725 4437 1928 4505 altare,

240 4540 261 4566 ι
295 4525 352 4574 et
404 4519 551 4576 dixit
614 4535 628 4574 :
690 4520 929 4579 Percute
974 4523 1289 4589 cardinem,
1352 4532 1409 4581 et
1460 4534 1934 4583 commoveantur

239 4628 261 4654 ι
300 4607 788 4677 superliminaria.
828 4631 850 4660 ι
908 4612 1188 4668 Dominus
1214 4627 1378 4683 super
1413 4614 1590 4669 altare
1633 4619 1764 4682 stat,
1798 4629 1933 4670 cum

233 4707 391 4766 agre
419 4696 610 4753 ferens
631 4697 781 4754 dura
809 4699 1309 4757 animadversione
1344 4701 1635 4772 proposita
1666 4715 1934 4772 perversa

235 4783 565 4856 impugnat.
600 4786 709 4843 Pro
736 4787 906 4844 altari
952 4788 1105 4844 enim
1144 4789 1376 4857 habent,
1408 4790 1694 4862 quidquid
1745 4791 1932 4862 hypo-

232 4873 396 4929 crita
426 4874 561 4930 novi
592 4874 839 4933 instituti
890 4891 1171 4950 magnum
1215 4879 1368 4949 apud
1408 4894 1466 4936 se
1518 4888 1790 4937 censent:
1823 4879 1933 4947 Qui

230 4961 389 5018 enim
420 4970 533 5020 stat
574 4964 633 5020 in
690 4964 995 5038 Synagoga
1024 4966 1293 5036 Deorum,
1345 4968 1462 5039 ipse
1499 4968 1669 5026 etiam
1717 4968 1931 5041 dijudi-

231 5058 325 5106 cat
355 5051 531 5123 (Psat.
578 5068 770 5121 LXXXI,
802 5057 873 5125 1).
921 5054 1148 5112 Percuti
1190 5056 1467 5112 cardinem
1509 5056 1693 5128 jubet,
1740 5064 1804 5113 ut
1832 5073 1932 5112 su-

229 5142 627 5209 perliminaria
645 5150 1095 5215 commoveantur,
1128 5159 1262 5202 cum
1294 5146 1768 5216 pradicationum
1809 5146 1931 5217 spi-

232 5228 384 5311 culis
414 5230 587 5287 corda
614 5231 872 5301 pracipit
908 5233 1229 5300 vulnerari,
1261 5232 1318 5289 in
1345 5242 1571 5292 tantum
1619 5234 1926 5305 siquidem,

234 5324 301 5373 ut
353 5318 525 5375 etiam
578 5320 830 5377 exterior
868 5320 1101 5378 habitus
1148 5331 1555 5380 commutetur.
1593 5347 1613 5371 ι
1669 5323 1932 5380 Avaritia

239 5428 260 5454 ι
304 5408 458 5463 enim
487 5407 541 5463 in
573 5408 758 5479 capite
793 5410 1074 5475 omnium,
1104 5419 1158 5467 et
1206 5412 1583 5469 novissimum
1627 5428 1828 5471 eorum
1870 5414 1930 5471 in

238 5518 260 5543 ι
296 5495 490 5566 gladio
538 5498 898 5555 interficiani.
954 5520 976 5548 ι
1019 5498 1182 5564 Quod
1240 5515 1416 5572 super
1464 5502 1763 5569 cardinem,
1824 5502 1932 5559 hoc

2047 449 2313 519 appellat.
2344 451 2602 504 Avaritia
2628 452 2686 504 in
2723 452 2900 520 capite
2928 453 3165 505 omnium
3203 459 3307 517 est,
3343 466 3476 508 cum
3510 451 3743 508 honoris

2046 544 2100 593 et
2166 537 2379 593 favoris
2432 538 2669 594 ambitio
2735 539 3033 609 principali
3096 540 3371 595 mentium
3439 528 3740 597 intentioni

2048 627 2260 683 subest.
2326 629 2687 682 Nouissimam
2749 643 2929 681 eorum
3007 628 3070 683 in
3120 629 3306 697 gladio
3374 629 3737 696 interﬁcitur,

2048 729 2181 771 cum
2206 729 2433 785 corpus,
2467 716 2622 786 quod
2652 715 2775 772 ideo
2800 718 3152 771 nouissimum
3183 717 3411 784 dicitur,
3446 717 3586 787 quia
3617 731 3739 773 ma-

2048 804 2134 875 gis
2159 819 2335 875 quam
2370 819 2529 860 mens
2582 804 2920 874 contiguum
2966 819 3089 861 esse
3119 804 3495 877 dignoscitur,
3546 805 3741 861 lethali

2048 897 2278 958 peccato
2325 889 2631 945 addicitur.
2690 911 2710 937 ι
2746 889 2868 945 Non
2919 892 3027 946 erit
3079 891 3216 960 fuga
3244 891 3623 961 eis.‘Fugiet,
3686 897 3742 945 et

2054 999 2075 1025 ι
2106 991 2224 1033 non
2265 978 2587 1035 salvabitur
2629 993 2701 1034 ex
2744 978 2825 1034 eis
2852 980 2950 1049 qui
2993 980 3224 1049 fugerit.
3267 1000 3287 1026 ι
3345 979 3507 1049 Fuga
3554 979 3742 1049 hypo-

2048 1066 2208 1123 critis
2234 1080 2349 1123 non
2382 1075 2484 1134 est,
2535 1082 2668 1123 cum
2708 1067 2824 1123 illic
2849 1068 3051 1125 timore
3080 1069 3386 1139 trepidant,
3436 1068 3536 1124 ubi
3572 1068 3743 1123 timor

2049 1169 2164 1211 non
2193 1162 2298 1212 est.
2336 1156 2499 1227 Fuga
2544 1169 2799 1226 namque
2828 1156 3007 1212 animi
3064 1158 3232 1213 timor
3274 1165 3375 1213 est.
3411 1156 3624 1212 Tamen
3658 1156 3743 1212 fu-

2051 1245 2239 1315 giunt,
2275 1243 2415 1316 quia
2459 1258 2583 1300 sua
2615 1244 2803 1301 laudis
2858 1245 2979 1301 sola
3036 1246 3248 1301 damna
3301 1253 3588 1301 metuunt.
3632 1244 3739 1312 Qui

2049 1348 2184 1389 vero
2250 1332 2481 1405 fugerit,
2518 1347 2632 1388 non
2661 1332 2941 1396 salvatur,
2971 1335 3113 1403 quia
3144 1334 3412 1404 quisquis
3438 1334 3545 1389 hoc
3570 1332 3739 1389 modo

2047 1422 2326 1488 timuerit,
2356 1435 2729 1492 nequaquam
2759 1435 2793 1475 a
2826 1422 2917 1476 Dei
2938 1421 3178 1491 judicio,
3213 1421 3366 1492 quod
3401 1422 3740 1491 plerumque

2050 1516 2282 1580 peccata
2304 1509 2587 1580 propalat,
2622 1517 2975 1566 contulatur.

1978 1659 2020 1714 Β
2120 1626 2292 1683 Vnus.
2322 1629 2374 1680 2.
2401 1655 2474 1668 —
2512 1648 2533 1676 ι
2569 1626 2624 1682 Si
2672 1626 3065 1683 descenderint
3098 1640 3282 1696 usque
3320 1626 3391 1682 ad
3424 1625 3737 1692 infernum,

2050 1734 2077 1766 ι)
2111 1714 2245 1771 inde
2285 1729 2494 1771 manus
2545 1729 2673 1771 mea
2721 1714 2923 1772 educet
2954 1730 3069 1771 eos.
3120 1734 3146 1767 ››
3183 1715 3276 1768 Ad
3332 1716 3605 1781 infernum
3636 1713 3737 1769 de-

2046 1804 2349 1872 scendunt,
2385 1804 2487 1875 qui
2515 1804 2680 1860 nulla
2702 1804 2909 1875 pietate
2940 1805 3011 1859 ad
3035 1804 3342 1860 Dominum
3374 1802 3735 1873 resipiscunt.

2046 1892 2186 1948 Inde
2212 1908 2408 1947 manus
2439 1893 2538 1949 Dei
2592 1908 2677 1948 eos
2724 1893 2937 1958 educit,
2989 1906 3120 1948 cum
3170 1907 3287 1961 quo
3331 1890 3742 1961 desperatiores

2045 1988 2201 2048 sunt,
2236 1988 2394 2037 tanto
2421 1980 2645 2037 facilius
2670 1981 2734 2037 is.
2792 1982 2897 2048 Qui
2927 1980 3119 2036 educit
3150 1980 3371 2035 vinctos
3416 1980 3474 2034 in
3505 1978 3741 2035 fortitu-

2043 2070 2195 2136 dine,
2228 2077 2284 2126 et
2316 2071 2374 2125 iu
2406 2069 2683 2139 sepulcris
2715 2068 3044 2125 habitantes
3072 2082 3166 2123 eos
3186 2067 3337 2123 eruit
3357 2067 3526 2136 (Psal.
3564 2081 3738 2134 vau,

2045 2159 2119 2229 7).
2158 2181 2178 2207 α
2215 2158 2286 2215 Et
2313 2158 2362 2214 si
2394 2157 2790 2214 descenderint
2821 2172 3002 2227 usque
3025 2155 3096 2211 ad
3126 2156 3358 2223 calum,
3387 2155 3519 2211 inde
3549 2155 3738 2210 detra-

2052 2269 2073 2296 ι
2110 2248 2246 2303 ham
2286 2262 2402 2303 eos.
2442 2269 2463 2296 ι
2513 2247 2606 2301 Ad
2638 2247 2822 2301 calum
2864 2246 3178 2301 ascendens
3220 2244 3353 2299 inde
3396 2244 3736 2305 detrahitur.

2048 2336 2149 2407 qui
2182 2336 2368 2392 elatus
2403 2335 2461 2390 in
2509 2334 2839 2405 superbiam
2888 2341 2972 2401 ut,
3019 2334 3192 2404 juxta
3232 2332 3357 2398 Job,
3389 2340 3563 2402 caput
3615 2332 3742 2404 ejus

2048 2426 2233 2482 nubes
2261 2432 2461 2496 tangat
2514 2424 2637 2495 (Job
2698 2437 2802 2490 xx,
2850 2424 2924 2491 6),
2990 2421 3155 2493 quasi
3195 2420 3626 2492 Sterquilinium
3681 2421 3739 2477 in

2049 2514 2160 2570 fine
2188 2513 2560 2584 disperditur.

2118 2628 2287 2686 Vens.
2321 2626 2375 2683 3.
2429 2656 2497 2668 —
2550 2648 2571 2675 ι
2620 2625 2741 2682 Etsi
2788 2625 3101 2682 absconditi
3160 2624 3375 2681 fuerint
3431 2623 3492 2680 in
3527 2624 3741 2681 vertice

2053 2740 2074 2767 ι
2111 2716 2374 2784 Carmeli,
2430 2716 2562 2771 inde
2600 2722 2866 2771 scrutans
2907 2714 3166 2770 auferam
3212 2728 3325 2769 eos.
3367 2733 3387 2761 ι
3445 2711 3740 2767 Carmelus

2049 2807 2459 2876 interpretatur
2487 2805 2693 2873 mollis;
2737 2811 2929 2859 vertex
2960 2811 3150 2860 autem
3184 2802 3496 2872 superbiam
3528 2800 3738 2871 signat,

2050 2903 2115 2951 ut
2142 2903 2225 2951 est
2248 2894 2388 2950 illud
2420 2893 2573 2963 quod
2619 2892 2873 2962 psalmus
2925 2892 3198 2947 verticem
3244 2889 3434 2960 capilli
3492 2888 3741 2959 appellat

1979 2956 2020 3012 δ
2051 2984 2219 3053 (Psal.
2253 2956 2572 3049 LXV'll,-2‘Z).
2617 2956 2683 3037 In
2729 2980 2940 3037 vertice
2985 2980 3231 3037 Carmeli
3279 2956 3735 3044 abscondantur,

2049 3072 2150 3143 qui
2181 3072 2251 3127 de
2276 3085 2380 3127 suo
2416 3070 2604 3142 fragili
2636 3084 2803 3140 opere
2833 3070 2888 3124 in
2930 3083 3036 3125 sua
3077 3069 3417 3140 cogitatione
3446 3067 3736 3123 latantur.

2046 3162 2184 3218 Inde
2209 3166 2461 3215 scrutans
2491 3176 2575 3214 eos
2605 3160 2757 3215 Deus
2784 3159 2992 3226 aufert,
3023 3173 3157 3214 cuin
3182 3172 3278 3213 eos
3332 3158 3483 3214 intra
3513 3171 3572 3212 se
3613 3171 3737 3212 me-

2044 3251 2140 3307 dia
2168 3250 2390 3307 ratione
2420 3262 2598 3319 super
2618 3264 2721 3304 suo
2752 3248 2907 3317 turpi
2939 3256 3072 3303 actu
3103 3246 3434 3313 discutiens,
3463 3260 3497 3301 a
3539 3244 3738 3315 pristi—

2045 3340 2136 3395 nis
2187 3326 2536 3397 faditatib‘us
2593 3338 2864 3393 dimovet.
2935 3359 2955 3385 ι
3016 3336 3137 3392 Etsi
3189 3335 3501 3393 celaverint
3552 3349 3611 3390 se
3664 3333 3738 3389 ab

2046 3448 2074 3481 ››
2105 3428 2287 3485 oculis
2311 3427 2452 3483 meis
2482 3427 2539 3483 in
2566 3427 2748 3483 fundo
2777 3427 2972 3493 maris,
3008 3426 3086 3482 ibi
3133 3425 3421 3482 mandabo
3464 3422 3736 3494 serpenti,

2046 3539 2068 3567 ιι
2103 3522 2158 3573 et
2190 3515 2472 3573 mordebit
2516 3530 2629 3572 eos.
2690 3539 2711 3565 ι
2764 3518 2828 3570 In
2858 3515 3038 3583 fundo
3086 3516 3258 3569 maris
3310 3512 3379 3567 ab
3421 3513 3589 3567 oculis
3639 3511 3739 3567 Dei

2043 3620 2102 3662 se
2130 3606 2335 3673 celant,
2365 3604 2465 3675 qui
2498 3604 2557 3660 in
2582 3604 2854 3660 extremis
2882 3610 2936 3659 et
2978 3600 3516 3673 despicabilioribus
3543 3597 3734 3655 saculi

2040 3694 2217 3761 vitiis,
2251 3693 2467 3764 quibus
2496 3694 2677 3750 Deum
2711 3693 3053 3757 amaricant,
3093 3689 3482 3762 dignationem
3526 3687 3737 3742 divina

2040 3781 2408 3850 visitationis,
2449 3781 2713 3837 abdicata
2744 3795 2777 3835 a
2806 3794 2865 3835 se
2908 3779 3138 3850 penitus
3179 3776 3337 3834 omni
3386 3773 3739 3832 confessione

2042 3879 2422 3942 sequestrant.
2454 3872 2538 3926 Ibi
2568 3871 2720 3926 Deus
2744 3870 2982 3939 serpenti
3028 3867 3282 3933 mandat,
3342 3880 3531 3927 eosque
3578 3877 3738 3919 mor-

2041 3961 2153 4027 det,
2208 3975 2340 4016 cum
2389 3959 2607 4015 carnali
2660 3966 2854 4015 nostro
2897 3956 3128 4014 affectui
3198 3953 3608 4025 instinguendo
3647 3951 3739 4008 de-

2042 4049 2294 4115 nuntiat,
2354 4057 2418 4106 ut
2481 4049 2751 4104 miseram
2824 4046 3125 4114 rationem,
3189 4043 3360 4115 cujus
3410 4042 3623 4099 astutia
3678 4055 3738 4097 se

2042 4138 2321 4193 hactenus
2352 4138 2499 4193 male
2524 4138 2776 4194 occuluit
2808 4136 3150 4192 fastidiendo
3179 4149 3312 4206 qua
3339 4133 3487 4200 fecit,
3520 4144 3736 4189 excru-

2041 4225 2167 4282 ciet.
2201 4227 2313 4282 lste
2338 4233 2424 4283 est
2469 4240 2722 4295 serpens,
2775 4224 2879 4295 qui
2908 4226 3111 4291 Evam,
3163 4222 3219 4279 id
3260 4230 3345 4278 est
3375 4221 3735 4277 voluntatem

2039 4314 2290 4380 seduxit,
2321 4321 2377 4370 et
2400 4314 2528 4385 ejus
2564 4314 2832 4370 calcaneo
2862 4310 3116 4382 quotidie
3146 4309 3472 4366 insidiatur.

2111 4436 2281 4493 Vsus.
2326 4437 2377 4490 4.
2410 4464 2483 4476 -
2520 4457 2542 4484 ι
2576 4435 2646 4491 Et
2679 4436 2725 4491 si
2759 4434 2815 4489 in
2846 4433 3234 4504 captivitatem
3266 4431 3512 4489 abierint
3540 4443 3734 4487 coram

2044 4547 2065 4573 ι
2098 4524 2345 4581 inimicis
2378 4524 2518 4588 suis,
2552 4524 2627 4579 ibi
2665 4524 2952 4580 mandabo
2981 4522 3191 4595 gladio,
3217 4530 3273 4578 et
3301 4521 3517 4578 occidet
3553 4533 3668 4575 eos.
3707 4540 3728 4566 ι

2044 4616 2108 4668 In
2139 4615 2515 4683 captivitatem
2531 4628 2709 4667 coram
2736 4615 2977 4667 inimicis
3009 4611 3243 4678 abeunt,
3266 4611 3425 4681 quia
3454 4609 3544 4666 sui
3570 4607 3733 4665 exuti

2039 4701 2301 4757 libertate
2331 4700 2553 4767 arbitrii
2578 4701 2710 4771 plus
2735 4702 2908 4757 etiam
2954 4700 3109 4769 apud
3140 4713 3199 4755 se
3240 4713 3477 4770 peccare
3514 4697 3735 4754 delibe-

2038 4798 2189 4858 rant,
2222 4804 2402 4859 quam
2433 4791 2721 4846 damones
2751 4788 2859 4859 ipsi
2907 4795 3222 4859 suggerant
3264 4788 3365 4858 qui
3431 4788 3734 4858 aptivave-

2037 4887 2197 4936 runt.
2231 4880 2324 4934 lbi
2355 4879 2541 4945 gladio
2562 4881 2717 4935 Deus
2740 4883 2880 4933 14:
2937 4877 3194 4943 mandat,
3244 4891 3274 4931 e
3300 4925 3306 4931 .
3334 4890 3460 4947 .que
3505 4876 3730 4943 occidit,

2037 4983 2170 5025 cum
2206 4968 2531 5026 infelicibus
2562 4966 2831 5038 peccandi
2863 4966 3347 5037 opportunitatem
3371 4965 3529 5021 laxat
3552 4964 3733 5021 inter-

2038 5057 2265 5129 ituique
2303 5058 2600 5128 permittit.
2640 5079 2659 5105 ι
2717 5058 2786 5113 Et
2840 5070 3044 5127 ponam
3106 5061 3301 5111 0c.;ios
3355 5068 3509 5110 meos
3554 5067 3732 5124 super

2042 5166 2064 5195 ι
2096 5161 2192 5201 eos
2212 5146 2268 5201 in
2304 5146 2541 5214 malum,
2574 5153 2629 5203 et
2658 5161 2773 5202 non
2814 5146 2870 5201 in
2903 5147 3138 5202 bonum.
3190 5167 3208 5189 ο
3244 5144 3428 5215 Super
3454 5157 3550 5199 eos
3602 5158 3734 5197 ocu-

2040 5235 2116 5289 los
2158 5250 2293 5291 suos
2338 5236 2490 5291 Deus
2540 5236 2716 5306 ponit,
2766 5250 2897 5292 cum
2935 5237 3035 5292 hos
3092 5234 3420 5305 plzelibatos
3472 5233 3734 5304 quinque

2041 5324 2311 5395 peccandi
2380 5325 2593 5391 modos,
2655 5339 2769 5381 non
2828 5333 2943 5381 tam
3006 5326 3120 5380 anii
3168 5321 3494 5379 adversorie
3556 5334 3732 5392 quam

2038 5412 2483 5484 propitiabiliter
2521 5414 2737 5483 aspicit.
2775 5414 2906 5470 Hac
2952 5418 3011 5469 in
3057 5431 3141 5468 mu
3178 5429 3261 5468 um
3290 5428 3397 5467 non
3442 5414 3501 5466 in
3541 5411 3735 5465 bonum

2039 5502 2195 5569 facit,
2229 5502 2371 5558 dum
2407 5502 2489 5558 eis
2524 5517 2637 5560 non
2668 5504 2820 5560 bene
2866 5518 2998 5574 qua
3043 5516 3144 5573 per
3194 5501 3543 5573 hypocrisim
3600 5513 3735 5571 per-
