3934 6086
198 172 299 223 ivi?

1085 171 1142 222 V.
1190 168 1528 227 GUIBERTI
1563 169 1859 225 ABBATIS
1897 172 1952 225 S.
1997 169 2236 225 MARDE
2274 170 2366 227 DE
2407 169 2801 225 NOV’lGENTO

3588 176 3711 228 448

200 314 392 373 agere,
427 300 523 357 sed
552 300 735 357 malas
781 299 1121 356 intentiones
1158 299 1373 369 quibus
1408 298 1503 353 illa
1536 299 1714 354 fecere
1755 313 1892 368 pro-
1930 304 1977 356 A
2004 299 2159 371 regio
2189 308 2291 357 est.
2341 301 2486 370 Syri,
2539 301 2758 370 Cyrene
2794 300 3053 357 similiter
3099 310 3434 369 evocantur,
3492 304 3582 360 vel
3614 311 3716 372 ut,

276 389 398 444 nit..

276 404 398 444 nu..

200 404 444 536 p0Vsus.
474 482 526 533 5.
558 507 617 517 —
667 499 686 525 σ
734 477 804 531 Ει
848 474 1128 532 Dominus
1174 477 1317 530 Deus
1373 476 1756 538 exercituum.
1793 474 1896 546 qui

212 590 229 613 ο
270 567 452 637 tangit
514 573 744 631 terram,
811 572 866 619 et
918 564 1192 633 tabescet;
1256 572 1309 618 et
1368 563 1648 634 lugebunt
1700 578 1897 618 omnes

210 677 229 701 ιο
268 654 587 709 habitantes
641 651 698 706 in
763 664 849 706 ea.
908 674 928 697 ι
982 654 1262 713 Dominus,
1318 651 1526 721 inquit,
1565 654 1702 705 Deus
1749 667 1898 705 exer-

204 745 407 797 cituum
444 748 547 806 est,
607 740 706 810 qui
759 740 1166 810 potentiarum,
1216 748 1389 810 prout
1442 740 1690 807 libuerit,
1744 756 1897 811 qua-

206 847 453 902 rumque
494 831 699 887 efﬁcax
751 840 855 887 est.
904 832 1064 889 Unde
1095 840 1161 888 et
1206 847 1337 888 cum
1397 832 1641 903 tetigerit
1697 838 1898 887 terram

205 921 461 983 tabescit.
514 920 654 990 quia
706 936 839 976 cum
897 935 1133 976 manum
1175 936 1340 976 suam
1396 935 1496 990 per
1538 921 1897 977 conscientiae

205 1010 481 1077 foramen,
509 1011 683 1080 juxta
714 1009 849 1065 illud
896 1010 1117 1065 Cantici
1167 1010 1545 1075 canticorum,
1598 1009 1897 1065 immiserit

204 1099 393 1169 (Cant.
426 1115 481 1164 v,
532 1100 613 1169 4),
664 1112 734 1153 ac
781 1105 995 1154 tactum
1047 1099 1175 1169 ejus
1220 1106 1419 1154 venter
1464 1099 1775 1168 peccatoris
1816 1098 1898 1155 in-

206 1188 499 1253 tremiscit,
552 1195 608 1244 et
649 1187 817 1257 quasi
870 1201 941 1243 ex
997 1188 1088 1242 sui
1141 1188 1593 1243 consideratione
1640 1188 1893 1243 tabescit.

212 1276 472 1346 «Tangit
535 1275 689 1331 enim
765 1283 986 1331 montes
1050 1283 1106 1331 et
1164 1276 1452 1337 fumigant
1532 1274 1701 1344 (Psal.
1783 1291 1894 1342 cm,

207 1367 312 1433 32),
350 1386 372 1412 »
404 1365 634 1434 respicit
665 1372 721 1420 et
770 1364 903 1419 facit
944 1372 1186 1420 tremere
1237 1373 1468 1433 terram,
1525 1365 1714 1420 Omnes
1746 1365 1898 1419 habi-

205 1458 380 1508 tantes
404 1456 462 1507 in
489 1469 555 1507 ea
585 1453 802 1525 lugent,
836 1468 968 1509 cum
1008 1454 1180 1509 etiam
1221 1454 1323 1523 qui
1352 1468 1592 1524 corpora
1621 1468 1727 1510 sua
1756 1454 1900 1509 bene

206 1549 438 1612 regunt,
482 1540 541 1596 in
593 1541 752 1597 omni
798 1556 902 1598 suo
952 1542 1102 1598 bono
1151 1550 1287 1597 actu
1340 1542 1448 1597 nisi
1506 1542 1667 1597 luctu
1722 1541 1900 1612 digna

204 1629 421 1685 vident.
457 1629 510 1686 Si
550 1629 746 1700 justus
786 1630 884 1684 vix
937 1630 1197 1686 salvator
1224 1631 1280 1699 (I
1319 1633 1461 1685 Petr.
1496 1645 1571 1698 ιν,
1637 1631 1742 1700 18),
1777 1645 1894 1686 ιιοιι

203 1730 341 1788 ergo
379 1718 591 1773 mirum
623 1717 669 1773 si
704 1725 1028 1787 peccatores
1060 1718 1276 1773 timent.
1318 1741 1337 1765 ε
1365 1719 1436 1773 Ει
1465 1718 1731 1774 ascendet
1750 1718 1898 1773 sicut

214 1826 233 1847 ι
269 1805 433 1862 rivus
462 1806 670 1871 omnis,
700 1814 755 1862 et
786 1806 997 1862 detinet
1025 1807 1174 1863 sicut
1205 1807 1422 1863 ﬂuvius
1446 1807 1698 1878 ngypti.
1737 1830 1756 1855 ι
1795 1807 1898 1862 Hic

203 1909 425 1963 versus,
458 1903 513 1951 et
542 1896 814 1952 medietas
842 1896 1212 1965 praecedentis
1242 1902 1419 1966 supra
1453 1897 1749 1967 expositus
1780 1904 1889 1953 est.

203 1983 469 2040 Ascendit
509 1986 651 2040 sicut
707 1988 858 2039 rivus
897 1988 1089 2049 omnis,
1136 1999 1269 2041 cum
1311 1985 1497 2042 omnis
1526 1985 1627 2056 qui
1689 2000 1899 2055 corpus

205 2086 379 2128 suum
424 2072 686 2143 castigat,
736 2081 791 2129 et
822 2073 876 2128 in
932 2075 1264 2130 servitutem
1311 2074 1517 2144 redigit
1568 2075 1614 2144 (1
1655 2076 1786 2128 Cor.
1818 2090 1894 2142 ιχ,

202 2160 309 2228 27),
339 2161 504 2230 pleno
529 2161 601 2217 ad
634 2162 813 2223 Deum
856 2161 1037 2217 fertur
1066 2162 1285 2233 impetu
1347 2162 1698 2218 intentionis.
1746 2163 1899 2218 Sicut

202 2250 397 2314 ﬂuvius
426 2251 651 2320 Egypti
678 2250 900 2315 deﬂuit,
936 2265 1068 2306 cum
1100 2251 1314 2307 astutia
1338 2250 1456 2315 illa,
1490 2265 1606 2321 qua
1631 2251 1897 2319 conﬁgu-

204 2337 442 2393 rabatur
473 2338 736 2394 szeculari
766 2339 1038 2404 scientiae,
1070 2354 1142 2394 ex
1177 2347 1289 2395 toto
1322 2339 1377 2394 in
1406 2352 1473 2393 eo
1505 2338 1742 2408 deperit.

274 2427 444 2484 Vsus.
476 2430 528 2484 6.
561 2458 629 2467 -—
683 2451 704 2476 ι
735 2428 843 2495 Qui
897 2427 1144 2484 aedificat
1200 2429 1257 2483 in
1315 2427 1455 2483 coelo
1503 2428 1896 2484 ascensionem

210 2538 230 2563 ι
266 2530 453 2583 suam,
485 2524 539 2572 et
568 2517 904 2573 fasciculum
938 2532 1111 2573 suum
1133 2531 1307 2585 super
1330 2524 1538 2572 terram
1561 2516 1845 2572 fundavit.
1873 2539 1891 2561 ι

205 2607 270 2660 In
323 2608 448 2661 cazlo
493 2608 852 2660 ascensionem
901 2621 1056 2659 suam
1098 2605 1351 2673 aediﬁcat,
1402 2620 1533 2660 cum
1579 2605 1635 2659 in
1686 2605 1897 2660 electo—

206 2709 336 2749 rum
364 2702 607 2765 pectore,
642 2694 764 2765 qui,
797 2693 944 2749 sicut
969 2693 1200 2757 coelum,
1242 2694 1346 2749 sibi
1379 2701 1515 2749 sunt
1547 2694 1728 2762 sedes,
1773 2694 1895 2749 vir-

207 2790 394 2837 tutum
428 2774 814 2838 in’strumenta
853 2782 1215 2852 multiplicat,
1249 2797 1353 2853 per
1399 2798 1530 2852 quae
1564 2798 1677 2837 non
1712 2782 1897 2839 solum

209 2870 265 2924 in
291 2871 499 2927 horum
527 2871 792 2927 sensibus
841 2871 1212 2940 provehatur,
1258 2871 1352 2926 sed
1382 2871 1655 2943 eosﬁpsos
1707 2872 1773 2927 ad
1808 2872 1896 2927 sui

206 2960 468 3015 notitiam
528 2960 852 3029 promoveri
904 2959 1092 3015 faciat.
1148 2961 1491 3015 Fasciculum
1534 2976 1690 3014 suum
1738 2975 1901 3029 super

122 3052 139 3059 '
209 3053 410 3102 terram
455 3048 679 3111 fundat,
736 3061 867 3103 cum
904 3047 963 3102 in
1013 3062 1248 3118 corpore
1293 3056 1485 3103 nostro
1537 3048 1709 3103 totius
1765 3048 1897 3104 boni

206 3136 464 3192 exercitii
522 3137 815 3192 materiem
877 3150 978 3206 per
1057 3144 1268 3193 sanctae
1309 3136 1602 3208 religionis
1668 3137 1901 3194 vincula

208 3224 545 3296 constringit
583 3232 636 3280 et
665 3225 888 3281 solidat.
928 3248 947 3273 α
1002 3224 1108 3290 Qui
1160 3233 1324 3281 vocat
1367 3240 1551 3295 aquas
1610 3227 1806 3292 maris,
1847 3234 1901 3281 et

214 3336 234 3359 ιι
259 3313 503 3369 effundit
529 3328 627 3369 eas
668 3327 843 3383 super
888 3314 1091 3369 faciem
1139 3321 1326 3379 terrae,
1378 3315 1659 3371 Dominus
1693 3329 1898 3370 nomen

215 3423 234 3447 ι
272 3402 416 3472 ejus.
457 3424 478 3449 ι
512 3408 700 3471 Aquas
732 3405 900 3457 maris
928 3403 1208 3459 Dominus
1236 3410 1420 3469 vocat,
1469 3418 1600 3459 cum
1640 3418 1902 3474 quosque

209 3490 363 3547 leves
406 3498 460 3547 et
514 3491 739 3559 ﬂuidos,
785 3500 840 3547 et
898 3492 1125 3547 sentina
1187 3491 1402 3563 putida:
1452 3492 1902 3548 conversationis

209 3593 430 3636 amores
451 3580 522 3635 ad
552 3596 671 3637 suae
717 3579 1095 3636 institutionis
1126 3579 1383 3636 studiutn
1415 3588 1705 3650 provocat,
1753 3595 1903 3651 quas

204 3668 500 3739 jntantum
548 3671 746 3740 gratiae
783 3685 904 3726 suae
949 3670 1316 3725 condimento
1372 3669 1636 3725 dulcorat
1694 3678 1757 3726 ut
1812 3687 1902 3725 eas

207 3772 371 3827 super
397 3760 595 3823 faciem
627 3764 781 3813 terrae
807 3758 1087 3815 eﬂ'undat.
1125 3759 1177 3813 id
1210 3766 1293 3813 est
1342 3766 1474 3813 ante
1527 3758 1723 3813 faciem
1756 3773 1900 3828 quo-

208 3862 459 3917 rumque
506 3848 808 3914 bonorum,
854 3848 956 3918 qui
1003 3850 1175 3919 juxta
1231 3848 1587 3918 Apostolum,
1635 3857 1771 3904 sunt
1802 3848 1901 3905 Dei

210 3936 440 3991 cultura
462 3936 505 4005 (ι
535 3937 665 3989 Cor.
701 3951 781 4001 ut,
815 3937 887 4003 9),
922 3951 1018 3991 eos
1052 3951 1152 4006 pro
1179 3937 1435 4006 exemplo
1482 3945 1752 4005 exponat.
1790 3937 1903 3993 Nec

210 4023 265 4078 id
298 4022 535 4094 injuria.
558 4024 683 4093 Ipse
714 4031 797 4079 est
825 4025 977 4079 enim
1004 4025 1300 4093 Dominus,
1336 4026 1417 4080 sic
1448 4040 1509 4080 re
1541 4033 1605 4081 ut
1648 4025 1900 4092 nomine,

209 4110 302 4166 cui
333 4110 546 4177 subest,
580 4126 711 4167 cum
740 4111 1001 4177 voluerit,
1038 4127 1215 4182 posse.

2001 388 2377 463 juxtaaliam
2413 389 2842 445 translationem
2880 390 3104 459 (LXX),
3151 391 3360 455 dicam,
3400 393 3466 446 de
3514 395 3711 459 fovea.

2006 480 2064 534 in
2126 493 2244 548 qua
2278 480 2644 545 tenebantur,
2705 494 2836 535 cum
2895 480 3130 549 superbi
3177 480 3398 550 quique
3450 481 3519 537 de
3572 481 3717 536 imis

2005 568 2281 623 vitiorum
2306 568 2486 637 eruti;
2523 570 2628 634 vel,
2665 568 2819 638 quod
2861 568 3077 638 Cyrene
3124 576 3305 636 sonat,
3356 570 3426 624 de
3459 569 3713 625 haeredi-

2006 656 2152 711 taria
2209 664 2357 713 sorte
2398 657 2610 713 diaboli
2661 672 2763 727 per
2804 658 3147 726 baptismum
3207 659 3479 728 exempti,
3549 658 3715 713 intra

2006 745 2291 814 superbiae
2353 745 2762 802 sublimitatem
2836 761 3134 803 remanere
3181 748 3475 803 sinuntur.
3539 748 3712 812 Quod

2006 840 2188 889 totum
2220 848 2287 889 ac
2340 834 2386 889 si
2439 834 2692 890 diceret:
2752 836 2833 890 Ne
2889 835 3245 891 extollamini
3289 837 3431 905 quia
3477 850 3577 892 vos
3634 836 3713 891 de

2006 924 2248 994 Egyplo
2276 924 2597 991 eduxerim,
2651 925 2973 980 meminisse
3015 925 3230 980 debetis
3275 925 3429 994 quod
3471 932 3527 980 et
3558 924 3713 979 alias

2006 1027 2340 1069 communes
2380 1013 2664 1083 quaslibet
2700 1027 2974 1081 personas
3009 1013 3078 1069 de
3121 1013 3403 1081 gravibus
3432 1013 3599 1068 malis
3631 1012 3709 1067 ad

2005 1102 2266 1157 faciliora
2289 1117 2438 1171 saepe
2468 1102 2882 1157 transtulerim.

2078 1191 2244 1246 Vens.
2280 1193 2331 1245 8.
2363 1218 2437 1232 -—
2469 1212 2490 1238 ι
2522 1191 2665 1245 Ecce
2691 1190 2841 1245 oculi
2873 1189 3099 1245 Domini
3125 1190 3223 1245 Dei
3249 1204 3425 1260 super
3457 1205 3708 1261 regnum

2013 1303 2034 1329 »
2066 1294 2326 1350 peccans,
2375 1287 2431 1336 et
2479 1287 2766 1335 conteram
2824 1279 2963 1334 illud
3022 1294 3057 1334 a
3115 1279 3256 1335 facie
3307 1287 3491 1335 terra).
3544 1298 3568 1331 ι
3624 1280 3712 1335 Ne

2006 1368 2325 1434 elevemini,
2360 1367 2622 1437 inquam,
2657 1367 2963 1439 hypocrita?
2993 1381 3094 1437 pro
3124 1374 3313 1422 vestra
3341 1367 3536 1424 fucata
3563 1381 3709 1423 con-

2006 1456 2267 1523 tinentia,
2317 1456 2458 1526 quia
2506 1471 2618 1509 ecce
2656 1457 2799 1509 oculi
2859 1457 3082 1510 Domini
3108 1470 3279 1524 super
3308 1471 3536 1524 regnum
3579 1471 3709 1524 pec-

2009 1560 2159 1608 cans,
2204 1545 2259 1599 id
2302 1553 2385 1599 est
2425 1543 2737 1614 judiciaria
2785 1544 2885 1599 Dei
2941 1543 3348 1614 perspicacitas
3403 1558 3579 1613 super
3607 1558 3711 1600 eos

1937 1602 1980 1657 Β
2010 1633 2113 1704 qui
2141 1649 2199 1689 se
2219 1632 2475 1689 exterius
2505 1632 2720 1688 rexisse
2744 1632 3042 1698 videntur,
3077 1639 3132 1688 et
3163 1639 3355 1688 tamen
3379 1645 3453 1688 ex
3482 1646 3549 1688 eo
3581 1632 3710 1701 ipso

2006 1721 2283 1790 regimine
2312 1719 2369 1774 in
2418 1719 2680 1775 elationis
2713 1719 2934 1775 foveam
2979 1719 3420 1790 demerguntur.
3458 1721 3507 1774 A
3563 1721 3711 1781 facie

2007 1814 2162 1863 tenue
2192 1823 2435 1879 regnum
2464 1808 2801 1875 conteritur,
2825 1823 2956 1863 cum
2975 1808 3136 1879 justo
3162 1809 3261 1863 Dei
3286 1807 3505 1879 judicio
3530 1809 3707 1864 etiam

2006 1898 2076 1954 ad
2148 1899 2435 1953 humanos
2504 1912 2642 1953 usus
2707 1904 2986 1965 praetensa
3054 1897 3287 1953 castitas
3343 1897 3705 1953 adnullatur.

2012 2009 2033 2034 ι
2070 1986 2478 2042 Verumtamen
2510 1992 2810 2041 (301118113118
2848 1999 2963 2040 non
2994 1992 3287 2040 conteram
3331 1984 3567 2041 domum
3606 1986 3708 2039 ’3-

2012 2099 2031 2122 »
2067 2075 2191 2131 cob.
2228 2096 2248 2124 ›
2309 2078 2391 2130 Ac
2442 2074 2490 2129 si
2536 2074 2728 2129 dicat:
2788 2073 2940 2130 Licet
2986 2088 3090 2128 vos
3142 2073 3454 2143 plurimam
3497 2073 3709 2130 sancti-

2005 2177 2255 2219 moniam
2326 2163 2536 2218 habere
2597 2162 2943 2231 permittam,
3006 2169 3061 2217 et
3110 2161 3316 2217 electos
3368 2176 3540 2222 meos.
3603 2162 3706 2233 qui

2005 2253 2146 2307 vitia
2177 2252 2551 2322 supplantare
2583 2252 2873 2316 nituntur,
2906 2250 3213 2320 aliquoties
3262 2249 3466 2306 cadere
3493 2249 3705 2315 sinam,

2005 2350 2302 2398 conterens
2355 2349 2542 2397 tamen
2595 2339 2870 2405 exterius,
2933 2339 3243 2395 introrsum
3303 2339 3538 2395 omnino
3590 2354 3705 2395 non

2005 2437 2317 2492 conteram,
2361 2430 2458 2486 sed
2510 2429 2713 2484 faciam
2767 2427 2849 2483 eis
2893 2442 3092 2483 casum
3148 2428 3334 2483 standi
3386 2427 3706 2483 materiam.

2004 2520 2197 2587 Jarob,
2231 2520 2620 2588 supplantator
2650 2524 2752 2572 est.

2082 2609 2248 2664 Vnus.
2283 2610 2314 2660 9
2367 2637 2434 2647 —
2468 2629 2488 2655 ι
2527 2607 2673 2661 Ecce
2697 2621 2803 2676 ego
2836 2605 3145 2672 mandabo,
3185 2612 3239 2661 et
3276 2605 3606 2677 concutiant
3648 2604 3706 2659 in

2013 2718 2033 2745 ι
2070 2695 2339 2753 omnibus
2378 2694 2646 2766 gentibus
2682 2694 2916 2749 domum
2950 2693 3144 2761 Israel,
3200 2694 3350 2749 sicut
3375 2694 3707 2749 concutitur

2014 2807 2031 2833 ιι
2070 2784 2322 2841 triticum
2352 2784 2409 2838 in
2439 2783 2650 2849 cribro,
2679 2790 2735 2838 et
2764 2797 2876 2837 non
2918 2782 3080 2838 cadet
3109 2782 3342 2850 lapillus
3383 2796 3561 2851 super
3600 2789 3706 2838 ter-

1937 2898 1979 2954 ρ
2010 2894 2036 2926 n
2070 2888 2211 2929 ram.
2249 2896 2269 2920 ι
2306 2874 2458 2929 Deus
2495 2872 2752 2939 mandat,
2796 2885 2927 2927 cum
2963 2870 3199 2927 minime
3258 2870 3380 2927 fieri
3430 2878 3602 2926 vetat.
3637 2873 3705 2926 In

2006 2964 2253 3017 omnibus
2279 2962 2527 3030 gentibus
2558 2961 2774 3015 domum
2804 2961 2975 3014 Israel
3003 2958 3279 3024 concutit,
3317 2959 3463 3013 inter
3509 2957 3704 3013 omnia

2006 3066 2154 3125 pene
2184 3051 2323 3107 vitia
2368 3049 2773 3105 conscientiam
2826 3048 3137 3119 hypocrita:
3168 3047 3511 3117 plerumque
3553 3045 3706 3102 colli-

2009 3139 2111 3196 dit.
2135 3140 2205 3193 Et
2227 3138 2335 3194 hoc
2374 3136 2436 3192 ﬁt
2463 3139 2605 3190 sicut
2652 3138 2893 3189 triticum
2933 3139 2989 3189 in
3043 3136 3224 3189 cribro
3273 3136 3599 3197 concutitur,
3644 3134 3699 3188 in

2008 3242 2125 3298 quo
2158 3227 2437 3282 bonorum
2469 3224 2825 3280 naturalium
2858 3224 3056 3293 fruges
3082 3237 3117 3278 a
3146 3222 3325 3292 paleis
3353 3230 3408 3279 et
3440 3222 3704 3278 sordibus

2007 3316 2279 3371 vitiorum
2314 3316 2428 3370 Deo
2469 3313 2831 3369 discernente
2864 3319 3210 3382 purgantur.
3241 3312 3344 3367 Sed
3389 3326 3503 3366 non
3551 3312 3702 3366 cadit

2009 3407 2232 3477 lapillus
2286 3419 2450 3473 super
2514 3408 2735 3468 terram,
2792 3402 2931 3472 quia
2986 3401 3291 3457 obduratio
3355 3399 3532 3454 animi
3586 3412 3699 3453 non

2007 3494 2250 3561 excedit,
2283 3500 2343 3549 ut
2400 3492 2687 3562 pertingat
2730 3506 2914 3561 usque
2939 3491 3010 3545 ad
3045 3490 3255 3559 peccati
3309 3497 3364 3545 et
3410 3491 3702 3544 terrentia-

2010 3583 2081 3639 tis
2109 3596 2229 3638 suae
2262 3581 2543 3637 notitiam.

2079 3672 2250 3727 Vens.
2285 3672 2368 3724 10.
2401 3700 2469 3709 —-—
2506 3692 2525 3717 ι
2558 3670 2621 3724 In
2653 3668 2842 3740 gladio
2890 3668 3210 3724 morientur
3256 3682 3453 3723 onmes
3504 3666 3698 3737 populi

2015 3782 2035 3807 ι
2073 3767 2394 3829 peccatores
2420 3758 2553 3823 mei,
2587 3758 2689 3828 qui
2735 3759 2970 3813 dicunt:
3016 3758 3138 3813 Non
3191 3755 3698 3826 appropinquabit,

2013 3870 2036 3898 ι
2074 3863 2191 3905 non
2211 3849 2404 3904 veniet
2432 3862 2608 3917 super
2636 3862 2742 3903 nos
2806 3846 3043 3902 malum.
3079 3867 3115 3893 ι.
3156 3844 3313 3911 Quod
3354 3852 3438 3900 est
3468 3845 3654 3899 dicere
3687 3857 3698 3895 :

2007 3940 2351 4007 Qulcuuque
2380 3936 2489 3991 sibi
2545 3934 2921 3991 immuitatem
2970 3950 3003 3988 a
3051 3948 3217 4004 poena
3265 3932 3501 4002 peccati,
3539 3932 3697 4002 quasi

2010 4040 2111 4096 pro
2140 4025 2274 4081 vitae
2293 4025 2497 4081 merito
2537 4024 2643 4080 sibi
2674 4024 2974 4093 spondent,
3020 4038 3122 4093 pro
3174 4036 3282 4078 sua
3307 4027 3457 4075 249
3501 4021 3703 4076 securi-

2013 4122 2127 4170 tate
2149 4114 2412 4184 capitalis
2438 4112 2696 4169 criminis
2716 4112 2973 4183 gladium
3004 4111 3267 4166 incident.

281 4199 451 4255 Vens.
483 4200 536 4253 7.
569 4221 679 4249 -‹
709 4199 986 4277 Nunquid
1020 4216 1157 4265 non,
1191 4209 1255 4258 ut
1278 4201 1373 4256 lilii
1416 4201 1769 4271 Ethiopum,
1802 4216 1903 4257 vos
1943 4200 1986 4254 D
2076 4203 2245 4259 Vens.
2278 4206 2362 4256 lt.
2413 4233 2482 4241 -—
2521 4223 2540 4247 α
2577 4202 2640 4256 In
2674 4201 2763 4256 die
2796 4200 2888 4256 illo
2928 4198 3218 4255 suscitabo
3265 4196 3697 4254 tabernaculum

216 4288 405 4343 nestis
469 4286 631 4353 mihi,
701 4289 837 4345 dicit
898 4289 1189 4356 Dominus,
1262 4290 1361 4346 lilii
1422 4291 1690 4346 Israel?»
1774 4292 1905 4345 Filii

215 4378 391 4431 Israel
426 4376 757 4448 Ethiopum
811 4379 917 4446 ﬁlii
950 4379 1062 4434 Deo
1125 4379 1291 4446 ﬁunt,
1334 4393 1465 4434 cum
1499 4378 1576 4445 hi,
1620 4379 1723 4449 qui
1769 4393 1902 4435 cum

214 4466 325 4521 Deo
355 4466 475 4523 suis
505 4466 756 4523 motibus
787 4466 1098 4536 principari
1144 4467 1482 4531 debuerant,
1535 4466 1906 4523 immutabili-

213 4561 298 4610 ter
324 4555 383 4610 in
435 4555 649 4625 peccati
698 4555 998 4627 nigredine
1057 4563 1441 4625 perseverant.
1500 4557 1701 4624 Israel,
1740 4558 1906 4627 prin-

212 4656 341 4711 ceps
369 4657 504 4699 cum
533 4644 667 4709 Deo,
716 4643 950 4709 dicitur,
985 4642 1087 4713 qui
1119 4643 1189 4698 ad
1219 4644 1534 4699 obstinatos
1583 4644 1908 4714 hypocritas

212 4746 398 4788 sermo
427 4732 716 4804 dirigitur.
755 4756 777 4782 ι
812 4732 1091 4803 Nunquid
1122 4747 1237 4789 non
1270 4733 1439 4788 Israel
1483 4733 1788 4790 ascendere
1822 4734 1907 4790 fe-

219 4843 239 4867 ι
274 4820 323 4876 ci
371 4820 440 4877 de
494 4829 646 4877 terra
701 4821 955 4892 Egypti,
1022 4828 1077 4877 et
1133 4821 1465 4878 Palaestinos
1509 4822 1578 4878 de
1619 4823 1908 4892 Cappado-

220 4930 239 4956 ι
276 4910 383 4977 cia,
429 4918 484 4966 et
530 4909 702 4980 Syros
751 4910 820 4965 de
871 4909 1127 4980 Cyrene?
1192 4932 1212 4956 ι
1276 4912 1447 4966 Israel
1510 4912 1795 4967 ascendere
1843 4912 1909 4965 de

215 5004 363 5054 terra
393 5002 618 5068 Egyptt'
650 4999 801 5055 Deus
846 4998 1000 5065 facit,
1049 5013 1180 5055 cum
1226 4999 1296 5055 de
1324 4999 1520 5055 saeculi
1567 4999 1910 5055 maeroribus

151 5142 166 5151 _
216 5101 283 5143 ac
327 5087 573 5144 tenebris
617 5088 688 5143 ad
735 5101 794 5143 se
830 5087 1144 5144 videndum
1188 5089 1340 5144 Deus
1393 5101 1695 5157 assurgere
1750 5087 1904 5143 facit.

216 5174 502 5231 Palaestini
558 5176 1001 5246 deCappadocia
1041 5183 1350 5242 eruuntur,
1392 5190 1524 5231 cum
1577 5176 1645 5230 de
1697 5175 1908 5245 frigore

217 5261 573 5319 inﬁdelitatis
600 5263 673 5319 ad
704 5264 811 5318 hoc
841 5270 904 5319 ut
950 5263 1261 5320 mundanae
1292 5263 1602 5333 voluptatis
1649 5263 1909 5334 portione

217 5350 540 5417 concidant,
606 5350 810 5422 aliqui,
888 5352 1239 5409 educuntur.
1310 5352 1596 5408 Palaestini
1680 5352 1910 5421 potione

218 5440 484 5495 cadentes
546 5440 851 5508 dicuntur;
907 5440 1266 5510 Cappadocia
1319 5449 1512 5498 autem
1563 5440 1910 5511 aquilonalis

2019 4312 2040 4338 »
2077 4290 2279 4357 David,
2307 4290 2461 4361 quod
2505 4289 2724 4352 cecidit,
2757 4298 2812 4344 et
2854 4288 3209 4344 rezediticabo
3240 4293 3540 4356 aperturas
3587 4300 3701 4341 mu-

2018 4400 2041 4428 ι
2073 4394 2273 4436 rerum
2299 4379 2445 4450 ejus,
2494 4385 2549 4435 et
2588 4393 2656 4434 ea
2688 4393 2819 4448 quae
2870 4383 3229 4442 corruerant,
3282 4374 3636 4430 restaurabo.
3675 4394 3694 4419 ιν

2010 4471 2075 4525 1η
2104 4470 2193 4523 die
2221 4470 2315 4523 illo
2364 4469 2771 4523 tabernaculum
2817 4467 2991 4521 David
3048 4465 3193 4534 quod
3233 4464 3427 4519 cecidit
3474 4463 3700 4518 suscita-

2014 4563 2130 4623 tur,
2171 4571 2302 4611 cum
2352 4555 2410 4610 in
2451 4554 2549 4609 illa
2606 4553 3024 4610 illuminatione
3088 4552 3333 4623 interna,
3387 4564 3526 4620 qua.
3569 4549 3698 4604 dum

2013 4644 2270 4713 superbit
2299 4643 2530 4713 impius,
2581 4643 2650 4696 ad
2688 4641 2777 4698 sui
2819 4640 3134 4697 claritatem
3189 4639 3345 4694 velut
3389 4652 3598 4693 aurum
3630 4637 3703 4692 in-

2013 4733 2281 4790 oenditur
2307 4746 2524 4802 pauper
2554 4731 2722 4799 (Psal.
2758 4745 2833 4796 ιχ,
2869 4728 2979 4801 23),
3027 4734 3225 4784 sancta
3277 4727 3478 4782 militia
3519 4727 3703 4797 cujus-

2016 4822 2151 4878 libet
2182 4835 2362 4876 manu
2393 4819 2573 4884 fortis.
2603 4835 2735 4891 qua).
2763 4818 2980 4875 desidia
3015 4818 3339 4882 effluxerat,
3377 4817 3696 4871 innovatur.

2013 4913 2328 4979 Aperturas
2375 4923 2680 4965 murorum
2741 4908 2867 4979 ejus
2913 4906 3239 4969 retediticat,
3315 4920 3448 4960 cum
3507 4906 3704 4959 mentis

2016 4999 2228 5065 hiatus,
2298 5012 2400 5068 per
2466 5013 2612 5068 quos
2689 4996 3100 5052 admittebatur
3157 5007 3337 5064 prava
3400 4993 3701 5064 suggestio,

2013 5086 2191 5143 litura
2237 5086 2471 5143 virtutis
2526 5085 2841 5155 accopulat.
2908 5084 3046 5150 Quae
3113 5088 3452 5138 corruerant
3502 5090 3707 5138 restau-

2016 5183 2126 5239 rat,
2145 5190 2279 5231 cum
2311 5176 2526 5231 damna
2554 5174 2769 5245 peccati
2817 5171 3193 5242 pmnitudinis
3239 5169 3592 5240 impensione
3617 5186 3705 5226 re-

2017 5263 2327 5334 dintegrat.

2090 5353 2261 5409 VERS.
2303 5357 2381 5407 l2.
2415 5383 2484 5391 —-
2519 5374 2540 5401 ι
2573 5353 2643 5408 Ει
2682 5351 3040 5408 retediﬁcabo
3066 5365 3164 5406 eos
3212 5349 3360 5404 sicut
3408 5348 3465 5403 in
3512 5349 3707 5404 diebus

2021 5462 2046 5491 ι
2079 5441 2359 5512 antiquis,
2392 5452 2454 5498 ut
2484 5441 2806 5510 possideant
2838 5440 3114 5510 reliquias
3143 5438 3389 5493 ldumeaa
3429 5444 3486 5492 et
3518 5451 3708 5492 omnes
