3934 6086
169 285 273 337 449

665 280 1124 337 TROPOLOGl/E
1164 281 1231 336 IN
1268 280 1468 341 OSEE,
1510 280 1693 336 AMOS
1733 280 1818 335 ET
1855 279 2006 336 IER.
2046 304 2116 323 —
2154 280 2282 333 LIB.
2324 280 2388 334 V.
2428 279 2497 332 IN
2535 277 2779 347 JERQ—
2810 278 3201 334 PROLOGUS.

3480 304 3493 311 ν
3560 282 3665 334 l£50

175 430 195 456 ι
233 407 514 472 nationes,
566 420 633 462 eo
682 407 837 478 quod
892 406 1221 464 invocatum
1277 408 1349 464 sit
1405 422 1614 463 nomen
1669 422 1859 464 meum
1898 415 1943 466 Α
1973 415 2216 478 agreste,
2254 407 2398 463 nihil
2436 407 2704 475 insolens,
2744 407 2887 464 nihil
2929 408 3372 479 incompositum
3420 410 3670 465 residere

174 518 196 545 ι
231 510 409 566 super
437 509 552 551 eos.
585 516 606 542 ι
642 496 797 550 Sicut
829 498 888 549 in
917 496 1105 550 diebus
1135 499 1383 565 antiquis
1420 487 1516 551 eos.
1535 496 1861 564 retediticat,

169 600 302 641 cum
342 584 414 639 ad
465 584 791 653 exemplum
851 585 1266 654 supercmlestis
1320 586 1654 651 Jerusalem,
1698 586 1869 656 cujus

169 673 394 741 diebus,
425 674 475 727 id
510 680 592 729 est
623 672 955 739 virtutibus,
995 681 1056 728 ut
1086 674 1166 728 sic
1196 674 1465 740 dixerim,
1516 674 1657 729 nihil
1698 683 1868 729 reter-

171 762 327 826 nius,
359 775 453 817 eos
483 760 583 832 qui
616 761 833 817 militia
866 760 943 816 illi
981 761 1303 830 inequitant
1333 762 1579 817 instituit
1608 770 1661 817 et
1693 764 1869 819 refor-

170 857 311 905 mat.
347 851 416 904 Ut
455 850 771 919 possideant
807 851 1074 918 reliquias
1110 850 1363 914 Idumezc,
1397 854 1446 904 et
1474 866 1651 905 omnes
1689 854 1867 905 natio-

169 953 285 1005 nes,
327 939 712 993 terrenitatem
742 938 1005 994 videlicet
1045 939 1135 994 sui
1178 939 1452 1008 corporis,
1492 950 1546 995 et
1594 941 1871 1009 concupi-

172 1027 421 1081 scentias
451 1040 549 1096 per
577 1040 788 1096 corpus
812 1036 1143 1096 evagautes.
1180 1028 1247 1081 Et
1282 1027 1405 1093 hoc,
1437 1045 1494 1080 eo
1542 1029 1687 1098 quod
1715 1032 1869 1082 invo-

173 1121 355 1167 catum
403 1117 477 1168 sit
521 1130 711 1168 nomen
759 1130 935 1168 meum
971 1128 1136 1183 super
1184 1130 1288 1179 eos,
1344 1114 1397 1169 id
1457 1124 1541 1171 est
1592 1131 1707 1171 nou
1767 1130 1872 1171 suo

173 1201 394 1256 nomini
465 1202 681 1272 peccati
747 1201 1050 1257 victoriam
1111 1205 1519 1272 ascripserunt,
1584 1204 1677 1259 sed
1741 1212 1873 1259 ante

176 1289 453 1344 thronum
487 1290 586 1344 Dei
617 1303 859 1345 coronas
902 1304 1038 1346 suas
1069 1290 1176 1360 ipsi
1200 1290 1300 1346 soli
1335 1292 1769 1362 gratulabundi,
1804 1293 1872 1348 de

172 1378 266 1432 sui
297 1377 508 1433 laboris
537 1380 931 1447 prosecutione
970 1379 1268 1435 miserunt.

246 1465 422 1522 Vens.
457 1469 540 1520 13.
573 1496 642 1504 —-
680 1489 700 1514 ι
751 1468 893 1522 Ecce
946 1467 1066 1522 dies
1096 1468 1355 1534 veniunt,
1392 1468 1528 1524 dicit
1571 1471 1870 1539 Dominus,

179 1575 201 1601 ›
230 1560 288 1607 et
354 1554 800 1623 comprehendet
861 1563 1055 1611 arator
1108 1569 1437 1625 messorem,
1506 1567 1561 1614 et
1627 1559 1875 1614 calcator

179 1664 200 1686 ι
242 1656 372 1696 [ηερ
402 1642 717 1698 mittentem
746 1658 960 1699 semen.
1000 1668 1020 1691 ι
1062 1647 1188 1700 Dies
1231 1650 1471 1712 veuiunt,
1517 1662 1649 1703 cum
1700 1649 1873 1703 menti

173 1728 468 1785 claritates
525 1730 763 1786 internae
807 1734 1142 1789 succedunt.
1196 1735 1633 1804 (Zomprehendit
1688 1742 1875 1789 arator
1916 1712 1955 1764 Β

174 1833 485 1885 messorem,
523 1834 655 1874 cum
703 1820 1039 1876 exercitium
1092 1821 1226 1875 boni
1279 1822 1485 1891 operis,
1520 1823 1689 1878 etiam
1740 1838 1874 1879 nec-

173 1907 315 1963 dum
360 1919 618 1977 promoto
658 1909 868 1974 studio,
891 1910 1012 1978 jam
1049 1909 1184 1965 boni
1214 1910 1427 1979 operis,
1450 1925 1647 1967 secure
1669 1911 1877 1980 operiri

178 1996 384 2066 incipit
414 1998 777 2052 messionem.
810 1998 973 2065 Quod
1011 1998 1089 2053 illi
1145 1998 1322 2054 statui
1348 1999 1583 2054 obviare
1630 2000 1877 2065 videtur,

176 2099 297 2154 quo
360 2084 785 2154 perfectissimis
848 2094 983 2141 ante
1044 2087 1254 2143 Christi
1310 2089 1621 2143 adventum
1684 2091 1878 2157 negari

176 2173 364 2228 solere
393 2174 772 2242 cognovimus
809 2174 1051 2230 caelestis
1090 2175 1290 2244 patrite
1322 2176 1697 2231 mansionem.
1741 2178 1881 2230 Cul-

176 2270 333 2317 cator
374 2276 493 2315 uvae
544 2264 841 2316 mittentem
869 2264 1091 2318 semina
1140 2264 1594 2333 comprehendit.
1626 2279 1756 2320 cum
1813 2265 1878 2331 is,

177 2351 285 2421 qui
317 2350 531 2405 divina
574 2351 773 2420 gratia?
821 2360 1019 2407 nectar
1050 2366 1151 2422 per
1208 2367 1368 2407 novae
1425 2352 1885 2422 compunctionis

180 2436 455 2494 aﬁ‘ectum
491 2452 524 2493 a
549 2452 656 2493 sua
698 2447 887 2495 mente
915 2448 1223 2510 extorquet
1252 2446 1306 2496 et
1344 2440 1518 2506 elicit,
1551 2440 1733 2509 illum,
1781 2428 1912 2511 qui.

180 2527 463 2583 doctrinae
510 2527 780 2583 salutaris
818 2529 1040 2599 spargit
1082 2543 1297 2593 semen,
1354 2528 1577 2584 fervore
1607 2528 1683 2598 pii
1724 2529 1885 2584 'desi-

182 2616 329 2672 derii
376 2616 739 2686 aequiparare
785 2617 1096 2672 contendit.
1146 2639 1167 2667 ‹
1206 2615 1272 2673 Ει
1315 2618 1617 2674 stillabuut
1665 2625 1886 2673 montes

192 2726 213 2751 ι
244 2704 633 2771 dulcedinem,
684 2713 738 2761 et
766 2720 965 2762 omnes
1010 2705 1182 2762 colles
1224 2706 1363 2761 culti
1416 2714 1607 2763 erunt.
1644 2729 1670 2757 »
1730 2708 1885 2761 Μυη-

184 2799 266 2847 tes
290 2793 632 2848 dulcedinem
673 2794 912 2860 stillant,
960 2809 1093 2850 cum
1140 2797 1483 2851 excellentes
1522 2797 1580 2850 in
1628 2802 1887 2851 contem-

188 2882 443 2951 platione
474 2882 672 2949 animi,
701 2882 771 2938 de
801 2897 1065 2953 superna
1096 2884 1293 2954 gloriae
1331 2884 1544 2954 gaudio
1572 2884 1802 2949 sensim,
1833 2890 1889 2938 et

1976 497 2032 551 in
2065 497 2426 552 subditorum
2457 505 2645 553 mente
2671 497 3041 567 conSpicitur.

2047 586 2216 642 Vens.
2269 588 2350 639 l4.
2386 617 2453 624 ——
2488 607 2508 634 ι
2539 585 2878 641 Convertam
2912 586 3295 654 captivitatem
3329 587 3525 657 populi
3558 588 3670 643 mei

1981 695 2002 721 ι
2048 675 2242 741 Israel,
2291 683 2344 729 ct
2376 674 2744 729 zediticabunt
2782 674 3039 731 civitates
3087 676 3360 743 desertas,
3414 683 3468 731 et
3514 677 3672 732 habi-

1983 784 2004 811 ι
2044 763 2248 818 tabunt
2280 762 2337 818 in
2365 763 2463 816 eis.
2500 783 2520 810 ι
2558 764 2953 832 Captivitatem
2981 764 3175 831 populi
3204 763 3297 817 sui
3341 765 3489 819 Deus
3530 779 3672 819 con-

1978 850 2166 917 vertit,
2200 864 2331 905 cum
2381 850 2481 919 qui
2515 849 2768 918 captivos
2799 858 3019 903 nostros
3049 850 3339 904 duxerant
3395 851 3673 906 animales

1978 946 2187 1005 motus,
2251 938 2354 1007 ipsi
2415 938 2624 1007 captivi
2673 926 3063 994 abducuntur.
3106 938 3177 991 ad
3238 937 3402 993 liberi
3450 939 3673 994 arbitrii

1981 1026 2286 1083 rationales
2311 1034 2503 1081 nutus.
2532 1025 2690 1081 Unde
2711 1034 2795 1080 est
2820 1041 2832 1079 :
2856 1047 2876 1074 ι
2912 1025 3235 1094 Captivam,
3268 1026 3478 1096 inquit,
3503 1027 3675 1084 duxit

1979 1114 2366 1185 captivitatem
2400 1115 2616 1183 (Ephes.
2661 1128 2734 1179 ιν,
2777 1113 2853 1183 8).
2913 1114 3181 1168 Civitates
3210 1114 3448 1169 desertas
3489 1114 3676 1169 adifi-

1980 1210 2132 1269 cant,
2181 1216 2315 1258 cum
2363 1201 2760 1257 sensualitates
2813 1202 2909 1256 Dei
2957 1202 3332 1257 contubernio
3371 1203 3671 1268 desolatas,

1979 1300 2179 1347 contra
2235 1290 2408 1346 totius
2457 1290 2726 1345 incursus
2767 1290 3037 1346 vanitatis
3095 1289 3440 1347 instaurant.
3487 1292 3561 1345 In
3598 1293 3677 1346 eis

1980 1379 2329 1444 inhabitant,
2358 1393 2493 1434 cum
2517 1392 2616 1433 eas
2651 1377 2891 1433 sollicita
2932 1378 3193 1433 custodia
3224 1380 3675 1449 frequentantes.

1981 1482 2102 1522 suae
2127 1466 2329 1521 ditioni
2361 1466 2477 1521 lixa
2506 1465 2914 1521 deliberatione
2960 1465 3297 1536 subjugaut.
3335 1489 3356 1514 ι
3392 1467 3463 1522 Ει
3510 1466 3680 1537 plan—

1988 1578 2009 1602 ι
2040 1555 2247 1610 tabunt
2276 1556 2493 1623 vineas,
2527 1563 2580 1610 et
2608 1554 2804 1610 bibent
2841 1554 3045 1609 vinum
3093 1569 3316 1621 earum,
3367 1564 3422 1611 et
3472 1555 3680 1611 facient

1990 1667 2009 1691 ι
2050 1647 2257 1711 hortos,
2289 1651 2343 1699 et
2372 1644 2667 1701 comedent
2697 1642 2920 1698 fructus
2953 1658 3174 1699 eorum.
3214 1666 3236 1693 ι
3278 1646 3472 1698 Vineas
3512 1645 3682 1714 plan-

1987 1741 2128 1799 tant,
2161 1734 2263 1804 qui
2289 1747 2496 1789 causas
2523 1740 2751 1788 aeternae
2785 1732 2991 1787 laetitiae
3020 1733 3109 1801 pie
3129 1732 3531 1788 collaborando
3553 1746 3685 1802 pro-

1991 1831 2223 1893 pagant.
2294 1824 2492 1877 Vinum
2536 1837 2723 1875 earum
2772 1821 2999 1889 bibunt,
3056 1835 3189 1877 cum
3250 1822 3365 1891 spei
3403 1821 3683 1892 gaudium

1987 1912 2347 1981 sempiternae
2379 1910 2508 1965 inde
2541 1918 2917 1979 praesumunt.
2973 1910 3109 1965 Inde
3155 1910 3515 1977 debriantur,
3551 1925 3685 1966 cum

1989 2002 2057 2054 ad
2090 1999 2380 2055 anteriora
2427 1998 2739 2062 tendentes,
2787 2011 2854 2052 ea
2911 2012 3042 2067 quae
3095 2002 3247 2053 retro
3291 2006 3426 2053 sunt
3473 1999 3686 2053 oblivi-

1987 2096 2231 2143 scuntur
2276 2086 2502 2154 (Philip.
2556 2100 2637 2150 ιιι,
2700 2087 2803 2146 13).
2857 2086 3069 2139 Harios
3123 2086 3362 2152 faciunt,
3422 2101 3556 2142 cum
3614 2087 3683 2141 ad

1992 2175 2177 2241 fortia,
2210 2182 2263 2230 et
2298 2174 2469 2229 etiam
2502 2172 2814 2243 corporalis
2860 2174 3285 2230 exercitationis
3332 2175 3524 2230 studia
3567 2189 3686 2230 sese

1993 2263 2334 2333 proripiunt.
2369 2264 2598 2317 Fructus
2627 2276 2809 2315 eorum
2840 2263 3169 2327 comedunt,
3204 2277 3337 2318 cum
3379 2263 3448 2318 de
3493 2262 3686 2319 labore

1992 2352 2279 2420 forastico,
2304 2359 2359 2406 et
2389 2351 2458 2407 de
2484 2349 2872 2406 beneficentiae
2900 2351 2959 2405 in
2997 2351 3329 2420 proximum
3378 2351 3685 2420 impendio,

1993 2441 2062 2496 de
2092 2439 2301 2496 cmlesti
2334 2438 2510 2494 menti
2538 2438 2820 2494 securitas
2848 2439 3018 2494 etiam
3052 2438 3572 2509 imprmsentiarum
3600 2440 3685 2494 in-

1994 2530 2255 2585 nascitur
2289 2527 2505 2582 bravio.

2034 2627 2039 2632 '
2066 2618 2231 2672 Vnus.
2262 2616 2344 2670 15.
2372 2647 2440 2654 ——
2471 2638 2492 2665 ι
2521 2617 2591 2671 Et
2615 2615 2886 2686 plantabo
2911 2630 3006 2670 eos
3033 2630 3208 2686 super
3229 2617 3473 2672 humum
3500 2630 3687 2683 suam,

2002 2728 2022 2753 ι
2055 2714 2109 2761 et
2138 2720 2252 2761 non
2277 2704 2521 2761 evellam
2548 2720 2645 2761 eos
2674 2704 2828 2761 ultra
2866 2705 2935 2760 de
2968 2713 3120 2760 terra
3148 2719 3327 2775 quam
3357 2705 3487 2761 dedi
3526 2706 3629 2761 eis.
3665 2726 3684 2752 ι

1995 2796 2170 2864 Super
2219 2795 2440 2849 humum
2492 2810 2649 2850 suam
2696 2810 2780 2850 eos
2836 2794 3075 2863 plantat,
3135 2808 3266 2849 cum
3326 2793 3694 2850 immobiliter

1996 2884 2077 2939 eis
2106 2898 2345 2940 suorum
2402 2898 2731 2953 corporum,
2780 2897 2852 2939 ne
2905 2882 3152 2939 ulterius
3201 2892 3405 2953 praeter
3458 2882 3691 2938 modum

188 2970 446 3039 quadam
478 2969 787 3025 verborum
820 2970 1181 3039 lentitudine,
1209 2978 1476 3026 tractant.
1512 2972 1581 3026 Et
1621 2971 1708 3026 hae
1753 2974 1890 3027 sunt
1931 3005 1969 3055 υ
1998 2972 2232 3029 rebellia
2264 2972 2421 3038 fiant,
2456 2972 2777 3028 dominium
2818 2972 3011 3028 donat.
3046 2975 3117 3027 De
3149 2978 3294 3026 terra
3329 2988 3498 3041 quam
3541 2971 3694 3027 dedit

187 3059 457 3114 scintillze
489 3059 645 3129 apud
680 3058 1032 3115 Ezechielem
1076 3059 1209 3115 ieris
1255 3059 1551 3115 candentis
1595 3059 1815 3129 (Ezech.
1850 3076 1886 3126 I,

188 3147 263 3217 7).
297 3148 370 3202 Et
399 3147 542 3217 quid
577 3146 736 3202 aliud
766 3161 948 3217 quam
974 3147 1192 3203 stillare
1224 3146 1472 3214 videtur,
1508 3149 1610 3217 qui
1641 3149 1792 3219 quod
1820 3149 1889 3204 de

192 3233 307 3291 Deo
340 3235 533 3300 sentit,
572 3235 914 3305 neutiquam
963 3235 1308 3291 elucubrare
1340 3237 1733 3305 permittitur?
1764 3238 1889 3292 0m-

188 3338 285 3378 nes
323 3325 483 3378 colles
512 3325 649 3378 culti
692 3331 849 3391 sunt,
877 3338 1013 3379 cum
1041 3324 1114 3379 ab
1163 3338 1363 3380 eorum
1412 3324 1698 3381 stillicidio
1747 3326 1888 3381 nihil

2000 3064 2075 3115 eis
2103 3062 2252 3115 ultra
2280 3076 2364 3114 eos
2392 3076 2496 3114 non
2519 3061 2729 3127 evellit,
2763 3061 2903 3129 quia
2932 3074 3109 3130 quam
3152 3062 3411 3130 promisit
3461 3059 3695 3115 mitibus

2001 3149 2399 3220 possidendam
2429 3150 2647 3218 (Matth.
2686 3165 2738 3216 v,
2788 3152 2865 3219 4),
2913 3163 3113 3204 eorum
3168 3150 3429 3205 videlicet
3488 3162 3693 3217 corpo-

2005 3253 2136 3295 rum
2165 3246 2374 3294 terram
2402 3245 2616 3294 aeterno
2644 3241 2728 3293 eis
2751 3240 2883 3308 jure
2916 3238 3181 3308 praefixit.

1508 3497 1587 3540 EX
1596 3497 1793 3541 PLICIT
1838 3497 2006 3541 AMOS
2054 3497 2378 3543 PROPHE'I‘A
2389 3527 2402 3540 .

1114 3843 1626 3917 PROLOGUS
1681 3845 1810 3916 AD
1872 3843 2238 3917 LIBRUM
2298 3842 2769 3929 QUINTUM.

272 4227 425 4276 τίη
447 4222 815 4279 Beatissimus
839 4223 1135 4288 Jeremias,
1152 4224 1274 4293 qui,
1298 4238 1369 4279 ex
1391 4223 1510 4293 ipso
1530 4222 1729 4279 matris
1742 4230 1905 4279 utero

2013 4221 2108 4276 sed
2140 4235 2272 4276 cum
2312 4220 2385 4276 ad
2416 4221 2753 4277 charitatem
2802 4222 2900 4277 Dei
2949 4231 3004 4279 et
3053 4225 3297 4294 proximi
3344 4240 3504 4281 mens
3551 4240 3706 4281 com-

199 4311 595 4367 sanctiﬁcatns
622 4321 677 4367 et
722 4312 997 4383 propheta
1026 4312 1296 4382 gentibus
1338 4311 1676 4377 destinatus,
1712 4311 1899 4366 iniens
1932 4296 1973 4349 Ι)
2013 4317 2248 4378 puncta,
2289 4317 2344 4365 et
2389 4310 2599 4365 excidii
2641 4310 2729 4366 sui
2777 4310 3228 4381 lacrymabiliter
3273 4314 3571 4370 recordata
3612 4328 3709 4369 re~

199 4414 393 4456 aevum
426 4400 536 4456 sub
568 4401 903 4471 evangelica
933 4400 1262 4471 virginitate
1310 4400 1603 4470 produxit,
1638 4400 1763 4471 qui,
1808 4414 1902 4455 se-

199 4488 465 4544 cundum
496 4488 754 4544 inolitam
783 4488 896 4544 sibi
943 4490 1272 4558 puritatem,
1306 4496 1465 4544 tanto
1512 4491 1743 4545 acutius
1782 4502 1903 4544 sese

200 4575 276 4631 ad
308 4576 533 4631 interna
582 4576 883 4645 proripuit,
927 4584 1144 4646 quanto
1176 4575 1248 4630 ab
1285 4584 1524 4632 externo
1570 4575 1797 4640 foedere,
1847 4581 1903 4629 et

201 4664 576 4735 prosperitate
619 4658 933 4731 mundana,
978 4678 1079 4734 pro
1122 4664 1392 4734 temporis
1435 4664 1813 4731 incommodo,
1849 4670 1904 4719 et

201 4753 376 4808 corde
413 4753 782 4822 pudicissimo
822 4754 1091 4809 secretior
1117 4753 1244 4809 fuit.
1274 4753 1434 4810 Unde
1463 4761 1674 4809 sancta:
1720 4752 1904 4809 infor-

206 4842 438 4897 tunium
469 4841 717 4897 civitatis
743 4843 815 4897 ad
865 4842 1153 4898 interioris
1194 4842 1440 4898 hominis
1488 4844 1788 4899 conterens
1815 4842 1906 4897 la-

205 4943 400 4999 psum.
441 4931 804 5000 quadruplex
864 4931 1117 5000 mysticis
1159 4929 1453 4987 doloribus
1499 4931 1767 4986 adhibuit
1815 4930 1899 4985 al-

206 5017 549 5087 phabetum,
586 5026 650 5074 ut
678 5034 852 5089 quem
880 5028 1133 5090 quatuor
1169 5020 1581 5075 elementorum
1631 5019 1905 5076 immode-

206 5107 416 5161 rantiis
469 5106 654 5175 ruisse
708 5115 1078 5177 compererat,
1153 5121 1255 5178 per
1299 5108 1700 5179 evangelicum
1743 5117 1907 5166 cata-

208 5195 433 5265 plasma
455 5203 706 5262 sanaret,
735 5203 790 5251 et
818 5195 920 5266 qui
947 5196 1292 5266 Decalogum
1327 5196 1680 5266 duplicitatis
1719 5205 1906 5254 trans-

208 5283 505 5355 gressione
565 5282 911 5351 calcaverat,
973 5284 1082 5339 sub
1134 5284 1469 5356 evangelica
1518 5300 1577 5341 se
1634 5286 1909 5344 dualitate

207 5372 602 5442 restringeret.
663 5371 881 5442 Viginti
943 5372 1097 5427 enim
1144 5372 1274 5428 dure
1327 5371 1528 5427 litterae
1579 5386 1712 5427 cum
1769 5372 1907 5443 sint,

208 5461 575 5517 deutereseos
600 5474 926 5530 excessum,
951 5475 1084 5531 qua:
1117 5460 1257 5531 legis
1314 5473 1493 5516 sacrae
1526 5461 1908 5518 sinceritatem

207 5544 590 5602 traditionem
642 5546 895 5600 novitate
933 5552 1289 5614 corruperat,
1351 5545 1645 5600 vioenario
1683 5544 1907 5616 signat;

2009 4395 2249 4465 digitur,
2280 4396 2523 4453 interius
2559 4399 2970 4455 exterminium
3018 4400 3231 4470 gemini
3284 4403 3549 4472 prrecepti
3591 4402 3710 4457 bre-

2010 4485 2185 4540 vitate
2208 4494 2529 4555 reparatur.
2579 4487 2693 4543 Nos
2739 4502 2878 4558 ergo
2907 4488 3248 4545 deuteresim
3297 4490 3623 4546 omittentes
3649 4498 3705 4546 et

2012 4573 2380 4642 hypocrisim,
2407 4589 2539 4646 quae
2567 4576 2689 4632 suis
2720 4577 3008 4633 coloribus
3047 4578 3325 4646 plurimos
3363 4577 3422 4633 in
3454 4578 3711 4634 Ecclesia

2011 4662 2394 4731 conduplicat,
2441 4672 2815 4731 assumentes,
2868 4665 2923 4719 in
2965 4679 3135 4721 casus
3193 4674 3246 4720 et
3286 4666 3503 4721 damna
3549 4680 3710 4722 men-

2012 4750 2176 4817 tium,
2204 4766 2336 4822 quaa
2367 4752 2425 4807 in
2460 4753 2801 4822 quotidiana
2829 4752 3147 4809 vastatione
3173 4756 3546 4823 perpetimur,
3578 4756 3712 4811 sub-

2012 4837 2189 4894 tiliter
2230 4840 2593 4908 invehamur,
2658 4849 2714 4895 et
2765 4841 3151 4897 simulationis
3204 4855 3433 4912 rugam,
3469 4856 3589 4913 qua
3638 4844 3713 4899 ad

2014 4926 2197 4981 Deum
2229 4926 2461 4997 quidem
2490 4936 2897 4998 angustamur,
2939 4929 3010 4983 ad
3049 4930 3325 4985 sacculum
3358 4942 3496 4987 vero
3531 4932 3712 5002 pessi—

2015 5028 2111 5069 ma
2140 5015 2415 5070 virenarii
2446 5016 2919 5086 multiplicatione
2951 5017 3319 5086 replicamur,
3349 5019 3419 5075 de
3452 5021 3715 5089 proximo

2015 5112 2215 5160 euntes
2241 5105 2301 5159 in
2350 5105 2552 5171 Deum,
2594 5105 2653 5159 in
2705 5105 2919 5161 amicos
2961 5114 3017 5161 et
3064 5106 3322 5181 inimicos
3362 5109 3546 5165 multa
3574 5124 3715 5181 qua-

2016 5192 2738 5262 quaversumliheralitate
2796 5194 3122 5268 tendantur.
3208 5176 3272 5251 In
3296 5196 3521 5254 defectu
3578 5176 3716 5271 ergo

2017 5281 2274 5349 urbium,
2310 5281 2513 5337 ruinas
2542 5282 2885 5339 meditemur
2934 5283 3281 5353 animorum,
3329 5294 3385 5342 et
3415 5286 3718 5343 videamus

2017 5370 2159 5439 quid
2188 5372 2409 5440 primus
2437 5371 2601 5427 nobis
2626 5371 2926 5428 character
2953 5372 3226 5441 insinuet,
3260 5387 3333 5430 ex
3372 5389 3490 5446 quo
3535 5375 3620 5431 uti
3647 5375 3717 5432 de

2018 5462 2241 5515 caeteris
2265 5466 2507 5528 constat,
2537 5458 2677 5530 quia
2707 5460 2967 5532 subjecta
2991 5463 3276 5519 sententia
3305 5463 3527 5533 pendet.
3563 5463 3718 5534 Ergo

2020 5558 2216 5606 sancto
2244 5565 2347 5605 nos
2372 5550 2590 5620 Spiritu
2618 5549 2953 5622 accingente
2982 5564 3310 5622 pergamus.
