3928 6070
267 280 362 330 451
1180 278 1246 331 ν.
1295 276 1633 333 GUIBERTI
1673 278 1967 342 ABBATIS
2005 280 2058 336 S.
2097 280 2334 337 MAR”?
2375 281 2466 337 DE
2507 281 2895 339 NOVIGENTO

3665 288 3774 341 452

1615 565 1900 637 LIBER
1957 563 2402 650 QUINTUS.

591 776 1418 874 TROPOLOGLE
1513 777 1641 872 IN
1735 774 2782 874 LAMENTATIONES
2875 779 3441 876 ιῘΕΒΕΜΙΆΕ

825 1092 1056 1149 CAPUT
1096 1090 1396 1147 PRIMUM.

1014 1211 1221 1252 ALEPH.

337 1293 508 1349 Vnus.
549 1294 598 1344 1.
649 1319 719 1328 -
755 1310 775 1336 ‹
832 1286 1124 1353 Quomodo
1175 1285 1330 1341 sedet
1372 1284 1494 1340 sola
1539 1285 1741 1340 civitas
1793 1285 1961 1354 plena

270 1403 292 1430 ι
326 1380 558 1452 populo,
592 1379 742 1434 facta
786 1385 870 1432 est
927 1375 1092 1446 quasi
1149 1374 1328 1430 vidua
1382 1373 1618 1429 domina
1674 1374 1957 1444 gentium,

271 1492 290 1517 ι
327 1470 593 1539 princeps
646 1465 1078 1536 provinciarum
1134 1463 1282 1518 facta
1338 1470 1422 1517 est
1477 1462 1586 1518 sub
1640 1462 1898 1518 tributo?
1933 1484 1953 1510 ι

265 1559 448 1628 Aleph
508 1557 919 1625 interpretatur
966 1551 1236 1605 doctrina.
1289 1552 1495 1606 Civitas
1546 1553 1711 1619 plena
1760 1552 1960 1619 populo

262 1646 582 1711 solasedet,
628 1657 758 1699 cum
791 1655 949 1698 mens
985 1639 1398 1710 cogitationum
1448 1639 1655 1707 stipata
1700 1637 1962 1708 frequen-

263 1736 375 1802 tiis,
428 1735 546 1790 sola
597 1740 651 1789 et
703 1730 1032 1786 incomitata
1089 1729 1309 1798 absque
1366 1728 1640 1783 doctrinae
1688 1727 1958 1782 salutaris

259 1823 628 1880 meditatione
679 1819 953 1885 subsidet,
1012 1819 1151 1873 dum
1185 1817 1258 1871 ad
1309 1816 1694 1885 reparandam
1753 1815 1959 1871 mentis

261 1914 510 1984 quietem
551 1911 957 1979 tumultusque
1004 1908 1284 1963 sedandos
1317 1906 1476 1962 nulla
1515 1905 1572 1960 vi
1617 1919 1720 1974 per
1755 1919 1813 1960 se
1860 1919 1956 1959 as-

258 2016 497 2073 surgere
523 2001 693 2056 valet.
735 1998 895 2054 Unde
938 1997 1166 2052 cuidam
1206 1995 1369 2050 malae
1432 1993 1645 2063 virgini
1699 1994 1952 2048 dicitur:

265 2111 288 2138 ι
323 2091 463 2146 Sede
493 2089 550 2144 in
576 2087 810 2158 pulvere
836 2087 987 2156 (Isai.
1021 2099 1191 2152 XLVII,
1230 2085 1302 2153 l).
1339 2105 1360 2131 υ
1393 2081 1556 2138 Solus
1578 2096 1834 2152 namque
1865 2097 1958 2138 ne-

259 2194 352 2234 mo
382 2186 486 2244 est,
541 2178 640 2248 qui
673 2175 823 2232 sacri
878 2173 1092 2244 eloquii
1136 2174 1286 2228 intra
1336 2187 1395 2228 se
1439 2185 1670 2240 compos
1707 2179 1810 2226 est.
1844 2174 1955 2224 Do-

256 2271 408 2322 mina
446 2270 688 2336 gentium
726 2267 889 2335 quasi
913 2263 1083 2318 vidua
1127 2261 1204 2326 fit,
1239 2276 1372 2316 cum
1403 2261 1569 2326 ratio,
1616 2275 1748 2330 quae
1792 2261 1956 2314 vitio~

1994 1091 2222 1148 Atione
2280 1092 2610 1148 damnatur.
2669 1095 2818 1147 Inter
2866 1099 3046 1162 gentes
3102 1094 3340 1163 habitat,
3403 1097 3543 1152 dum
3592 1097 3760 1155 malae

2066 1181 2519 1236 conversationis
2548 1181 2876 1238 barbariem
2926 1184 3210 1252 peccando
3260 1184 3604 1255 frequentat.
3655 1188 3764 1241 Re-

2067 1272 2246 1338 quiem
2279 1287 2384 1324 non
2431 1271 2670 1339 invenit,
2721 1273 2862 1342 quia
2920 1272 2978 1327 in
3021 1272 3262 1328 miseriis
3309 1289 3423 1328 non
3477 1274 3764 1331 subsistit.

2073 1379 2094 1405 ι
2127 1357 2336 1413 Omnes
2363 1367 2751 1427 persecutores
2799 1360 2925 1430 ejus
2963 1361 3468 1430 apprehenderunt
3506 1377 3632 1418 eam
3664 1363 3764 1418 in—

2071 1467 2091 1494 ι
2127 1453 2214 1502 ter
2242 1447 2562 1518 angustias.
2598 1470 2620 1496 ι
2661 1448 2820 1504 Mens
2863 1457 3232 1519 angustatur,
3269 1465 3401 1505 cum
3453 1451 3586 1506 hinc
3631 1453 3764 1509 inde

2065 1548 2246 1604 pravo
2271 1536 2527 1605 appetitu
2559 1537 2816 1593 irruente
2854 1546 3120 1594 vexatur.
3155 1541 3305 1593 Inter
3336 1540 3440 1595 has
3472 1544 3762 1606 angustias

2063 1629 2424 1692 persecutores
2453 1627 2570 1694 ejus
2597 1642 2714 1679 eam
2740 1627 3204 1696 apprehendunt,
3229 1643 3362 1684 cum
3395 1643 3763 1700 quacunque

2065 1712 2338 1768 irruerint
2377 1713 2516 1769 vitia
2544 1728 2673 1770 eam
2702 1715 2806 1770 sibi
2839 1716 3156 1786 subjugare
3183 1730 3296 1772 non
3328 1717 3617 1774 desinunt.

2789 1837 3030 1877 DALETH.

2134 1908 2305 1964 Vnus.
2346 1909 2399 1963 4.
2433 1939 2500 1948 --
2529 1929 2558 1958 ‹‹
2610 1909 2730 1966 Viae
2762 1910 2892 1966 Sion
2944 1911 3144 1981 lugent
3172 1925 3236 1967 eo
3284 1911 3438 1982 quod
3489 1927 3602 1969 non
3645 1913 3762 1969 sint

2069 2016 2089 2043 ι
2135 1997 2234 2065 qui
2283 1998 2517 2052 veniant
2552 1997 2625 2053 ad
2654 1999 3091 2055 solemnitatem.
3143 2020 3170 2052 ››
3218 2000 3418 2056 Daleth
3473 2001 3762 2072 interpre-

2064 2092 2220 2140 tatur
2252 2088 2432 2140 timor.
2476 2087 2588 2140 Viae
2623 2087 2758 2141 Sion
2802 2089 3002 2155 lugent,
3053 2103 3184 2144 cum
3216 2089 3343 2154 illae,
3394 2104 3524 2159 qua
3571 2104 3757 2159 quon-

2061 2174 2194 2228 dam
2227 2174 2454 2230 fuerant
2497 2177 2697 2232 mundi
2745 2165 2932 2232 cordis
2979 2178 3274 2247 puritates,
3326 2193 3425 2248 per
3454 2193 3602 2248 quas
3644 2179 3763 2234 itur

2064 2261 2121 2317 in
2152 2263 2397 2330 divinas,
2424 2266 2577 2334 quod
2608 2273 2689 2321 est
2720 2266 2852 2320 Sion
2880 2267 3293 2335 speculationcs,
3322 2267 3402 2322 nil
3435 2267 3504 2323 de
3546 2267 3758 2337 gaudio

256 2371 387 2413 rum
420 2356 688 2428 gentibus
731 2351 1090 2409 discretionis
1126 2358 1350 2420 sceptro
1391 2349 1696 2420 praesidere
1746 2349 1953 2404 debue-
1989 2393 2030 2447 Ο
2063 2351 2276 2406 caelesti
2309 2361 2685 2422 praegustarit,
2719 2354 2814 2408 sed
2853 2354 2999 2409 male
3046 2354 3151 2409 sibi
3184 2355 3422 2410 conscia
3467 2355 3547 2410 nil
3597 2355 3758 2411 aliud

256 2453 366 2512 rat,
398 2445 604 2514 expers
650 2441 833 2498 divini
885 2440 1139 2505 seminis,
1201 2447 1255 2493 et
1290 2439 1403 2494 Deo
1458 2438 1703 2508 conjuge
1761 2445 1946 2493 vacat.

254 2537 512 2602 Princeps
532 2534 939 2601 provinciarum
973 2529 1033 2583 fit
1066 2529 1164 2583 sub
1213 2528 1437 2594 tributo,
1471 2541 1605 2582 cum
1655 2527 1767 2587 illa,
1819 2541 1950 2597 qua

255 2621 572 2692 provinciis
619 2620 975 2676 exteriorum
1031 2631 1330 2684 sensuum,
1378 2615 1481 2686 qui
1532 2616 1588 2670 in
1637 2614 1951 2685 Evangelio

255 2710 518 2780 quinque
550 2708 811 2764 civitates
857 2701 1225 2776 appellan'tur
1276 2704 1428 2775 (Luc.
1461 2719 1575 2771 xxx,
1624 2703 1732 2774 19),
1765 2703 1949 2759 effici-

255 2805 351 2853 tur
381 2797 630 2853 obuoxia
660 2804 904 2865 peccato.
941 2797 1016 2850 De
1041 2809 1158 2864 quo
1185 2793 1400 2849 tributo
1443 2793 1656 2847 dicitur
1688 2806 1700 2845 :
1734 2793 1811 2847 De
1843 2806 1946 2848 ne-

253 2886 612 2943 cessitatibus
639 2885 782 2942 meis
811 2883 993 2940 libera
1021 2897 1111 2938 me
1142 2882 1308 2950 (Psal.
1342 2896 1494 2950 xxxv,
1526 2882 1633 2951 17).

1012 2987 1179 3028 BETH.

322 3065 497 3122 Vnus.
539 3067 592 3119 2.
620 3095 687 3103 —
733 3085 754 3112 ι
804 3062 1042 3117 Plorans
1073 3059 1322 3130 ploravit
1365 3059 1424 3114 in
1453 3067 1636 3123 nocte,
1673 3067 1728 3116 et
1754 3059 1946 3129 lacry—

253 3169 416 3209 iimte
462 3153 590 3224 ejus
643 3153 700 3206 in
745 3150 995 3206 maxillis
1045 3149 1193 3219 ejus.
1263 3170 1281 3196 ι
1342 3149 1482 3203 Beth
1537 3148 1948 3218 interpretatur

251 3245 512 3309 confusio.
548 3243 614 3296 In
641 3247 805 3295 nocte
848 3239 1058 3308 plorat,
1110 3237 1303 3307 quiin
1351 3236 1684 3293 confusione
1727 3238 1944 3307 peccati

251 3333 458 3388 mentis
487 3345 731 3386 acumen
763 3327 932 3398 quasi
977 3326 1178 3396 capitis
1205 3326 1399 3381 oculos
1430 3325 1502 3380 ab
1535 3326 1775 3381 humore
1806 3327 1943 3396 ,pie-

251 3421 384 3476 tatis
428 3425 723 3475 extenuat.
769 3419 1045 3483 Lacrymz
1074 3415 1191 3483 ejus
1233 3417 1290 3468 in
1332 3414 1576 3467 mamillis
1621 3415 1737 3482 ejus
1784 3423 1940 3481 sunt,

248 3523 381 3564 cum
434 3507 507 3562 ad
556 3509 750 3575 aperta
795 3503 1093 3572 dispendia
1153 3503 1479 3557 animorum
1539 3501 1944 3557 interioritates

247 3597 534 3652 deﬂuunt.
569 3594 729 3651 Unde
771 3594 839 3648 de
883 3592 1084 3661 iniquo
1125 3591 1381 3660 quolibet
1406 3589 1662 3646 dicitur:
1710 3592 1777 3645 In
1824 3590 1941 3646 vita

247 3699 354 3741 sua
393 3683 631 3754 projecit
675 3682 876 3736 intima
923 3694 1050 3735 sua.
1086 3701 1110 3727 ι
1153 3679 1276 3734 Νοη
1325 3685 1408 3734 est
1458 3679 1558 3748 qui
1614 3678 1941 3734 consoletur

246 3796 275 3824 »
305 3787 431 3828 eam
461 3786 534 3827 ex
562 3769 834 3826 omnibus
870 3767 1062 3822 charis
1085 3767 1230 3836 ejus.
1271 3788 1292 3815 ι
1328 3769 1416 3820 Ea:
1463 3767 1710 3820 omnibus
1758 3767 1939 3820 charis

244 3863 361 3931 ejus
389 3876 496 3915 non
521 3865 598 3913 est
624 3860 720 3926 qui
749 3859 1067 3920 consoletur,
1108 3869 1239 3910 cum
1273 3869 1346 3909 ex
1400 3855 1771 3909 universitate
1819 3856 1939 3909 vir-

245 3957 457 4016 tutum,
491 3948 552 4002 in
583 3945 798 4016 quibus
836 3944 956 3998 sola
985 3957 1123 3998 vera
1151 3943 1454 3998 charitudo
1493 3957 1664 4012 penes
1710 3957 1814 3998 nos
1846 3957 1936 3998 re—

243 4038 486 4107 peritur,
513 4049 629 4090 non
659 4041 741 4088 est
771 4033 968 4102 aliqua
991 4030 1224 4086 residua
1255 4044 1386 4100 quae
1417 4045 1520 4085 nos
1552 4031 1622 4085 ad
1656 4045 1813 4100 spem
1845 4045 1937 4086 re—

243 4125 432 4181 fovere
458 4123 744 4179 videatur.
785 4142 805 4168 ι
840 4119 1046 4176 Omnes
1079 4119 1248 4173 amici
1277 4118 1402 4188 ejus
1422 4127 1767 4189 spreverunt
1790 4133 1937 4187 eam,

244 4232 274 4265 ι)
315 4219 369 4268 et
399 4211 529 4268 facti
565 4218 701 4266 sunt
733 4209 784 4265 ei
829 4207 1065 4264 inimici.
1105 4229 1126 4256 ι
1182 4208 1376 4265 Omnes
1410 4213 1559 4262 244
1601 4210 1766 4261 amici
1823 4209 1939 4277 ejus

242 4317 360 4356 eam
427 4305 726 4368 spernunt,
787 4311 920 4352 cum
979 4303 1168 4352 motus
1221 4295 1550 4364 rationales,
1609 4310 1755 4366 quos
1807 4311 1941 4353 vere

241 4388 476 4454 amicos,
518 4387 565 4442 si
611 4401 668 4443 se
716 4385 1091 4452 continerent,
1142 4385 1352 4440 habere
1397 4392 1678 4454 potuerat,
1729 4384 1800 4439 ob
1833 4384 1942 4439 fua-

241 4478 477 4533 ditatem
535 4490 654 4532 suae
702 4473 945 4530 actionis
993 4473 1256 4529 animum
1307 4473 1641 4529 detestanda
1687 4473 1941 4529 confun-

241 4567 390 4622 dunt
445 4567 496 4620 ei
550 4565 782 4631 inimici,
839 4577 992 4630 cum,
1041 4561 1171 4617 licet
1219 4561 1375 4632 quod
1431 4569 1614 4633 agunt
1673 4570 1726 4618 et
1783 4563 1937 4633 quod

242 4655 498 4726 cogitant
531 4653 777 4709 habeant
819 4650 1216 4718 exsecrationi,
1251 4665 1364 4706 non
1408 4651 1801 4707 succurrendo
1846 4659 1939 4707 ta-

242 4757 372 4798 men
402 4743 529 4814 ejus
559 4740 758 4796 infami
785 4739 1011 4811 negotio
1039 4746 1406 4809 perseverant
1434 4739 1669 4795 inimici.

971 4844 1204 4885 GHIMEL.

312 4920 483 4977 Vnus.
527 4923 576 4974 3.
610 4950 679 4958 —
711 4938 739 4970 α
769 4917 1038 4989 Migravit
1073 4919 1250 4974 ludas
1293 4925 1524 4987 propter
1571 4916 1938 4973 afflictionem

2063 2440 2426 2506 norunt,nisi
2453 2445 2753 2497 continuos
2793 2442 3085 2511 parturire
3125 2443 3372 2498 timores.
3419 2445 3505 2498 Ex
3555 2461 3612 2498 eo
3644 2458 3757 2499 au-

2063 2533 2173 2582 tem
2201 2528 2402 2594 lugent,
2445 2529 2589 2596 quod
2637 2544 2743 2582 non
2793 2532 2905 2583 sint
2951 2533 3048 2599 qui
3079 2534 3302 2584 ueniant
3357 2531 3430 2584 ad
3459 2532 3758 2586 solemnita-

2061 2617 2182 2680 tem,
2215 2627 2284 2668 ea
2315 2615 2468 2670 enim
2507 2629 2682 2670 causa
2723 2624 2778 2672 et
2813 2626 3042 2673 remotae
3092 2618 3319 2685 lzetitite,
3354 2621 3494 2690 quia
3538 2620 3758 2675 nullius

2060 2702 2357 2770 respiratio
2391 2704 2624 2759 virtutis
2665 2706 2938 2774 occurrit,
2971 2721 3102 2776 quae
3132 2707 3202 2762 ad
3254 2708 3754 2777 contemplandam

2057 2791 2316 2860 spiritus,
2351 2799 2404 2847 et
2437 2793 2644 2848 anima;
2681 2794 3096 2863 cogitationum
3127 2810 3380 2866 quoque,
3411 2804 3466 2851 et
3496 2795 3755 2851 intentio-

2056 2893 2200 2934 num
2232 2887 2511 2950 tanquam
2539 2882 2808 2937 solemnis
2845 2883 2953 2938 diei
2985 2883 3370 2953 frequentiam
3400 2899 3505 2939 nos
3544 2884 3753 2940 ducere

2056 2969 2251 3037 possit.
2291 2991 2311 3017 ι
2346 2969 2556 3025 Omnes
2611 2979 2785 3039 portae
2813 2972 2939 3041 ejus
2984 2972 3308 3028 destructas.
3345 2994 3364 3020 ι
3409 2974 3588 3027 Porta?
3630 2974 3750 3041 ejus

2056 3073 2232 3110 omnes
2273 3058 2673 3125 destruantur,
2711 3073 2844 3114 cum
2875 3074 2907 3114 a
2938 3060 3142 3116 debitze
3189 3063 3552 3117 continentiae
3597 3068 3751 3117 statu

2055 3147 2396 3202 sensualitas
2427 3156 2542 3202 tota
2569 3148 2839 3204 diruitur.
2877 3151 2952 3204 De
2978 3150 3194 3219 quibus
3225 3150 3436 3220 legitur
3467 3165 3479 3203 :
3518 3172 3538 3198 ε
3568 3150 3746 3204 Attol-

2058 3235 2172 3301 lite,
2231 3235 2440 3304 inquit,
2493 3245 2701 3304 portas,
2752 3237 3058 3307 principes,
3108 3247 3326 3293 vestras
3377 3238 3543 3307 (Psal.
3584 3253 3744 3303 χχιιι,

2053 3327 2108 3391 7,
2140 3328 2218 3395 9).
2255 3347 2274 3372 ν
2311 3356 2378 3364 -
2423 3348 2441 3373 α
2475 3325 2802 3381 Sacerdotes
2831 3327 2957 3397 ejus
2987 3335 3296 3396 gementes,
3331 3327 3588 3396 virgines
3622 3327 3749 3398 ejus
3851 3373 3862 3380 .

2059 3435 2080 3462 »
2117 3413 2416 3482 squalidae.
2451 3435 2470 3461 ι
2525 3414 2837 3468 Sacerdotes
2869 3416 2985 3484 ejus
3036 3423 3294 3484 gemunt,
3332 3430 3465 3470 cum
3523 3416 3748 3471 intelle-

2052 3503 2376 3558 ctualitates
2405 3504 2548 3574 ejus,
2585 3518 2836 3573 quarum
2867 3513 2988 3560 erat
3016 3504 3186 3560 officii
3219 3520 3446 3561 sacrum
3473 3505 3579 3561 sibi
3614 3520 3749 3575 prte-

2052 3591 2185 3647 bere
2209 3592 2505 3658 ducatum,
2539 3606 2655 3647 non
2699 3592 2809 3648 nisi
2855 3593 3031 3664 digna
3059 3595 3278 3663 gemitu
3316 3601 3563 3649 tractare
3618 3608 3746 3663 per-

1981 3694 2021 3748 Β
2052 3680 2283 3735 sistunt.
2323 3681 2576 3748 Virgines
2629 3682 2746 3750 ejus
2800 3689 2936 3737 sunt
2986 3683 3272 3751 squalidae,
3307 3697 3440 3737 cum
3497 3682 3634 3737 ﬁdes
3689 3689 3744 3738 et

2049 3783 2192 3838 spes,
2228 3783 2359 3838 quae
2392 3769 2524 3824 solae
2564 3769 2912 3839 incorruptae
2943 3771 3214 3826 resedisse
3245 3771 3535 3836 videntur,
3568 3785 3744 3841 squa-

2051 3857 2271 3913 loribus
2327 3857 2598 3913 vitiorum
2656 3858 3047 3914 indesinenter
3104 3859 3476 3916 addicuntur.
3518 3859 3630 3915 Nec
3691 3860 3744 3914 id

2051 3946 2289 4015 injuria,
2319 3961 2451 4002 nam
2498 3951 2623 4016 ipsa
2652 3963 2911 4016 oppressa
2939 3948 3324 4002 amaritudine.
3359 3948 3746 4002 Amaritudine

2049 4034 2408 4104 opprimitur,
2446 4049 2577 4105 quae
2605 4035 2760 4091 nulla
2797 4050 3061 4105 supernae
3100 4036 3418 4092 dulcedinis
3445 4037 3745 4093 allectione

2050 4123 2333 4178 conditur.

2849 4210 2942 4250 HE.

2121 4299 2290 4356 Vsus.
2432 4331 2502 4340 —
2552 4319 2580 4351 ε(
2633 4301 2784 4356 Facti
2827 4308 2963 4357 sunt
3011 4301 3202 4357 hostes
3255 4303 3383 4373 ejus
3437 4302 3496 4357 in
3555 4303 3741 4373 capite

2056 4410 2076 4436 ι
2109 4388 2325 4445 inimici
2379 4388 2531 4444 illius
2577 4388 2906 4458 locupletati
2951 4398 3106 4456 sunt,
3157 4391 3298 4460 quia
3352 4391 3631 4447 Dominus
3668 4392 3746 4447 lo-

2049 4497 2076 4526 »
2103 4484 2274 4533 cutus
2327 4484 2412 4532 est
2466 4492 2640 4547 super
2684 4491 2830 4533 eam.
2873 4500 2892 4526 ι
2952 4480 3030 4534 He
3061 4480 3470 4549 interpretatur
3505 4495 3634 4534 esse.
3681 4483 3744 4535 In

2047 4569 2224 4636 capite
2255 4568 2372 4635 ejus
2405 4563 2577 4620 hostes
2628 4566 2795 4634 ﬁunt,
2846 4581 2980 4623 cum
3009 4568 3069 4623 in
3116 4576 3386 4634 mentem,
3432 4583 3550 4639 qua
3595 4568 3745 4625 sicut

2045 4655 2231 4724 capite
2261 4655 2518 4709 membra
2543 4654 2819 4725 regimus.
2850 4663 2904 4712 et
2950 4657 3009 4711 in
3053 4671 3172 4727 qua
3225 4657 3633 4725 substantiam,
3676 4666 3744 4713 ut

2047 4743 2126 4799 ita
2154 4743 2421 4810 dixerim,
2447 4757 2580 4798 vere
2607 4743 2829 4799 essendi
2857 4743 2911 4799 in
2948 4745 3060 4800 Deo
3103 4744 3437 4814 accipimus,
3490 4745 3746 4801 obsidio-

2046 4845 2177 4886 nem
2209 4831 2320 4886 imo
2372 4831 2779 4900 possessionem
2828 4839 3190 4900 peccatorum
3234 4833 3611 4888 admittimus.
3646 4833 3746 4888 Ille

2047 4920 2202 4974 enim
2232 4934 2346 4975 non
2382 4933 2502 4974 esse
2537 4919 2646 4974 dici
2680 4927 2876 4988 potest,
2908 4920 3010 4990 qui
3061 4921 3299 4976 internae
3341 4921 3567 4977 veritati
3617 4921 3745 4977 sin-

245 5031 267 5058 »
298 5017 355 5065 et
383 5008 814 5064 multitudinem
858 4987 1170 5072 servitutis,
1217 5006 1496 5061 habitavit
1543 5006 1690 5061 inter
1719 5014 1932 5076 gentes,
1977 4987 2020 5041 Ῑ)
2049 5019 2177 5060 cere
2209 5006 2453 5062 vivendo
2493 5021 2607 5061 non
2651 4987 2821 5063 coest.
2877 4987 3036 5065 Unde
3083 5010 3152 5064 de
3203 5009 3427 5065 diabolo
3483 5010 3740 5066 dicitur:

247 5120 268 5146 ι
304 5112 409 5154 nec
462 5098 684 5154 invenit
735 5096 1013 5166 requiem.
1057 5117 1077 5142 ι
1126 5094 1348 5151 Gbimel
1401 5093 1816 5163 interpretatur
1859 5111 1940 5148 re-

243 5187 492 5242 tributio.
544 5188 778 5256 Propter
824 5187 1195 5253 afﬂictionem,
1232 5190 1283 5238 et
1320 5184 1725 5237 multitudinem
1767 5188 1935 5237 servi-

242 5277 375 5330 tutis
407 5274 557 5327 Juda
587 5275 819 5344 migrat,
853 5287 985 5328 cum
1039 5280 1271 5341 propter
1319 5271 1671 5341 flagitiorum
1715 5281 1770 5326 et
1817 5285 1937 5326 sce-

241 5363 428 5420 lerum
480 5361 855 5417 creberrimos
900 5363 956 5416 in
991 5368 1181 5416 mente
1227 5374 1516 5425 recursus,
1567 5359 1938 5414 confessionis

240 5451 478 5506 omnino
517 5449 702 5504 virtus
749 5448 1055 5504 amittitur.
1102 5447 1191 5502 Sic
1228 5447 1382 5502 enim
1429 5447 1608 5502 Iudas
1650 5446 1935 5516 interpre-

240 5546 417 5606 tatur,
449 5537 754 5607 taliterque
781 5537 1026 5606 pessima
1056 5537 1174 5592 vita
1206 5534 1414 5606 pejoris
1444 5549 1647 5592 sensus
1679 5535 1932 5591 retribu-

2052 5117 2072 5142 ε
2111 5094 2380 5151 Habitent
2415 5097 2472 5150 in
2497 5096 2876 5172 tabernaculo
2906 5098 3042 5152 socii
3072 5098 3198 5167 ejus
3229 5098 3332 5168 qui
3365 5112 3479 5153 non
3507 5106 3592 5153 est
3622 5099 3746 5168 (Job

2047 5198 2204 5249 xvui,
2239 5184 2344 5253 15).
2397 5205 2425 5233 ››
2471 5185 2686 5239 Inimici
2730 5187 2882 5239 illius
2931 5186 3242 5254 locupletati
3292 5193 3437 5252 sunt,
3493 5201 3626 5242 cum
3674 5185 3747 5242 de

2045 5286 2112 5326 ea
2143 5286 2317 5341 quam
2347 5273 2512 5328 nobis
2541 5272 2938 5342 subripuerint
2969 5273 3257 5329 daemones
3289 5273 3503 5329 virtute
3533 5287 3745 5342 super-

2047 5360 2239 5416 biunt.
2273 5361 2344 5416 Et
2375 5361 2480 5416 hoc
2513 5361 2592 5429 fit,
2623 5363 2754 5429 quia
2791 5363 3054 5416 Dominus
3091 5377 3255 5431 super
3301 5377 3419 5415 eam
3458 5361 3740 5431 loquitur,

2045 5449 2200 5518 quod
2225 5449 2437 5504 scilicet
2479 5463 2598 5505 sua:
2633 5450 2832 5505 merito
2863 5449 3135 5520 nequitiae
3184 5450 3255 5505 ad
3305 5449 3740 5520 opprimendam

2043 5549 2168 5589 eam
2201 5536 2486 5591 sententia
2512 5535 2705 5591 datur.
2743 5557 2764 5585 ε
2800 5536 2906 5591 Pro
2946 5536 3314 5593 multitudine
3349 5535 3472 5608 [al.,
3508 5545 3737 5606 propter
