3928 6070
151 264 178 310 ~'I
189 261 220 306 Si
226 259 258 308 3

893 252 1348 310 TROPOLOGUE
1388 253 1453 308 IN
1494 252 1693 320 OSEE,
1732 253 1916 309 ΑΜΟὸ
1955 253 2042 308 ET
2079 253 2229 309 JER.
2271 282 2340 294 —
2377 253 2508 309 LIB.
2556 254 2620 309 V.
2671 254 2742 308 IN
2779 254 2923 309 JER.

3552 259 3656 310 454

157 409 182 435 ι
217 385 672 459 multitudinem]
705 385 1077 456 iniquitatum
1105 384 1252 455 ejus,
1290 383 1519 454 parvuli
1552 385 1679 455 ejus
1697 383 1852 440 ducti
1892 388 1937 438 Α
1969 397 2065 451 na,
2100 399 2230 455 quae
2258 385 2558 454 Apostolus
2583 392 2750 441 vocat
2790 385 3024 441 meliora
3072 386 3419 444 charismata
3452 391 3506 458 (Ι
3532 391 3652 447 Cor.

156 500 179 526 ι
215 487 355 534 sunt
407 479 467 534 in
524 477 916 548 captivitatem
970 479 1102 530 ante
1153 474 1353 530 faciem
1413 474 1762 530 tribulantis.
1822 499 1846 518 η

150 567 390 622 Parvuli
415 568 715 622 ducuntur
755 568 812 619 in
849 567 1242 636 captivitatem,
1286 579 1417 620 cum
1453 564 1642 619 idiotas
1673 564 1844 634 quili-

149 657 247 712 bet
280 671 376 727 per
399 671 601 712 eorum
649 655 817 712 devia
868 655 1014 710 fiunt
1043 662 1210 710 extra
1247 653 1471 708 arbitrii
1507 653 1849 719 libertatem,

151 755 220 802 ut
253 746 586 802 necessitate
616 753 865 815 peccent,
903 745 1058 814 quod
1097 743 1488 798 contraxerint
1537 743 1849 797 voluntate.

151 835 225 890 Et
259 835 368 890 hoc
389 851 490 904 pro
519 834 867 903 multitudiue
895 833 984 888 his
1027 832 1230 888 accidit
1271 835 1646 900 iniquitatum,
1703 838 1766 886 ut
1795 844 1854 885 se

153 923 403 994 quilibet
431 938 466 978 a
497 925 630 993 jure
660 925 749 978 sui
792 936 994 978 sensus
1023 921 1229 977 sentiat
1267 920 1685 990 captivitatum.
1739 920 1852 974 Du-

150 1019 376 1067 cuntur
403 1019 595 1067 autem
623 1016 748 1065 ante
775 1013 974 1077 faciem
1013 1010 1348 1075 tribulantis,
1381 1022 1513 1062 cum
1563 1007 1856 1062 ardentior

150 1109 240 1155 est
270 1101 514 1170 impetus
561 1113 795 1169 peccare
845 1098 1104 1164 volentis,
1142 1105 1198 1152 et
1245 1097 1412 1166 longe
1461 1096 1855 1164 subsequatur

152 1189 374 1245 diaboli
398 1188 686 1260 suggestio
719 1187 1071 1243 attentantis.
1114 1186 1179 1240 In
1216 1192 1422 1240 terram
1451 1183 1604 1241 enim
1635 1184 1855 1255 spatio—

151 1293 303 1345 sam,
337 1287 392 1334 et
415 1278 609 1343 latam,
635 1276 808 1346 juxta
840 1275 980 1331 illud
1013 1275 1324 1340 lsaianum,
1359 1272 1525 1343 quasi
1561 1273 1674 1342 pila
1725 1272 1853 1328 mit-

155 1373 369 1421 tuntur
399 1366 549 1437 (1εαὶ.
580 1380 716 1431 xxu,
752 1367 860 1431 l8).
894 1363 1005 1433 Ipsi
1035 1362 1207 1418 etiam
1238 1375 1443 1417 auram
1477 1375 1668 1430 pravae
1699 1359 1853 1431 aspi-

153 1454 400 1510 rationis
428 1454 534 1510 sibi
567 1467 840 1524 generare
871 1453 1165 1508 dicuntur.

936 1555 1086 1594 VAU.

232 1633 405 1688 Vnus.
439 1634 492 1684 6.
520 1660 592 1671 —
634 1655 652 1679 α
714 1631 784 1685 Et
837 1642 1068 1699 gressus
1100 1635 1184 1683 est
1231 1641 1265 1682 a
1320 1626 1434 1682 lilia
1491 1626 1624 1682 Sion
1670 1627 1857 1682 omnis

163 1743 186 1768 ι
212 1721 386 1776 decor
411 1721 560 1790 ejus,
594 1719 723 1774 facti
774 1725 909 1773 sunt
941 1717 1228 1786 principes
1273 1716 1400 1785 ejus
1447 1715 1605 1770 velut
1654 1716 1858 1770 arietes

157 1829 187 1859 η
222 1824 342 1864 non
375 1808 729 1864 invenientes
760 1820 993 1876 pascua.
1032 1826 1058 1854 ι
1089 1805 1215 1862 Vau
1260 1805 1673 1874 interpretatur
1722 1806 1856 1872 ipse.

153 1899 294 1966 Ipse
323 1904 516 1952 autem
564 1895 969 1965 proprietatem
1017 1893 1145 1962 ejus
1196 1907 1418 1962 semper
1471 1906 1589 1962 quo
1627 1893 1856 1960 dicitur,

159 1987 444 2042 insinuat.
489 1985 648 2041 Unde
671 1999 916 2054 egressus
943 1999 976 2035 a
1001 1985 1121 2052 filia
1149 1983 1280 2037 Sion
1328 1985 1500 2036 omnis
1539 1982 1697 2035 decor
1744 1981 1860 2050 ejus

155 2077 398 2141 dicitur,
431 2089 564 2129 cum
592 2074 664 2128 ab
697 2087 763 2128 ea
806 2081 1012 2138 mente,
1061 2087 1192 2141 quae
1239 2071 1552 2126 cmlestium
1593 2071 1860 2140 specula—

158 2172 378 2230 torum,
429 2170 530 2218 aut
577 2162 708 2217 olim
763 2161 968 2227 fuerat,
1019 2167 1120 2216 aut
1162 2174 1282 2214 esse
1329 2166 1608 2228 potuerat,
1663 2157 1709 2212 si
1749 2159 1861 2212 Deo

157 2247 512 2302 inniteretur
543 2246 678 2313 lilia,
735 2247 842 2300 hoc
873 2246 1082 2315 ipsum,
1135 2243 1288 2314 quod
1326 2244 1382 2297 in
1427 2243 1524 2297 Dei
1555 2250 1860 2310 conspectu

155 2335 620 2405 personalitatem
670 2335 798 2400 sibi,
832 2342 906 2399 et,
942 2341 1003 2389 ut
1048 2333 1126 2387 ita
1170 2333 1379 2396 dicam,
1442 2332 1860 2386 substantivam

158 2424 482 2494 quamdam
515 2425 915 2494 proprietatem
944 2421 1193 2478 exstruit
1212 2431 1265 2475 et
1287 2419 1551 2486 aedificat,
1585 2420 1681 2474 Dei
1717 2419 1866 2473 vide-

157 2513 294 2568 licet
325 2512 590 2582 gratiam,
627 2526 803 2582 quam
837 2511 1015 2566 solam
1057 2511 1174 2580 ipse
1203 2509 1556 2578 concupiscit
1596 2508 1862 2578 speciem,

160 2601 371 2657 intima
413 2601 585 2670 pestis
633 2601 912 2656 eliminat.
979 2600 1138 2654 Velut
1191 2601 1388 2652 arietes
1440 2599 1715 2666 principes
1749 2598 1865 2664 ejus

157 2698 320 2756 sunt,
357 2704 488 2745 cum
516 2703 720 2744 sensus
749 2689 875 2759 ejus
894 2689 1208 2744 exteriores
1235 2687 1408 2742 duces
1435 2687 1722 2741 universae
1741 2685 1868 2756 ejus

161 2779 516 2849 operationis
549 2779 712 2833 fiunt.
749 2778 968 2832 Arietes
995 2776 1148 2833 enim
1181 2777 1458 2831 ducatum
1489 2775 1666 2845 'gregi
1717 2787 1866 2844 prae—

164 2869 301 2923 bere
351 2867 554 2933 solent,
615 2873 669 2922 et
700 2865 858 2921 hunc
906 2865 1244 2934 quinarium
1287 2863 1459 2919 habet
1507 2863 1870 2918 Samaritana

1960 487 2057 540 xu,
2094 476 2201 539 3t),
2250 481 2306 528 et
2358 488 2487 543 quae
2548 473 2677 529 tiliae
2730 474 2882 544 regis
2939 475 3012 530 ab
3071 476 3227 531 intus
3283 486 3419 533 sunt
3476 479 3659 550 gloria

1963 562 2127 631 (Psat.
2163 576 2314 628 xuv,
2351 563 2459 630 l4).
2491 585 2510 611 ι
2563 565 2708 618 Cum
2755 563 2979 618 caderet
3013 565 3260 634 populus
3287 566 3414 636 ejus
3459 568 3516 622 in
3544 583 3659 624 ma-

1967 672 1989 699 ι
2026 666 2108 733 nu
2151 651 2357 718 hostili,
2399 660 2454 707 et
2482 666 2596 708 non
2645 660 2790 708 esset
2831 653 3159 709 auxiliator.
3214 676 3234 701 ι
3273 655 3436 710 Cadit
3477 673 3655 727 popu-

1965 741 2047 794 lus
2090 739 2206 809 ejus
2251 742 2310 794 in
2348 756 2515 794 manu
2542 741 2746 807 hostili,
2797 756 2930 797 cum
2979 741 3392 812 cogitationum
3444 747 3658 817 vulgus

1965 827 2267 883 lasciviens
2333 828 2510 883 fracto
2577 829 2724 884 bono
2799 829 3089 898 proposito
3164 831 3312 886 cedit
3361 832 3656 890 diabolicae

1967 915 2135 985 parti.
2168 918 2286 971 Non
2324 925 2406 972 est
2454 918 2780 983 auxiliator,
2815 932 2947 973 cum
2994 919 3150 974 deest
3193 920 3430 988 spiritus
3479 935 3658 992 repu-

1965 1013 2192 1074 gnator.
2232 1027 2252 1051 ι
2303 1004 2578 1060 Viderunt
2604 1019 2731 1060 eam
2775 1006 2981 1074 hostes,
3037 1015 3092 1062 et
3145 1008 3470 1064 deriserunt
3519 1009 3658 1066 Sab-

1972 1113 1991 1140 »
2028 1093 2160 1148 bata
2188 1094 2334 1163 ejus.
2386 1115 2404 1141 ι
2443 1096 2627 1148 Hostes
2675 1111 2791 1148 eam
2835 1095 3051 1162 vident,
3102 1111 3232 1151 cum
3286 1098 3450 1153 malae
3495 1099 3657 1154 habi-

1967 1189 2060 1237 tus
2092 1182 2295 1237 mentis
2345 1182 2425 1238 eis
2455 1183 2616 1238 nullo
2664 1184 2828 1239 modo
2879 1183 3198 1253 displicent.
3251 1186 3493 1256 sabbata
3543 1188 3659 1254 ejus

1966 1269 2245 1338 derident,
2276 1286 2409 1326 cum
2435 1285 2558 1326 eam
2609 1271 2713 1325 sibi
2745 1271 3218 1340 acquiescentem,
3251 1281 3306 1329 et
3348 1274 3504 1329 omni
3535 1275 3658 1331 utili

1966 1357 2156 1414 studio
2186 1358 2670 1428 supersedentem,
2699 1359 2910 1415 habere
2937 1374 2996 1414 se
3027 1361 3301 1431 gaudent.

2712 1463 2905 1503 ΗΕΤΙΙ.

1977 1585 1981 1589 .
2041 1536 2209 1592 Vnns.
2243 1536 2296 1592 8.
2327 1567 2394 1575 ——
2441 1558 2468 1586 «
2503 1537 2805 1592 Peccatum
2855 1538 3108 1606 peccavit
3159 1537 3476 1596 Jerusalem
3525 1556 3661 1610 pro-

1972 1645 1992 1672 ι
2032 1632 2222 1693 pterea
2274 1625 2558 1681 instabilis
2624 1626 2772 1680 facta
2837 1633 2936 1681 est.
2977 1649 2997 1673 ι
3054 1627 3197 1682 Heth
3253 1628 3664 1698 interpretatur

1898 1694 1938 1748 Β
1965 1717 2177 1782 stupor.
2212 1713 2423 1782 Stupor
2449 1721 2641 1769 autem
2675 1714 3083 1770 insensibilitas
3102 1724 3203 1770 est.
3253 1694 3664 1774 Inserisibilitas

1969 1810 2160 1857 autem
2209 1802 2288 1857 nil
2338 1803 2494 1858 aliud
2527 1816 2705 1872 quam
2755 1802 3036 1871 reprobus
3087 1817 3308 1858 sensus.
3362 1806 3478 1860 Hoc
3528 1821 3664 1878 ergo

1969 1892 2417 1946 autonomastice
2459 1897 2735 1960 peccatum
2783 1892 3119 1945 Hierusalem
3173 1902 3386 1962 peccat,
3428 1903 3482 1951 et
3539 1895 3665 1952 ideo

1973 1977 2031 2032 tit
2058 1979 2352 2046 instabilis,
2388 1979 2526 2048 quia
2558 1988 2860 2048 postquam
2895 1993 2930 2034 a
2961 1980 3179 2035 visione
3228 1982 3383 2049 pacis
3428 1983 3664 2038 internze

1970 2082 2131 2122 mens
2167 2068 2368 2134 ruerit,
2413 2082 2514 2136 per
2547 2075 2890 2123 tentatorum
2928 2068 3210 2137 impulsus
3245 2069 3359 2124 huc
3416 2070 3665 2140 illucque

1973 2156 2325 2226 vagabunda
2391 2157 2684 2212 discurrit.
2756 2178 2776 2204 ι
2825 2155 3052 2222 Omnes,
3113 2158 3214 2227 qui
3269 2158 3665 2228 gloritieahant

1977 2268 1995 2292 ιι
2027 2259 2175 2312 eam,
2210 2252 2555 2314 spreverunt
2607 2244 2785 2311 illam,
2824 2245 3100 2314 quoniam
3160 2245 3430 2303 viderunt
3497 2249 3664 2319 igno-

1977 2355 1998 2382 ι
2035 2333 2269 2388 miniam
2343 2333 2490 2404 ejus.
2541 2355 2560 2380 ι
2629 2334 2736 2398 Qui
2798 2349 2913 2386 eam
2978 2334 3378 2402 gloriﬁcabant,
3427 2337 3668 2392 virtutes

1973 2431 2109 2478 sunt
2139 2422 2346 2491 animi;
2374 2423 2597 2478 liiceaui
2613 2429 2912 2490 spernunt,
2937 2437 3068 2477 cum
3082 2431 3412 2492 contemptu
3433 2425 3668 2495 dignam

1973 2521 2317 2581 argumento
2349 2525 2468 2566 suae
2495 2510 2828 2566 desertionis
2875 2511 3202 2567 ostendunt.
3237 2514 3524 2577 Quoniam,
3581 2515 3670 2570 in-

1974 2601 2121 2670 quit,
2155 2603 2509 2664 ignominiam
2554 2603 2668 2668 ejus
2715 2599 2992 2663 viderunt,
3047 2599 3318 2656 infamem
3357 2602 3569 2658 scilicet
3596 2618 3670 2658 ex

1975 2689 2222 2744 obscena
2258 2688 2689 2744 conversatione
2733 2687 2914 2742 videri
2958 2687 3232 2744 fecerunt.
3289 2689 3434 2744 Sunt
3477 2699 3666 2746 autem

1977 2777 2311 2847 hujusmodi
2344 2776 2494 2848 dicta
2522 2775 2842 2831 secundum
2876 2790 2888 2828 :
2925 2775 3066 2831 illud
3095 2797 3123 2824 ‹‹
3163 2777 3672 2836 Abominabuntur

1979 2879 2068 2920 me
2101 2865 2441 2921 vestimenta
2471 2878 2598 2919 mea
2627 2863 2781 2933 (Job.
2815 2877 2892 2928 ix,
2944 2864 3053 2932 3t).
3088 2884 3110 2911 ι
3145 2896 3211 2903 -
3248 2887 3267 2913 ι
3311 2866 3441 2935 Ipsa
3480 2875 3672 2924 autem

164 2957 475 3027 eonjugem
511 2956 689 3024 (Joan.
734 2969 809 3021 iv,
875 2956 977 3022 l8).
1045 2955 1108 3008 lli
1159 2955 1354 3006 arietes
1404 2967 1518 3007 non
1564 2951 1868 3006 inveniunt
1908 2991 1948 3046 Ο
1984 2976 2004 3002 ι
2043 2969 2274 3025 gemens
2301 2963 2354 3008 et
2401 2967 2680 3008 conversa
2731 2961 3068 3008 retrorsum.
3110 2975 3129 3000 ι
3165 2954 3349 3010 Gemit
3398 2971 3529 3011 cum
3576 2957 3673 3012 mi-

162 3059 396 3114 pascua,
466 3043 741 3098 nimirum
805 3041 1024 3108 vitalia,
1089 3056 1194 3096 nec
1259 3039 1552 3110 requirere
1633 3040 1867 3108 quidem

167 3133 424 3203 gestiunt
453 3131 745 3186 alimenta.
781 3153 801 3178 ‹
848 3131 918 3185 Ει
954 3130 1222 3185 abierunt
1275 3129 1492 3198 absque
1538 3127 1871 3184 fortitudine

173 3244 192 3268 ι
232 3230 367 3276 ante
431 3219 631 3275 faciem
695 3219 1123 3288 subsequentis.
1199 3239 1219 3264 ›
1269 3219 1494 3285 Absque
1544 3218 1873 3282 fortitudine

168 3310 406 3376 abeunt,
432 3323 563 3364 cum
607 3309 826 3377 absque
859 3307 978 3362 ulla
1026 3306 1336 3362 rebellione
1387 3306 1627 3376 spiritus
1663 3305 1871 3362 diaboli

167 3395 642 3467 suggestionibus
668 3394 898 3449 cedunt.
935 3395 1076 3447 Ante
1117 3395 1316 3458 faciem
1345 3393 1516 3448 etiam
1544 3393 1870 3461 subsequen-

168 3488 237 3539 tis
266 3486 500 3550 abeunt,
543 3498 675 3539 cum
718 3491 848 3538 ante
895 3481 1309 3550 experientiam
1360 3481 1627 3550 malignae
1669 3482 1874 3538 adhor-

167 3573 422 3635 tationis,
466 3573 629 3642 quasi
669 3574 1029 3640 praesentiam
1079 3569 1240 3625 faciei
1273 3569 1394 3625 suis
1441 3569 1695 3639 ipsorum
1747 3585 1873 3626 m0-

167 3663 326 3718 tibus
354 3663 507 3717 ultro
531 3661 941 3717 succumbunt.

765 3765 868 3804 zu
915 3748 1036 3818 [al.,
1096 3748 1284 3817 2am}.

242 3840 413 3896 Vens.
449 3841 502 3892 ’7.
539 3869 605 3877 ——
643 3861 662 3886 ε
714 3839 785 3893 Et
817 3837 1117 3895 recordata
1144 3845 1228 3892 est
1281 3836 1598 3892 Jerusalem
1649 3837 1873 3893 dierum

178 3952 197 3976 ι
236 3928 564 3983 afflictionis
605 3942 745 3995 suae,
791 3934 847 3982 et
889 3924 1380 3996 praevaricationis
1421 3927 1680 3980 omnium
1725 3925 1875 3981 desi-

179 4041 198 4065 ι
229 4017 577 4074 derabilium
607 4031 866 4082 suorum,
910 4030 1041 4086 qua:
1090 4015 1369 4070 habuerat
1408 4028 1441 4068 a
1470 4015 1672 4070 diebus
1720 4016 1876 4070 anti-

178 4128 199 4154 ι
236 4106 386 4176 quis.
429 4129 448 4153 ι
485 4107 579 4160 Zai
611 4105 1026 4174 interpretatur
1072 4105 1191 4170 huc,
1229 4103 1370 4158 illud
1420 4102 1688 4171 innuens,
1745 4104 1876 4158 ani—

174 4210 329 4251 mam
359 4196 572 4264 lapsam
613 4195 941 4249 meminisse
986 4193 1213 4262 debere,
1250 4192 1402 4248 unde
1451 4200 1506 4248 et
1554 4207 1670 4262 quo
1716 4193 1878 4263 lapsa

1977 3057 2102 3099 sera
2169 3057 2329 3097 mens
2393 3042 2787 3096 difﬁcultatem
2856 3041 3002 3096 male
3083 3044 3356 3112 operandi
3434 3045 3668 3101 invenit.

1983 3156 2002 3179 ι
2043 3131 2160 3186 Sub
2201 3131 2420 3201 lingua,
2471 3131 2680 3200 inquit,
2726 3131 2852 3199 ejus
2892 3130 3054 3185 labor
3081 3138 3134 3185 et
3191 3131 3354 3186 dolor
3382 3134 3553 3201 (Psal.
3614 3149 3669 3200 Χ,

1980 3221 2049 3288 7).
2092 3244 2112 3269 ι
2182 3222 2494 3274 Retrorsum
2579 3219 2954 3282 convertitur,
3025 3232 3157 3273 cum
3241 3219 3312 3274 ad
3361 3222 3674 3289 praeteritas

1978 3307 2166 3376 potius
2197 3306 2516 3375 voluptates
2545 3313 2929 3375 retorquetur,
2956 3319 3135 3375 quam
3157 3320 3256 3375 spe
3282 3307 3351 3362 ad
3385 3309 3675 3364 anteriora

1979 3395 2268 3451 tendatur.

2740 3497 2926 3536 TBTH.

2052 3573 2222 3629 Vnus.
2256 3575 2307 3626 9.
2340 3601 2413 3612 -
2451 3594 2469 3619 ι
2512 3570 2716 3626 Sordes
2761 3571 2889 3640 ejus
2947 3570 3002 3624 in
3065 3571 3304 3640 pedibus
3331 3575 3504 3643 —ejus,
3567 3589 3670 3631 nec

1984 3682 2011 3712 »
2046 3661 2341 3716 recordata
2381 3667 2465 3716 est
2524 3660 2654 3714 linis
2687 3659 2799 3726 sui,
2847 3659 3100 3728 deposita
3149 3668 3232 3715 est
3286 3662 3671 3730 vehementer,

1986 3773 2007 3799 ι
2044 3764 2160 3805 non
2229 3749 2446 3804 habens
2495 3748 2922 3803 consolatorem.
2979 3766 3005 3797 »
3073 3748 3213 3803 Teth
3264 3749 3676 3821 interpretatur

1981 3841 2239 3894 exelusio.
2278 3839 2473 3893 Sordes
2520 3838 2637 3907 ejus
2679 3841 2736 3892 in
2784 3839 3016 3907 pedibus
3054 3839 3170 3909 ejus
3222 3849 3380 3908 sunt,
3421 3856 3553 3898 cum
3602 3843 3674 3898 ab

1983 3927 2283 3983 affectibus
2336 3927 2464 3997 ejus
2544 3927 2758 3996 peccati
2815 3927 3155 3984 intentiones
3209 3943 3324 3983 non
3383 3931 3673 3986 desinunt.

1982 4019 2132 4071 Finis
2183 4018 2270 4070 sui
2327 4032 2436 4069 non
2483 4016 2836 4083 recordatur,
2887 4031 3019 4072 cum
3066 4031 3100 4072 a
3147 4019 3310 4087 pravi
3359 4019 3448 4074 sui
3492 4027 3678 4076 status

1983 4104 2436 4160 consideratione
2480 4104 2856 4160 excluditur:
2920 4105 3025 4160 hoc
3065 4106 3217 4161 enim
3267 4106 3325 4162 in
3382 4110 3678 4177 praemissa

1983 4192 2171 4248 littera
2224 4193 2554 4248 adnotatur.
2598 4193 2792 4248 Finem
2839 4207 3012 4249 suum
3059 4195 3392 4260 attenderet,
3455 4197 3504 4252 si
3562 4197 3678 4253 fru-

173 4286 266 4351 sit,
302 4284 455 4354 quod
514 4283 725 4338 scilicet
783 4283 884 4336 huc
941 4287 1091 4336 2&5
1141 4295 1364 4351 semper
1407 4281 1639 4336 oculum
1690 4289 1872 4337 retor-
1913 4290 2140 4348 Dctum
2172 4281 2344 4337 studii
2390 4281 2481 4336 sui
2523 4280 2658 4351 quis
2699 4281 2770 4336 sit
2817 4282 3050 4338 futurus
3103 4284 3443 4340 adverteret.
3505 4287 3678 4341 Vehe-

175 4387 355 4442 quere
385 4386 610 4428 necesse
639 4370 728 4426 sit.
774 4371 924 4436 Ideo,
961 4371 1170 4439 inquit,
1212 4377 1579 4426 convertetur
1623 4371 1872 4440 populus

177 4475 342 4517 meus
371 4461 487 4516 huc
519 4459 638 4529 [at.,
671 4458 782 4528 hic]
817 4459 986 4526 (Psal.
1035 4473 1208 4525 cxxu,
1251 4461 1358 4526 lO).
1403 4459 1700 4512 Jerusalem
1748 4459 1870 4514 die—

174 4565 297 4603 rum
364 4551 682 4615 af/tietionis
747 4563 856 4601 sua
905 4547 1260 4614 recordatur,
1325 4561 1456 4601 cum
1510 4561 1687 4613 mens,
1739 4563 1869 4618 quae

175 4637 492 4708 aliquando
523 4637 798 4692 visionem
849 4635 1002 4706 pacis
1049 4637 1333 4705 attigerat,
1386 4649 1505 4690 suae
1545 4634 1872 4704 dejectionis

175 4727 588 4782 reminiscitur.
617 4725 971 4782 Recordatur
1005 4733 1195 4780 autem
1225 4725 1454 4789 dierum,
1503 4723 1559 4778 id
1606 4731 1690 4779 est
1723 4738 1868 4794 qua-

175 4829 544 4885 rumcunque
639 4814 1068 4880 discretionum,
1151 4820 1462 4883 antequam
1539 4813 1872 4868 czccutirent

173 4903 324 4959 oculi
389 4904 794 4966 intentionum,
855 4903 1008 4972 quod
1057 4902 1196 4958 solet
1243 4901 1364 4957 fieri
1426 4901 1482 4956 in
1543 4899 1872 4970 primordiis

177 4992 578 5048 tentationum.
627 4995 1102 5047 Pravaricationis
1141 4993 1378 5045 omnium
1427 4989 1872 5044 desiderabilium

173 5095 414 5137 suorum
464 5081 820 5146 recordatur,
861 5095 992 5136 cum
1044 5081 1281 5135 interna:
1330 5078 1630 5148 opulentiae
1680 5090 1868 5147 gazas,

176 5183 306 5240 quae
340 5169 508 5224 modo
537 5169 870 5226 animorum
910 5168 1382 5238 praevaricatione
1430 5167 1762 5233 turbantur,
1815 5174 1871 5223 et

175 5272 306 5329 quae
337 5271 371 5312 a
395 5257 598 5313 diebus
639 5258 915 5328 antiquis,
951 5257 1003 5312 id
1035 5265 1118 5312 est
1149 5265 1459 5327 antequam
1494 5270 1652 5312 mens
1703 5269 1871 5325 pror-

175 5361 274 5403 sus
335 5347 773 5412 tenebrasceret,
842 5346 1227 5412 habebantur,
1275 5345 1690 5411 miserabiliter,
1751 5345 1872 5401 sine

175 5435 379 5492 effectu
410 5444 602 5491 tamen
632 5436 850 5506 aliquo,
901 5435 974 5491 ad
1024 5435 1357 5490 memoriam
1409 5448 1677 5490 revocare
1724 5434 1873 5491 vide-

159 5533 289 5581 .tur.
326 5523 732 5580 Desiderabilia
764 5537 878 5579 non
918 5522 1032 5578 alia
1078 5531 1414 5593 suntquam
1464 5523 1736 5579 interiora
1765 5523 1867 5578 bo-

1981 4377 2185 4424 menter
2214 4369 2538 4440 deponitur,
2564 4385 2694 4440 quae
2717 4385 3020 4440 nunquam
3033 4371 3102 4426 ad
3124 4373 3443 4442 appetenda
3463 4381 3678 4430 aeterna

1979 4459 2226 4514 levatur.
2259 4459 2652 4515 Consolatorem
2690 4476 2796 4513 non
2842 4459 3030 4526 habet,
3082 4474 3214 4515 cum
3263 4461 3410 4517 inter
3454 4471 3535 4518 tot
3567 4464 3677 4518 mi—

1979 4548 2176 4613 serias,
2211 4561 2315 4602 nec
2343 4548 2576 4603 virtutis
2607 4547 2906 4617 quidpiam
2937 4563 3053 4617 quo
3099 4549 3360 4618 respiret,
3393 4551 3536 4620 quin
3570 4565 3676 4620 po-

1980 4637 2095 4692 tius
2122 4637 2278 4690 omni
2313 4637 2496 4692 sancti
2527 4635 2773 4705 Spiritus
2804 4635 3188 4692 consolatione
3236 4646 3411 4694 caret.
3451 4661 3472 4688 ι
3512 4640 3676 4708 Vide,

1985 4747 2006 4776 ι
2042 4724 2302 4792 Domine,
2351 4725 2716 4780 afllictionem
2762 4739 2966 4791 meam,
3010 4725 3285 4794 quoniam
3328 4735 3552 4782 erectus
3595 4736 3678 4784 est

1985 4836 2006 4861 ι
2048 4813 2332 4880 inimicus.
2390 4835 2410 4861 ι
2478 4813 2601 4869 Vox
2656 4821 2739 4869 est
2799 4814 2978 4869 sancti
3037 4815 3384 4884 cujuspiam,
3438 4817 3540 4886 qui
3609 4817 3678 4873 de

1980 4901 2148 4971 lapsu
2177 4901 2364 4957 alieno
2385 4900 2684 4972 afﬂigitur.
2721 4901 2994 4957 Inimicus
3040 4902 3283 4972 erigitur
3315 4917 3326 4955 :
3356 4905 3676 4962 secundum

1980 4991 2156 5060 quod,
2213 4989 2328 5058 illa,
2389 4997 2453 5046 ut
2504 4990 2900 5061 supradictum
2943 4997 3046 5058 est,
3097 4991 3465 5048 vehementer
3510 4993 3678 5064 depo-

1980 5081 2158 5137 nitur.

2576 5183 2726 5224 rora
2772 5167 2872 5237 [a.,
2915 5167 3068 5238 ton].

2053 5257 2228 5313 Vnus.
2266 5260 2347 5312 l0.
2380 5288 2449 5296 ——
2484 5279 2505 5306 ι
2537 5257 2770 5312 Manum
2802 5270 2969 5311 suam
3003 5256 3353 5313 misithostis
3381 5258 3453 5314 ad
3482 5259 3676 5315 omnia

1987 5368 2009 5394 ι
2048 5346 2448 5402 desiderabilia
2524 5346 2670 5416 ejus,
2733 5345 2872 5415 quia
2918 5346 3060 5401 vidit
3137 5356 3331 5417 gentes
3390 5347 3677 5419 ingressas

1987 5457 2009 5484 ι
2043 5436 2439 5491 sanctuarium
2483 5448 2676 5502 suum,
2713 5434 2782 5489 de
2821 5435 3035 5504 quibus
3081 5449 3434 5507 praeceperas
3481 5453 3551 5494 ne
3583 5439 3676 5495 in-

1987 5546 2007 5571 »
2041 5531 2258 5580 trarent
2313 5524 2369 5578 in
2427 5522 2721 5578 ecclesiam
2782 5530 2962 5580 tuam.
2995 5542 3024 5575 ι)
3081 5525 3205 5580 Joth
3266 5527 3677 5596 interpretatur
