3928 6070
302 265 406 316 455

1155 263 1216 316 ν.
1264 261 1593 316 GUIBEBTI
1655 262 1948 317 ABBATIS
2005 263 2063 317 S.
2129 265 2376 321 MARIZE
2435 266 2525 321 DE
2575 265 2968 355 NQVIGENTO
3695 272 3798 324 456

306 399 587 454 desolatio.
622 399 691 454 Et
716 396 886 467 plane
911 395 1219 466 desolatur,
1253 410 1386 452 cum
1417 403 1682 466 potestas,
1728 397 1882 467 quod
1914 403 1998 453 est
2036 400 2081 452 A
2112 411 2346 455 sumens
2374 401 2654 466 exoritur,
2690 402 2789 473 qui
2823 402 2887 456 de
2924 403 3146 471 emceiso,
3181 402 3235 459 id
3262 410 3346 460 est
3395 405 3544 461 fastu
3591 421 3803 476 super-

305 500 515 543 manus
545 485 783 552 hostilis,
813 499 915 555 per
943 483 1214 540 interiora
1238 484 1408 551 bona,
1447 498 1577 554 quae
1625 485 1740 540 Deo
1772 483 1992 541 deside-

305 574 577 632 rabiliora
603 573 940 639 creduntur,
982 572 1324 642 obvagatur.
1366 571 1528 639 Quod
1561 573 1683 628 ideo
1728 573 1776 628 ei
1809 572 1996 627 conti-

305 666 407 735 git,
438 663 579 735 quia
606 667 785 730 gentes
825 664 1100 730 ingressas
1136 664 1515 716 sanctuarium
1561 676 1718 716 suum
1744 661 1905 724 vidit,
1941 661 1996 717 id

302 760 386 809 est
448 750 736 821 nequitias
803 750 1088 820 quaslibet
1149 750 1553 805 conscientiam
1626 758 1992 820 occupantes,

302 854 434 911 quae
467 840 739 909 templum
776 839 872 894 Dei
900 853 1022 894 esse
1067 839 1364 905 debuerat,
1408 839 1811 909 aequanimiter
1843 839 1988 894 tulit.

301 930 386 985 Ea
416 929 569 985 enim
597 942 729 999 quae
753 942 929 984 exosa
969 927 1268 995 habemus,
1301 927 1551 983 solemus
1595 927 1805 997 dicere,
1856 930 1996 997 quia

300 1019 494 1074 videre
526 1031 641 1073 non
673 1030 999 1087 possumus.
1032 1017 1109 1071 De
1134 1016 1221 1071 his
1260 1017 1521 1085 praecepit
1549 1019 1686 1071 Deus
1726 1032 1791 1070 ne
1811 1018 1995 1069 intra-

298 1113 418 1162 rent
462 1111 523 1161 in
563 1106 837 1160 ecclesiam
882 1121 1057 1173 suam,
1114 1104 1215 1174 qui
1264 1106 1443 1183 etiam,
1492 1106 1674 1161 averti
1728 1105 1996 1175 praecepit

300 1196 494 1253 oculos
522 1209 591 1250 ne
628 1194 892 1250 viderent
941 1193 1275 1260 vanitatem,
1326 1192 1541 1250 nedum
1585 1193 1709 1263 ipsa
1770 1193 1995 1249 vanitas

301 1285 697 1341 admitteretur
726 1283 783 1337 in
825 1289 1090 1338 mentem.

1058 1385 1246 1425 CAPH.

371 1464 542 1521 Vsus.
577 1465 661 1516 ll.
718 1483 839 1508 -α
898 1459 1097 1516 Omnis
1156 1459 1403 1529 populus
1457 1459 1583 1528 eius
1629 1473 1880 1529 gemens,
1940 1465 1996 1513 et

308 1575 329 1601 ι
363 1565 629 1622 quaerens
679 1564 906 1620 panem,
955 1548 1237 1603 dederunt
1285 1547 1532 1617 pretiosa
1590 1560 1839 1616 quaeque
1893 1559 1994 1615 pro

308 1662 329 1687 ι
363 1640 490 1696 cibo
542 1640 614 1694 ad
681 1637 1107 1694 refocillandam
1169 1635 1444 1690 animam.
1485 1656 1506 1682 ι
1572 1633 1729 1703 Caph
1784 1633 1997 1689 dicitur

300 1731 638 1794 incurvatus,
691 1741 796 1783 nec
841 1726 1144 1780 immerito.
1185 1726 1369 1781 Omnis
1398 1724 1551 1779 enim
1597 1724 1831 1792 populus
1878 1724 1995 1790 ejus

301 1833 512 1885 gemens
544 1832 736 1886 panem
767 1814 995 1885 quaerit,
1029 1827 1161 1868 cum
1190 1821 1306 1868 tota
1341 1813 1607 1882 cogitatio
1638 1812 1745 1866 sub
1779 1811 1996 1880 cupidi-

302 1916 487 1963 tatum
513 1907 663 1962 fasce
688 1904 886 1960 dolens
917 1902 1246 1972 temporalis
1287 1900 1671 1972 jucunditatis
1722 1900 1995 1955 alimenta

302 1995 678 2065 circumlegit.
729 1993 853 2060 Quo
893 1999 1092 2047 contra
1140 1990 1197 2046 in
1237 1990 1339 2045 Job
1391 1990 1638 2061 legitur:
1678 2010 1700 2037 ι
1754 1988 1994 2045 Abomi-

301 2084 509 2140 nabilis
555 2085 615 2139 lit
670 2081 723 2138 ei
770 2081 935 2151 panis
988 2081 1041 2135 in
1072 2080 1191 2134 vita
1234 2092 1339 2135 sua
1378 2079 1515 2150 (Job.
1567 2093 1767 2146 χχχιιι,
1826 2078 1930 2147 20).
1968 2098 1988 2125 ι

303 2174 558 2228 Pretiosa
595 2186 818 2241 quaeque
863 2185 967 2240 pro
1023 2168 1138 2222 cibo
1181 2169 1338 2236 dant,
1392 2180 1524 2223 cum
1575 2181 1678 2236 pro
1732 2166 1993 2223 saeculari

299 2262 536 2319 lascivia
574 2261 725 2317 bona
752 2258 1042 2324 interiora,
1079 2271 1292 2328 magna
1317 2255 1503 2326 pretii,
1536 2263 1591 2311 et
1638 2256 1844 2312 mercis
1888 2255 1992 2310 ini-

299 2352 518 2423 quitate
540 2350 887 2419 dispensant.
938 2347 1055 2402 Hoc
1092 2346 1332 2413 faciunt,
1368 2352 1431 2401 ut
1478 2347 1719 2399 animam
1769 2342 1995 2401 refocil-

300 2442 437 2507 lent,
497 2446 564 2495 ut
616 2444 1013 2494 momentaneo
1062 2435 1276 2491 scilicet
1330 2434 1642 2503 voluptatis
1685 2433 1994 2504 cujuslibet

299 2530 533 2594 haustu,
610 2524 888 2595 appetitui
982 2537 1103 2578 suae
1191 2521 1563 2577 animalitatis
1652 2521 1990 2576 asserviant.

304 2641 324 2666 ι
356 2617 519 2683 Vide,
566 2613 823 2681 Domine,
873 2619 929 2667 et
989 2611 1289 2667 considera
1333 2611 1613 2680 quoniam
1655 2610 1804 2666 facta
1863 2624 1992 2665 sum

303 2726 324 2753 ι
359 2704 508 2759 vilis.
570 2723 592 2751 ι
651 2701 796 2757 Sunt
852 2700 1113 2770 quidam,
1163 2699 1265 2769 qui
1304 2699 1373 2754 de
1416 2698 1526 2754 hac
1553 2712 1662 2754 sua
1728 2698 1996 2755 incurva-

298 2792 450 2849 tione
497 2804 564 2846 ac
611 2792 658 2845 si
701 2788 940 2856 vilitate,
992 2788 1159 2858 quasi
1205 2788 1274 2843 de
1334 2787 1636 2857 profundis
1687 2787 1756 2843 ad
1811 2788 1993 2843 Deum

298 2878 662 2936 inclamando
691 2877 994 2947 respirent.
1045 2876 1209 2933 Videt
1256 2876 1429 2943 Deus,
1470 2890 1603 2932 cum
1652 2875 1849 2932 videre
1889 2889 1993 2931 nos

298 2969 431 3025 facit
442 2983 460 3038 ;
489 2966 835 3035 considerat,
875 2979 1010 3021 cum
1040 2978 1143 3021 nos
1174 2964 1247 3020 ad
1276 2964 1456 3020 nostri
1475 2952 1991 3021 considerationem

298 3058 540 3114 reducit.

783 3158 1041 3200 LAIE'IH
1085 3144 1205 3213 [at.,
1250 3158 1374 3198 ιω
1394 3145 1508 3212 an].

368 3236 540 3292 Vens.
572 3237 655 3290 l2.
695 3256 717 3283 α
749 3234 794 3291 0
823 3248 925 3289 vos
949 3247 1168 3299 omnes,
1218 3233 1319 3304 qui
1352 3233 1608 3288 transitis
1664 3247 1764 3303 per
1815 3233 1989 3298 viam,

305 3324 653 3392 i‘attendite,
689 3333 742 3380 et
772 3324 959 3379 videte
985 3322 1033 3377 si
1061 3329 1144 3378 est
1170 3321 1330 3377 dolor
1361 3322 1509 3377 sicut
1535 3320 1698 3376 dolor
1743 3334 1925 3376 meus.
1964 3342 1984 3369 τι

300 3414 535 3470 Lameth
594 3414 1009 3483 interpretatur
1064 3426 1154 3465 cor
1198 3413 1498 3465 servitutis.
1552 3410 1658 3466 Per
1706 3424 1822 3479 cor,
1874 3422 1992 3480 quo

297 3502 568 3572 sapimus,
604 3500 998 3572 {intelligentia
1014 3515 1031 3568 ;
1078 3513 1180 3569 per
1206 3500 1540 3554 servitutem
1590 3498 1805 3568 peccati
1862 3496 1995 3553 sub-

290 3590 460 3662 jectio
497 3590 854 3661 designatur.
907 3588 1013 3644 Per
1059 3601 1156 3643 cor
1200 3600 1338 3657 ergo
1395 3586 1689 3642 servitutis
1740 3585 1992 3657 cognitio

294 3686 379 3734 est
406 3678 631 3749 signata
662 3690 946 3748 perversae
976 3675 1048 3731 ad
1078 3683 1376 3745 peccatum
1416 3674 1779 3730 humilitatis.
1835 3674 1994 3729 Unde

296 3769 568 3837 operibus
608 3767 864 3822 clamat:
923 3766 966 3820 Ο
1027 3779 1120 3818 vos
1185 3778 1366 3818 omnes
1424 3766 1522 3833 qui
1579 3766 1832 3817 transitis
1891 3778 1993 3832 per

295 3861 446 3911 πίω
471 3859 640 3921 viam,
683 3854 785 3924 qui
830 3867 933 3924 per
961 3853 1255 3909 Christum
1280 3853 1563 3919 videlicet,
1610 3851 1714 3922 qui
1760 3851 1855 3906 via
1909 3859 1992 3907 cst

293 3946 473 4012 (Joan.
521 3959 634 4009 xxv,
691 3945 770 4012 6),
825 3939 1119 3997 informati
1176 3941 1495 4011 transigitis
1551 3940 1750 4008 vitam,
1814 3947 1993 3996 atten-

294 4033 447 4100 dere,
486 4040 540 4087 et
594 4032 787 4087 videre
821 4030 1182 4095 documento,
1235 4035 1290 4084 et
1343 4027 1606 4098 exemplo
1652 4042 1744 4083 me
1802 4027 1988 4095 facite,

293 4128 530 4191 quanta:
559 4118 857 4174 dementia
888 4119 961 4173 sit
994 4116 1082 4172 his
1121 4130 1210 4172 me
1240 4116 1538 4172 doloribus
1590 4115 1798 4171 addici.
1844 4115 1989 4172 Cum

292 4208 447 4264 enim
478 4207 576 4263 alii
606 4207 834 4263 doleant
874 4219 976 4276 pro
995 4202 1119 4261 ’suo
1166 4204 1322 4275 quod
1361 4203 1697 4260 commisere
1738 4211 1988 4275 peccato,

2106 486 2215 543 hia;
2241 489 2430 545 itidem
2480 498 2808 561 generatur.
2856 492 3055 563 Ignem
3099 492 3253 547 enim
3294 492 3375 548 sic
3417 493 3596 565 accipi
3643 496 3804 552 testis

2104 586 2187 632 est
2231 578 2550 647 propheta:
2604 600 2624 627 ε
2683 584 2725 634 Α
2780 594 2937 646 voce,
3000 580 3207 651 inquit,
3264 581 3508 651 loquelae
3565 584 3804 654 grandis

2104 665 2323 720 exarsit
2354 666 2503 735 ignis
2535 666 2593 721 in
2640 680 2709 722 ea
2739 666 2874 737 (Jer.
2916 682 2990 733 x1,
3025 668 3100 739 6).
3140 689 3161 716 ι
3197 669 3399 725 Erudit
3453 684 3606 738 eum,
3665 684 3803 727 cum

2105 752 2175 809 de
2221 767 2337 823 quo
2394 754 2543 810 bono
2590 754 2874 823 ceciderit,
2922 756 3234 812 instruitur
3279 770 3381 826 per
3430 757 3643 828 peccati
3699 773 3804 813 cu-

2099 838 2336 908 juslibet
2376 854 2595 896 casum.
2653 841 2815 897 Unde
2863 850 2919 898 et
2967 843 3197 898 Balaam
3230 843 3300 899 de
3348 846 3583 914 seipso:
3636 867 3656 893 ‹
3692 843 3805 911 Qui

2104 927 2276 994 cadit,
2324 928 2531 998 inquit,
2598 937 2654 985 et
2717 930 2798 985 sic
2852 930 3197 1001 aperiuntur
3240 932 3390 988 oculi
3421 934 3547 1003 ejus
3607 933 3802 1001 (Num.

2102 1029 2258 1082 xxw,
2289 1018 2367 1086 4).
2388 1038 2408 1065 ι
2446 1047 2508 1056 -
2540 1037 2567 1067 at
2592 1018 2883 1088 Expandit
2913 1028 3030 1075 rete
3054 1019 3299 1089 pedibus
3327 1024 3484 1085 meis,
3518 1023 3805 1077 convertit

2110 1125 2132 1152 ι
2174 1119 2264 1159 me
2330 1112 2676 1176 retrorsum;
2738 1107 2926 1177 posuit
2977 1122 3066 1163 me
3124 1108 3456 1177 desolatam,
3535 1117 3650 1165 tota
3704 1110 3800 1164 die

2108 1213 2131 1240 ι
2171 1207 2414 1249 maerore
2472 1195 2807 1251 confectam.
2880 1218 2899 1243 ι
2953 1195 3085 1249 Rete
3138 1197 3365 1267 pedibus
3420 1198 3801 1268 expanditur,

2102 1295 2236 1336 cum
2266 1279 2677 1339 oﬂ'endiculum
2731 1297 2921 1338 coram
2967 1284 3077 1351 his,
3136 1285 3238 1355 qui
3295 1284 3610 1341 volontarie
3660 1299 3807 1355 pec-

2103 1376 2254 1434 cant,
2289 1371 2549 1439 ponitur;
2578 1380 2635 1427 et
2672 1371 2812 1427 dum
2844 1373 2980 1428 hinc
3025 1374 3296 1444 expedire
3325 1388 3383 1429 se
3432 1374 3654 1440 nititur,
3704 1373 3803 1429 in-

2104 1459 2436 1528 gruentium
2466 1460 2754 1517 malorum
2786 1461 3028 1516 maculis
3055 1462 3305 1531 amplius
3357 1463 3632 1518 irretitur.
3697 1463 3799 1517 Re-

2106 1560 2338 1601 trorsum
2364 1550 2665 1616 convertit,
2702 1564 2835 1605 cum
2864 1548 2939 1604 ad
2972 1562 3203 1620 peccata
3232 1560 3466 1607 veterna
3512 1550 3798 1617 reliditur,

2104 1636 2365 1691 Desolata
2416 1637 2674 1707 ponitur,
2715 1652 2848 1693 cum
2894 1652 2928 1693 a
2966 1639 3080 1693 Deo
3138 1638 3525 1695 inhabitatore
3585 1653 3803 1694 vacans

2036 1702 2740 1781 Bdiabolicae-voluntati
2806 1728 3187 1795 prostituitur.
3249 1730 3379 1783 Tota
3438 1729 3527 1782 die
3576 1743 3801 1781 maerore

2102 1813 2422 1881 coniicitur,
2490 1829 2621 1870 cum
2708 1815 2817 1871 sub
2884 1824 3109 1871 terreno
3179 1830 3353 1871 onere
3423 1815 3801 1887 ingemiscens

2104 1910 2218 1958 toto
2247 1903 2359 1969 die,
2398 1902 2456 1958 id
2507 1911 2591 1959 est
2640 1903 2877 1975 jugiter,
2912 1904 2984 1960 ab
3032 1904 3260 1960 internis
3312 1904 3798 1961 exsultationibus

2102 1991 2426 2047 exsulatur.
2742 1982 2762 1999 ⁴

2879 2096 3031 2137 NUN.

2175 2168 2346 2224 Vens.
2386 2170 2468 2223 14.
2500 2199 2565 2208 -—
2599 2192 2619 2218 ι
2656 2169 2931 2239 Vigilavit
2965 2171 3178 2241 jugqu
3228 2171 3599 2240 iniquitatum
3632 2185 3795 2226 mea-

2108 2278 2128 2303 ι
2164 2270 2326 2326 rum;
2364 2257 2420 2312 in
2462 2270 2640 2313 manu
2669 2257 2797 2327 ejus
2842 2259 3163 2315 CODVOIUlEB
3201 2266 3357 2327 sunt,
3403 2266 3457 2315 et
3509 2259 3790 2329 impositae

2111 2364 2130 2394 ›
2164 2345 2307 2399 collo
2373 2359 2517 2400 meo.
2589 2367 2611 2393 ι
2682 2345 2815 2401 Nun
2874 2346 3285 2416 interpretatur
3333 2350 3545 2401 unicus.
3605 2348 3793 2416 Supra

2100 2434 2346 2499 dixerat,
2380 2437 2519 2505 quia
2550 2436 2619 2489 de
2658 2449 2778 2490 suae
2826 2436 3220 2491 aestimationis
3248 2436 3492 2504 excelso,
3537 2436 3597 2492 in
3648 2438 3790 2491 ossi-

2104 2523 2209 2578 bus
2238 2522 2521 2578 interioris
2544 2524 2898 2592 constantiae,
2945 2524 3238 2593 jactantize
3272 2525 3420 2596 ignis
3471 2534 3788 2593 exarserat,

2103 2610 2313 2666 idcirco
2342 2611 2581 2666 unicum
2610 2624 2669 2665 se
2698 2618 2753 2666 et
2780 2611 3139 2682 singularem
3174 2613 3513 2668 aestimabat.
3546 2612 3796 2669 Proinde

2100 2701 2159 2752 in
2186 2716 2353 2754 manu
2411 2699 2509 2755 Dei
2548 2701 2747 2769 jugum
2790 2702 3149 2769 iniquitatum
3203 2702 3330 2772 ejus
3376 2702 3594 2772 vigilat,
3655 2703 3798 2772 quia

2102 2802 2245 2844 usus
2274 2796 2610 2858 perpetratae
2641 2789 2933 2859 nequitiae,
2968 2791 3069 2861 qui
3118 2804 3222 2846 nos
3266 2790 3654 2846 indesinenter
3686 2806 3799 2862 op-

2101 2877 2295 2946 primit
2323 2884 2379 2931 et
2416 2877 2674 2946 inclinat,
2733 2877 3195 2933 irremedialibus
3238 2891 3343 2933 nos
3385 2878 3541 2932 curis
3588 2878 3798 2946 exagi-

2029 3002 2070 3056 C
2101 2972 2200 3021 tat.
2246 2967 2484 3033 Vigilare
2507 2965 2661 3021 enim
2698 2967 2989 3020 sollicitari
3023 2974 3125 3022 est.
3167 2966 3299 3021 Haec
3337 2966 3794 3031 convolvuntur,

2098 3054 2240 3110 dum
2306 3054 2713 3125 iniquitatibus
2774 3056 3106 3125 iniquitates
3165 3055 3571 3112 admiscentur.
3647 3057 3796 3112 Collo

2098 3145 2500 3213 imponuntur,
2547 3145 2686 3200 dum
2754 3144 2815 3199 in
2868 3144 3254 3214 oppressionis
3314 3144 3791 3200 consuetudinem

2098 3235 2370 3289 universa
2394 3233 2730 3289 trahuntur.
2762 3255 2782 3281 ι
2808 3233 3108 3290 Inﬁrmata
3130 3240 3215 3289 est
3244 3234 3429 3289 virtus
3460 3247 3616 3302 mea;
3641 3233 3797 3289 dedit

2102 3344 2124 3371 ι
2158 3336 2246 3377 me
2267 3322 2547 3377 Dominus
2572 3321 2631 3376 in
2660 3335 2860 3389 manu,
2890 3321 2959 3377 de
2980 3335 3097 3391 qua
3119 3336 3229 3377 non
3254 3322 3726 3393 poterojsurgere.
3768 3344 3789 3368 ι

2098 3410 2321 3466 Exinde
2346 3412 2523 3464 virtus
2544 3409 2891 3477 inﬁrmatur,
2915 3409 3055 3479 quia
3084 3424 3199 3464 non
3220 3418 3301 3465 est
3328 3409 3449 3466 ulla
3467 3409 3556 3465 vis
3581 3410 3792 3477 cordis,

2098 3513 2230 3570 quae
2259 3498 2692 3555 suborientibus
2720 3497 2875 3554 vitiis
2901 3498 3244 3568 refragetur.
3274 3499 3379 3554 Dat
3404 3512 3511 3553 nos
3536 3501 3795 3552 Dominus

2095 3590 2155 3641 in
2182 3602 2349 3642 manu
2371 3586 2437 3641 de
2474 3602 2585 3656 qua
2634 3602 2740 3640 non
2799 3599 3106 3655 possumus
3150 3601 3389 3654 surgere,
3434 3599 3567 3641 cum
3621 3587 3795 3643 semel

2097 3675 2247 3731 servi
2279 3674 2410 3730 facti
2443 3674 2659 3745 peccati
2689 3688 2723 3729 a
2748 3674 2881 3743 jure
2922 3675 3068 3745 ejus,
3102 3673 3196 3729 cui
3246 3687 3348 3729 nos
3389 3674 3794 3737 submisimus,

2099 3764 2414 3834 nequimns
2439 3777 2543 3819 nos
2577 3762 2869 3833 potestatis
2899 3776 3119 3819 eruere.

2808 3865 3082 3907 SAMECH.

2170 3941 2342 3998 Vnus.
2382 3944 2464 3994 15.
2511 3972 2579 3980 -—
2639 3964 2659 3989 ι
2720 3940 2969 3996 Abstulit
3014 3955 3211 3997 omnes
3262 3939 3597 4010 magnificos
3640 3955 3796 4005 meos

2104 4048 2123 4076 ι
2158 4028 2440 4084 Dominus
2495 4029 2564 4084 de
2623 4029 2808 4085 medio
2855 4029 2997 4099 mei;
3051 4030 3278 4085 vocavit
3325 4029 3633 4085 adversum
3704 4044 3795 4085 me

2104 4138 2125 4165 ι
2161 4124 2407 4186 tempus,
2491 4124 2556 4173 ut
2620 4124 2876 4173 conterat
2938 4117 3145 4173 electos
3209 4132 3384 4173 meos.
3458 4138 3480 4166 ι
3548 4116 3789 4173 Samech

2097 4206 2311 4262 dicitur
2351 4208 2769 4275 firmamentum.
2814 4207 3072 4261 Dominus
3118 4207 3185 4261 de
3221 4206 3399 4260 medio
3440 4206 3620 4261 nostri
3668 4222 3795 4260 ma-

292 4296 456 4364 mihi,
505 4296 648 4367 proh
700 4286 889 4351 dolor!
951 4308 1063 4350 non
1115 4301 1233 4349 tam
1293 4307 1500 4349 mceror
1556 4307 1732 4363 quam
1799 4293 1986 4348 rabies
2023 4302 2070 4357 1)
2099 4296 2321 4363 gniﬁcos
2350 4294 2555 4362 aufert,
2588 4309 2718 4351 cum
2742 4294 3086 4364 principales
3114 4303 3320 4363 motus,
3346 4295 3562 4365 quibus
3581 4308 3798 4366 magna

292 4386 641 4452 innascitur;
687 4384 840 4455 quod
877 4384 950 4439 ad
997 4382 1225 4438 libitum
1270 4396 1508 4451 peccare
1554 4396 1667 4437 non
1694 4382 1875 4458 valeo.
1918 4382 1990 4437 Et

292 4477 399 4532 hoc
450 4474 575 4530 ideo
634 4496 655 4523 ‹
716 4473 996 4544 quoniam
1048 4470 1426 4527 vindemiavit
1485 4486 1574 4527 me
1617 4491 1638 4519 »
1675 4471 1984 4537 Dominus,

292 4563 469 4619 totius
526 4561 729 4632 utique
791 4561 868 4631 pii
933 4559 1213 4626 exercitii,
1270 4567 1326 4615 et
1379 4559 1617 4615 caelestis
1670 4557 1989 4614 dulcedinis

293 4651 585 4721 subripuit
631 4649 773 4706 mihi
801 4649 1045 4705 fructus.
1078 4669 1101 4698 ι
1144 4649 1210 4703 In
1261 4648 1352 4704 die
1395 4647 1607 4704 furoris
1655 4648 1746 4704 sui
1805 4647 1991 4702 Domi-

298 4763 321 4790 ι
352 4754 486 4808 nus,
516 4762 537 4788 ι
566 4740 683 4795 haec
706 4739 982 4809 loquitur,
1018 4751 1149 4793 cum
1179 4737 1455 4807 inaperta
1483 4751 1608 4792 suae
1627 4735 1989 4791 animadver-

292 4828 779 4900 sioniszsententia
822 4833 1141 4897 peccatum,
1181 4832 1236 4881 et
1283 4839 1453 4895 poena
1509 4825 1723 4895 peccati
1774 4825 1990 4895 pariter

293 4919 461 4990 quasi
489 4917 549 4973 in
570 4917 661 4972 die
682 4919 1041 4985 reteguntur.

1066 5018 1216 5058 ΜΒΝ.

365 5095 535 5152 Vens.
572 5096 658 5149 l3.
690 5123 757 5132 —
794 5114 813 5141 ι
856 5091 935 5146 De
975 5090 1199 5145 excelso
1250 5088 1405 5144 misit
1434 5088 1625 5159 ignem
1673 5088 1729 5143 in
1762 5088 1989 5144 ossibus

300 5184 512 5251 nmeis,
580 5189 635 5238 et
692 5179 946 5237 erudivit
1010 5194 1118 5233 me.
1158 5200 1179 5225 ι
1247 5178 1374 5233 Men
1444 5177 1855 5246 interpretatur
1919 5193 1988 5231 ear

292 5274 449 5343 ipsis.
485 5271 568 5326 Ex
593 5269 729 5339 ipsis
760 5268 927 5338 plane
975 5274 1078 5334 est,
1111 5267 1251 5337 quia
1280 5279 1354 5321 ex
1404 5264 1656 5335 ipsorum
1692 5265 1753 5320 ﬁt
1784 5264 1987 5320 merito

293 5358 580 5431 quidquid
610 5359 921 5413 introrsum
963 5355 1159 5411 damni
1202 5363 1307 5411 est.
1363 5354 1519 5409 Unde
1570 5354 1640 5409 de
1695 5355 1900 5408 excelso
1929 5356 1988 5408 in

292 5448 503 5504 ossibus
534 5447 683 5517 ignis
700 5445 966 5512 mittitur,
999 5459 1133 5503 cum
1165 5443 1311 5498 inter
1332 5442 1458 5512 ipsa
1500 5442 1698 5511 lapsus
1734 5442 1987 5512 primor-

294 5539 408 5605 dia,
453 5536 602 5607 ignis
645 5532 978 5590 cenodoxim
998 5532 1069 5587 de
1124 5532 1407 5588 virtutum
1454 5531 1656 5587 robore
1702 5530 1984 5601 originem

2095 4383 2154 4438 in
2187 4383 2371 4440 medio
2400 4384 2599 4449 nostri,
2632 4384 2689 4438 in
2728 4383 2852 4453 ipsa
2879 4382 3091 4440 scilicet
3141 4383 3359 4439 ratione
3408 4393 3715 4454 geruntur,
3738 4392 3796 4440 et

2096 4471 2330 4542 quibus,
2358 4472 2530 4541 juxta
2558 4472 2864 4542 praemissae
2894 4471 3096 4528 litterae
3124 4486 3379 4539 sensum,
3430 4472 3490 4527 in
3534 4472 3628 4528 Dei
3663 4472 3796 4528 dile-

2094 4560 2283 4616 ctione
2330 4562 2648 4626 ilrmamur,
2703 4561 2816 4617 Deo
2865 4561 3058 4632 judice
3111 4561 3557 4617 subtrahuntur.
3613 4561 3791 4617 Vocat

2095 4649 2386 4704 adversum
2427 4662 2532 4704 nos
2580 4654 2807 4718 tempus,
2859 4657 2925 4705 ut
2969 4649 3175 4705 electos
3232 4657 3454 4705 nostros
3510 4657 3788 4716 conterat,

2095 4751 2228 4793 cum
2296 4737 2595 4807 temporali
2662 4751 2765 4793 nos
2821 4738 3078 4807 appetitu
3153 4738 3447 4793 diabolicae
3514 4737 3792 4793 instinctu

2094 4826 2479 4897 suggestionis
2527 4826 2781 4893 irritans,
2817 4835 2872 4882 et
2909 4840 2977 4882 ea
3006 4827 3078 4881 ab
3128 4827 3246 4897 ipso
3278 4835 3598 4896 opportune
3650 4841 3793 4896 sup-

2096 4913 2333 4983 peditari
2385 4916 2736 4984 permittens,
2779 4915 3068 4986 quidquid
3120 4915 3408 4986 insignius
3462 4916 3521 4969 in
3572 4914 3787 4983 animo,

2094 5002 2382 5072 quidquid
2409 5002 2645 5059 electius
2674 5011 2757 5059 est
2787 5003 3093 5060 demolitur
3120 5008 3177 5059 et
3207 5003 3466 5073 dissipat.
3505 5023 3533 5053 α
3584 5003 3794 5059 Torcu-

2100 5112 2120 5139 ι
2159 5091 2247 5146 lar
2271 5091 2821 5147 calcavit'Dominus
2852 5092 3067 5162 virgini
3117 5091 3250 5147 tilia
3297 5092 3464 5147 Juda.
3499 5114 3525 5141 ε)
3570 5093 3791 5148 Torcu-

2095 5178 2201 5234 lari
2238 5193 2446 5236 succus
2469 5180 2779 5249 cujuslibet
2824 5180 2903 5236 rei
2951 5180 3317 5251 exprimitur.
3368 5181 3628 5235 Torcular
3652 5194 3790 5250 ergo

2098 5269 2357 5322 Dominus
2395 5268 2598 5335 calcat,
2650 5283 2784 5325 cum
2828 5283 2931 5324 suo
2965 5268 3186 5339 judicio
3231 5283 3329 5324 eas
3376 5284 3507 5339 quae
3550 5282 3584 5324 a
3626 5268 3792 5325 nobis

2095 5355 2396 5411 humorem
2476 5354 2654 5411 totius
2711 5356 2939 5426 pietatis
3004 5356 3237 5411 eliciant
3292 5365 3346 5412 et
3410 5356 3789 5413 obstinatione

2094 5443 2275 5499 indita
2305 5442 2596 5513 passiones
2623 5450 3020 5513 augmentant.
3074 5443 3143 5499 Et
3174 5444 3281 5499 hoc
3315 5443 3377 5499 ﬁt
3422 5446 3632 5513 virgini
3663 5446 3790 5513 ﬁlia

2091 5532 2255 5596 Juda,
2288 5530 2626 5589 confessioni
2658 5532 2918 5588 videlicet
2956 5545 3071 5587 non
3102 5531 3275 5599 virili,
3310 5546 3441 5603 quas
3479 5532 3787 5589 adversum
