3928 6070
109 244 217 297 457

862 245 1317 303 TROPOLOGIE
1355 249 1430 303 IN
1467 248 1670 317 OSEE,
1709 251 1804 305 AM

1983 251 2013 305 Γ
2049 249 2200 306 JER.
2233 281 2302 290 —
2332 250 2459 306 LIB.
2498 251 2562 305 V.
2604 251 2675 304 IN
2713 251 2856 308 JER.

3511 255 3616 309 458

111 379 452 436 seconfiteri
495 388 790 449 proponat,
835 382 933 437 sed
984 381 1374 451 infructuosae,
1438 385 1592 454 quod
1645 385 1812 455 virgo
1849 387 1896 438 Α
1930 405 1949 431 ι
1985 392 2123 440 runt
2163 385 2220 440 in
2253 385 2663 455 captivitatem,
2709 406 2730 434 ι
2769 385 2923 456 quod
2965 393 3050 441 est
3079 385 3267 443 dicere
3301 401 3315 441 :
3373 386 3428 443 Si
3473 389 3616 458 quid

110 476 216 535 est,
252 475 307 524 et
348 469 545 536 sterili,
597 483 728 540 qua
769 478 999 539 partum
1047 486 1220 527 suum
1268 473 1340 528 ad
1389 473 1666 530 vomitum
1717 488 1812 529 re-

109 557 344 613 deundo
373 555 684 626 effeminat,
719 559 808 614 vel
839 557 1141 615 annihilat.

903 662 1038 701 ΔΙΝ.

184 737 587 792 Vens.16.—
644 758 666 785 ι
724 736 942 792 Idcirco
1001 751 1138 807 ergo
1193 737 1445 806 plorans,
1503 746 1558 793 et
1609 739 1812 795 oculus

113 844 135 870 ι
171 837 337 879 meus
365 825 655 880 deducens
684 837 920 894 aquam,
953 825 1092 894 quia
1126 825 1296 894 longe
1326 825 1512 881 factus
1542 835 1626 882 est
1657 840 1691 881 a
1723 841 1811 883 me

111 933 133 959 ι
173 913 518 979 consolator,
603 920 942 968 convertens
1006 913 1260 969 animam
1321 928 1525 970 meam.
1601 938 1621 962 ι
1681 915 1806 981 Ain,

107 1000 523 1070 interpretatur
586 1001 791 1055 oculus.
861 1001 1052 1056 Plorat
1109 1001 1210 1071 qui
1271 1015 1306 1057 a
1357 1017 1416 1057 se
1473 1001 1809 1058 instinctum

104 1089 516 1143 teneritudinis
571 1087 812 1143 internae
855 1088 1135 1144 eliminat.
1188 1090 1383 1144 Oculus
1425 1090 1552 1159 ejus
1610 1105 1811 1157 aquam

105 1173 361 1240 deducit,
398 1187 530 1228 cum
586 1173 846 1238 intentio,
907 1188 1038 1242 quze
1081 1173 1452 1243 cogitationes
1501 1174 1809 1242 illuminat,

106 1274 143 1315 a
173 1276 232 1316 se
284 1263 494 1318 fontem
544 1261 837 1330 sapientiae
886 1261 1158 1316 salutaris
1205 1261 1547 1330 pedetentim
1604 1261 1806 1331 rejicit.

107 1349 258 1404 Hinc
285 1357 367 1404 est
398 1349 551 1419 quod
587 1349 879 1418 proposita
925 1349 1112 1403 littera
1153 1349 1388 1403 oculum
1439 1356 1624 1415 sonat,
1670 1349 1811 1418 quia

108 1438 212 1506 qui
245 1451 423 1505 supra
452 1439 736 1492 virtutum
771 1437 1136 1491 firmamenta
1175 1437 1530 1504 dissolverat,
1581 1445 1634 1491 et
1665 1453 1808 1492 ocu-

105 1525 231 1580 lum
261 1525 381 1594 ipse
413 1525 742 1580 intentionis
779 1531 1196 1594 consequenter
1238 1532 1531 1579 extenuat.
1566 1525 1636 1579 Et
1679 1525 1804 1590 hoc,

107 1615 265 1680 longe
311 1616 495 1679 factus
539 1619 618 1667 est
684 1629 717 1666 a
773 1627 827 1666 se
892 1613 1210 1677 consolator,
1281 1612 1421 1667 dum
1481 1613 1634 1668 enim
1692 1613 1805 1682 spi-

107 1703 259 1757 ritus
324 1702 731 1757 consolationis
789 1701 860 1755 ab
920 1701 1111 1756 animo
1166 1700 1462 1762 emittitur,
1516 1701 1803 1770 quidquid

109 1790 427 1845 introrsum
478 1790 691 1845 residui
756 1796 862 1857 est,
930 1789 1293 1858 sempiternis
1337 1788 1803 1844 indurationibus

106 1876 479 1933 obtirmatur.
509 1880 559 1932 ts
587 1877 907 1932 consolator
944 1879 1191 1931 animam
1238 1876 1535 1942 convertit,
1588 1877 1727 1946 quia
1769 1890 1802 1931 a

107 1981 214 2021 suo
242 1966 480 2035 impetu,
515 1966 624 2021 nisi
653 1966 780 2035 ejus
821 1964 1192 2034 inspiratione
1238 1965 1431 2019 anima
1478 1964 1804 2020 miseranda

107 2066 224 2107 non
257 2052 422 2107 redit.
472 2071 498 2103 α
559 2052 711 2107 Facti
762 2060 899 2107 sunt
947 2051 1046 2106 lilii
1105 2052 1213 2106 mei
1248 2051 1473 2121 perditi,
1527 2051 1802 2121 quoniam

107 2163 134 2189 ››
169 2141 420 2196 invaluit
453 2141 738 2196 inimicus.
776 2161 796 2187 ι
837 2141 974 2194 Filii
1012 2139 1353 2208 perduntur,
1397 2142 1653 2208 quoniam
1699 2143 1804 2193 ini-

105 2230 280 2281 micus
307 2229 563 2295 invaluit,
597 2241 732 2283 cum
765 2242 898 2297 quae
954 2227 1097 2282 bene
1152 2235 1311 2298 gesta
1343 2227 1631 2294 videntur,
1688 2241 1802 2281 non

107 2328 210 2384 pro
243 2317 359 2371 Deo
389 2323 693 2386 geruntur,
725 2323 826 2370 aut
856 2329 956 2384 pro
987 2316 1098 2370 Deo
1127 2323 1304 2385 gesta,
1337 2315 1562 2371 diabolo
1595 2315 1801 2386 nequi-

107 2402 217 2458 tias
243 2404 557 2475 ingerente,
591 2403 966 2460 retributione
998 2402 1320 2472 privantur.

886 2507 1028 2546 PHB.

179 2580 354 2636 Vens.
391 2584 575 2635 l7.—
633 2603 651 2629 ι
688 2581 978 2650 Expandit
1007 2579 1137 2636 Sion
1205 2593 1414 2635 manus
1469 2593 1623 2646 suas,
1685 2593 1801 2635 non

111 2690 132 2715 ι
177 2676 261 2724 est
292 2669 390 2738 qui
431 2668 760 2724 consoletur
800 2683 946 2724 eam.
1004 2691 1024 2717 ι
1071 2669 1202 2735 l’he,
1258 2668 1665 2738 interpretatur
1717 2683 1801 2722 er-

107 2760 276 2811 ravit.
328 2757 508 2824 Quem
564 2773 814 2814 errorem
863 2773 1157 2828 exponens
1203 2757 1546 2828 subjungit:
1607 2758 1803 2813 Manus

108 2861 239 2901 suas
268 2848 400 2902 Sion
432 2848 719 2916 expandit,
754 2862 885 2902 cum
918 2860 1090 2916 opera
1121 2860 1227 2902 sua
1266 2845 1331 2912 is,
1365 2846 1465 2916 qui
1506 2845 1576 2900 ad
1621 2847 1801 2902 Deum

109 2935 531 3004 speculandum
610 2943 846 2990 eatenus
905 2934 1225 2990 intenderat
1288 2934 1417 3004 (hoc
1463 2933 1616 2989 enim
1673 2934 1802 2989 Sion

107 3023 416 3094 significat)
444 3039 544 3093 per
592 3023 959 3094 hypocrisim,
1017 3038 1135 3093 qua
1185 3023 1347 3094 pejus
1394 3037 1559 3079 nemo
1589 3037 1623 3078 a
1665 3037 1800 3079 vero

105 3118 356 3175 exerrat,
393 3110 758 3166 manifestare
787 3119 1090 3167 concertat.
1139 3111 1269 3167 Ideo
1309 3127 1413 3165 non
1451 3115 1528 3166 est
1557 3113 1654 3180 qui
1683 3127 1799 3165 eam

102 3199 422 3265 consoletur,
483 3199 623 3269 quia
680 3214 854 3269 super
908 3200 997 3255 his
1025 3199 1337 3266 laboribus,
1394 3214 1539 3269 quos
1585 3199 1798 3254 frustra

99 3295 350 3353 exercet,
386 3287 548 3343 nulla
579 3302 752 3358 penes
783 3289 964 3344 Deum
994 3303 1091 3358 spe
1118 3289 1421 3344 refovetur.
1450 3309 1476 3338 ‹‹
1505 3287 1800 3344 Mandavit

105 3393 126 3419 ι
160 3373 444 3428 Dominus
488 3375 796 3430 adversum
833 3375 1006 3430 Iacob
1059 3376 1116 3429 in
1163 3374 1410 3430 circuitu
1455 3376 1582 3445 ejus
1611 3375 1798 3430 hostes

105 3481 124 3508 ι
158 3463 320 3531 ejus;
354 3466 498 3516 241
532 3462 680 3518 facta
719 3470 803 3518 est
833 3463 1148 3518 Jerusalem
1180 3462 1345 3532 quasi
1396 3463 1616 3532 polluta
1647 3477 1798 3518 men-

103 3566 133 3599 ι»
162 3549 345 3604 struis
376 3550 524 3606 inter
555 3564 667 3606 eos.
725 3573 746 3598 ι
784 3553 1040 3605 Dominus
1088 3551 1378 3604 adversum
1405 3551 1566 3604 Jacob
1626 3552 1798 3604 hostes

104 3637 220 3707 ejus
273 3639 532 3704 mandat,
584 3653 716 3694 cum
766 3639 1041 3695 adversus
1081 3653 1234 3707 eum,
1268 3639 1370 3708 qui
1409 3639 1477 3693 de
1521 3638 1793 3694 vitiorum

101 3727 568 3797 supplantatione
598 3743 656 3782 se
689 3729 887 3798 jactat,
925 3727 1289 3782 hostilitatem
1326 3726 1657 3782 tentationis
1695 3741 1795 3782 ex-

102 3816 364 3871 suscitat.
399 3817 662 3871 Mandare
681 3816 834 3871 enim
865 3817 992 3885 ejus
1037 3819 1347 3885 permittere
1385 3817 1505 3884 fieri
1545 3823 1650 3869 .est.
1685 3815 1798 3869 Hos

102 3903 160 3957 in
215 3905 463 3960 circuitu
517 3904 644 3974 ejus
709 3903 982 3970 immittit,
1041 3919 1172 3959 cum
1229 3903 1399 3959 etiam
1454 3903 1794 3958 exteriorem

103 3991 394 4048 hominem
424 3993 716 4048 evidenter
757 3993 894 4048 sinit
941 3991 1225 4061 impediri.
1269 3993 1564 4046 Jerusalem
1603 3999 1795 4047 autem

103 4083 266 4150 quasi
290 4081 504 4150 polluta
534 4085 823 4136 menstruis
855 4089 937 4136 est
963 4083 1105 4135 inter
1133 4096 1236 4146 eos,
1272 4095 1404 4135 cum
1455 4080 1602 4134 intro
1633 4079 1799 4134 foris-

101 4183 214 4238 que
244 4169 490 4237 pulsata,
523 4169 887 4239 potissimum
905 4168 1140 4239 languet
1169 4169 1481 4223 introrsum
1507 4167 1622 4237 lper
1649 4167 1798 4237 cogi-

103 4263 256 4312 tatus
296 4257 588 4314 obscenos.

861 4361 1041 4400 SADE.

169 4433 346 4489 Vsus.
385 4437 467 4488 l8.
498 4461 571 4474 —
627 4455 647 4481 ι
718 4435 916 4489 Justus
947 4432 1244 4498 Dominus,
1281 4430 1421 4501 quia
1482 4445 1545 4486 os
1573 4431 1699 4501 ejus
1728 4430 1799 4484 ad

107 4543 127 4570 ι
163 4522 527 4578 iracundiam
592 4523 944 4594 provocavit.
1038 4544 1054 4571 ι
1148 4522 1310 4588 Sade,
1393 4522 1802 4591 interpretatur

95 4611 342 4679 justitia.
379 4611 536 4666 Unde
587 4611 854 4680 sequitur
895 4625 906 4664 :
962 4609 1108 4677 Quia
1139 4611 1324 4678 justus
1377 4611 1655 4675 Dominus,
1705 4611 1802 4679 qui

103 4714 160 4754 os
190 4702 306 4768 ejus
349 4699 424 4753 ad
470 4699 821 4753 iracundiam
867 4701 1197 4768 provocavit,
1241 4698 1394 4768 juste
1442 4697 1703 4752 videlicet
1729 4697 1800 4752 ad

104 4787 362 4844 exterius
417 4788 829 4843 inconveniens
877 4787 1066 4855 duxit,
1113 4787 1252 4857 quia
1304 4785 1502 4840 divina
1546 4799 1660 4841 non
1700 4798 1801 4854 pro

105 4877 222 4933 Deo
247 4877 507 4933 faciendo
548 4877 715 4946 quasi
768 4877 826 4930 in
862 4876 1064 4931 faciem
1112 4876 1226 4930 Deo
1265 4874 1579 4930 maledixit.
1609 4891 1636 4926 ‹
1675 4874 1801 4929 Au—

108 4986 129 5013 ι
165 4965 304 5030 dite,
335 4965 589 5030 obsecro,
638 4963 894 5020 universi
944 4963 1160 5034 populi,
1213 4970 1268 5018 et
1312 4963 1500 5018 videte
1547 4961 1798 5017 dolorem

109 5075 129 5101 ι
165 5067 385 5109 meum.
428 5074 450 5100 ι
481 5053 755 5109 Obsecrat
803 5052 1106 5109 universos
1153 5051 1391 5121 populos
1425 5057 1491 5106 ut
1536 5050 1798 5116 audiant,

103 5156 236 5197 cum
272 5155 376 5211 per
410 5155 603 5210 pravae
643 5140 993 5211 operationis
1043 5139 1341 5194 infamiam
1391 5151 1590 5194 omnes
1641 5137 1802 5192 solli—

105 5231 263 5296 citat,
296 5237 553 5285 exertam
587 5237 808 5286 contrat
837 5243 898 5284 se
930 5228 1023 5283 Dei
1057 5227 1416 5283 considerare
1437 5225 1799 5282 sententiam.

112 5317 326 5386 Videte,
355 5318 562 5389 inquit,
596 5319 829 5373 dolorem
859 5333 1053 5384 meum,
1087 5330 1204 5372 non
1242 5329 1359 5385 quo
1405 5328 1511 5385 ego
1560 5313 1806 5369 miseriis

108 5406 270 5475 meis,
305 5407 447 5477 proh
477 5407 661 5464 nefasl
699 5406 1006 5472 indoleam,
1048 5404 1145 5460 sed
1170 5403 1324 5474 quod
1363 5409 1575 5458 statum
1609 5400 1805 5456 dolore

109 5495 353 5566 dignum
385 5495 616 5553 ducam.
649 5518 669 5546 ι
705 5493 974 5566 Virgines
1002 5507 1142 5550 mese
1168 5498 1223 5548 et
1249 5492 1493 5562 juvenes
1515 5487 1625 5545 mei
1658 5487 1808 5544 abie-

466 5595 742 5659 PATROL.
796 5593 1000 5660 CLVI.

1919 472 2321 542 incorruptum
2373 474 2429 528 in
2460 487 2587 528 mea
2615 483 2826 541 mente,
2885 474 2932 529 si
2983 474 3125 545 quid
3170 475 3430 532 validum
3476 491 3618 532 con-

1918 568 2195 632 stansque
2253 562 2556 628 resederat,
2610 563 2788 618 hostis
2829 563 3112 634 antiquus
3183 564 3254 618 ab
3301 565 3458 620 omni
3525 566 3618 634 pio

1919 649 2123 706 habitu
2154 651 2490 706 abducendo
2516 651 2796 720 captivat.

2612 771 2620 778 -
2680 753 2861 793 COPH.

1990 827 2162 884 γωδ.
2201 829 2283 880 19.
2317 857 2386 866 -
2418 848 2438 873 ε
2491 827 2705 882 Vocavi
2751 827 2965 882 amicos
2995 841 3170 896 meos,
3209 835 3263 882 et
3307 829 3412 897 ipsi
3445 829 3611 886 dece-

1922 934 1944 961 ι
1983 921 2191 982 perunt
2221 928 2328 969 me.
2365 933 2392 965 ν
2430 913 2608 982 Coph,
2651 913 3065 983 interpretatur
3109 917 3395 970 conclusio.
3438 915 3612 974 Plane

1917 999 2285 1055 concluditur
2323 1014 2356 1054 a
2389 1014 2504 1068 quo
2544 1000 2644 1055 ubi
2689 1001 2968 1070 respirare
3005 1001 3192 1057 valeat
3239 1003 3473 1058 minime
3519 1003 3614 1058 in-

1915 1090 2169 1144 venitur.
2214 1089 2390 1144 Vocat
2418 1088 2571 1144 enim
2602 1093 2819 1156 amicos,
2871 1098 2926 1144 et
2956 1090 3064 1158 ipsi
3114 1091 3428 1160 decipiunt,
3479 1105 3611 1146 cum

1916 1177 2088 1231 etiam
2117 1176 2225 1232 sibi
2256 1177 2383 1232 vult
2412 1177 2717 1232 conciliare
2756 1177 3056 1244 daemonia,
3093 1193 3209 1248 quo
3269 1178 3612 1234 familiarius

1915 1264 2024 1319 sibi
2051 1264 2489 1320 subministrent
2522 1265 2691 1331 vitia;
2727 1265 2822 1319 sed
2855 1264 2914 1320 in
2945 1265 3052 1320 hoc
3083 1265 3198 1334 ipso
3235 1281 3366 1321 eum
3397 1265 3610 1322 exitia-

1915 1351 2043 1407 liter
2075 1349 2300 1407 fallunt.
2340 1375 2360 1400 ι
2416 1352 2745 1408 Sacerdotes
2777 1352 2884 1407 mei
2923 1361 2978 1408 et
3016 1368 3179 1409 senes
3210 1355 3318 1408 mei
3366 1355 3422 1408 in
3464 1355 3608 1411 urbe

1919 1461 1940 1488 ι
1971 1441 2295 1508 consumpti
2334 1448 2490 1506 sunt,
2539 1441 2689 1510 quia:
2745 1443 3100 1510 quaesierunt
3154 1444 3344 1498 cibum
3401 1444 3509 1498 sibi
3542 1451 3604 1500 ut

1920 1548 1941 1574 ι
1977 1527 2354 1583 refocillarent
2384 1530 2639 1583 animam
2669 1543 2856 1582 suam.
2915 1551 2934 1576 ι
2972 1530 3283 1584 Sacerdotes
3315 1530 3420 1599 ipsi
3469 1538 3603 1586 sunt

1913 1615 2223 1670 rationales
2286 1621 2476 1670 motus
2537 1615 2812 1670 ducatum
2875 1617 3048 1672 menti
3104 1615 3365 1672 ferentes.
3423 1619 3602 1683 Senes,

1846 1687 1885 1740 Β
1915 1702 2108 1759 itidem
2143 1710 2350 1771 motus,
2400 1703 2490 1758 vel
2542 1704 2598 1756 in
2653 1717 2845 1768 sensu,
2888 1705 2975 1758 vel
3028 1704 3084 1758 in
3125 1719 3359 1774 corpore
3404 1706 3608 1775 majori

1914 1791 2194 1860 gravitate
2246 1791 2697 1859 praeminentes.
2748 1791 2815 1846 loli
2858 1794 2916 1844 in
2969 1791 3101 1846 urbe
3153 1799 3604 1860 consumuntur,

1911 1893 2043 1933 cum
2077 1879 2226 1934 intra
2255 1879 2682 1944 conscientiam,
2710 1879 3099 1950 ubioriginem
3127 1887 3384 1946 sumunt,
3423 1879 3607 1934 divini

1911 1966 2070 2020 verbi
2112 1966 2300 2020 inedia
2346 1966 2760 2034 periclitantur.
2824 1967 2891 2020 Hi
2947 1967 3124 2020 cibum
3169 1967 3278 2021 sibi
3310 1974 3602 2036 quaerunt,

1911 2058 1973 2107 ut
2013 2057 2251 2108 animam
2285 2054 2617 2122 refocillent,
2649 2068 2780 2108 cum
2827 2054 3163 2124 temporalia
3214 2061 3604 2124 aucupantur,

1913 2142 2128 2213 quibus
2157 2155 2292 2198 suas
2321 2141 2705 2197 animalitates
2734 2142 3116 2212 sublevigent.

2696 2245 2830 2284 RES.

1982 2315 2151 2372 Vens.
2185 2316 2274 2372 20.
2305 2346 2377 2358 —
2415 2340 2435 2366 ι
2488 2318 2642 2385 Vide,
2698 2317 2952 2386 Domine,
3003 2317 3279 2388 quoniam
3328 2318 3602 2388 tribulor;

1917 2427 1938 2453 ι»
1973 2412 2175 2461 venter
2203 2420 2368 2461 meus
2401 2407 2784 2462 conturbatus
2813 2413 2916 2473 est,
2979 2406 3323 2462 subversum
3371 2414 3455 2462 est
3507 2420 3605 2462 cor

1917 2514 1937 2540 ι
1974 2507 2166 2548 meum
2200 2493 2254 2548 in
2282 2493 2636 2562 memetipsa,
2670 2493 2948 2562 quoniam
2996 2493 3384 2549 amaritudine
3436 2494 3603 2563 plena

1912 2600 1941 2635 v
1975 2596 2124 2636 sum.
2160 2603 2180 2628 ι
2243 2582 2369 2647 Res,
2401 2587 2566 2650 caput
2622 2582 2851 2637 dicitur.
2911 2581 3113 2636 Videre
3171 2583 3351 2637 Deum
3412 2589 3596 2652 rogat,

1912 2670 2186 2739 quoniam
2236 2669 2567 2736 tribulatur,
2627 2683 2761 2724 cum
2812 2669 2880 2724 de
2937 2668 3256 2737 profundis,
3317 2677 3381 2724 ut
3427 2681 3605 2738 supra

1911 2757 2183 2825 diximus,
2218 2757 2556 2827 resipiscens
2595 2757 2774 2812 Deum
2827 2756 3130 2826 aliquoties
3179 2756 3492 2812 inclamitat
3539 2762 3606 2812 ut

1911 2846 2122 2911 videre,
2159 2846 2212 2900 id
2244 2853 2327 2901 est
2361 2845 2674 2915 intelligere
2705 2858 2762 2900 se
2793 2844 2963 2900 faciat
2994 2852 3252 2912 mortem,
3289 2859 3421 2914 quae
3452 2845 3602 2901 intro

1912 2942 2230 3005 grassatur.
2274 2936 2467 2989 Venter
2496 2933 2896 3000 conturbatur,
2925 2947 3056 2988 cum
3089 2934 3336 3000 animus,
3370 2947 3441 2988 ne
3471 2947 3602 3004 quae

1914 3023 2130 3092 patitur
2159 3022 2346 3077 valeat
2378 3021 2747 3091 perpendere,
2785 3021 3152 3077 obscuratur.
3203 3022 3269 3075 In
3299 3019 3601 3088 semetipsa

1909 3126 2001 3165 cor
2020 3112 2132 3179 ejus
2163 3109 2537 3175 subvertitur,
2591 3123 2722 3164 cum
2762 3109 2927 3176 ratio,
2971 3123 3101 3178 quae
3151 3110 3208 3163 in
3255 3107 3602 3177 praetitulata

1910 3199 2098 3254 littera
2123 3204 2294 3267 caput
2325 3196 2555 3264 dicitur,
2595 3197 2650 3251 in
2677 3211 2782 3252 sua
2813 3196 2992 3266 ipsius
3013 3205 3212 3252 contra
3242 3196 3380 3252 vitia
3423 3195 3603 3251 ratio-

1909 3287 2194 3343 cinatione
2231 3285 2626 3340 confunditur.
2663 3285 3052 3339 Amaritudine
3095 3285 3322 3354 plenam
3353 3299 3411 3340 se
3441 3284 3598 3349 dicit,

1910 3377 2050 3446 quia
2103 3389 2229 3430 eam
2289 3374 2452 3429 nulla
2502 3387 2766 3443 superna:
2805 3373 3124 3429 dulcedinis
3176 3375 3362 3445 gratia
3400 3372 3600 3429 reiicit.

1915 3487 1935 3512 ι
1973 3465 2130 3519 Foris
2163 3463 2429 3518 interticit
2463 3463 2708 3532 gladius,
2737 3469 2792 3517 et
2821 3462 2973 3517 domi
3005 3477 3158 3518 mors
3206 3463 3410 3518 similis
3432 3470 3533 3518 est.
3570 3482 3596 3513 ››

1909 3553 2138 3608 Gladius
2168 3554 2309 3618 foris
2341 3553 2617 3619 interﬁcit,
2681 3565 2812 3605 cum
2861 3551 3226 3606 exsecutione
3277 3551 3600 3621 cujuspiam

1908 3639 2166 3709 capitalis
2218 3638 2471 3704 admissi,
2519 3638 2823 3694 efﬁcientia
2862 3651 2989 3693 eam
3043 3639 3354 3707 corporalis
3424 3638 3601 3693 inter-

1908 3729 2062 3798 cipit.
2088 3729 2230 3781 Mors
2279 3728 2474 3781 similis
2517 3726 2664 3780 domi
2716 3726 2984 3790 habetur,
3044 3740 3176 3780 cum
3223 3726 3480 3781 exterius
3511 3741 3602 3795 op-

1908 3815 2247 3886 portunitati
2311 3821 2553 3869 vacante
2606 3821 2889 3884 peccante,
2961 3814 3228 3882 peccandi
3281 3813 3597 3870 introrsum

1907 3905 2162 3975 maligna
2193 3903 2461 3959 aviditate
2491 3903 2747 3958 saevitur.

2687 4005 2816 4044 SIN.

1978 4079 2148 4136 Vens.
2181 4083 2268 4134 2t.
2303 4111 2370 4118 —
2407 4101 2427 4127 ε
2472 4078 2798 4134 Audierunt
2835 4078 2974 4148 quia
3017 4077 3328 4149 ingemisco
3365 4091 3492 4149 ego,
3546 4085 3602 4134 et

1911 4189 1932 4215 ι
1968 4183 2082 4224 non
2122 4175 2205 4224 est
2235 4169 2338 4238 qui
2382 4166 2706 4222 consoletur
2768 4181 2875 4222 me.
2943 4188 2963 4215 ι
3023 4166 3140 4234 Sin,
3191 4166 3602 4236 interpretatur

1837 4250 2070 4326 Dsuper
2095 4258 2310 4311 vulnus.
2358 4256 2532 4324 Super
2581 4257 2775 4309 vulnus
2830 4261 3022 4310 autem
3075 4261 3178 4321 est,
3239 4269 3372 4309 cum
3430 4268 3604 4324 super

1908 4345 2196 4400 interioris
2247 4343 2493 4399 hominis
2551 4343 2764 4398 damna
2811 4343 2980 4398 etiam
3032 4341 3350 4398 adversitas
3391 4356 3601 4412 corpo-

1907 4432 2045 4487 ralis
2074 4445 2133 4487 se
2155 4431 2342 4487 infert.
2377 4430 2590 4486 Audire
2635 4431 2693 4486 in
2747 4429 3054 4500 Scripturis
3098 4431 3370 4500 mysticis,
3401 4444 3502 4500 pro
3537 4445 3603 4486 eo

1909 4520 2063 4590 quod
2092 4528 2175 4576 est
2213 4521 2534 4587 intelligere,
2572 4519 2823 4589 ponitur.
2870 4519 3135 4575 Audiunt
3181 4519 3321 4588 quia
3358 4519 3604 4589 ingemi-

1909 4609 2034 4673 scit,
2063 4608 2202 4678 quia
2231 4607 2492 4663 videlicet
2530 4607 2690 4676 lapsa
2737 4607 2932 4662 anima
2979 4605 3052 4661 ad
3101 4608 3278 4661 Deum
3323 4605 3606 4674 respirare

1910 4695 2221 4752 contendit.
2254 4695 2520 4750 Audiunt
2544 4695 2738 4761 etiam,
2773 4694 2911 4764 quia
2939 4709 3045 4747 non
3081 4699 3158 4747 est
3188 4696 3285 4762 qui
3307 4695 3608 4748 consoletur

1907 4798 2062 4850 eum,
2092 4798 2206 4838 non
2233 4796 2532 4853 superesse
2559 4783 2763 4852 utique
2791 4781 3004 4846 animo,
3046 4780 3147 4851 qui
3180 4795 3352 4850 super
3388 4783 3604 4838 virtute

1909 4872 2136 4928 interna
2177 4870 2460 4927 consolari
2498 4871 2676 4939 possit
2715 4883 2869 4925 eum.
2911 4890 2931 4918 «
2983 4868 3193 4924 Omnes
3238 4868 3453 4924 inimici
3496 4869 3604 4925 mei

1916 4982 1937 5008 ι
1972 4960 2284 5016 audierunt
2318 4958 2534 5014 malum
2568 4973 2780 5024 meum,
2826 4957 3002 5012 laetati
3040 4965 3199 5024 sunt,
3233 4958 3507 5027 quoniam
3543 4965 3607 5014 tu

1914 5069 1936 5096 ι
1973 5047 2169 5104 fecisti.
2209 5069 2229 5095 ι
2293 5046 2453 5112 Quod
2505 5054 2589 5102 est
2627 5047 2858 5101 dicere:
2906 5046 3117 5101 Omnes
3165 5045 3452 5102 interioris
3499 5047 3608 5103 ho-

1909 5135 2080 5192 minis
2120 5135 2328 5200 hostes,
2349 5149 2483 5190 cum
2513 5133 2956 5204 subintelligunt
2977 5133 3086 5189 sibi
3115 5133 3403 5188 hominem
3439 5148 3472 5189 a
3494 5135 3606 5189 Deo

1911 5224 2159 5294 permitti
2191 5230 2430 5290 tentare,
2463 5222 2751 5288 laetantur,
2795 5221 3072 5291 quoniam
3107 5221 3272 5292 quasi
3322 5221 3608 5291 optionem

1909 5314 1989 5369 eis
2021 5312 2300 5367 intuleris.
2348 5331 2370 5360 ν
2423 5309 2896 5366 Adduxistidiem
2929 5309 3361 5377 consolationis,
3393 5317 3448 5366 et
3475 5310 3611 5366 fient

1917 5422 1938 5449 ι
1975 5399 2188 5456 similes
2215 5399 2346 5454 mei.
2381 5419 2401 5446 ι
2437 5399 2588 5454 Deus
2615 5405 2829 5464 tamen,
2862 5398 2904 5453 si
2926 5398 3160 5468 quando
3192 5398 3449 5468 aliquam
3473 5413 3611 5454 con-

1913 5487 2243 5544 solationem
2307 5486 2670 5557 resipiscendi
2715 5486 2954 5555 captivae
3000 5486 3177 5542 menti
3226 5486 3484 5553 inducat,
3539 5485 3614 5541 ad

3178 5590 3258 5649 15
