3934 6086
298 217 402 267 459

298 345 752 402 eonformitatem
788 344 937 400 illico
964 345 1089 414 ejus
1119 343 1306 398 omnis
1328 342 1753 399 aﬁectualitatis
1785 350 1996 410 motus,
2037 346 2082 396 A

300 434 400 505 qui
432 434 540 490 hac
575 434 820 502 illacque
867 432 1287 501 evagabantur,
1335 431 1515 500 redigi
1559 438 1796 486 constat.
1849 431 1990 486 Cor—

300 530 455 576 recta
485 521 635 576 enim
684 519 856 574 semel
889 518 1126 583 ratione,
1180 517 1374 572 omnia
1422 517 1494 572 ad
1555 516 1699 572 idem
1757 524 1991 572 eontra-

303 609 543 663 huntur.

1074 708 1219 746 TAU.

371 796 540 850 Vens.
585 798 671 849 22.
718 824 787 834 —
828 816 850 843 ι
898 794 1268 864 Ingrediatur
1315 807 1484 849 omne
1526 793 1744 848 malum
1792 807 1992 848 eorum

305 906 326 930 ι
361 897 551 938 coram
584 890 657 950 te,
690 889 746 937 et
783 881 1143 937 devindemia
1182 895 1298 948 eos,
1353 881 1500 936 sicut
1556 881 1994 936 devindemiasti

305 993 326 1019 ι
364 985 451 1026 me
471 979 703 1040 propter
742 969 1073 1040 iniquitates
1127 983 1300 1024 meas.
1337 991 1356 1018 ι
1407 969 1549 1035 Tau,
1607 969 1819 1024 dicitur
1872 983 1996 1022 con-

299 1061 613 1113 summavit.
647 1062 1095 1114 Consummatur
1127 1057 1281 1127 quod
1315 1057 1412 1111 ﬁni
1447 1057 1779 1127 cuicunque
1828 1056 1996 1110 addi-

299 1147 468 1202 citur.
500 1147 658 1212 Quod
694 1147 772 1214 ﬁt,
807 1146 852 1200 si
893 1159 1060 1201 omne
1092 1145 1390 1200 diabolicae
1421 1145 1734 1200 voluntatis
1778 1144 1996 1200 malum

299 1249 494 1291 coram
526 1239 654 1303 Deo,
693 1235 847 1305 quod
885 1243 968 1290 est
1001 1235 1242 1304 ingredi,
1294 1235 1663 1290 exaudiatur.
1688 1236 1758 1290 Ut
1789 1235 1997 1289 devin-

301 1324 645 1390 demientur,
703 1325 758 1379 id
795 1331 878 1379 est
925 1325 1112 1378 omnis
1166 1336 1366 1378 eorum
1421 1323 1490 1378 de
1540 1337 1628 1377 me
1671 1322 2000 1393 jocunditas

301 1412 656 1479 annulletur,
715 1411 883 1467 sicuti
938 1411 1042 1479 ipsi
1078 1425 1184 1477 me,
1233 1425 1354 1465 mea
1404 1411 1669 1481 exigente
1719 1410 1995 1481 nequitia,

302 1500 700 1555 annullarunt.
747 1500 907 1555 Multi
939 1500 1090 1554 enim
1138 1499 1384 1568 gemitus
1414 1499 1545 1566 mei,
1576 1506 1631 1554 et
1669 1513 1768 1554 cor
1808 1513 1998 1554 meum

1105 261 1118 270 .
1202 213 1270 265 V.
1315 210 1651 265 GUIBEB'I‘I
1691 209 1988 265 ABBATIS
2027 209 2078 264 S.
2120 209 2356 264 MARI/E
2398 208 2487 264 DE
2528 208 2916 263 NOVIGENTO

3688 207 3795 259 460

2822 357 3081 397 GHIHBL.

2173 431 2342 487 Vens.
2377 434 2427 485 3.
2458 462 2527 472 —
2571 453 2590 478 ε
2627 430 2918 502 Coniregit
2945 431 3002 485 in
3034 430 3119 485 ira
3146 429 3356 484 furoris
3397 443 3565 485 omne
3611 443 3798 484 cornu

2107 540 2127 565 »
2163 519 2354 584 Israel,
2391 518 2598 574 avertit
2651 525 2964 572 retrorsum
3015 517 3310 572 dexteram
3357 531 3526 574 suam
3575 531 3608 571 a
3655 517 3800 572 facie

2107 628 2127 652 ι
2165 605 2402 672 inimici,
2435 614 2489 662 et
2515 606 2807 662 succendit
2839 605 2898 658 in
2929 606 3099 660 Jacob
3132 605 3298 674 quasi
3331 606 3519 675 ignem
3552 605 3798 659 ﬂamma}

2109 717 2128 740 ι
2165 694 2496 750 devorantis
2529 694 2586 749 in
2615 708 2773 764 gyro.
2821 716 2840 740 ι
2876 693 3118 760 Ghimel,
3172 694 3584 762 interpretatur
3617 695 3799 761 pleni-

2025 773 2046 784 ’
2105 781 2254 847 tudo,
2288 794 2356 835 ea
2401 778 2615 834 scilicet
2653 781 2721 834 de
2764 794 2883 850 qua
2929 780 3141 835 dicitur
3178 794 3190 833 :
3247 802 3268 828 ι
3317 779 3622 851 Completm
3660 788 3800 836 sunt

2106 868 2438 938 iniquitates
2481 868 2953 924 Amorrhaeorum
3000 869 3152 936 (Gen.
3185 883 3282 931 xv,
3346 870 3448 937 l6).
3499 889 3526 918 »
3577 868 3799 923 Secun-

2104 957 2244 1011 dum
2275 957 2426 1010 hanc
2455 971 2567 1010 non
2598 970 2775 1012 causa
2802 957 3188 1024 correctionis,
3222 973 3353 1027 quae
3379 957 3648 1013 irascitur
3678 972 3796 1011 non

2106 1045 2308 1111 iratus,
2342 1044 2439 1100 sed
2469 1047 2528 1098 in
2555 1047 2641 1098 ira
2669 1047 2898 1111 furoris,
2933 1059 3064 1115 quae
3101 1059 3215 1100 non
3268 1045 3596 1109 reﬂectitur,
3649 1061 3802 1099 omne

2106 1149 2272 1187 cornu
2330 1135 2500 1187 Israel
2572 1133 2976 1205 confringitur,
3030 1150 3161 1189 cum
3222 1134 3508 1204 quidquid
3565 1148 3802 1188 carnem

2105 1222 2408 1287 excedens,
2441 1236 2572 1292 quae
2601 1236 2835 1277 sursum
2865 1230 3001 1277 sunt
3029 1236 3226 1292 sapere
3257 1229 3498 1290 poterat,
3527 1222 3584 1276 in
3612 1230 3803 1277 mente

2107 1310 2429 1366 suburitur.
2464 1312 2510 1364 A
2562 1313 2706 1377 facie
2750 1313 2958 1364 inimici
2996 1311 3276 1365 dea-teram
3303 1325 3460 1364 suam
3501 1317 3799 1365 retrorsum

2108 1402 2324 1465 avertit,
2359 1413 2490 1454 cum
2521 1399 2669 1453 inter
2701 1399 3040 1455 tentationes
3086 1399 3142 1453 in
3187 1398 3401 1469 quibus
3441 1400 3801 1468 potissimum

2111 1488 2326 1542 inimici
2370 1486 2557 1542 virtus
2613 1488 2963 1558 agnoscitur,
3016 1489 3291 1543 memoria
3337 1495 3548 1543 sancta;
3599 1501 3804 1557 perpe-

303 1601 569 1655 mcerens,
642 1588 806 1643 multi
881 1587 1082 1656 utique
1141 1587 1384 1654 labores,
1461 1587 1677 1656 quibus
1738 1589 1996 1658 ingenio;
2039 1627 2080 1680 Β
2114 1575 2333 1630 “litatis
2387 1575 2626 1680 ξωΐάθ
2681 1579 3081 1680 [acilium-AA
3127 1576 3456 1680 ξαρίθὲηῗη
3519 1577 3808 1680 Cogn?50i'

305 1683 360 1731 et
394 1676 537 1744 ipsa,
575 1691 705 1746 quae
731 1689 845 1730 non
878 1675 987 1730 nisi
1018 1675 1197 1746 digna
1235 1675 1396 1730 luctu
1443 1676 1580 1746 agit,
1627 1676 2002 1745 perturbatur

307 1764 478 1819 ratio.

981 1851 1212 1907 CAPUT
1253 1851 1326 1905 II.

1043 1973 1275 2012 ALEPH.

383 2064 555 2121 Vens.
597 2067 641 2118 l.
685 2095 753 2104 —
785 2086 806 2112 «
841 2063 1134 2130 Quomodo
1184 2065 1401 2121 obtexit
1431 2065 1678 2136 caligine
1723 2064 1779 2128 in
1813 2064 2006 2121 furore

313 2175 334 2201 ι
369 2168 473 2208 suo
505 2153 776 2208 Dominus
800 2154 974 2208 ﬁliam
1003 2153 1156 2218 Sion,
1191 2153 1428 2223 projecit
1459 2155 1530 2209 de
1559 2153 1700 2208 coelo
1736 2153 2006 2222 inclytam

316 2263 336 2289 ι
365 2241 558 2308 Israel,
593 2248 646 2296 et
673 2256 788 2296 non
836 2249 917 2297 est
963 2243 1298 2297 recordatus
1347 2242 1578 2296 scabelli
1630 2241 1840 2311 pedum
1868 2257 2008 2297 suo—

317 2348 334 2373 ο
372 2340 501 2381 rum
540 2327 596 2380 in
649 2326 740 2380 die
796 2324 1010 2382 furoris
1039 2327 1147 2381 sui.
1192 2348 1212 2374 ι
1270 2327 1467 2394 Aleph,
1527 2326 1673 2381 sicut
1717 2326 2003 2395 superius,

310 2414 565 2468 doctrina
595 2413 828 2468 dicitur.
865 2413 1253 2482 Conqueritur
1272 2428 1407 2482 ergo
1437 2412 1649 2479 anima,
1682 2420 1736 2467 et
1768 2413 2011 2468 miratur

314 2501 577 2568 quomodo
641 2501 922 2556 obtexerit
984 2503 1217 2568 caligine
1265 2504 1323 2553 in
1369 2504 1559 2566 furore
1601 2516 1696 2554 suo
1759 2504 2009 2555 Dominus

311 2591 485 2658 ﬁliam
543 2589 692 2654 Sion,
754 2589 1038 2657 quomodo
1089 2587 1293 2658 utique
1337 2589 1660 2658 permiserit
1715 2590 2010 2658 obczecari,

319 2690 417 2745 per
469 2675 898 2730 irrevocabilem
957 2676 1473 2731 animadversionis
1500 2691 1619 2732 suae
1667 2679 2010 2733 sententiam

318 2763 738 2831 supercmlestis
769 2762 903 2817 olim
953 2762 1106 2829 Sion,
1153 2764 1208 2817 id
1242 2771 1325 2819 est
1364 2765 1770 2833 Speculationis
1813 2765 2009 2833 ﬁliam,

318 2858 373 2905 et
403 2851 468 2903 de
498 2851 648 2917 caelo,
684 2850 738 2904 id
781 2857 866 2904 est
905 2850 973 2904 de
1002 2865 1253 2919 superna
1301 2853 1751 2921 conversatione,
1805 2854 1862 2909 in
1897 2862 2010 2910 ter-

318 2952 488 2994 renas
551 2937 1041 3007 concupiscentias
1119 2939 1384 3009 dejecerit
1463 2947 1610 2995 248
1675 2956 1803 2997 eam
1880 2958 2010 3013 qua:

321 3041 453 3083 cum
530 3027 646 3081 Deo
705 3026 874 3096 dirigi
925 3035 1171 3096 cceperat
1216 3029 1490 3084 animam.
1532 3031 1766 3085 Scabelli
1814 3033 2014 3101 pedum

321 3131 540 3170 suorum
569 3118 627 3167 in
658 3115 746 3167 die
773 3116 982 3180 furoris
1007 3118 1093 3169 sui
1127 3131 1241 3171 non
1273 3119 1558 3173 recordari
1605 3119 1834 3188 dicitur,
1879 3136 2012 3176 cum

324 3203 546 3274 pietatis
597 3202 871 3273 antiquae,
927 3204 1081 3273 quod
1131 3206 1392 3261 videlicet
1436 3207 1493 3261 in
1551 3214 1702 3262 terra
1750 3217 2009 3277 matrem,

325 3291 475 3347 Patri
513 3299 853 3359 cozeternus,
915 3306 1014 3361 pro
1075 3292 1305 3348 homine
1351 3295 1630 3350 salvando
1679 3297 2008 3365 susceperit,

321 3381 581 3436 oblivisci
617 3380 862 3435 videtur.
907 3381 1227 3436 Scabellum
1253 3383 1405 3437 enim
1441 3384 1651 3452 pedum
1700 3398 1800 3452 pro
1839 3384 2013 3439 Geni-

325 3469 462 3524 trice
491 3468 745 3537 ejusdem
779 3468 1086 3524 benedictae
1111 3470 1304 3524 carnis
1342 3470 1637 3539 accipitur.
1684 3472 1845 3527 Unde
1879 3480 1963 3528 est
1998 3488 2010 3526 :

329 3578 350 3604 ι
379 3557 627 3611 Adorate
660 3556 972 3612 scabellum
1009 3557 1218 3626 pedum
1255 3558 1381 3628 ejus
1433 3560 1594 3626 (Psal.
1630 3573 1824 3627 xcvm,
1869 3559 1945 3626 5),
1987 3582 2008 3607 ι

324 3644 675 3699 Przrtitulata
724 3653 915 3699 autem
949 3645 1137 3701 littera
1182 3645 1500 3701 doctrinam
1551 3647 1841 3716 exprimit,
1884 3663 2015 3717 quae

324 3733 567 3802 caligine
630 3733 851 3787 obtecta
917 3731 1189 3801 disperiit,
1258 3733 1350 3789 cui
1420 3742 1697 3805 tanquam
1767 3737 2015 3791 lucernae

329 3821 534 3874 lucenti
582 3823 636 3875 in
701 3820 1012 3890 caliginoso
1071 3821 1190 3876 loco
1257 3822 1335 3888 (II
1378 3824 1521 3876 Petr.
1592 3839 1626 3890 ι,
1688 3825 1789 3892 l9),
1855 3839 2017 3879 mens

326 3923 532 3964 sanum
561 3908 835 3976 sapientis
870 3908 1132 3964 intendit.

1086 4029 1269 4068 ΒΕΤΗ.

399 4119 567 4176 Vens.
599 4122 650 4171 2.
685 4149 751 4156 —
785 4142 808 4166 (ι
843 4118 1218 4187 Praecipitavit
1265 4121 1562 4190 Dominus,
1606 4137 1708 4179 nec
1766 4125 2016 4194 pepercit

332 4230 350 4253 ι
382 4206 575 4261 omnia
605 4207 858 4274 speciosa
907 4207 1098 4272 Jacob,
1151 4209 1436 4265 destruxit
1495 4211 1550 4266 in
1596 4212 1790 4267 lurore
1839 4213 2022 4268 muni-

333 4316 352 4341 ι
387 4294 564 4349 tiones
630 4294 874 4363 virginis
923 4296 1092 4361 Iuda,
1151 4296 1353 4367 dejecit
1414 4299 1472 4353 in
1535 4307 1764 4366 terram,
1819 4301 2022 4370 polluit

330 4404 356 4431 κ
389 4398 632 4453 regnum
679 4392 732 4440 et
782 4385 1064 4453 principes
1115 4385 1259 4455 ejus.
1309 4410 1327 4435 ι
1375 4388 1534 4455 Beth,
1592 4389 1804 4445 dicitur
1833 4391 2020 4446 domus

327 4471 482 4527 haud
523 4471 765 4526 dubium
808 4472 951 4541 quin
994 4477 1107 4528 Dei.
1147 4475 1332 4544 Hujus
1363 4477 1655 4545 quondam
1703 4478 1845 4534 vitia
1883 4494 2019 4550 sup-

326 4560 637 4629 plantantis
683 4563 864 4614 omnia
926 4565 1168 4629 speciosa
1231 4564 1435 4619 domus
1485 4566 1826 4635 praecipitat,
1887 4583 2021 4624 cum

328 4650 496 4704 totius
571 4649 800 4705 virtutis
856 4650 1079 4719 insigne
1137 4651 1416 4706 debilitat.
1484 4653 1746 4710 Parceret
1805 4665 2016 4722 autem,

326 4736 371 4790 si
405 4737 492 4791 vel
536 4736 628 4804 pia
672 4738 910 4792 intentio
959 4739 1246 4793 resideret.
1311 4741 1478 4809 Virgo
1522 4743 1690 4806 Juda,
1747 4744 2020 4799 confessio

324 4832 408 4879 est
441 4823 816 4880 infructuosa.
851 4825 1038 4894 Hujus
1067 4830 1390 4880 munitiones
1413 4832 1469 4882 in
1506 4832 1693 4895 furore
1721 4832 2023 4888 destruun-

326 4916 438 4979 tur,
472 4926 603 4967 eum
647 4913 1006 4967 ﬁrmissimas
1054 4913 1322 4982 rationes,
1356 4930 1607 4985 quarum
1655 4919 1870 4975 intuitu
1913 4921 2021 4976 ad-

325 5014 560 5056 versum
589 5016 648 5056 se
695 5015 832 5056 snas
864 5000 1177 5070 injustitias
1223 5004 1624 5073 conﬁtebatur,
1664 5008 2020 5064 exuberante

325 5087 585 5156 nequitia
639 5089 966 5144 demolitur.
1021 5091 1092 5143 In
1134 5095 1335 5144 terram
1378 5092 1589 5161 dejicit,
1618 5109 1749 5149 cum
1791 5096 1861 5150 ad
1903 5104 2020 5152 ter-

328 5186 466 5227 rena
492 5174 678 5230 solum
723 5175 996 5244 sapienda
1049 5177 1320 5232 destituit.
1364 5179 1616 5247 Regnum
1659 5187 1708 5234 et
1743 5185 2020 5253 principes

326 5260 443 5327 ejus
474 5262 691 5328 polluit,
723 5278 855 5318 cum
905 5263 1410 5322 intellectualitatis
1438 5268 1646 5335 sedem,
1692 5284 1824 5325 cum
1865 5273 2018 5327 omni

325 5347 713 5415 sensualitate,
807 5352 1002 5419 pravis
1073 5352 1545 5410 delectationibus
1634 5357 1819 5413 addici
1889 5373 2017 5428 per-

325 5434 517 5489 mittit.

2117 1678 2267 1729 mus,
2302 1670 2356 1718 et
2384 1664 2620 1718 dextera
2651 1663 2940 1733 eligimur.
2993 1665 3162 1730 Quasi
3192 1665 3341 1735 ignis
3376 1668 3605 1732 ﬂammae
3646 1664 3804 1717 devo-

2114 1754 2290 1805 rantis
2318 1754 2376 1804 in
2413 1766 2548 1819 gyro
2601 1755 2657 1805 in
2707 1753 2868 1806 Iacob
2913 1753 3298 1820 succenditur,
3349 1767 3481 1808 cum
3528 1752 3809 1820 concupi-

2116 1840 2343 1895 scentiae
2374 1841 2696 1910 corporales
2722 1855 2822 1910 per
2859 1855 3063 1896 sensus
3093 1849 3147 1896 et
3187 1841 3463 1907 membra,
3511 1841 3570 1894 in
3613 1856 3678 1896 eo
3704 1840 3809 1910 qui

2115 1929 2249 1983 olim
2280 1942 2376 1983 eas
2406 1929 2738 1985 subvertere
2767 1937 3161 1996 consueverat,
3211 1929 3625 1984 excandescere
3675 1942 3808 1996 per-

2117 2017 2447 2072 mittuntur.

2831 2121 3099 2160 DALETH.

2188 2193 2358 2248 Vens.
2391 2193 2442 2246 4.
2469 2223 2536 2232 -
2571 2214 2591 2241 «
2623 2193 2880 2248 Tetendit
2901 2207 3102 2249 arcum
3123 2208 3295 2248 suum
3319 2193 3483 2263 quasi
3516 2193 3806 2262 inimicus,

2124 2302 2144 2327 ι
2183 2280 2432 2336 firmavit
2493 2282 2789 2336 dexteram
2838 2297 3002 2338 suam
3051 2282 3216 2352 quasi
3268 2282 3466 2347 hostis,
3515 2290 3569 2338 et
3607 2282 3812 2337 occidit

2101 2389 2144 2416 ἰ
2179 2384 2348 2424 omne
2376 2370 2530 2438 quod
2565 2370 2870 2439 pulchrum
2894 2374 3015 2426 erat
3040 2371 3167 2425 visu
3193 2371 3250 2424 in
3273 2370 3645 2426 tabernaculo
3678 2370 3810 2426 ﬁlim

2126 2479 2144 2504 ι
2180 2457 2332 2526 Sion,
2360 2457 2560 2514 etIudit
2612 2458 2778 2527 quasi
2831 2459 3023 2528 ignem
3073 2459 3524 2528 indignationem
3559 2473 3745 2514 suam.
3786 2481 3804 2507 ι

2126 2546 2342 2613 Daleth,
2372 2546 2786 2616 interpretatur
2818 2548 3143 2616 januarum,
3177 2547 3333 2602 haud
3375 2548 3617 2603 dubium
3667 2547 3811 2616 quin

2121 2637 2447 2690 exteriorum
2475 2650 2745 2700 sensuum,
2783 2651 2883 2705 per
2919 2652 3065 2706 quos
3111 2651 3255 2705 saepe
3301 2645 3560 2692 nostrum
3604 2636 3812 2691 admit—

2121 2725 2298 2778 timus
2327 2723 2642 2780 interitum.
2688 2726 2864 2789 Quasi
2905 2728 3157 2779 inimicus
3198 2741 3384 2779 arcum
3430 2740 3587 2779 suum
3629 2725 3815 2779 Domi-

2123 2826 2234 2867 nus
2264 2813 2461 2878 tendit,
2495 2827 2624 2868 cum
2665 2812 2846 2868 futuri
2881 2813 3070 2868 minas
3095 2813 3317 2883 judicii,
3357 2813 3521 2882 quasi
3565 2813 3814 2868 securim

2050 2922 2090 2976 ρ
2121 2899 2191 2953 ad
2207 2899 2454 2954 radicem
2483 2901 2763 2956 intentare
2803 2916 2915 2955 non
2941 2901 3167 2956 desinit.
3197 2901 3356 2958 Unde
3381 2910 3483 2969 est,
3517 2923 3537 2949 ι
3576 2901 3812 2966 Dedisti,

2123 2985 2332 3057 inquit,
2355 2988 2832 3057 signiﬁcationem
2865 2996 2929 3044 ut
2950 2989 3174 3058 fugiant
3199 3002 3233 3042 a
3266 2989 3407 3044 facie
3432 3003 3602 3044 arcus
3649 2991 3813 3058 (Psal.

2122 3090 2232 3142 th,
2276 3076 2348 3145 6).
2407 3075 2574 3140 Quasi
2631 3077 2804 3131 hostis
2871 3077 3150 3131 dexteram
3200 3092 3355 3132 suam
3411 3077 3622 3142 ﬁrmat,
3683 3092 3816 3132 cum

2122 3177 2194 3217 ex
2251 3169 2460 3217 nostra;
2508 3163 2724 3219 intuitu
2773 3163 3149 3234 malignitatis
3193 3177 3502 3234 supernam
3562 3162 3726 3218 nobis
3760 3176 3818 3216 se

2123 3250 2492 3306 occlusurum
2522 3253 2787 3320 patriam,
2833 3255 3012 3320 quasi,
3047 3253 3102 3308 id
3134 3260 3218 3308 est
3259 3267 3478 3314 revera,
3514 3254 3684 3306 hostis
3738 3252 3819 3306 in-

2123 3338 2337 3393 sinuat.
2371 3339 2534 3393 Omne
2572 3340 2718 3408 quod
2741 3342 3033 3409 pulchrum
3073 3346 3190 3394 erat
3219 3345 3339 3394 visu
3372 3343 3430 3394 in
3471 3340 3818 3394 tabernaculo

2119 3427 2254 3496 ﬁliae
2283 3427 2413 3481 Sion
2459 3428 2684 3494 occidit,
2717 3443 2849 3484 cum
2881 3429 3167 3500 quidquid
3198 3430 3591 3500 inextrinseco
3620 3443 3814 3498 opere,

2125 3513 2216 3568 vel
2242 3514 2374 3581 Deo,
2408 3515 2496 3570 vel
2529 3515 2744 3570 homini
2776 3517 2997 3586 placere
3023 3525 3306 3586 potuerat,
3346 3517 3472 3587 ejus
3515 3517 3616 3586 qui
3646 3517 3815 3572 matri

2124 3602 2510 3671 supercrelesti
2569 3603 2821 3660 similare
2868 3605 3162 3672 debuerat,
3209 3606 3494 3674 perditum
3545 3605 3626 3660 ire
3657 3605 3816 3660 sinit.

2127 3693 2301 3757 Quasi
2339 3694 2519 3759 ignem
2557 3693 2985 3760 indignationem
3028 3694 3292 3763 effundit,
3343 3695 3482 3749 dum
3541 3694 3815 3748 universa

2127 3779 2471 3836 criminibus
2499 3783 2956 3838 consummanda
2986 3783 3263 3838 concedit.

2919 3886 3022 3924 ΗΕ.

2197 3957 2365 4013 Vens.
2419 3960 2468 4011 5.
2511 3981 2531 4005 ι
2596 3959 2802 4014 Factus
2855 3967 2938 4014 est
3007 3959 3283 4014 Dominus
3324 3959 3479 4014 velut
3528 3957 3815 4020 inimicus,

2134 4066 2153 4091 ι
2192 4043 2570 4114 prtecipitavit
2635 4046 2827 4113 Israel,
2900 4047 3270 4116 praecipitavit
3339 4048 3529 4102 omnia
3609 4046 3819 4101 moenia

2134 4154 2153 4178 ι
2187 4133 2313 4201 ejus
2338 4175 2352 4200 ,
2380 4133 2680 4202 dissipavit
2709 4133 3057 4190 munitiones
3077 4135 3224 4204 ejus,
3256 4143 3310 4191 et
3340 4135 3577 4205 replevit
3611 4135 3667 4188 in
3701 4134 3819 4188 ﬁlia

2063 4202 2103 4254 ι)
2135 4241 2153 4267 ι
2188 4221 2340 4275 Juda
2402 4221 2769 4278 humiliatum
2819 4230 2873 4278 et
2931 4202 3312 4279 humiliatam.
3374 4202 3421 4272 {
3459 4225 3558 4290 He,
3608 4223 3822 4278 dicitur

2128 4311 2446 4377 suscipiens,
2478 4324 2593 4364 non
2623 4309 2736 4365 alia
2768 4310 2936 4380 plane
2974 4325 3150 4380 quam
3201 4326 3331 4380 quae
3374 4311 3667 4367 intrudere
3718 4325 3820 4365 vo-

2129 4394 2298 4450 luerit
2330 4396 2592 4452 diabolus
2623 4397 2893 4453 inﬁuens.
2938 4400 3098 4454 Unde
3127 4407 3179 4454 et
3208 4400 3590 4469 praecipitasse
3641 4400 3822 4453 Israel

2129 4483 2356 4549 dicitur,
2388 4485 2526 4539 dum
2578 4485 2865 4555 quidquid
2913 4501 3045 4541 eum
3094 4487 3208 4542 Deo
3247 4487 3574 4543 directionis
3619 4487 3819 4542 haberi

2127 4571 2278 4626 valet
2332 4572 2389 4626 in
2447 4572 2637 4626 animo
2687 4573 3018 4630 inclinatur.
3074 4577 3316 4630 Directus
3345 4576 3498 4631 enim
3562 4578 3682 4644 Dei,
3731 4577 3819 4631 vel

2127 4675 2245 4713 cum
2271 4663 2372 4714 Deo
2410 4661 2584 4717 Israel
2611 4669 2790 4717 sonat.
2821 4665 3015 4719 Omnia
3051 4666 3246 4718 moenia
3296 4665 3414 4734 ejus
3454 4666 3819 4734 praecipitan-

2129 4755 2243 4810 tur,
2277 4749 2416 4804 dum
2445 4751 2696 4805 exterior
2719 4752 3082 4808 continentiae
3120 4755 3246 4823 ejus
3294 4753 3662 4823 pulchritudo
3699 4754 3823 4808 dis—

2127 4836 2388 4892 solvitur.
2423 4840 2746 4893 Munitiones
2778 4839 2895 4909 ejus
2925 4841 3298 4910 dissipantur,
3332 4843 3470 4897 dum
3503 4842 3823 4910 spiritualis

2127 4923 2400 4979 custodiae
2440 4927 2726 4994 proposita
2779 4929 3179 4985 annullantur.
3241 4932 3606 4984 Humiliatum
3635 4936 3686 4984 et
3715 4931 3822 4983 hu-

2125 5013 2395 5066 miliatam
2427 5015 2486 5066 in
2514 5014 2634 5068 ﬁlia
2681 5016 2828 5069 Juda
2874 5018 3073 5087 replet,
3127 5033 3258 5075 cum
3317 5018 3534 5089 dejecto
3589 5017 3820 5088 spiritu,

2126 5109 2182 5155 et
2246 5101 2415 5156 etiam
2477 5102 2772 5160 voluntate
2830 5105 3064 5177 dejecta,
3144 5107 3472 5163 eli'eminata
3547 5106 3824 5162 confessio

2127 5188 2463 5259 languidam
2505 5201 2752 5248 mentem
2793 5209 2894 5263 pro
2920 5195 3225 5250 destructis
3266 5195 3690 5250 munitionibus
3722 5194 3823 5247 im-

2129 5276 2260 5345 plet.
2296 5278 2442 5331 Filia
2495 5280 2650 5335 enim
2678 5281 2824 5334 Iuda
2871 5281 3148 5337 confessio
3204 5290 3287 5337 est
3345 5281 3566 5337 inutilis
3623 5290 3680 5336 et
3726 5283 3824 5336 im-

2127 5365 2322 5432 proba.
2385 5364 2530 5421 Nota
2588 5368 2930 5424 Hebraicum
2997 5384 3235 5436 morem,
3296 5371 3451 5440 quod
3501 5371 3720 5426 dicitur
3767 5374 3824 5423 in

2125 5454 2244 5520 ﬁlia
2271 5453 2416 5507 Juda
2460 5455 2686 5522 replevit
2731 5458 3084 5512 humiliatum
3128 5464 3178 5513 et
3215 5460 3580 5526 humiliatam,
3637 5467 3705 5516 ut
3742 5467 3824 5515 est
