3928 6070
61 307 147 357 461
792 301 1248 358 TROPOLOGUE
1286 304 1353 357 IN
1393 303 1591 371 OSEE,
1631 304 1814 360 ΑΜοὸ
1853 305 1940 358 ET
1977 305 2125 360 JER.
2167 333 2237 344 —
2274 305 2406 360 LIB.
2453 307 2515 360 V.
2567 306 2640 360 IN
2675 305 2818 361 JEB.

3447 309 3551 361 462

60 432 189 488 alibi
221 448 236 488 :
273 455 294 481 ι
343 433 600 502 Replevit
643 446 874 488 carnem
908 447 1012 502 pro
1040 447 1107 488 ea
1147 434 1298 503 (Gen.
1325 448 1382 501 ιι,
1435 432 1527 501 2i)
1575 455 1596 481 ι
1649 448 1752 502 pro
1789 440 1835 490 Α
1865 436 2005 488 tione
2030 451 2250 489 manum
2281 451 2436 490 suam
2483 451 2589 490 non
2627 438 2842 502 avertit,
2899 437 3038 506 quia
3081 451 3212 492 cum
3246 451 3408 493 mens
3445 452 3554 494 sua

59 536 120 576 eo
147 523 305 592 quod
334 536 437 577 nos
468 522 714 578 dicimus
747 537 759 574 :
801 521 1045 591 Replevit
1064 523 1250 589 ﬁliam
1294 522 1438 576 Juda
1468 524 1757 576 humiliata

59 619 105 666 et
137 611 448 666 humiliata.

837 714 978 754 VAU.

132 789 296 845 VERs.
331 793 384 842 6.
416 819 484 828 -—-
529 811 550 837 ι
610 787 912 856 Dissipavit
951 787 1117 857 quasi
1165 788 1397 843 hortum
1445 787 1754 842 tentorium

64 898 82 923 υ
119 891 314 943 suum,
343 876 649 932 demolitus
678 883 763 931 est
816 875 1258 931 tabernaculum
1291 890 1484 931 suum.
1521 895 1547 926 ι)
1602 875 1751 942 Vau,

60 964 478 1034 interpretatur
532 967 816 1034 possessio,
848 978 978 1034 quae
1010 979 1124 1020 non
1151 971 1236 1020 est
1265 963 1380 1019 alia
1422 977 1599 1033 quam
1643 964 1756 1032 ipse

60 1055 157 1122 qui
198 1054 586 1110 subscribitur
622 1054 845 1122 hortus,
877 1053 969 1108 cui
1001 1052 1291 1122 quondam
1325 1053 1518 1108 vitalis
1565 1052 1756 1106 incre-

58 1150 221 1196 verat
287 1143 530 1197 fructus.
585 1143 759 1207 Quasi
814 1143 1026 1195 hortum
1065 1155 1202 1211 ergo
1248 1143 1537 1195 tentorium
1600 1155 1756 1194 suum

57 1229 312 1298 dissipat,
360 1244 494 1284 cum
535 1229 739 1284 avulsa
768 1229 1085 1300 vigilantiae
1115 1236 1169 1284 et
1201 1229 1420 1285 timoris
1467 1229 1632 1298 quasi
1663 1243 1756 1283 se-

59 1316 216 1384 pium
255 1318 706 1385 circumstantia,
758 1318 877 1373 suis
924 1325 1170 1372 mentem
1201 1316 1566 1384 utilitatibus,
1609 1331 1675 1371 ac
1709 1316 1752 1371 si

59 1403 292 1459 hortum
351 1404 636 1460 fructibus
684 1405 890 1473 privat.
950 1405 1021 1460 Et
1076 1405 1278 1460 merito
1328 1408 1615 1458 tentorium
1666 1404 1755 1459 vel

63 1493 469 1547 tabernaculum
512 1493 942 1561 conscientiam,
977 1507 1091 1548 non
1123 1494 1356 1548 domum
1392 1499 1574 1560 vocat,
1618 1492 1758 1562 quia

61 1580 134 1634 nil
167 1595 564 1650 perseverans,
604 1581 684 1636 nil
740 1581 941 1636 stabile
989 1581 1141 1650 apud
1188 1595 1247 1636 se
1278 1582 1589 1650 proposuit,
1627 1594 1757 1650 quae

62 1676 275 1724 statum
308 1683 480 1724 suum
512 1677 629 1724 tam
661 1669 810 1724 facili
845 1669 1162 1724 desertione
1187 1669 1472 1738 debilitat;
1507 1675 1754 1738 utraque

1864 537 2035 592 penes
2076 525 2258 579 Deum
2313 539 2425 579 non
2482 525 2824 594 deprecatur
2875 525 3071 592 exitia,
3132 527 3366 581 evidens
3417 527 3555 582 ultio

1863 611 2190 680 cogitationi
2223 611 2434 666 divinae
2481 613 2752 668 succedit.
2794 615 3149 668 Antemurale
3198 614 3374 684 luget,
3421 630 3553 670 cum

1862 699 2204 754 sensualitas
2277 699 2529 755 exterior
2602 701 2842 756 dolendo
2927 702 3201 771 appetitui
3273 702 3551 772 subjacet.

1861 787 2054 841 Murus
2095 789 2311 857 pariter
2372 788 2703 858 dissipatur,
2766 804 2898 844 cum
2953 790 3434 861 imaginationum
3483 790 3556 845 li-

1862 876 2049 931 centia
2077 876 2286 946 passim
2320 877 2555 932 remissa
2585 877 2958 949 dispergitur.

2626 981 2790 1021 ΤΕἸἮ.

1935 1052 2104 1108 Vnus.
2137 1057 2188 1106 9.
2244 1084 2307 1091 —
2357 1075 2376 1101 α
2431 1053 2644 1132 Defixae
2692 1061 2828 1109 sunt
2879 1055 2934 1109 in
2981 1059 3134 1110 terra
3182 1065 3360 1125 portae
3407 1059 3552 1129 ejus,

1868 1162 1889 1189 ι
1927 1141 2170 1211 perdidit
2217 1151 2272 1197 et
2325 1143 2594 1198 contrivit
2638 1152 2826 1199 vectes
2872 1145 3018 1214 ejus,
3073 1160 3262 1216 regem
3311 1147 3455 1217 ejus,
3502 1157 3557 1203 et

1867 1249 1889 1277 ι
1933 1230 2220 1299 principes
2269 1230 2395 1300 ejus
2445 1231 2500 1284 in
2547 1232 2833 1301 gentibus.
2883 1255 2902 1280 ι
2952 1234 3110 1300 Teth,
3148 1234 3559 1303 interpretatur

1863 1318 2077 1372 bonum.
2136 1321 2309 1374 Porta
2350 1319 2468 1387 ejus
2511 1322 2567 1372 in
2608 1325 2752 1373 terra
2793 1320 3146 1391 deliguntur,
3197 1336 3330 1377 cum
3358 1323 3555 1379 obsta-‘-
3619 1339 3623 1342 λ

1862 1407 1994 1462 cula
2027 1407 2284 1476 rationis,
2316 1421 2447 1476 quze
2469 1407 2624 1462 vitiis
2654 1417 3053 1477 opponuntur,
3077 1410 3230 1478 quod
3263 1425 3557 1467 summum

1865 1495 2112 1550 hominis
2171 1495 2385 1550 bonum
2443 1503 2544 1560 est,
2608 1496 2852 1550 terrenis
2898 1496 3312 1564 cupiditatibus
3360 1499 3555 1566 oppri-

1865 1590 2125 1638 muntur.
2183 1585 2362 1636 Vectes
2405 1584 2522 1651 ejus
2572 1582 2776 1652 perditi
2819 1591 3216 1648 conteruntur,
3265 1599 3395 1640 cum
3441 1587 3561 1655 spi-

1868 1670 2107 1725 rituales
2139 1671 2464 1737 instinctus,
2499 1672 2622 1724 sine
2663 1671 2878 1739 quibus
2916 1671 3124 1726 rationi
3171 1672 3352 1727 robur
3384 1674 3561 1728 inesse

37 1755 208 1810 enim
257 1757 576 1826 peregrinis
625 1765 678 1812 et
729 1756 1112 1812 militantibus
1155 1733 1546 1825 perfunctoria
1595 1733 1748 1811 sunt.
1794 1733 1834 1786 Β
1869 1773 1982 1813 non
2047 1758 2340 1828 praevalet,
2387 1733 2830 1814 consumuntur.
2900 1761 3113 1827 Regem,
3182 1765 3232 1814 et
3286 1763 3561 1829 principes

66 1863 86 1891 ι
115 1843 407 1899 Oblivioni
443 1844 674 1899 tradidit
700 1844 978 1899 Dominus
1021 1843 1076 1898 in
1128 1843 1260 1898 Sion
1302 1843 1660 1898 festivitatem
1701 1851 1756 1898 et

63 1953 83 1978 ι
115 1932 458 1998 Sabbatum,
515 1940 570 1988 et
634 1932 941 2002 opprobrio
987 1933 1044 1986 in
1095 1931 1489 2002 indignatione
1545 1931 1757 1986 furoris

65 2041 83 2067 ι
118 2021 214 2076 sui
275 2035 468 2090 regem
512 2029 567 2076 et
610 2021 978 2076 sacerdotem.
1035 2041 1056 2067 ι
1122 2021 1186 2074 In
1215 2021 1346 2074 Sion
1402 2021 1756 2085 festivitatem

60 2115 104 2162 et
135 2110 440 2164 Sabbatum
498 2108 774 2164 oblivioni
829 2112 969 2162 Deus
1009 2108 1199 2175 tradit,
1260 2121 1393 2162 cum
1463 2108 1516 2161 in
1570 2114 1756 2162 mente

61 2197 358 2266 quondam
387 2198 611 2264 devota,
647 2197 984 2252 omnimodae
1023 2196 1255 2252 virtutis
1293 2197 1674 2265 frequentiam
1704 2203 1757 2250 et

62 2286 282 2353 peccati
307 2285 488 2340 otium
521 2287 836 2340 oblitterari
863 2285 1152 2354 permittit.
1188 2284 1356 2339 Hunc
1387 2284 1531 2338 diem
1553 2283 1755 2338 solem-

60 2389 193 2428 nem
229 2373 289 2428 in
320 2373 622 2428 condensis
651 2379 802 2427 τις)
854 2373 1109 2442 psalmus
1153 2372 1352 2427 indicit
1378 2372 1547 2441 (Psal.
1581 2386 1753 2438 cxvn,

60 2465 171 2532 27).
237 2461 435 2516 Tradit
493 2462 666 2517 etiam
729 2461 1018 2529 opprobrio
1081 2475 1257 2526 regem
1317 2464 1368 2512 et
1408 2458 1754 2524 sacerdotem,

61 2566 195 2606 cum
243 2549 532 2620 spirituali
597 2549 876 2620 regimine
935 2563 1170 2618 prorsus
1211 2549 1492 2604 exstincto
1542 2547 1760 2617 pariter

62 2639 352 2694 annihilat
382 2639 661 2701 divinam,
703 2651 834 2706 quae
883 2651 984 2692 nos
1007 2637 1166 2691 ducit
1203 2643 1259 2691 et
1295 2637 1456 2691 docet
1502 2636 1561 2690 in
1601 2635 1758 2691 omni

60 2727 386 2790 sanctitate,
417 2727 756 2782 doctrinam.

828 2828 1004 2867 ZAIN.

136 2905 303 2960 Vens.
335 2907 388 2958 7.
450 2933 516 2941 —
579 2901 809 2970 Repulit
873 2901 1152 2956 Dominus
1211 2899 1411 2967 altare,
1463 2899 1760 2955 maledixit

1865 1848 1982 1915 ejus
2031 1847 2215 1916 perdit
2261 1849 2320 1900 in
2369 1847 2620 1912 gentibus
2679 1861 2812 1902 cum
2873 1847 3162 1916 spiritum.
3216 1849 3308 1902 cui
3366 1848 3561 1904 omnia

1866 1942 2060 1990 nostra
2118 1948 2314 2004 regere
2367 1936 2587 2001 attinet,
2637 1949 2766 1989 cum
2831 1935 3220 1990 sensualitatis
3263 1934 3562 1992 affectibus

1865 2023 2022 2078 vitiis
2056 2022 2376 2092 submergit
2419 2023 2775 2078 enormibus.
2809 2041 2836 2072 α
2884 2022 3006 2077 Non
3043 2029 3128 2077 est
3172 2023 3273 2077 lux
3323 2030 3376 2078 et
3424 2038 3563 2093 pro-

1871 2131 1892 2157 ι
1928 2110 2112 2179 phetze
2132 2110 2258 2180 ejus
2289 2124 2403 2165 non
2455 2112 2804 2166 invenerunt
2846 2111 3125 2166 visionem
3171 2124 3204 2164 a
3235 2111 3495 2166 Domino.
3529 2134 3555 2160 n

1868 2199 1974 2254 Ubi
2026 2198 2262 2267 spiritus
2304 2213 2418 2252 non
2466 2207 2549 2253 est
2597 2212 2719 2266 rex,
2768 2198 2988 2254 nullius
3035 2199 3441 2255 moderationis
3477 2208 3560 2256 est

1867 2288 1973 2340 lecc.
2033 2287 2311 2355 Propheta
2373 2285 2487 2354 ejus
2540 2302 2646 2339 non
2707 2286 3011 2341 inveniunt
3063 2289 3324 2340 visionem
3376 2304 3410 2340 a
3453 2291 3558 2341 Do-

1865 2378 2031 2443 mino,
2086 2374 2225 2444 quia
2272 2374 2644 2442 providentia:
2705 2374 2946 2429 internae
3001 2374 3145 2429 nihil
3189 2375 3297 2430 sibi
3335 2376 3562 2444 prospi-

1867 2463 2047 2530 ciunt,
2081 2463 2192 2517 nisi
2221 2462 2376 2532 quod
2407 2461 2829 2530 prositszeculo.

2656 2565 2770 2605 JOD.

1940 2642 2122 2698 Vnus.
2161 2642 2242 2693 lO.
2278 2669 2346 2678 --
2383 2659 2410 2687 ι(
2442 2637 2722 2694 Sederunt
2754 2639 2811 2692 in
2845 2645 3016 2704 terra,
3050 2639 3449 2696 conticuerunt
3469 2653 3562 2695 se-

1872 2751 1892 2777 ι
1922 2744 2045 2796 nes,
2076 2728 2206 2783 ﬁlia:
2237 2728 2369 2782 Sion
2399 2734 2842 2795 consperserunt
2869 2728 3060 2782 cinere
3088 2729 3278 2796 capita
3307 2741 3412 2783 sua
3437 2728 3562 2782 vir-

1872 2837 1900 2867 »
1934 2817 2094 2886 gines
2145 2814 2543 2870 Jerusalem.»
2616 2814 2739 2880 .lod,
2794 2815 3094 2878 confessio;
3151 2813 3249 2867 illa
3330 2813 3565 2882 procul-

1867 2906 2042 2962 dubio
2089 2919 2218 2974 quae
2261 2903 2406 2973 perit
2458 2916 2492 2956 a
2547 2909 2772 2957 mortuo
2813 2902 2979 2968 (Psal.
3025 2916 3102 2966 v1,
3156 2902 3226 2970 6).
3278 2901 3440 2957 Unde
3469 2915 3564 2956 se—

68 3016 89 3042 ›
125 2990 562 3048 sanctiﬁcationi
594 3004 733 3055 suae,
763 2989 997 3044 tradidit
1019 2989 1078 3042 in
1111 2987 1531 3071 manuinimici
1562 3002 1757 3043 muros
1795 3020 1836 3075 ρ
1869 2995 2004 3050 dent
2034 2996 2091 3046 in
2139 2998 2288 3047 terra
2335 2999 2389 3047 et
2437 2991 2830 3046 conticescunt
2877 3005 3024 3044 senes
3058 2991 3192 3053 ﬁlia
3237 2990 3387 3057 Sion,
3423 2989 3564 3059 quia

70 3106 89 3130 ι
128 3082 382 3138 turrium
430 3079 575 3149 ejus,
627 3092 824 3133 vocem
869 3077 1152 3132 dederunt
1183 3076 1239 3130 in
1287 3068 1454 3131 domo
1505 3076 1756 3144 Domini,

70 3171 270 3225 nsicut
334 3170 391 3223 in
447 3168 536 3223 die
601 3167 861 3222 solemni.
921 3187 942 3214 ι
998 3165 1133 3220 Zain
1192 3164 1603 3234 interpretatur
1659 3164 1761 3217 ali-

64 3265 323 3313 mentum.
353 3257 547 3311 Altare
575 3269 746 3311 suum
776 3257 1032 3309 Dominus
1062 3253 1303 3323 repellit,
1336 3267 1469 3308 cum
1499 3252 1758 3308 animum

65 3362 138 3403 ex
168 3360 285 3416 quo
335 3346 498 3400 bona:
528 3343 844 3399 voluntatis
880 3351 934 3398 et
979 3342 1104 3398 ﬁdei
1157 3342 1428 3397 alimenta
1475 3341 1757 3407 sumebat,

70 3434 289 3490 malitia
356 3440 682 3503 emergente
742 3431 1071 3486 contemnit.
1151 3430 1584 3498 Sanctiﬁcationi
1654 3443 1762 3482 suae

65 3521 375 3588 maledicit,
426 3535 557 3576 cum
590 3519 646 3574 id
668 3520 821 3588 quod
875 3518 1192 3573 sanctitatis
1239 3516 1551 3586 aliquando
1607 3515 1764 3586 justo

67 3609 489 3681 insiguiebatur
563 3607 873 3678 agnomine
933 3606 990 3660 in
1063 3605 1346 3661 defectum
1414 3604 1763 3674 quotidianae

64 3696 526 3754 doteriorationis
557 3695 810 3750 adducit.
846 3693 1162 3750 Maledictio
1188 3693 1341 3748 enim
1391 3706 1492 3761 pro
1541 3691 1764 3746 defectu

63 3786 325 3856 ponitur,
353 3784 501 3839 sicut
542 3783 857 3839 benedictio
893 3796 993 3851 pro
1047 3788 1374 3851 augmento.
1425 3781 1530 3834 Per
1567 3794 1764 3834 muros

66 3872 397 3930 cohibentia
425 3871 890 3938 sensualitatum,
938 3883 1039 3938 per
1085 3877 1276 3924 turres
1319 3869 1632 3924 eminentia
1660 3869 1763 3923 de-

66 3963 339 4032 signatur
367 3960 671 4015 virtutum.
706 3959 840 4014 Haec
867 3961 927 4013 in
952 3973 1116 4012 manu
1145 3959 1365 4012 inimici
1408 3957 1598 4021 tradit,
1631 3971 1763 4012 cum

63 4064 138 4106 ea
167 4048 462 4104 diabolum
492 4047 873 4103 subintrando
908 4059 1190 4114 occupare
1237 4045 1532 4114 permittit.
1583 4047 1766 4100 Vocem

65 4141 132 4191 in
182 4137 340 4191 domo
386 4137 607 4191 Domini
653 4137 794 4188 sicut
840 4137 900 4188 in
938 4134 1026 4187 die
1056 4134 1280 4188 solemni
1309 4133 1468 4201 dant,
1505 4147 1635 4188 cum
1669 4146 1766 4202 per

66 4240 274 4282 sensus
305 4223 532 4294 reprobi
576 4223 920 4279 dementiam
961 4223 1021 4277 in
1057 4221 1314 4291 pessimis
1362 4222 1532 4277 rebus
1568 4221 1763 4277 exsul-

70 4321 215 4368 tant.
267 4312 396 4367 Non
442 4310 580 4366 dicit
627 4313 686 4364 in
731 4310 820 4364 die
865 4311 1106 4375 solemni,
1139 4309 1237 4364 sed
1274 4309 1438 4377 sicut,
1472 4309 1614 4378 quia
1652 4323 1766 4364 non

69 4408 158 4456 est
211 4406 374 4456 tanta
426 4398 721 4469 aliquibus
790 4399 847 4452 in
921 4397 1055 4453 boni
1121 4397 1537 4466 perpetratione
1583 4396 1770 4465 operis

70 4495 296 4559 quanta
328 4487 386 4542 in
416 4487 698 4542 malorum
727 4485 1084 4542 exsecutione
1116 4484 1328 4540 laetitia.

842 4590 877 4628 Η
885 4589 990 4629 ETH
997 4615 1011 4629 .

149 4665 322 4720 Vnus.
356 4667 407 4717 8.
439 4692 490 4703 —
531 4684 552 4711 ε
591 4662 873 4733 Cogitavit
915 4662 1195 4718 Dominus
1227 4661 1504 4730 dissipare
1535 4674 1770 4716 murum

77 4775 104 4802 ι
135 4753 268 4808 tiliae
299 4751 453 4818 Sion,
500 4751 736 4807 tetendit
776 4750 1106 4806 funiculum
1136 4765 1329 4816 suum,
1360 4757 1416 4805 et
1455 4764 1571 4805 non
1601 4763 1771 4804 aver-

80 4864 103 4889 ι
144 4843 207 4896 tit
239 4854 482 4896 manum
530 4853 695 4895 suam
728 4854 762 4894 a
806 4839 1143 4908 perditione,
1188 4838 1455 4908 luxitque
1503 4846 1773 4892 antemu-

79 4950 105 4977 ι
139 4930 280 4996 rale,
342 4936 397 4984 et
459 4941 664 4983 murus
714 4929 926 4997 pariter
1001 4927 1310 4996 dissipatus
1365 4934 1464 4982 est.
1526 4948 1546 4973 ι
1605 4925 1771 4990 Heth,

77 5017 494 5085 interpretatur
527 5032 720 5085 pavor,
760 5023 815 5071 et
863 5016 908 5071 is
950 5031 1067 5071 non
1117 5014 1366 5079 aliunde,
1413 5027 1589 5083 quam
1621 5013 1775 5082 quod

77 5107 344 5170 cogitavit
381 5106 638 5158 Dominus
683 5120 900 5158 murum
948 5104 1220 5171 dissipare
1248 5101 1380 5171 ﬁliae
1405 5103 1558 5168 Sion,
1595 5099 1776 5156 conti-

77 5193 341 5247 nentiam
401 5190 612 5246 scilicet
661 5206 862 5247 earum
920 5206 1052 5261 quae
1108 5191 1215 5246 hac
1267 5189 1395 5244 illac
1454 5196 1779 5258 evagantur

83 5279 590 5350 imaginationum.
645 5281 806 5336 Unde
856 5280 1168 5336 Dominus:
1212 5300 1232 5327 α
1289 5278 1514 5342 Clauso,
1569 5276 1776 5345 inquit,

85 5370 230 5423 ostio
293 5381 396 5423 ora
453 5369 676 5423 Patrem
751 5377 919 5425 tuum
994 5369 1208 5436 (Matth.
1263 5381 1342 5433 γι,
1404 5367 1480 5436 6).
1547 5387 1573 5413 ι
1621 5367 1783 5418 Funi-

85 5457 270 5510 culum
297 5471 456 5511 suum
505 5459 648 5511 Deus
697 5457 892 5523 tendit,
938 5470 1072 5511 cum
1124 5462 1419 5524 peccatum
1468 5466 1782 5522 pinnasque

89 5544 308 5614 peccati
335 5558 507 5614 aequa
555 5559 728 5614 super
776 5558 879 5599 nos
923 5543 1084 5599 lance
1131 5541 1449 5612 perpendit.
1505 5540 1552 5593 Α
1591 5540 1783 5610 perdi-

1866 3085 2004 3139 dum
2055 3082 2273 3136 haerent
2314 3079 2551 3135 omnino
2615 3077 2871 3144 terrenis,
2922 3077 3069 3132 sicut
3117 3077 3183 3143 is,
3239 3078 3448 3156 quiin
3481 3091 3565 3132 ca-

1867 3171 2070 3228 thedra
2121 3167 2456 3238 pestilentiae
2517 3167 2660 3222 sedit
2728 3166 2905 3233 (Psal.
2965 3181 3007 3233 ι,
3079 3168 3155 3234 l),
3220 3159 3565 3222 maturiores

1867 3258 2044 3314 animi
2100 3263 2309 3320 motus,
2365 3268 2510 3324 quos
2560 3255 2772 3324 peccati
2816 3254 3165 3310 conscientia
3213 3254 3563 3309 atrocissime

1869 3345 2129 3402 mordere
2177 3344 2334 3410 solet,
2368 3357 2402 3396 a
2453 3342 2906 3398 confessionibus
2953 3341 3374 3398 obmutescunt.
3427 3341 3566 3397 Inde

1868 3440 2284 3504 consequenter
2333 3434 2574 3498 virgines
2625 3433 2936 3486 Jerusalem
2993 3434 3180 3500 capita
3239 3446 3341 3484 sua
3391 3434 3565 3485 cinere

1868 3527 2278 3591 conspergunt,
2314 3533 2446 3574 cum
2479 3518 2643 3588 lapsi,
2675 3526 2729 3573 et
2755 3519 2972 3574 steriles
3003 3518 3258 3587 antiquae
3291 3517 3561 3586 paciﬁca-

1869 3609 2039 3666 tionis
2088 3616 2294 3674 motus,
2350 3608 2554 3662 mentis
2604 3607 2818 3675 peccati
2871 3605 3232 3661 refricatione
3274 3605 3558 3660 inficiunt.

1870 3698 1975 3753 Per
2001 3697 2252 3751 cinerem
2288 3695 2440 3750 enim
2467 3693 2775 3763 perpetrati
2811 3693 2946 3748 olim
2995 3692 3210 3762 peccati
3260 3691 3560 3758 memoria,

1869 3792 2087 3842 mentes
2113 3783 2332 3855 signari
2360 3797 2460 3852 per
2492 3782 2680 3851 capita
2711 3782 2765 3836 in
2796 3781 3107 3851 Scripturis
3134 3780 3354 3837 celebre
3385 3787 3486 3836 est.

2638 3885 2802 3925 CAPH.

2163 3961 2352 4030 (Vulg.
2384 3961 2631 4027 ssquenti
2654 3959 2915 4012 versiculo
2932 3959 3264 4028 praemittit.)

1949 4071 1968 4097 α
2005 4046 2258 4104 Αερὶητσῐὶ
2304 4054 2439 4102 sunt
2478 4045 2696 4112 ciliciis,
2740 4045 3074 4115 abjecerunt
3106 4046 3163 4100 in
3194 4052 3346 4101 terra
3375 4043 3564 4114 capita

1876 4159 1902 4185 «
1926 4150 2033 4192 sua
2074 4136 2326 4206 virgines
2354 4135 2382 4190 J
2391 4135 2522 4190 uda.
2559 4155 2585 4183 »
2610 4133 2789 4203 Caph,
2820 4133 3035 4188 dicitur
3063 4148 3169 4186 cor.
3204 4133 3333 4188 Ideo
3371 4131 3561 4202 plane,

1875 4225 2013 4295 quia
2039 4224 2322 4293 quidquid
2360 4222 2736 4292 subjungitur
2771 4222 2970 4276 litterae
2995 4221 3054 4275 in
3094 4220 3351 4276 interiori
3382 4227 3566 4276 totum

1807 4314 1850 4368 D
1880 4318 2100 4367 constat
2132 4310 2359 4364 damno.
2414 4310 2620 4364 Ciliciis
2651 4307 3057 4378 accinguntur,
3104 4320 3354 4378 quorum
3386 4306 3566 4362 lumbi

1877 4398 2196 4455 titillatione
2229 4396 2482 4452 libidinis
2515 4403 3008 4466 compunguntur,
3055 4395 3150 4450 cui
3188 4394 3381 4450 sensui
3411 4393 3569 4449 adni-

1877 4485 2039 4553 titur,
2069 4485 2222 4555 quod
2253 4483 2467 4539 animal
2512 4483 2804 4553 petulcum
2852 4491 2955 4550 est,
2999 4483 3068 4538 de
3115 4484 3284 4554 cujus
3329 4482 3458 4552 pilis
3487 4483 3570 4537 in-

1879 4573 2114 4630 texitur.
2174 4575 2426 4640 Virgines
2471 4573 2635 4636 Juda,
2685 4571 2995 4627 infecunda
3038 4578 3175 4626 sunt
3202 4570 3571 4626 confessionis

1879 4661 2084 4716 oflicia.
2120 4663 2340 4716 Bonum
2369 4667 2454 4716 est
2503 4660 2656 4715 enim
2700 4659 2982 4725 confiteri,
3031 4658 3078 4712 si
3109 4657 3280 4713 simul
3324 4657 3396 4712 sit
3427 4656 3574 4726 psal-

1879 4749 2013 4805 lere.
2047 4739 2242 4817 Capita
2283 4763 2381 4802 sua
2412 4749 2471 4801 in
2512 4750 2660 4801 terra
2703 4747 3002 4817 abjiciunt,
3052 4759 3184 4800 cum
3233 4745 3572 4814 principales

1881 4835 2087 4888 mentis
2120 4840 2328 4899 motus,
2381 4832 2482 4902 qui
2534 4832 2842 4901 aliquoties
2885 4832 2954 4886 de
2999 4829 3352 4885 confessione
3390 4829 3576 4883 admo-

1883 4929 2039 4987 nent,
2073 4935 2252 4990 pravo
2277 4935 2335 4976 se
2366 4921 2584 4991 pudore
2610 4920 3012 4989 submergunt.

1956 5010 2129 5066 Vsus.
2167 5013 2251 5064 ll.
2314 5041 2382 5049 —
2446 5032 2464 5057 ε
2525 5008 2866 5064 Defecerunt
2921 5020 3040 5076 prae
3099 5005 3368 5075 lacrymis
3424 5003 3573 5060 oculi

1886 5119 1913 5146 ››
1950 5099 2081 5166 mei,
2131 5098 2475 5152 conturbata
2523 5103 2659 5152 sunt
2718 5095 2934 5150 viscera
2986 5108 3132 5150 mea.
3173 5115 3193 5142 ι
3232 5095 3350 5147 Prw
3399 5093 3576 5161 lacry—

1885 5189 1988 5240 mis
2027 5185 2176 5241 oculi
2218 5185 2510 5251 deficiunt,
2557 5198 2690 5239 cum
2738 5183 2920 5239 effusa
2964 5182 3315 5252 benignitate
3366 5181 3579 5236 intrin-

1887 5288 2015 5330 seca
2042 5275 2214 5329 totius
2258 5273 2660 5329 rationalitatis
2701 5273 2968 5327 acumina
3015 5270 3302 5326 decidunt.
3355 5269 3581 5325 Viscera

1890 5361 2332 5427 conturbantur,
2375 5375 2506 5416 cum
2556 5361 2774 5430 pariter
2824 5360 3048 5415 interna
3102 5357 3353 5414 vitalitas
3382 5371 3582 5414 avera

1890 5450 2226 5506 discretione
2257 5449 2632 5505 suffunditur.
2673 5471 2692 5498 ι
2737 5447 2998 5504 Effusum
3029 5454 3112 5503 est
3142 5447 3202 5502 in
3237 5455 3387 5502 terra
3416 5447 3583 5517 jecur

1896 5559 1918 5587 ι
1954 5552 2166 5605 meum,
2218 5551 2390 5607 super
2439 5537 2782 5592 contritione
2829 5536 2958 5592 tilia)
3007 5534 3201 5604 populi
3255 5533 3386 5601 mei,
3447 5548 3580 5590 cum
