3934 6086
344 297 449 350 463

349 520 678 576 Secundum
730 518 990 587 physicos
1035 515 1223 584 jccore
1272 527 1555 568 amamus.
1598 515 1662 567 In
1718 518 1864 566 terra
1907 527 2043 582 ergo

337 610 497 676 jecur
546 606 881 665 eﬁ'unditur,
945 618 1078 658 cum
1127 602 1542 671 supercmlestis
1589 615 1752 655 amor
1819 609 2043 655 terreno

350 703 628 751 mutatur.
658 695 729 748 Et
786 693 894 747 hoc
935 707 1098 760 super
1149 692 1466 744 contritione
1506 691 1632 758 ﬁliae
1672 690 1864 758 populi
1895 688 2044 743 acci-

349 785 450 848 dit,
509 783 649 852 quia
706 781 844 837 tales
903 794 1070 835 casus
1126 779 1307 833 fracta
1365 778 1626 832 mollities
1682 775 2046 847 cogitationis

348 871 552 926 nutrit.
582 871 652 925 Et
684 869 791 924 hoc
827 867 996 923 etiam
1027 883 1147 921 cum
1185 867 1452 936 parvulus
1500 871 1550 920 et
1598 867 1796 919 lactens
1835 867 1895 918 in
1922 866 2042 933 pla-

351 963 449 1014 teis
497 958 689 1027 Oppidi
740 956 948 1022 deﬁcit,
999 970 1129 1010 cum
1183 955 1394 1010 scilicet
1450 953 1578 1008 ﬁdei
1627 952 1940 1019 modicitas,
1992 957 2046 1006 ct

350 1046 670 1102 dulcedinis
718 1043 1010 1100 saecularis
1053 1043 1318 1110 aviditas,
1378 1056 1479 1112 per
1535 1041 1736 1097 mundi
1778 1039 2046 1096 sollicitu-

351 1136 514 1190 dines
541 1134 807 1190 interitus
831 1146 1036 1188 causas
1067 1131 1219 1186 facit.

1076 1232 1325 1273 LAMECH.

425 1311 595 1367 Vens.
632 1312 717 1362 12.
750 1338 818 1347 -
855 1330 874 1357 ι
928 1306 1209 1362 Matribus
1239 1305 1360 1361 suis
1403 1304 1705 1361 dixerunt:
1755 1304 1916 1360 Unde
1964 1309 2048 1359 est

358 1420 380 1447 ι
417 1398 670 1454 triticum
701 1404 756 1452 et
796 1397 1022 1462 vinum,
1060 1408 1191 1450 cum
1224 1393 1532 1450 deﬁcerent
1561 1392 1727 1462 quasi
1759 1392 2047 1448 vulnerati

360 1508 380 1534 ι
415 1487 468 1541 in
521 1486 722 1555 plateis
764 1485 1032 1550 civitatis,
1084 1497 1214 1538 cum
1265 1481 1604 1537 exhalarent
1647 1481 1868 1536 animas
1915 1493 2049 1535 suas

360 1597 380 1622 ι
417 1575 473 1628 in
513 1575 648 1630 sinu
693 1581 945 1628 matrum
992 1571 1284 1627 suarum?
1323 1590 1343 1617 ι
1397 1569 1664 1636 Lamech,
1721 1569 2052 1637 interpreta-

355 1670 453 1718 tur
482 1677 675 1716 sermo.
714 1662 968 1717 Manibus
1015 1663 1130 1714 suis
1171 1659 1408 1713 dicunt:
1442 1658 1545 1713 Ubi
1587 1663 1667 1712 est
1715 1659 1957 1711 triticum
1999 1662 2049 1711 et

353 1751 558 1816 vinum,
609 1763 743 1804 cum
792 1747 1093 1817 aliquoties
1145 1746 1368 1802 fastidio
1419 1745 1780 1814 voluptatum
1817 1758 1868 1798 ~a
1907 1759 2049 1798 con-

357 1835 608 1892 scientiis
638 1837 901 1905 exigunt,
936 1849 1049 1890 non
1097 1835 1279 1910 solum
1312 1833 1592 1888 sermonis
1624 1832 1824 1899 divini,
1876 1846 2050 1901 quem

357 1925 548 1994 signat
592 1923 779 1978 littera
819 1922 1150 1992 praescripta
1183 1926 1349 1986 250,
1393 1919 1680 1986 solatium,
1736 1920 1832 1974 sed
1880 1920 2048 1974 etiam

357 2012 565 2066 divinae
593 2010 958 2079 aspirationis
1016 2025 1131 2079 quo
1185 2008 1493 2063 alacriores
1561 2007 1881 2063 reddantur
1930 2006 2052 2060 ins-

357 2103 618 2156 tinctum.
657 2100 828 2163 Quasi
854 2100 1126 2152 vulnerati
1149 2100 1206 2151 in
1240 2099 1446 2166 plateis
1486 2095 1725 2151 civitatis
1755 2096 2048 2164 deﬁciunt,

357 2202 488 2244 cum
520 2187 785 2242 diabolici
825 2185 1114 2255 appetitus
1167 2187 1376 2256 sagitta
1423 2185 1608 2240 aﬁ‘ecti
1652 2199 1724 2239 ex
1775 2184 1955 2238 nimia
1985 2183 2050 2238 li-

357 2277 543 2331 centia
597 2275 729 2330 vitae
785 2274 1077 2329 saecularis
1133 2274 1503 2329 occumbunt.
1577 2273 1792 2329 Civitas
1851 2273 1944 2328 hic
1997 2278 2053 2327 et

355 2363 652 2432 oppidum,
699 2362 844 2418 sicut
892 2362 1026 2416 alibi
1067 2361 1304 2427 atrium,
1353 2361 1634 2416 saeculum
1684 2360 1893 2431 signat,
1941 2373 2052 2414 an-

359 2458 540 2521 gustae
570 2451 678 2506 viae
708 2451 894 2519 platea
930 2457 1236 2520 repugnat.
1282 2452 1519 2503 Animas
1562 2452 1620 2502 in
1660 2451 1787 2503 sinu
1814 2451 2052 2502 malrum

356 2554 580 2594 suarum
605 2538 896 2605 exhalant,
948 2552 1079 2593 cum
1127 2538 1280 2593 intra
1325 2537 1722 2604 conscientias,
1775 2544 1905 2607 quae
1937 2551 2053 2591 ma-

357 2634 472 2681 tres
513 2635 568 2681 et
611 2627 894 2682 bonarum
946 2633 1000 2681 et
1059 2626 1345 2681 malarum
1402 2625 1848 2682 interioritatum
1891 2632 2046 2694 sunt,

355 2713 565 2784 laqueo
595 2713 1098 2782 concupiscentiali
1129 2728 1187 2768 se
1217 2712 1607 2784 strangulant.

1138 2816 1273 2856 ΜΕΝ.

432 2890 600 2947 Vens.
632 2892 713 2945 l3.
748 2921 816 2929 —
854 2911 874 2937 ε
922 2889 1026 2945 Cui
1075 2890 1424 2959 comparabo
1474 2891 1568 2945 te?
1613 2889 1704 2946 vel
1755 2889 1850 2945 cui
1903 2889 2050 2944 assi-

365 3000 385 3026 α
420 2977 632 3032 milabo
689 2985 758 3045 te,
818 2977 935 3032 ﬁlia
979 2977 1339 3033 Jerusalem?
1382 2978 1476 3033 cui
1513 2979 1832 3048 exaequabo
1872 2985 1946 3044 te,
1996 2984 2051 3032 et
2089 3019 2128 3074 C

364 3089 384 3114 ι
420 3065 754 3121 consolabor
804 3073 877 3132 te,
927 3065 1093 3136 virgo
1144 3065 1259 3121 lilia
1297 3066 1478 3122 Sion?
1526 3081 1736 3137 magna
1782 3073 1865 3122 est
1896 3065 2047 3121 enim

363 3177 384 3202 ι
418 3154 576 3210 velut
629 3168 787 3210 mare
826 3154 1091 3210 contritio
1136 3161 1252 3210 tua.
1304 3154 1444 3222 Quis
1501 3155 1825 3211 medebitur
1857 3153 2046 3211 tui?»

357 3241 505 3310 Men,
539 3244 768 3310 viscera,
809 3255 922 3296 non
956 3241 1070 3296 alia
1113 3242 1282 3311 plane
1311 3257 1486 3312 quam
1535 3258 1734 3299 eorum
1769 3243 1873 3313 qui
1918 3256 2051 3298 cum

357 3330 711 3399 compassive
738 3344 876 3400 erga
908 3330 1138 3386 illorum
1182 3331 1283 3400 qui
1313 3332 1392 3386 sic
1434 3331 1832 3400 periclitantur
1869 3330 2053 3385 infor-

361 3419 544 3474 tunia.
580 3421 679 3474 Est
733 3432 870 3488 ergo
925 3432 1126 3473 sensus
1173 3432 1241 3474 ac
1293 3418 1338 3473 si
1394 3419 1619 3474 dicant:
1688 3419 1774 3474 Tu
1835 3419 2049 3485 anima,

358 3521 489 3578 quae
519 3505 906 3576 supercualesti
948 3507 1117 3562 matri
1151 3515 1263 3562 tuze
1311 3507 1474 3563 cultu
1518 3508 1753 3563 internae
1808 3507 1963 3576 pacis
1999 3514 2055 3562 et

364 3595 460 3650 Dei
505 3594 892 3664 speculatione
930 3594 1280 3650 conformari
1332 3595 1630 3662 debueras,
1682 3595 1852 3665 cujus
1898 3609 2052 3650 com-

364 3685 659 3753 paratione
690 3683 912 3751 lapsum
963 3689 1129 3737 tuum
1173 3683 1425 3752 levigare
1455 3690 1667 3750 potero,
1701 3697 1833 3738 cum
1873 3690 1925 3738 te
1953 3683 2054 3737 ab-

363 3773 586 3827 sorbeat
636 3778 734 3826 tua
792 3784 890 3838 per
944 3779 996 3825 te
1043 3769 1385 3838 desperabili
1427 3770 1714 3826 oblivione
1747 3769 2055 3826 contritio?

364 3857 431 3912 Et
461 3872 592 3912 cum
625 3864 688 3910 tu
728 3857 812 3911 tui
863 3857 984 3926 jam
1038 3871 1154 3912 non
1202 3858 1554 3928 memineris,
1598 3861 1719 3926 quis
1758 3858 2058 3913 medebitur

365 3945 726 4013 praedicando
754 3947 835 3997 tui
851 3948 879 3998 φ

1143 4048 1272 4088 NUN.

435 4121 604 4176 Vens.
639 4120 720 4172 lli;
780 4149 848 4156 —
884 4142 905 4168 σι
971 4120 1265 4190 Propheta:
1318 4122 1399 4176 tui
1452 4121 1723 4177 viderunt
1765 4122 1866 4178 tibi
1916 4122 2058 4178 falsa

370 4231 388 4255 ι
427 4215 481 4262 et
524 4209 718 4273 stulta,
752 4222 854 4262 nec
905 4207 1235 4276 aperiebant
1271 4209 1631 4279 iniquitatem
1687 4218 1866 4278 tuam,
1913 4218 1975 4267 ut
2005 4219 2058 4268 te

371 4319 389 4343 ν
425 4296 496 4350 ad
555 4294 944 4364 poenitentiam
1013 4306 1407 4365 provocarent.
1472 4321 1491 4345 ι
1569 4299 1720 4365 Nun,
1776 4300 2054 4369 interpre-

364 4391 522 4438 tatur
546 4399 754 4452 pascua
785 4401 984 4448 eorum,
1035 4386 1234 4454 procul
1268 4387 1442 4442 dubio
1491 4387 1720 4443 illorum
1767 4389 1871 4458 qui
1913 4389 2056 4444 alie-

362 4473 452 4527 nis
483 4472 795 4527 mendaciis
850 4474 1257 4542 pascebantur.
1309 4477 1588 4544 PrOphetae
1614 4478 1782 4531 stulta
1823 4481 1874 4531 et
1912 4493 2056 4532 vana

362 4559 527 4615 nobis
570 4560 783 4626 vident,
835 4576 968 4616 cum
1028 4570 1235 4617 nostrae
1291 4564 1594 4619 saeculares
1651 4565 1877 4620 astutiae
1939 4579 2054 4620 non

361 4649 544 4704 solum
594 4649 764 4703 falsos
816 4658 1152 4718 proventus,
1198 4659 1260 4706 ut
1309 4652 1533 4720 assolet,
1585 4653 1886 4722 spondent,
1956 4654 2052 4708 sed

360 4737 533 4792 etiam
580 4737 646 4792 de
695 4737 908 4793 futuris
957 4738 1340 4808 conjectantes
1387 4740 1443 4794 in
1487 4755 1585 4809 spe
1631 4741 1908 4810 superbos
1952 4755 2056 4796 nos

363 4835 718 4896 promovent.
768 4825 906 4892 Quae
949 4835 1280 4896 sequuntur
1342 4829 1646 4898 perspicua
1712 4837 1867 4896 sunt,
1921 4844 2052 4884 cum

359 4915 633 4970 deberent
667 4915 878 4970 scilicet
928 4931 1058 4985 quze
1117 4924 1355 4986 peccant
1397 4916 1505 4971 sibi
1549 4931 1880 4985 proponere,
1927 4924 2054 4973 stu—

359 5003 496 5058 dent
559 5003 743 5072 magis
804 5003 1055 5059 fastuosa
1110 5004 1379 5074 cogitare.
1440 5026 1460 5052 ι
1529 5004 1806 5060 Viderunt
1861 5013 2054 5060 autem

361 5110 389 5140 »
425 5091 525 5146 tibi
569 5091 986 5160 assumptiones
1035 5092 1225 5157 falsas,
1289 5099 1344 5147 et
1389 5092 1707 5162 ejectiones.
1746 5114 1767 5141 ι
1817 5095 2054 5148 Assum-

358 5181 567 5246 ptiones
611 5186 767 5246 sunt,
820 5180 1033 5249 quibus
1080 5194 1137 5236 se
1181 5181 1236 5235 in
1305 5180 1630 5236 mundanas
1674 5181 2056 5238 sublimitates

360 5265 734 5321 assumendos
762 5267 1042 5334 credunt;
1075 5267 1169 5323 sed
1195 5268 1317 5323 hac
1345 5268 1540 5323 omnia
1580 5269 1658 5322 nil
1691 5268 1848 5324 aliud
1895 5273 2049 5336 sunt,

359 5363 538 5419 quam
582 5352 878 5418 ejectiones,
929 5355 1069 5423 quia
1108 5356 1247 5411 dum
1289 5363 1580 5411 crementa
1626 5357 1892 5413 forastica
1930 5371 2052 5413 am-

359 5437 548 5505 biunt,
608 5440 976 5498 certissimaa
1027 5457 1164 5499 vero
1229 5444 1379 5500 bono
1428 5444 1702 5514 ejectione
1747 5459 1868 5502 sese
1919 5460 2051 5515 pro-

361 5525 633 5581 stituunt.

1228 292 1295 345 V.
1343 289 1674 346 GUIBERTI
1714 289 2006 345 ABBATIS
2046 289 2102 342 S.
2149 289 2394 345 MARUE
2434 289 2524 345 DE
2564 287 2955 346 NOVIGENTO

348 453 376 482 »
411 432 673 488 deﬁceret
724 427 1002 500 parvulus
1048 435 1101 482 et
1147 426 1360 482 lactens
1405 426 1462 481 in
1511 425 1712 495 plateis
1751 425 1967 494 oppidi.
2006 446 2025 471 ι
2069 428 2115 479 Α

3739 290 3846 342 464

2881 437 3124 478 SAMECH.
3483 462 3494 468 -

2224 514 2396 570 Vens.
2433 517 2516 568 15.
2541 543 2610 552 -
2640 534 2662 563 ι
2728 512 3075 568 Plauserunt
3127 525 3302 581 super
3347 519 3398 567 te
3426 512 3698 567 manibus
3726 526 3848 567 om-

2155 623 2182 651 »
2212 616 2315 656 nes
2350 609 2712 675 transeuntes
2755 615 2856 670 per
2897 601 3073 666 viam,
3105 600 3506 668 sibilaverunt,
3559 608 3612 655 et
3655 613 3853 655 move-

2159 711 2180 738 ι
2213 697 2349 745 runt
2395 697 2570 758 caput
2624 703 2794 744 suum
2845 701 3016 756 super
3069 687 3241 741 ﬁliam
3291 686 3626 742 Jerusalem.
3663 708 3683 734 ι
3741 686 3852 741 Sa-

2153 779 2368 844 mecb,._
2406 779 2835 846 interpretatur,
2910 777 3268 844 adjutorium.
3334 775 3623 830 Plaudunt
3685 791 3857 843 super

2153 879 2278 921 eam
2327 866 2592 928 manibus,
2643 865 2745 936 qui
2786 865 3080 934 quondam
3115 864 3195 918 .in
3249 863 3534 932 adjutorio
3576 863 3855 918 Altissimi

2153 962 2594 1019 commanentes,
2658 953 2816 1023 quod
2897 952 3086 1008 littera
3153 951 3473 1021 praecinuit,
3559 951 3662 1020 piis
3722 953 3859 1021 ejus

2156 1042 2485 1098 allzetantur
2513 1042 2804 1112 operibus.
2839 1041 3083 1096 Plausus
3115 1041 3269 1096 enim
3302 1029 3592 1108 eolltetari,
3637 1054 3857 1095 manus

2155 1131 2344 1201 signat
2373 1130 2615 1200 operari.
2674 1127 2791 1186 Hoc
2837 1129 3095 1185 fecerunt
3143 1143 3323 1183 omnes
3375 1133 3707 1183 transeuntes
3746 1145 3859 1198 per

2153 1223 2321 1286 viam,
2351 1220 2490 1289 quia
2528 1219 2668 1274 dum
2703 1219 2758 1273 in
2801 1219 2952 1273 bono
3005 1232 3168 1273 mens
3219 1225 3371 1272 statu
3418 1225 3583 1285 esset,
3643 1232 3858 1288 aggra-

2156 1307 2496 1364 tulabantur
2551 1321 2748 1362 omnes
2795 1305 2895 1376 qui
2941 1319 3042 1376 per
3091 1305 3403 1372 Christum,
3457 1306 3558 1374 qui
3601 1305 3693 1360 via
3743 1314 3853 1372 est,

2157 1396 2543 1452 desideranter
2588 1396 2847 1464 aspirant
2890 1396 2960 1450 ad
3023 1394 3292 1464 patriam.
3345 1392 3453 1459 Qui
3497 1393 3707 1462 sibilat,
3754 1407 3861 1449 ore

2158 1483 2415 1540 restricto
2447 1483 2649 1539 ﬂatum
2681 1490 2974 1539 extenuat.
3010 1484 3078 1538 Et
3107 1483 3205 1552 qui
3238 1482 3306 1538 de
3346 1483 3494 1538 bono
3525 1483 3858 1552 quempiam

2157 1587 2326 1642 opere
2381 1573 2668 1642 sapienter
2731 1572 2948 1638 laudat,
3017 1571 3224 1640 partim
3296 1571 3573 1640 loquitur,
3641 1572 3858 1640 partim

2157 1660 2318 1731 loqui
2361 1660 2703 1716 dissimulat.
2766 1660 2848 1716 Ne
2898 1658 3246 1726 laudaveris,
3300 1657 3511 1728 inquit,
3562 1658 3859 1713 hominem

2162 1749 2218 1803 in
2260 1749 2376 1805 vita
2407 1763 2513 1805 sua
2548 1750 2736 1818 (Eccti.
2769 1764 2825 1815 ιι,
2871 1748 2980 1817 30).
3034 1748 3102 1802 Et
3149 1746 3478 1801 laudandus
3516 1751 3600 1801 est
3642 1745 3816 1815 plane
3842 1790 3856 1814 ,

2161 1837 2316 1907 quod
2348 1844 2403 1892 et
2456 1837 2674 1892 Paulus
2721 1836 2854 1891 facit
2902 1837 2958 1903 (Ι
2996 1836 3116 1891 Cor.
3169 1849 3249 1900 x1,
3295 1836 3368 1901 2),
3419 1841 3484 1889 ut
3527 1834 3856 1904 animetur;

2161 1915 2329 1996 parce
2360 1933 2550 1980 tamen
2581 1940 2652 1980 ne
2682 1924 3097 1980 securiticetur.
3133 1924 3293 1978 Unde
3331 1928 3495 1992 caput
3541 1937 3696 1976 suum
3723 1937 3859 1979 mo-

2160 2029 2294 2070 vere
2345 2015 2640 2079 dicuntur,
2700 2013 2840 2082 quia
2895 2013 2998 2068 etsi
3058 2012 3117 2066 in
3168 2012 3250 2067 eis
3288 2013 3471 2066 Deum
3519 2020 3854 2080 operantem

2159 2103 2408 2173 gloriosa
2447 2103 2748 2168 miramur,
2791 2101 3019 2157 interim
3069 2109 3256 2156 tamen
3298 2115 3397 2168 pro
3446 2100 3858 2156 incertitudine

2162 2191 2291 2245 finis
2319 2191 2584 2246 cohibere
2627 2191 2804 2246 verba
2842 2189 3136 2245 debemus.
3177 2211 3196 2237 ι
3252 2189 3514 2245 Haeccine
3558 2197 3641 2243 est
3686 2189 3854 2256 urbs,

2160 2299 2188 2330 n
2221 2279 2510 2344 dicentes;
2576 2279 2808 2348 perfecti
2891 2277 3130 2344 decoris,
3215 2277 3494 2348 gaudium
3566 2276 3858 2333 universze

2165 2389 2186 2415 ι
2221 2366 2432 2423 teme?
2474 2388 2494 2415 ι
2557 2368 2769 2422 Eadem
2831 2366 3031 2436 capitis
3085 2366 3282 2431 motio,
3338 2380 3471 2435 quae
3527 2379 3701 2435 super
3751 2367 3858 2421 Job

2158 2456 2452 2525 quondam
2485 2455 2546 2511 ﬁt
2580 2456 2710 2524 (Job
2753 2470 2886 2522 XLII,
2926 2455 3010 2524 ll)
3061 2461 3115 2510 et
3155 2468 3328 2523 super
3363 2454 3700 2510 Jerusalem.
3746 2455 3860 2510 Sed

2159 2551 2282 2614 post
2311 2543 2537 2614 lapsum
2569 2544 2694 2614 ejus
2726 2546 2956 2612 perfecti
2993 2542 3198 2597 decoris
3229 2556 3352 2598 eam
3396 2542 3570 2598 fuisse
3600 2557 3866 2613 conque-

2158 2640 2392 2699 runtur,
2449 2632 2588 2702 quia
2639 2631 2847 2688 veteris
2891 2631 3017 2702 ejus
3082 2631 3314 2686 habitus
3361 2630 3862 2700 pulchritudinem

2158 2721 2464 2776 securitate
2543 2720 2662 2791 jam
2735 2719 2922 2776 inutili
2986 2719 3382 2789 praedicantes,
3449 2719 3864 2775 recordantnr.

2159 2809 2265 2864 Sed
2289 2810 2382 2864 ille
2411 2808 2694 2878 perfectus
2724 2809 2892 2864 decor
2925 2808 2983 2862 in
3018 2808 3299 2878 gaudium
3351 2807 3634 2862 universae
3684 2816 3866 2863 terrae

2158 2897 2532 2961 convertitur,
2585 2911 2715 2952 cum
2758 2896 3087 2965 exemplum
3137 2895 3323 2951 ruinae
3375 2893 3463 2950 vel
3510 2895 3868 2952 obstinatio-

2158 2985 2268 3052 nis,
2326 2985 2611 3041 universis
2678 2992 2906 3041 terrena
2965 2984 3359 3055 querentibus
3418 2983 3628 3040 exinde
3674 2984 3866 3039 mini-

2158 3080 2395 3130 stratur.

2946 3166 3041 3208 AJN
3048 3192 3061 3206 .

2161 3241 2242 3309 (1n
2261 3241 2502 3308 vulgatis
2530 3241 2639 3295 loco
2669 3240 2798 3302 Ain,
2832 3245 2911 3294 est
2936 3241 3139 3306 littera,
3178 3239 3313 3304 Phe,
3347 3244 3396 3294 et
3425 3238 3536 3294 Ain
3561 3239 3670 3293 loco
3697 3240 3868 3310 Phe.)

2233 3328 2402 3384 Vens.
2439 3332 2486 3382 l.
2518 3359 2587 3367 —
2611 3347 2638 3380 «
2679 3329 3048 3398 Aperuerunt
3077 3342 3254 3397 super
3283 3335 3336 3383 te
3370 3342 3431 3383 os
3460 3341 3633 3383 suum
3657 3342 3870 3384 omnes

2164 3435 2192 3464 »
2227 3415 2442 3471 inimici
2473 3417 2576 3485 tui,
2625 3417 3025 3483 sibilaverunt,
3073 3424 3128 3472 et
3172 3416 3535 3472 fremuerunt
3587 3415 3871 3472 dentibus

2168 3524 2189 3552 ι
2223 3511 2279 3559 et
2326 3504 2640 3561 dixerunt:
2692 3505 3106 3561 Devorabimus
3150 3519 3297 3570 eam,
3343 3519 3415 3560 en
3461 3505 3564 3559 iste
3611 3512 3697 3560 est
3743 3506 3873 3561 dies

2165 3609 2193 3644 in
2229 3606 2400 3662 quem
2472 3595 2976 3663 exspectabamus,
3056 3594 3404 3660 invenimus,
3494 3592 3788 3648 videmus.
3846 3614 3870 3642 ι

2161 3681 2290 3747 Ain,
2345 3682 2756 3752 interpretatur
2826 3686 3067 3751 quaestio.
3135 3682 3205 3736 Et
3269 3695 3399 3750 quae
3454 3693 3875 3748 perversorum

2163 3771 2351 3840 major
2381 3772 2622 3840 quaestio
2652 3779 2754 3838 est,
2795 3785 2970 3840 quam
3001 3769 3156 3839 quod
3188 3783 3221 3824 a
3251 3769 3463 3824 sanctis
3493 3768 3633 3823 viris
3665 3769 3879 3823 minus

2165 3858 2582 3914 rationabiliter
2628 3868 2729 3915 aut
2771 3859 3008 3927 dictum,
3063 3866 3164 3914 aut
3205 3857 3422 3912 factum
3465 3856 3593 3913 est?
3643 3856 3880 3912 Idcirco

2163 3961 2326 4015 super
2353 3961 2448 4002 eos
2470 3949 2684 4002 inimici
2711 3963 2767 4002 os
2791 3948 3076 4017 aperiunt,
3113 3961 3243 4017 quae
3269 3946 3406 4001 dum
3440 3952 3651 4000 statum
3687 3959 3878 4000 suum

2165 4035 2310 4091 bene
2371 4043 2653 4106 regerent,
2703 4035 2901 4091 clausa
2975 4041 3303 4090 tenuerunt.
3361 4033 3455 4088 Vel
3522 4033 3697 4088 etiam
3767 4048 3882 4088 ora

2166 4123 2453 4194 aperiunt,
2505 4138 2638 4179 cum
2689 4124 2984 4179 mordaces
3030 4122 3407 4178 conscientias
3455 4128 3752 4190 retegunt.
3799 4121 3881 4176 Si-

2167 4213 2366 4279 bilant,
2396 4227 2528 4267 cum
2563 4212 2737 4268 totius
2760 4212 3000 4282 justitize
3031 4211 3338 4280 proposita,
3373 4224 3475 4279 pro
3513 4209 3695 4264 unius
3727 4223 3883 4265 casu

2099 4302 2284 4372 Djam
2332 4299 2635 4356 refutanda
2682 4308 2736 4356 et
2791 4300 3104 4356 decidenda
3160 4298 3500 4368 dijudicant.
3549 4296 3655 4351 Illa
3707 4297 3882 4352 enim

2163 4389 2561 4456 exsibilamus,
2595 4389 2726 4458 quae
2766 4389 2998 4444 omnino
3048 4387 3392 4457 respuimus.
3441 4385 3705 4440 Dentibus
3751 4385 3882 4441 fre—

2164 4486 2346 4540 munt,
2378 4492 2509 4534 cum
2536 4479 2593 4532 in
2615 4477 2695 4532 eis
2721 4478 2766 4532 si
2806 4477 2946 4547 quid
2999 4476 3212 4531 residui
3265 4475 3437 4530 fuerit
3469 4475 3620 4529 bona
3649 4481 3883 4530 caetera

2163 4567 2498 4635 decoquere,
2534 4566 2665 4632 imo,
2700 4573 2763 4621 ut
2797 4565 3126 4634 expressius
3171 4563 3376 4630 dicam,
3428 4562 3886 4618 commasticare

2162 4655 2534 4710 contendunt.
2586 4655 2657 4709 Et
2701 4653 2869 4708 aliter
2907 4669 3071 4722 super
3116 4666 3242 4707 eam
3286 4667 3342 4706 os
3385 4666 3542 4705 suum
3585 4651 3886 4718 aperiunt

2161 4745 2389 4810 inimici,
2422 4758 2555 4799 cum
2583 4741 3096 4812 supergredientur
3128 4755 3278 4808 eam,
3320 4741 3438 4811 jam
3467 4739 3642 4794 veluti
3677 4738 3887 4794 licen-

2162 4837 2247 4886 ter
2295 4831 2531 4886 consilia
2578 4846 2638 4886 se
2690 4830 2987 4886 declarant
3045 4830 3220 4885 hostis
3281 4828 3531 4897 antiqui.
3588 4825 3885 4894 Sibilant,

2158 4933 2292 4974 cum
2322 4919 2566 4974 crimina
2609 4919 2774 4974 dulce
2823 4919 3295 4974 immurmurant.
3347 4915 3602 4970 Dentibus
3665 4921 3886 4971 tamen

2161 5007 2435 5074 fremunt,
2490 5007 2631 5076 quia
2678 5007 2825 5062 inter
2871 5005 3152 5062 illationes
3201 5005 3296 5076 υἱ,
3342 5002 3729 5075 titillationes]
3771 5019 3888 5061 vo-

2160 5096 2452 5165 luptatum
2503 5104 2750 5152 mentem
2801 5097 3072 5153 miseram
3119 5096 3407 5151 universae
3449 5100 3617 5149 terra:
3658 5094 3884 5149 malleo

2161 5183 2535 5240 commolunt.
2594 5185 2966 5254 Devorabims,
3019 5184 3227 5254 inquit,
3275 5198 3412 5250 eum,
3465 5181 3520 5236 id
3568 5187 3652 5236 est
3707 5182 3884 5240 nobis

2160 5273 2679 5342 incorporabimus.
2718 5274 2803 5328 Ita
2847 5274 3001 5328 enim
3051 5273 3189 5339 dies,
3240 5271 3296 5326 id
3339 5278 3424 5326 est
3471 5271 3884 5339 prosperitatis

2159 5367 2370 5416 nostrae
2424 5359 2655 5416 claritas
2686 5367 2787 5428 est,
2845 5368 2901 5417 et
2946 5361 3136 5416 votive
3167 5364 3515 5428 exspectata,
3568 5356 3718 5426 quia
3771 5358 3885 5414 diu

2160 5448 2423 5518 quaesita,
2477 5448 2707 5504 tandem
2755 5450 3006 5514 inventa,
3061 5448 3293 5504 demum
3340 5444 3698 5516 experiendo
3747 5445 3886 5515 jam

2160 5550 2304 5591 Vlsa.
