3928 6070
104 301 210 352 465

895 447 1022 487 PHE.

176 520 349 575 Vens.
391 523 472 573 l7.
507 549 575 559 —
608 537 635 569 α
670 518 822 574 Fecit
851 519 1130 575 Dominus
1167 535 1299 590 qua
1329 521 1620 592 cogitavit,
1649 537 1808 577 com-

103 630 134 658 »
167 607 338 676 plevit
378 621 699 663 sermonem
753 622 926 664 suum
981 623 1154 678 quem
1203 619 1548 679 praeceperat
1596 624 1630 665 a
1683 610 1809 666 die-

111 714 133 740 ι
171 693 282 748 bus
311 695 605 764 antiquis;
656 696 960 764 destruxit,
1017 704 1071 752 et
1100 711 1213 752 non
1256 697 1527 766 pepercit,
1579 705 1633 754 et
1660 698 1809 754 lati—

109 801 132 828 ι
169 782 362 837 ﬁcavit
423 797 595 852 super
655 791 705 838 te
757 785 1073 850 inimicum,
1137 786 1415 841 exaltavit
1466 799 1647 842 cornu
1699 787 1809 842 ho-

109 891 133 917 r
170 869 347 924 stium
375 879 626 926 tuorum.
667 892 687 918 ι
740 871 872 938 Phe,
904 872 1316 941 interpretatur
1345 890 1420 927 os.
1454 875 1561 930 Ore
1592 883 1808 931 secreta

105 965 318 1013 nostra
367 959 574 1014 mentis
625 959 994 1015 absolvimus.
1053 961 1124 1016 Et
1174 964 1431 1016 Dominus
1497 961 1632 1018 facit
1690 979 1809 1032 qua

103 1046 343 1115 cogitat,
383 1061 514 1101 cum
561 1061 642 1110 ea,
693 1061 822 1117 qua
867 1049 1020 1104 cordi
1073 1058 1263 1104 nostro
1294 1051 1601 1119 aspirando
1662 1051 1806 1106 insi—

101 1141 271 1199 nuat,
337 1134 430 1202 pia
491 1135 678 1204 operis
737 1138 1102 1191 exsecutione
1182 1138 1416 1193 revelat.
1497 1140 1804 1195 Sermonem

97 1235 264 1276 suum
309 1223 574 1290 complet,
634 1238 765 1278 cum
815 1238 902 1286 ea,
961 1239 1092 1293 qua
1155 1240 1254 1294 per
1306 1226 1572 1295 spiritum
1630 1241 1803 1282 suum

98 1311 239 1365 serit
277 1311 332 1365 in
364 1312 546 1379 nobis,
602 1327 702 1381 per
729 1327 788 1367 se
816 1323 1104 1380 operatur,
1149 1327 1247 1382 per
1274 1328 1332 1369 se
1363 1315 1432 1368 ad
1470 1315 1801 1384 exemplum

97 1399 352 1454 exhibet.
387 1401 552 1455 Hunc
583 1408 928 1470 praceperat
954 1417 988 1454 a
1036 1402 1222 1456 diebus
1264 1405 1528 1472 antiquis,
1562 1403 1701 1472 quia
1738 1418 1803 1458 eo

97 1501 205 1542 nos
259 1488 568 1544 instruerat
601 1503 634 1543 a
678 1489 1028 1558 primoribus
1076 1490 1308 1545 sanctis.
1343 1491 1410 1546 Hi
1463 1491 1616 1546 enim
1667 1501 1802 1546 sunt

95 1575 239 1642 dies,
274 1577 373 1646 qui
405 1578 459 1631 in
494 1578 637 1633 libro
673 1577 768 1632 Dei
819 1578 1162 1634 formantur.
1222 1580 1327 1634 Per
1366 1581 1470 1635 hos
1499 1579 1652 1634 enim
1683 1579 1802 1636 dies

94 1663 250 1719 dicto
301 1665 564 1734 factoque
618 1666 971 1736 pracipitur,
1033 1681 1150 1736 quo
1215 1682 1376 1723 mens
1427 1674 1564 1723 25!
1605 1675 1798 1724 nostra

91 1766 168 1806 ex
197 1753 479 1807 sermonis
534 1755 898 1823 conceptione
938 1755 1240 1811 lustratur.
1299 1755 1403 1811 Sed
1465 1763 1590 1825 post
1648 1756 1797 1810 hanc

90 1840 411 1896 claritatem
465 1842 706 1897 destruit
755 1843 1053 1908 Dominus,
1110 1851 1166 1898 et
1221 1857 1335 1898 non
1413 1843 1613 1912 parcit,
1663 1858 1796 1899 cum

91 1928 195 1998 qui
226 1930 602 1984 ascenderant
632 1931 702 1984 ad
751 1931 922 1985 caelos
953 1939 1180 2000 repente
1219 1931 1278 1986 in
1327 1931 1557 2002 abyssos
1612 1931 1796 1988 delabi

91 2017 396 2084 permittit.
455 2020 743 2072 Inimicum
798 2033 961 2086 super
1007 2033 1134 2074 eam
1180 2019 1449 2087 latiticat,
1508 2034 1641 2076 cum
1687 2021 1794 2076 sub

89 2119 199 2159 suo
228 2119 358 2160 eam
403 2105 596 2170 hostis,
632 2106 684 2161 id
725 2113 810 2162 est
843 2114 974 2163 voto
1003 2108 1294 2174 cohibens,
1329 2108 1796 2178 gratulabundus

90 2201 398 2263 aggravat.
461 2195 638 2248 Cornu
685 2195 922 2248 hostium
971 2196 1206 2262 exaltat,
1265 2211 1395 2252 cum
1452 2196 1602 2252 vires
1651 2198 1794 2252 resi-

87 2281 276 2335 stendi
309 2294 507 2335 eorum
538 2283 821 2350 superbia
874 2289 1065 2352 negat.
1099 2283 1292 2338 Cornu
1321 2283 1471 2338 enim
1509 2291 1790 2351 nostrum,

86 2368 302 2436 spiritu
333 2381 562 2423 carnem
595 2369 870 2424 excedere
919 2377 1023 2423 est.
1081 2369 1275 2425 Cornu
1322 2378 1513 2427 autem
1555 2371 1790 2438 diaboli,

85 2456 374 2511 miserum
397 2469 494 2511 cor
516 2456 624 2511 hac
652 2456 900 2527 illacque
928 2457 1226 2513 ventilare.

861 2560 1016 2600 SADE.

161 2633 335 2689 Vens.
384 2636 462 2686 t8.
497 2662 566 2674 —
603 2655 624 2681 ι
661 2633 943 2689 Clamavit
994 2648 1092 2690 cor
1118 2648 1319 2690 eorum
1366 2634 1437 2690 ad
1481 2635 1790 2691 Dominum

92 2744 111 2769 ι
182 2736 359 2791 super
411 2737 606 2777 muros
661 2722 792 2776 ﬁlia
815 2722 991 2777 σείου.
1030 2745 1050 2772 ι
1110 2723 1274 2790 Sade,
1317 2725 1625 2778 consolatio.
1691 2725 1792 2781 Cor

83 2825 270 2865 eorum
325 2809 602 2877 videlicet,
633 2809 751 2880 [qui
796 2825 972 2879 supra
1020 2811 1352 2880 plauserant
1399 2813 1669 2868 manibus
1717 2813 1789 2868 ad

82 2897 420 2963 Dominum,
451 2913 615 2966 super
643 2913 822 2952 muros
853 2900 980 2966 ﬁlia
1009 2900 1136 2954 Sion
1178 2898 1404 2964 clamat,
1455 2913 1585 2954 cum
1619 2913 1790 2968 super

854 301 1306 358 TROPOLOGIIE
1345 301 1414 358 IN
1451 301 1660 367 OSEE,
1701 305 1886 362 AMOS
1925 305 2012 360 ET
2049 306 2203 361 JER.
2248 334 2308 343 ο-
2333 301 2467 359 LIB.
2510 307 2575 360 V.
2625 307 2692 360 IN
2731 308 2880 364 JEB.

1842 439 1888 489 Α
1919 435 2029 490 nisi
2061 442 2123 490 ut
2162 435 2380 505 absque
2418 435 2714 506 scrupulo,
2746 443 2800 493 et
2839 438 3217 496 crassitudine
3258 441 3620 512 cogitationis

3505 314 3574 366 46
3588 319 3619 367 6

1919 523 2137 593 aliqua,
2189 523 2537 578 conscientia
2585 525 2847 593 interius,
2899 526 3000 582 ubi
3047 528 3203 583 solus
3243 530 3394 586 Deus
3443 533 3617 601 videt,

1917 619 2282 667 extenuetur.
2320 633 2340 660 ι
2387 612 2534 667 Leva
2563 613 2632 667 ad
2673 627 2805 668 eum
2855 628 3064 670 manus
3119 624 3244 672 tuas
3273 632 3377 686 pro
3425 621 3615 677 anima

1921 718 1947 748 »
1981 698 2360 767 parvulorum
2415 707 2666 767 tuorum,
2727 701 2829 770 qui
2876 703 3206 759 defecerunt
3255 705 3312 760 in
3365 709 3513 763 fame
3559 709 3616 764 in

1923 807 1943 832 ι
1980 787 2166 855 capite
2196 786 2454 842 omnium
2502 788 2904 858 compitorum.
2951 812 2970 838 υ
3013 791 3108 845 Ad
3137 807 3255 846 eum
3305 793 3453 849 levat
3491 811 3615 849 ma-

1914 890 2036 940 nus,
2067 875 2169 944 qui
2206 875 2420 930 bonum
2453 875 2510 930 in
2533 876 2629 931 Dei
2659 877 2906 942 nomine,
2935 893 3047 933 non
3080 879 3136 934 in
3163 879 3332 936 laude
3360 883 3616 939 humana

1914 962 2152 1028 extollit,
2186 977 2302 1017 non
2343 962 2576 1018 inclinat
2614 979 2777 1033 opus.
2817 966 2887 1020 Et
2916 966 3021 1021 hoc
3056 983 3157 1035 pro
3186 971 3374 1023 anima
3399 986 3613 1038 parvu-

1915 1052 2110 1113 lorum,
2148 1051 2203 1104 id
2250 1057 2333 1105 est
2392 1065 2491 1119 pro
2536 1052 2654 1106 vita
2709 1053 3032 1109 studiorum
3086 1070 3283 1112 recens
3325 1057 3381 1111 in
3415 1067 3613 1114 sancta

1915 1138 2260 1206 professione
2289 1146 2626 1207 coeptorum.
2681 1142 2745 1194 In
2783 1145 2930 1207 fame
2983 1143 3276 1210 deficiunt,
3319 1147 3417 1215 qui
3451 1147 3610 1202 verbi

1915 1226 2009 1280 Dei
2043 1226 2238 1295 inopia
2288 1235 2550 1295 pereunt.
2589 1230 2656 1282 In
2719 1233 2896 1297 capite
2949 1235 3188 1286 omnium
3234 1237 3607 1303 compitorum,

1914 1315 1972 1369 in
2004 1314 2291 1384 proposito
2333 1315 2546 1371 scilicet
2590 1318 2850 1373 omnium
2899 1321 3265 1377 sacularium
3296 1323 3606 1380 actionum.

2701 1419 2819 1459 RES.

1983 1486 2154 1543 VEns.
2200 1491 2288 1542 20.
2318 1520 2386 1528 —
2441 1513 2460 1537 ε
2524 1490 2685 1557 Vide,
2733 1491 2989 1557 Domine,
3021 1500 3075 1548 et
3127 1495 3422 1550 considera
3465 1512 3608 1566 quo-

1916 1596 1937 1620 ι
1990 1575 2145 1630 niam
2197 1577 2642 1634 vindemiaveris
2699 1579 2794 1634 ita.
2859 1601 2878 1627 ι
2939 1581 3065 1648 Res,
3117 1584 3376 1650 spiritum
3428 1592 3608 1640 sonat.

1908 1661 2170 1719 Clamant
2197 1678 2354 1736 ergo,
2387 1667 2489 1735 qui
2522 1680 2719 1736 supra,
2758 1667 3016 1730 Domino,
3053 1677 3117 1725 ut
3146 1670 3352 1738 videat,
3386 1679 3441 1728 et
3472 1687 3607 1728 con-

1909 1750 2116 1808 sideret
2175 1768 2348 1823 quem
2410 1755 2488 1810 ita
2544 1755 3006 1825 vindemiaverit,
3061 1757 3114 1812 id
3161 1767 3245 1814 est
3292 1760 3508 1828 videre,
3553 1769 3608 1817 et

1907 1841 2350 1908 pracordialiter
2399 1843 2692 1899 attendere
2739 1859 2842 1899 nos
2888 1845 3076 1913 faciat,
3110 1849 3396 1916 quomodo
3430 1849 3606 1918 spiri-

1908 1936 2050 1995 tum,
2085 1931 2183 1998 qui
2208 1929 2486 1986 adversus
2512 1945 2744 1986 carnem
2792 1934 3019 2001 proprie
3057 1935 3412 2005 concupiscit
3450 1938 3602 2008 (Gal.

1903 2032 1958 2082 v,
1996 2017 2100 2087 t7),
2143 2017 2418 2073 vitalibus
2473 2019 2618 2074 lucis
2655 2020 2942 2076 fructibus
2985 2029 3276 2091 tantopere
3320 2025 3601 2094 spoliave-

1903 2104 1997 2158 rit.
2036 2126 2058 2152 ι
2093 2106 2320 2175 Ergone
2345 2107 2638 2162 comedent
2669 2108 2938 2164 mulieres
2967 2109 3217 2166 fructum
3241 2126 3432 2179 suum,
3462 2126 3600 2181 par-

1905 2213 1934 2240 »
1963 2193 2128 2248 vulos
2167 2194 2235 2248 ad
2269 2209 2599 2250 mensuram
2655 2195 2905 2264 palma?
2943 2196 2988 2251 si
3019 2198 3297 2254 occiditur
3349 2199 3406 2254 in
3474 2214 3601 2255 san-

1902 2300 1931 2332 »
1963 2282 2182 2336 ctuario
2212 2282 2437 2337 Domini
2469 2284 2729 2338 sacerdos
2772 2292 2826 2339 et
2865 2286 3192 2354 propheta?
3227 2308 3247 2334 ι
3301 2288 3459 2353 Quod
3516 2296 3599 2344 est

1901 2368 2107 2424 dicere.
2137 2369 2192 2424 Si
2223 2370 2367 2424 sacri
2400 2369 2614 2439 eloquii
2645 2371 2910 2437 ducatus,
2958 2372 3056 2442 qui
3101 2381 3184 2430 est
3223 2373 3458 2430 lucerna
3488 2389 3596 2431 no-

1901 2455 2033 2510 stris
2088 2456 2330 2524 pedibus
2355 2457 2521 2526 (Psal.
2556 2471 2748 2522 cxvut,
2802 2460 2944 2525 105),
2993 2467 3047 2514 et
3080 2459 3436 2527 providentia
3465 2476 3597 2530 qua

1900 2543 2110 2598 nostris
2139 2544 2466 2613 praeminet
2481 2543 2738 2614 lactibus,
2766 2548 2825 2598 in
2846 2549 3160 2600 sanctuario
3182 2549 3414 2615 Domini,
3440 2549 3595 2618 quod

1899 2637 1983 2686 est
2012 2645 2190 2699 mens,
2213 2631 2534 2697 subruitur,
2569 2632 2712 2688 scire
2739 2633 2911 2688 velim
2937 2642 3132 2689 utrum
3166 2634 3412 2691 inﬁrma
3446 2651 3598 2692 men-

1900 2724 1998 2783 tes,
2035 2733 2166 2788 qua
2214 2720 2546 2775 innuuntur
2591 2734 2690 2788 per
2725 2721 3000 2787 mulieres,
3056 2721 3114 2776 in
3146 2722 3362 2791 quibus
3409 2723 3594 2792 dispe-

1899 2807 2178 2862 reuntha
2207 2808 2337 2863 dua
2377 2822 2486 2874 res,
2519 2809 2809 2874 comedent,
2845 2809 2899 2864 id
2926 2817 3028 2876 est,
3076 2819 3416 2866 consument
3447 2813 3597 2868 intra

1897 2909 1955 2950 se
1989 2895 2160 2950 totius
2206 2910 2326 2952 sua
2370 2897 2532 2952 bona
2583 2896 2823 2953 actionis
2875 2897 3097 2953 fructus
3129 2913 3315 2968 nuper
3359 2907 3590 2970 captos,

81 2985 263 3055 lapsa
305 2985 664 3041 conscientia
707 2987 1137 3058 oppressionem
1186 2986 1638 3042 consideratione
1673 2988 1789 3043 fre-
1829 2991 1950 3075 Cet
2001 2983 2246 3040 necdum
2303 2985 2375 3039 ad
2434 2985 2836 3053 perfectionem
2887 2986 3145 3075 aliquam
3174 2987 3594 3075 iattingentes?

80 3073 657 3144 quentiillacrymat.
709 3074 779 3128 Et
831 3089 964 3143 qua
1003 3074 1188 3144 major
1244 3075 1552 3131 consolatio
1581 3077 1790 3132 anima
1841 3072 1857 3075 θ
1900 3072 2096 3127 Palma
2147 3086 2282 3128 vero
2342 3072 2592 3139 initium,
2651 3073 2883 3129 cubitus
2935 3074 3349 3142 plenitudinem
3406 3075 3591 3146 signi-

80 3161 400 3230 cujuslibet
437 3162 647 3227 miseri,
710 3175 886 3231 quam
932 3163 1087 3232 quod
1120 3162 1224 3217 scit
1273 3163 1484 3218 sanctis
1540 3162 1678 3218 viris
1729 3178 1789 3218 se

79 3265 241 3307 cura
269 3251 516 3306 haberi?
545 3252 660 3306 Hoc
693 3251 847 3306 enim
875 3250 1066 3306 littera
1093 3257 1280 3306 sonat.
1324 3271 1352 3299 ‹‹
1384 3251 1577 3308 Deduc
1619 3252 1788 3322 quasi

80 3360 110 3391 ι
144 3347 457 3395 torrentem
491 3339 772 3408 lacrymas
816 3353 916 3409 per
970 3340 1140 3407 diem,
1196 3348 1250 3395 et
1294 3349 1539 3405 noctem,
1584 3349 1639 3396 et
1671 3355 1785 3396 non

85 3448 106 3474 ι
144 3425 246 3480 des
281 3424 538 3493 requiem
570 3425 691 3491 tibi,
725 3440 914 3495 neque
945 3433 1125 3481 taceat
1159 3427 1376 3496 pupilla
1413 3427 1564 3482 oculi
1612 3427 1717 3483 tui.
1754 3447 1782 3480 ››

81 3513 208 3570 Vox
237 3529 420 3566 eorum
467 3522 548 3569 est
587 3528 837 3583 quorum
885 3530 975 3568 cor
1027 3515 1233 3570 clamat
1265 3515 1339 3569 ad
1371 3519 1668 3582 Dominum,
1711 3517 1783 3570 ad

78 3602 262 3656 ﬁliam
298 3601 448 3655 Sion.
485 3603 566 3656 Ac
596 3601 640 3656 si
671 3602 856 3656 dicat:
902 3604 980 3658 De
1011 3603 1261 3658 interiori
1297 3611 1395 3658 tua
1438 3604 1784 3660 conscientia

75 3691 192 3745 duc
226 3691 284 3743 in
335 3689 570 3744 evidens
619 3690 843 3759 pietatis
889 3705 1050 3760 opus,
1093 3705 1158 3745 ac
1210 3691 1252 3745 si
1289 3699 1618 3757 torrentem,
1678 3693 1781 3761 qui

73 3778 248 3833 obvia
282 3777 422 3832 vitia
450 3792 700 3847 quaque
732 3778 1063 3847 pracipitet,
1099 3779 1340 3834 interna
1371 3779 1442 3834 ad
1480 3780 1660 3834 Deum
1695 3795 1779 3836 re-

73 3865 411 3936 spirationis
463 3866 743 3936 lacrymas
800 3881 912 3922 non
972 3867 1157 3922 solum
1236 3881 1335 3936 per
1389 3868 1781 3937 prosperitatis

74 3956 228 4010 diem
261 3954 631 4022 (confitentur
657 3954 809 4010 enim
865 3955 1103 4025 quidam
1145 3969 1275 4010 cum
1325 3955 1663 4012 benefecerit
1700 3957 1781 4012 eis

76 4045 233 4099 Deus
270 4045 440 4106 (Psal.
470 4057 660 4110 xnvm,
700 4044 803 4112 l9),
839 4043 934 4099 sed
960 4044 1133 4098 etiam
1165 4058 1265 4113 per
1289 4044 1649 4101 adversitatis
1671 4059 1776 4100 nov

73 4141 245 4199 ctem,
277 4131 334 4186 in
381 4145 498 4200 qua
529 4131 841 4187 clarissime
871 4132 1106 4186 retinuit
1146 4132 1199 4186 in
1257 4132 1351 4187 Dei
1403 4147 1572 4188 aures
1604 4134 1780 4188 canti-

75 4237 212 4277 cum
245 4221 411 4291 ejus:
444 4237 539 4274 nec
580 4221 672 4274 des
712 4222 970 4288 requiem,
1021 4220 1074 4274 id
1119 4228 1202 4275 est
1246 4221 1609 4276 securitatem
1655 4222 1774 4290 tibi,

75 4318 139 4366 ut
169 4309 240 4364 de
272 4309 356 4365 tui
393 4310 650 4365 maroris
679 4309 1014 4364 assiduitate
1041 4323 1388 4377 prasumas;
1413 4326 1582 4378 neque
1604 4315 1776 4364 taceat

73 4399 294 4467 pupilla
323 4399 463 4450 oculi
489 4399 587 4463 tui,
641 4397 693 4451 id
731 4404 815 4451 est
843 4410 1150 4466 nunquam
1195 4410 1386 4466 prava
1416 4399 1776 4454 conscientia

77 4486 429 4554 acquiescat,
479 4484 620 4554 quin
669 4484 790 4539 suis
845 4484 1202 4540 successibus
1245 4499 1466 4554 semper
1517 4485 1778 4557 invigilet

76 4572 370 4628 subtilitas
391 4573 706 4642 spiritualis
735 4572 894 4628 aciei.

845 4675 1006 4715 COPH.

144 4749 332 4806 Vnns.
370 4751 453 4803 t9.
488 4779 555 4788 —
589 4771 609 4796 ι
647 4749 960 4819 Consurge,
994 4742 1167 4804 lauda
1198 4749 1256 4803 in
1289 4757 1454 4805 nocte
1503 4750 1561 4805 in
1611 4751 1776 4821 prin-

76 4862 103 4887 »
134 4839 290 4908 cipio
322 4838 676 4908 vigiliarum,
707 4837 936 4894 effunde
953 4839 1102 4894 sicut
1132 4852 1288 4908 aqua
1321 4853 1420 4894 cor
1451 4845 1614 4896 tuum
1646 4849 1778 4896 ante

73 4933 445 4996 conspectum
481 4927 724 4982 Domini.
767 4948 787 4974 ι
833 4927 1012 4996 Coph,
1061 4925 1274 4982 dicitur
1327 4929 1528 4996 aspice.
1583 4929 1777 4999 Roga-

75 5023 170 5070 tur
193 5029 227 5070 a
259 5015 476 5085 quibus
505 5029 682 5084 supra
715 5019 781 5070 ut
809 5015 1050 5085 aspiciat
1079 5029 1360 5084 quorsum
1408 5024 1460 5071 et
1491 5018 1777 5086 quomodo

74 5104 142 5159 de
197 5103 377 5159 veteri
429 5103 616 5172 lapsu,
667 5111 723 5159 et
787 5103 859 5159 ad
915 5118 1089 5172 quem
1157 5118 1505 5174 consurgere
1552 5105 1772 5161 debeat.

80 5190 294 5257 Lauda,
349 5191 557 5261 inquit,
591 5195 650 5245 in
688 5195 855 5257 nocte,
889 5190 942 5246 id
975 5198 1059 5247 est
1099 5205 1401 5262 nunquam
1451 5206 1483 5246 a
1530 5193 1642 5248 Deo
1673 5193 1776 5248 de—

78 5280 289 5334 sciscas
321 5279 380 5334 in
411 5279 736 5336 tentatione.
790 5280 860 5335 Et
893 5280 998 5335 hoc
1027 5282 1086 5334 in
1111 5283 1386 5350 principio
1433 5282 1770 5350 uigiliarum,

80 5366 139 5419 in
204 5366 369 5421 initio
424 5367 634 5423 scilicet
687 5367 1094 5434 conversuonis,
1145 5374 1245 5423 aut
1303 5368 1360 5422 in
1399 5368 1776 5438 primavitate

81 5453 338 5522 ipsarum
367 5462 623 5512 aetatum.
656 5456 807 5512 Sicut
853 5471 1002 5524 aqua
1044 5471 1136 5510 cor
1177 5470 1350 5512 suum
1398 5461 1524 5511 ante
1550 5473 1776 5526 conspe-

81 5547 224 5597 ctum
247 5537 462 5599 Domini
481 5543 778 5602 eﬂundere
797 5543 1057 5615 jubetur,
1083 5544 1222 5615 quia
1246 5558 1362 5600 non
1388 5543 1554 5602 aliter
1570 5544 1772 5615 placet.

1898 3160 2048 3216 ﬁcaL

2684 3264 2788 3305 SIN.

1967 3339 2137 3394 VERS.
2169 3341 2255 3392 2t.
2292 3347 2358 3377 —'
2393 3359 2413 3386 ι
2443 3339 2758 3394 Iacuerunt
2788 3338 2845 3392 in
2877 3347 3030 3394 terra
3060 3338 3192 3394 foris
3222 3353 3366 3408 puer
3413 3348 3467 3395 et
3497 3355 3589 3395 se-

1898 3445 1919 3472 ι
1957 3439 2105 3493 nex;
2141 3425 2398 3494 virgines
2430 3439 2587 3486 mea,
2617 3432 2672 3479 et
2701 3425 2945 3493 juvenes
2995 3426 3104 3480 mei
3152 3425 3482 3481 ceciderunt
3516 3425 3592 3481 in-

1897 3534 1918 3560 ι
1953 3513 2162 3583 gladio,
2216 3513 2540 3568 interfecisti
2575 3512 2633 3567 in
2661 3513 2752 3567 die
2805 3513 3018 3568 furoris
3072 3513 3174 3580 tui,
3239 3514 3585 3582 percussisti,

1896 3623 1917 3649 ι
1955 3616 2059 3656 nec
2088 3601 2356 3656 misertus
2383 3615 2460 3655 es.
2496 3623 2516 3648 ι
2555 3600 2675 3669 Sin,
2707 3603 2822 3653 vita
2850 3615 2864 3668 ;
2898 3615 3012 3655 non
3049 3600 3162 3666 illa,
3197 3615 3326 3670 qua
3353 3602 3588 3656 abscon-

1889 3690 2009 3744 dita
2037 3697 2120 3744 est
2156 3703 2286 3744 cum
2337 3689 2562 3744 Christo
2591 3689 2646 3742 in
2693 3689 2804 3743 Deo
2851 3688 2982 3758 (Col.
3035 3703 3113 3754 Ill,
3159 3688 3250 3758 3);
3299 3703 3412 3743 non
3469 3689 3582 3754 illa,

1889 3791 2006 3847 qua
2037 3777 2093 3830 in
2140 3776 2398 3846 prasenti
2448 3777 2877 3842 commorimur,
2925 3783 2982 3831 et
3028 3776 3447 3845 consepelimur
3480 3776 3584 3845 ipsi

1889 3866 2110 3922 Christo
2145 3868 2310 3934 (Rom.
2369 3879 2424 3928 v,
2467 3867 2519 3929 8,
2576 3865 2651 3931 4).
2710 3865 2868 3920 Unde
2895 3871 2978 3919 est
3027 3864 3181 3933 quod
3203 3865 3497 3933 jacuerunt
3529 3867 3585 3917 in

1890 3959 2036 4008 terra
2067 3956 2204 4015 foris
2231 3969 2367 4022 puer
2394 3958 2444 4006 et
2471 3967 2651 4007 senem.
2703 3953 2857 4006 Foris
2891 3968 3032 4021 puer
3060 3958 3110 4005 et
3151 3966 3316 4005 senex
3345 3954 3403 4005 in
3438 3957 3584 4005 terra

1885 4043 2094 4113 jacent,
2129 4056 2260 4097 cum
2304 4049 2471 4097 extra
2527 4055 2586 4096 se
2647 4055 2761 4096 non
2795 4040 2979 4095 solum
3023 4039 3275 4094 carnalis
3322 4039 3580 4108 affectus,

1890 4146 2006 4202 quo
2038 4131 2096 4186 in
2130 4144 2343 4186 morem
2374 4131 2537 4200 pueri
2593 4129 2673 4184 nil
2729 4129 2914 4184 levius
2964 4128 3045 4183 nil
3086 4127 3411 4184 instabilius
3455 4143 3586 4184 con-

1888 4227 1999 4276 stat
2033 4220 2089 4274 in
2122 4219 2370 4284 homine,
2391 4218 2485 4274 sed
2515 4218 2683 4273 etiam
2719 4217 2842 4285 ipsa
2869 4217 3030 4284 ratio,
3060 4215 3151 4271 cui
3188 4216 3376 4271 ﬂuxos
3404 4217 3582 4272 animi

1816 4295 1858 4347 D
1886 4309 2119 4364 habitus
2162 4323 2267 4364 suo
2312 4307 2603 4363 senioratu
2649 4305 2994 4375 restringere
3023 4305 3372 4370 conveniret,
3411 4314 3582 4361 terre-

1887 4397 1977 4452 nis
2010 4409 2245 4465 prorsus
2293 4394 2589 4449 inharent.
2649 4395 2920 4460 Virgines,
2962 4397 3010 4446 el
3049 4394 3274 4462 juvenes
3306 4396 3364 4447 in
3393 4396 3579 4461 gladio

1884 4485 2119 4552 cadunt,
2169 4498 2301 4539 cum
2335 4483 2380 4538 si
2412 4496 2530 4552 qua
2560 4482 2618 4536 in
2673 4481 2866 4537 animo
2901 4481 3054 4536 bona
3088 4481 3304 4536 illibata
3361 4483 3580 4538 resede-

1883 4573 2021 4638 rint,
2053 4573 2098 4628 si
2131 4572 2270 4642 quid
2304 4571 2357 4625 in
2381 4571 2506 4641 ejus
2539 4569 2798 4625 moribus
2841 4569 3102 4624 validum
3145 4584 3210 4625 ac
3243 4569 3382 4624 forte
3414 4571 3576 4625 resti-

1884 4662 2032 4728 terit,
2085 4667 2265 4716 totum
2323 4658 2491 4714 alicui
2557 4657 2780 4727 capitali
2837 4664 3066 4727 peccato
3123 4657 3463 4712 succumbit.
3515 4660 3580 4712 In

1884 4749 1993 4814 die,
2027 4748 2116 4804 vel
2147 4755 2231 4803 est
2272 4747 2328 4802 in
2360 4745 2833 4812 manifestatione,
2877 4748 2967 4799 sui
3009 4746 3236 4811 furoris,
3291 4744 3575 4812 interficit,

1884 4852 2016 4894 cum
2058 4836 2394 4892 interiornm
2439 4848 2707 4890 occasum
2739 4835 2808 4889 de
2859 4832 3159 4888 exterioris
3212 4831 3396 4888 ruina
3453 4833 3578 4888 evi-

1884 4925 2076 4981 dentia
2103 4923 2366 4979 ostendit.
2418 4921 2688 4988 Percutit,
2757 4935 2861 4977 nec
2917 4921 3236 4987 miseretur,
3299 4935 3430 4976 cum
3462 4921 3576 4977 labi

1885 5013 2179 5084 permittit,
2213 5025 2319 5067 nec
2347 5011 2534 5067 statim
2587 5019 2708 5080 post
2747 5011 2970 5080 lapsum
3025 5009 3334 5080 compungi
3387 5024 3581 5066 conce-

1883 5101 2058 5156 ditur.
2093 5100 2197 5156 Cui
2229 5099 2513 5155 concinit:
2559 5121 2578 5147 ι
2613 5100 2755 5156 Cum
2795 5098 3078 5166 ceciderit,
3121 5097 3332 5168 inquit,
3362 5098 3576 5170 justus,

1884 5203 1998 5244 non
2029 5187 2335 5254 colliditur,
2369 5188 2509 5258 quia
2533 5187 2812 5244 Dominus
2843 5186 3114 5256 supponit
3141 5199 3380 5242 manum
3412 5202 3576 5244 suam

1883 5278 2050 5348 (Psal.
2085 5291 2280 5343 xxxvr,
2314 5277 2427 5346 24).
2462 5298 2484 5325 ιι

2641 5382 2812 5423 ΤΗΛυ.

1953 5455 2126 5513 Vens.
2158 5459 2245 5510 22.
2280 5486 2351 5495 —
2385 5478 2405 5505 ι
2444 5456 2660 5512 Vocasti
2717 5455 2885 5526 quasi
2915 5456 2986 5511 ad
3039 5457 3188 5513 diem
3247 5457 3576 5525 solemnem,

1886 5567 1908 5596 ι
1933 5545 2038 5617 qui
2076 5553 2314 5602 terreret
2351 5558 2441 5601 me
2499 5545 2571 5601 de
2599 5545 2868 5613 circuitu,
2897 5552 2954 5602 et
2982 5560 3098 5602 non
3123 5546 3235 5603 fuit
3261 5547 3321 5603 in
3369 5546 3461 5603 die
3501 5547 3579 5603 fu-
