3934 6086
355 259 459 314 467

1259 256 1321 308 ν.
1361 251 1692 308 GUIBERTI
1729 250 2018 307 ABBATlS
2055 250 2111 305 S.
2151 251 2390 306 MARIIE
2427 249 2521 304 DE
2561 245 2970 304 NOVIGENTO

3756 239 3874 295 468

363 415 384 442 ι
437 391 584 448 roris
639 389 865 446 Domini
920 389 1023 459 qui
1082 388 1358 458 effugeret
1409 394 1465 443 et
1533 386 1976 456 relinqueretur.
2015 406 2036 433 ι
2079 389 2125 440 Α
2155 385 2322 440 Pellis
2351 392 2577 441 vetusta
2622 384 2888 450 efficitur,
2935 397 3068 439 cum
3114 381 3352 438 affectus
3395 388 3586 438 noster
3617 395 3742 450 quo
3783 379 3870 434 ci-

357 479 542 545 Thau,
580 478 990 546 interpretatur
1033 479 1211 542 signa,
1246 475 1400 544 quod
1440 474 1522 529 eis
1571 475 1630 528 in
1675 474 1859 528 fronte
1883 474 2054 543 juxta

359 566 615 623 Ezechiel
660 564 1052 634 praescribitur
1101 565 1312 632 (Ezech.
1364 577 1441 630 IX,
1491 563 1544 625 4,
1598 564 1671 630 6),
1727 561 1830 631 qui
1881 575 2056 631 super

359 654 560 708 alienis
585 653 749 708 malis
779 665 1022 707 moerere
1046 651 1384 721 probantur,
1419 649 1572 719 quod
1594 649 1685 704 hic
1710 650 1863 719 jnste
1885 648 2054 703 dam-

358 742 509 798 natis
537 741 859 810 opponitur,
894 741 995 811 qui
1025 740 1117 795 sui
1169 740 1419 808 ipsorum
1465 752 1570 793 nec
1616 738 1673 792 in
1735 739 1854 807 ipsa
1886 751 2055 806 poma

358 830 723 885 miserentur.
782 829 949 895 Quasi
999 829 1075 883 ad
1130 829 1272 882 diem
1301 829 1583 881 solemnem
1612 833 1909 889 vocantur,
1953 826 2055 894 qui

357 931 482 974 eam
515 917 582 972 de
628 917 873 972 circuitu
905 924 1175 982 terreant,
1219 930 1351 970 cum
1401 915 1471 968 ad
1511 913 1901 983 spectaculum
1935 927 2056 982 per-

356 1013 593 1073 petratae
624 1005 968 1074 iniquitatis,
1005 1005 1172 1074 quasi
1212 1010 1360 1056 τευ
1422 1001 1606 1057 festivi
1641 1003 1894 1069 ciuntur,
1952 1001 2052 1070 qui

355 1093 714 1149 extrinsecus
767 1093 958 1159 minis,
1019 1101 1074 1147 et
1128 1091 1672 1161 exprobrationibus
1730 1105 1830 1158 pro
1889 1097 2054 1144 reatu

357 1181 596 1236 miseros
623 1181 978 1235 insectentur
1007 1188 1060 1236 et
1090 1188 1359 1250 arguant.
1394 1179 1517 1234 Non
1539 1186 1622 1233 est
1651 1181 1710 1232 in
1739 1179 1827 1231 die
1847 1180 2053 1239 furoris

360 1271 584 1322 Domini
637 1271 734 1336 qui
759 1268 999 1338 effugiat
1050 1275 1106 1323 et
1133 1267 1514 1336 relinquatur,
1549 1268 1688 1336 quia
1717 1281 1831 1321 non
1881 1275 1963 1321 est
1995 1267 2052 1320 in

356 1357 466 1412 hac
491 1365 686 1425 aperta
717 1355 935 1411 ultione
956 1356 1245 1425 quispiam
1273 1355 1446 1409 animi
1473 1363 1680 1418 motus,
1706 1355 1804 1423 qui
1837 1369 1895 1409 se
1931 1369 2054 1423 pec-

357 1452 482 1499 cato
537 1443 862 1510 subtrahat,
919 1450 973 1498 et
1022 1444 1368 1511 poenitentia
1414 1450 1753 1497 reservetur.
1817 1461 1844 1489 «
1903 1441 2054 1506 Quos

362 1555 383 1580 ιι
417 1532 660 1590 educavi
683 1538 738 1586 et
758 1530 998 1596 nutrivi,
1025 1530 1293 1584 inimicus
1323 1544 1486 1585 meus
1511 1529 1865 1598 consumpsit
1883 1543 1996 1584 eos.
2027 1551 2047 1577 ι

357 1621 716 1686 Educantur,
753 1618 856 1688 qui
883 1632 916 1672 a
939 1618 1364 1686 temporalibus,
1396 1625 1672 1673 eteorum
1704 1617 2052 1686 appetitibus

356 1708 715 1763 eximuntur.
770 1706 1184 1772 Enutriuntur,
1243 1721 1374 1761 cum
1425 1705 1574 1761 idem
1633 1712 1816 1759 status
1875 1705 2048 1760 nostri

359 1795 467 1851 sub
499 1793 768 1862 fomento,
801 1802 856 1849 et
885 1794 1142 1850 custodia
1171 1793 1410 1849 rationis
1437 1800 1714 1862 aguntur.
1768 1793 1838 1847 Et
1869 1795 2049 1846 inimi-

357 1899 451 1938 cus
479 1897 564 1938 eos
602 1883 908 1948 consumit,
939 1898 1072 1938 cum
1095 1883 1352 1938 discretae
1383 1883 1661 1938 hactenus
1683 1883 1856 1938 menti
1878 1883 2054 1937 chaos

355 1971 778 2027 tenebrositatis
805 1971 1046 2026 inducit.

1027 2058 1259 2114 CAPUT
1302 2059 1395 2113 Ill.

1101 2161 1305 2202 ALEPH.

429 2235 597 2291 Vsus.
633 2238 681 2288 1.
709 2263 782 2276 -
815 2257 836 2283 ε
871 2234 992 2305 Ego
1030 2233 1120 2290 vir
1172 2235 1371 2290 videns
1425 2241 1822 2304 paupertatem
1868 2248 2053 2290 meam

360 2343 382 2370 ι
427 2322 486 2376 in
512 2322 678 2393 virga
707 2320 1117 2392 indignationis
1145 2321 1290 2390 ejus.
1334 2342 1354 2368 ι
1390 2321 1455 2375 In
1488 2321 1594 2375 hoc
1645 2321 1811 2376 tertio
1861 2321 2054 2391 alpha-

356 2411 482 2466 beto
523 2409 938 2465 attendendum
979 2409 1206 2464 videtur
1253 2409 1411 2477 quod
1460 2408 1706 2479 singulis
1755 2409 2054 2465 versiculis

359 2499 525 2555 tertio
550 2499 736 2556 littera
765 2512 1015 2568 quaeque
1064 2497 1360 2566 repetitur.
1393 2498 1458 2552 In
1490 2511 1606 2567 quo
1636 2499 1842 2568 conjici
1871 2505 2054 2567 potest

356 2587 534 2656 quod,
567 2593 818 2656 quatuor
848 2585 998 2640 modi
1038 2584 1304 2654 peccandi
1335 2599 1468 2640 cum
1499 2585 1632 2651 sint,
1651 2586 1941 2655 suggestio
1960 2586 2054 2640 vi—

357 2673 576 2741 delicet,
604 2672 921 2739 delectatio,
955 2686 1268 2728 consensus
1324 2681 1379 2727 et
1429 2673 1598 2735 actio,
1659 2673 1714 2726 in
1759 2673 1876 2728 solo
1916 2688 2052 2728 con-

355 2775 528 2816 sensu
559 2761 742 2829 major
769 2760 1095 2815 adhibenda
1128 2761 1200 2815 sit
1228 2761 1466 2816 rationis
1495 2768 1550 2815 et
1602 2761 1876 2816 doctrinae
1909 2774 2055 2816 cau-

358 2848 454 2904 tio.
489 2848 544 2904 Si
573 2848 726 2904 enim
753 2862 1097 2903 consensum
1155 2849 1392 2917 spiritus
1418 2848 1724 2904 rebellione
1770 2863 2052 2915 coerceas,

2163 471 2278 527 tius
2307 471 2366 526 in
2398 471 2654 527 interiori
2685 471 2916 526 homine
2945 471 3024 526 nil
3057 470 3304 536 laeditur,
3343 484 3476 524 cum
3508 469 3628 539 ipsa
3658 482 3866 532 carne,

2164 559 2216 614 id
2249 566 2333 614 est
2363 559 2676 624 voluntate,
2711 574 2842 628 quae
2886 558 3075 614 media
3119 559 3268 612 inter
3298 557 3501 627 pellem
3531 565 3585 612 et
3617 570 3771 623 ossa,
3813 557 3873 611 id

2161 654 2244 702 est
2274 646 2539 702 affectum
2575 647 2990 715 rationemque,
3042 645 3316 711 consistit,
3375 645 3875 701 creberrimorum

2161 749 2402 791 casuum
2453 743 2734 790 vetustate
2787 735 3163 789 consumitur.
3223 756 3243 782 ι
3299 732 3460 799 Quod
3507 733 3657 788 enim
3709 733 3876 787 anti-

2162 831 2379 892 quatur
2406 832 2461 878 et
2517 823 2771 888 senescit,
2825 837 2992 891 prope
3037 822 3333 876 interitum
3384 828 3470 876 est
3503 821 3680 887 (Hebr.
3735 835 3872 885 vm,

2164 911 2270 980 13).
2308 930 2336 962 ι›
2392 912 2527 966 Ossa
2584 918 2986 978 conteruntur,
3034 924 3166 965 cum
3214 909 3689 975 rationalitatum,
3728 922 3876 977 quas

2161 999 2385 1069 fragilia
2429 1014 2676 1069 quaeque
2731 999 2788 1053 in
2841 999 3005 1054 nobis
3052 1012 3248 1067 regere
3299 997 3634 1063 debuerant,
3702 996 3877 1065 rigor

2163 1087 2519 1157 infringitur.
2556 1089 2698 1141 Ecce
2742 1086 2976 1142 evidens
3023 1087 3080 1140 in
3136 1093 3326 1140 mente
3372 1085 3649 1140 confusio.
3714 1084 3876 1138 Nota

2160 1176 2487 1230 distantiam
2543 1176 2690 1230 inter
2763 1173 3027 1230 affectum
3081 1180 3135 1228 et
3166 1172 3540 1239 voluntatem,
3592 1171 3736 1241 quia
3798 1171 3876 1226 de

2162 1263 2358 1319 multis
2388 1262 2694 1329 efﬁcimur,
2727 1277 2858 1332 quae
2897 1262 3210 1328 nolumus;
3246 1260 3427 1316 multa
3459 1260 3746 1320 volumus,
3796 1259 3874 1314 de

2162 1351 2379 1420 quibus
2423 1365 2539 1406 non
2585 1349 2894 1404 afticimur.
2953 1349 3108 1405 Velle
3143 1349 3291 1403 enim
3348 1348 3483 1403 boni
3537 1347 3872 1402 secundum

2162 1439 2340 1509 legem
2373 1440 2577 1494 mentis
2608 1438 2874 1507 Apostolo
2905 1437 3146 1506 adjacet,
3198 1437 3294 1492 sed
3324 1436 3643 1491 secundum
3672 1435 3872 1506 legem

2164 1529 2573 1588 membrorum,
2627 1527 2782 1596 quod
2808 1533 2891 1581 est
2924 1525 3180 1591 affectus,
3223 1524 3496 1594 perﬁcere
3547 1539 3662 1578 non
3712 1526 3874 1579 inve-

2163 1617 2245 1672 nit
2266 1617 2436 1683 (Rom.
2472 1631 2568 1682 vu,
2596 1616 2682 1682 18)
2707 1630 2721 1683 ;
2756 1615 2853 1670 sed
2880 1615 2948 1669 de
2975 1613 3063 1668 his
3085 1613 3226 1668 alias
3257 1612 3484 1682 plenius
3504 1612 3753 1682 egimus.

2232 1705 2405 1761 Vnus.
2438 1707 2489 1758 5.
2519 1732 2582 1744 —
2619 1725 2639 1750 ‹
2693 1702 3020 1757 lEdiﬁcavit
3068 1702 3126 1756 in
3175 1714 3316 1772 gyro
3344 1715 3488 1768 meo,
3542 1707 3597 1756 et
3623 1700 3877 1756 circum-

2167 1814 2188 1840 ι
2225 1793 2376 1847 dedit
2423 1806 2512 1847 me
2549 1790 2678 1846 felle
2707 1798 2760 1846 et
2790 1790 2999 1845 labore.
3038 1811 3058 1837 ι
3094 1791 3158 1843 1η
3186 1804 3323 1860 gyro
3373 1796 3564 1843 nostro
3597 1787 3871 1853 aedificat,

2163 1895 2295 1936 cum
2322 1894 2430 1947 res,
2457 1893 2604 1949 quas
2628 1885 2986 1948 appetamus,
3007 1885 3061 1932 et
3080 1877 3296 1946 quibus
3329 1875 3640 1931 introrsum
3676 1876 3874 1946 magis

2163 1967 2560 2034 obstruamur,
2597 1966 2987 2035 undecunque
3035 1963 3396 2033 multiplicat.
3431 1965 3569 2018 Felle
3600 1967 3650 2017 et
3682 1961 3874 2018 labooe

2163 2055 2504 2122 circumdat,
2536 2069 2668 2110 cum
2699 2055 2843 2108 dure
2873 2053 3176 2120 amarescit
3206 2058 3504 2122 peccatum
3543 2050 3697 2120 quod
3729 2066 3870 2121 per-

2163 2151 2366 2213 petrat,
2426 2151 2481 2198 et
2533 2151 2724 2198 tamen
2774 2142 2845 2197 ad
2903 2149 3135 2210 peccata
3188 2139 3566 2208 perpetranda
3614 2138 3866 2194 laborat.

2165 2231 2356 2301 (Vn-ns.
2391 2230 2468 2301 6.)
2500 2253 2520 2278 ι
2556 2231 2618 2285 In
2651 2229 2962 2285 tenebrosis
3003 2227 3300 2283 collocavit
3331 2241 3437 2293 me,
3494 2227 3662 2296 quasi
3703 2241 3869 2282 mor-

2170 2339 2189 2365 »
2248 2327 2375 2373 tuos
2430 2316 2823 2386 sempiternos.
2878 2338 2898 2362 ι
2949 2317 3016 2370 In
3072 2315 3362 2368 tmebrosis
3411 2313 3668 2380 collocat,
3729 2327 3869 2368 cum

2157 2406 2277 2476 jam
2324 2419 2441 2461 non
2492 2404 2744 2471 horaria,
2796 2403 2892 2459 sed
2939 2402 3105 2472 quasi
3152 2401 3340 2457 stabili
3403 2401 3662 2457 animum
3709 2402 3870 2458 Deus

2163 2494 2494 2550 confusione
2537 2493 2898 2559 condemnat,
2935 2499 2989 2547 et
3033 2492 3141 2546 hoc
3183 2493 3344 2559 quasi
3385 2495 3624 2544 mortuos
3652 2494 3870 2559 sempi-

2161 2588 2338 2637 ternos
2395 2581 2609 2637 scilicet
2668 2581 2834 2650 quasi
2873 2594 2969 2635 eos
3014 2579 3112 2649 qui
3148 2592 3457 2648 nunquam
3515 2577 3871 2646 resipuerint

2163 2671 2235 2726 ad
2262 2670 2487 2740 aliquos
2515 2676 2679 2724 actus
2708 2668 2904 2724 bonos.

2918 2770 3148 2811 GHIMEL.

2234 2846 2406 2901 Vsus.
2439 2850 2492 2898 7.
2522 2875 2594 2884 —
2645 2867 2666 2892 ι
2716 2842 3252 2899 Circumzediﬁcavit
3301 2843 3608 2898 adversum
3651 2857 3767 2908 me,
3799 2850 3871 2898 ut

357 2950 662 3006 nunquam
694 2935 796 2991 tibi
823 2950 882 2991 se
913 2936 1130 3005 ingeret
1161 2935 1216 2989 in
1243 2936 1388 2990 foeda
1409 2937 1630 2991 actione
1657 2937 1808 3005 quod
1839 2937 2048 2992 doleas.
2094 2932 2134 2986 C
2169 2956 2188 2982 ι
2245 2949 2359 2989 non
2405 2933 2704 3003 egrediar;
2774 2930 3116 3002 aggravavit
3161 2931 3490 3000 compedem
3559 2945 3774 2986 meum.
3843 2953 3862 2978 ι

357 3024 502 3079 Sunt
538 3037 673 3093 ergo
705 3023 940 3092 quidam
976 3023 1077 3092 qui
1112 3023 1408 3091 labuntur,
1470 3024 1566 3078 sed
1612 3023 1836 3093 lapsum
1882 3038 2053 3079 suum

359 3111 843 3181 perspicacissime
892 3111 1229 3166 metiuntur.
1286 3112 1389 3166 Hic
1432 3111 1610 3181 igitur
1650 3111 1888 3181 quilibet
1932 3111 2056 3167 talis

357 3199 668 3268 eloquitur.
705 3198 878 3253 Suam
910 3199 1063 3254 videt
1088 3204 1468 3267 paupertatem
1499 3202 1556 3253 in
1602 3199 1762 3265 virga
1801 3200 2056 3267 indigna-

360 3289 525 3340 tionis
552 3285 671 3352 Dei,
705 3285 808 3354 qui
840 3285 1016 3339 animi
1044 3285 1133 3341 sui
1167 3285 1474 3355 vigilanter
1504 3285 1746 3340 attendit
1777 3286 2051 3354 inopiam,

356 3380 411 3428 et
435 3373 796 3428 internarum
847 3372 1062 3427 virium
1112 3372 1632 3441 depopulationem,
1677 3373 1814 3428 dum
1855 3374 2055 3428 divina

357 3461 778 3516 animadversio
836 3459 975 3515 inibi
1023 3461 1203 3523 saevit,
1258 3461 1355 3515 sed
1396 3461 1506 3514 nisi
1557 3474 1689 3515 cum
1723 3462 2054 3529 poenitentia

358 3549 684 3615 intervenit,
720 3562 1093 3617 nequaquam
1127 3549 1184 3601 in
1227 3549 1460 3617 longum
1495 3562 1655 3603 mens
1691 3548 1812 3617 ipsa
1842 3549 2055 3604 discer-

358 3637 458 3693 nit.
489 3636 652 3692 Unde
679 3644 733 3692 et
784 3638 871 3688 vir
899 3635 1132 3701 dicitur,
1181 3636 1283 3706 qui
1341 3636 1552 3690 damna
1608 3649 1715 3690 sua
1769 3651 1881 3691 non
1930 3637 2055 3694 sine

355 3724 705 3781 conscientia
734 3725 970 3794 lugubri
1000 3724 1440 3793 contemplatur,
1473 3724 1568 3780 sed
1609 3725 1906 3793 sequitur:

428 3813 598 3869 Vsus.
629 3816 683 3866 2.
714 3842 783 3852 —
820 3835 840 3861 ι
874 3813 946 3866 Et
997 3826 1085 3867 me
1119 3811 1382 3876 minavit,
1429 3819 1483 3867 et
1514 3811 1757 3866 adduxit
1801 3812 1857 3866 in
1891 3819 2053 3869 tene-

361 3923 382 3950 »
419 3902 571 3966 bras,
601 3908 794 3956 etnon
829 3900 885 3954 in
930 3900 1137 3954 lucem.
1177 3922 1197 3948 -
1239 3900 1418 3955 Minat
1463 3914 1596 3954 cum
1645 3900 1903 3956 rediviva
1952 3901 2048 3956 de-

341 3985 578 4044 lectatio
638 3995 882 4043 mentem
942 4001 976 4041 a
1029 3987 1120 4042 sui
1172 3987 1626 4054 consideratione
1675 3988 2048 4044 subducendo

355 4084 699 4146 sequestrat.
754 4077 826 4129 In
860 4076 1103 4129 tenebras
1151 4075 1402 4142 adducit,
1436 4089 1569 4131 cum
1621 4077 1694 4131 ad
1725 4076 1816 4132 sui
1873 4075 2052 4145 ipsius

355 4164 742 4236 ignorantiam
789 4163 984 4218 trahit.
1040 4163 1163 4218 Tali
1215 4163 1400 4218 cuivis
1445 4163 1698 4233 dicitur;
1731 4187 1753 4212 ι
1788 4164 2044 4220 Statuam

358 4259 409 4307 te
436 4259 637 4307 contra
666 4251 866 4306 faciem
899 4258 1061 4306 tuam
1110 4252 1287 4320 (Psal.
1338 4267 1487 4319 xux,
1536 4252 1649 4321 2i).
1686 4274 1706 4300 »
1744 4253 1809 4307 Et
1860 4267 1965 4306 non
1987 4255 2047 4306 in

355 4341 523 4395 lucem
547 4339 874 4407 adducitur,
916 4353 1049 4395 cum
1092 4354 1207 4395 non
1252 4339 1342 4395 sui
1387 4340 1507 4395 sola
1553 4339 1896 4411 cognitione,
1954 4340 2050 4397 sed

352 4428 525 4484 etiam
552 4427 726 4482 totius
753 4427 900 4482 sacri
931 4427 1166 4497 eloquii,
1201 4427 1354 4498 quod
1386 4427 1577 4484 littera
1610 4436 1804 4483 nostra
1834 4429 2046 4497 sonuit,

356 4517 450 4586 pia
477 4514 798 4571 eruditione
827 4515 1103 4571 nudatur.

424 4604 597 4660 Vsus.
633 4606 685 4658 3.
720 4633 790 4642 —
824 4624 845 4652 ι
876 4604 1126 4659 Tantum
1179 4604 1238 4658 in
1302 4618 1389 4659 me
1437 4603 1608 4659 vertit
1657 4612 1711 4659 et
1767 4606 2049 4662 convertit

357 4716 378 4741 ι
419 4706 658 4748 manum
688 4706 853 4747 suam
906 4698 1023 4747 tota
1052 4691 1158 4747 die.
1203 4713 1231 4741 »
1281 4691 1441 4758 Quod
1484 4699 1568 4747 est
1616 4691 1838 4749 dicere:
1903 4694 2046 4750 Cum

352 4785 504 4838 Deus
524 4780 980 4836 animadvertere
1008 4779 1065 4834 in
1097 4780 1253 4847 vitia,
1280 4795 1411 4850 qum
1445 4794 1532 4835 me
1560 4766 1916 4850 opprimunt,
1949 4782 2047 4837 de-

351 4871 586 4937 buisset,
633 4868 768 4938 ipsis
819 4867 1020 4924 erectis
1064 4867 1135 4922 ad
1192 4868 1299 4923 mei
1351 4874 1576 4923 tantum
1623 4869 2044 4938 oppressionem

349 4957 817 5012 animadversum
837 4962 939 5011 est.
968 4955 1081 5011 Nec
1107 4955 1214 5011 hoc
1236 4955 1444 5021 solum,
1472 4956 1570 5011 sed
1612 4971 1850 5013 manum
1877 4972 2044 5014 suam

303 5083 306 5086 -
349 5053 466 5101 tota
495 5044 585 5100 die
623 5043 905 5099 convertit
943 5043 1162 5114 jugiter
1206 5043 1417 5098 scilicet
1447 5045 1769 5100 subsidium
1801 5046 2043 5102 internaa

347 5130 748 5188 consolationis
776 5144 865 5186 me
887 5131 1155 5186 indurato
1203 5131 1430 5187 avertit.
1466 5132 1627 5188 Unde
1656 5140 1738 5189 est
1769 5134 1922 5203 quod
1953 5136 2039 5190 di-

347 5220 526 5276 lectus
556 5232 792 5275 manum
824 5231 989 5274 suam
1031 5218 1201 5274 mittit
1240 5232 1340 5288 per
1372 5219 1630 5275 foramen
1666 5220 1843 5290 (Cant.
1870 5237 1924 5289 v,
1955 5223 2036 5292 4).

1111 5321 1274 5362 earn.
1397 5301 1413 5317 '

415 5395 586 5452 Vsus.
619 5395 671 5449 4.
714 5427 781 5435 —
816 5418 837 5444 ι
874 5395 1171 5452 Vetustam
1202 5396 1330 5451 fecit
1360 5395 1562 5465 pellem
1595 5411 1800 5465 meam,
1836 5404 1891 5452 et
1905 5411 2037 5454 car-

349 5504 369 5530 ι
417 5497 546 5538 nem
595 5496 802 5547 meam,
837 5482 1107 5540 contrivit
1153 5499 1282 5540 ossa
1332 5498 1476 5540 mea.
1515 5506 1536 5532 ι
1574 5485 1732 5554 Beth,
1768 5489 2032 5554 confusio.

2164 3010 2405 3086 Ghimel,
2433 3021 2730 3090 plenitudo.
2761 3021 3064 3075 Adversum
3095 3033 3216 3081 nos,
3255 3027 3318 3074 ut
3345 3033 3461 3074 non
3491 3019 3871 3088 egrediamur

2163 3108 2652 3175 circumacdiﬁcat,
2686 3122 2818 3162 cum
2846 3107 3174 3162 occasiones
3207 3105 3354 3160 male
3384 3106 3612 3176 agendi,
3644 3107 3870 3175 quibus

2164 3212 2231 3254 ac
2278 3199 2324 3252 si
2385 3211 2611 3252 carcere
2641 3195 2892 3265 corporis
2946 3195 3100 3250 vitiis
3129 3193 3595 3249 irremissibiliter
3622 3194 3871 3250 obstrin-

2165 3299 2392 3355 gamur,
2420 3285 2576 3355 justo
2602 3284 2818 3354 judicio
2859 3283 3249 3352 undecunque
3301 3282 3605 3337 ministrat.
3647 3283 3869 3351 Compe-

2161 3373 2282 3426 dem
2310 3380 2574 3428 nostrum
2601 3380 2905 3443 aggravat,
2932 3386 3067 3427 cum
3097 3371 3346 3426 carnalis
3395 3371 3685 3441 appetitus
3715 3372 3865 3427 mole

2163 3461 2515 3516 alacritatem
2549 3461 2788 3530 spiritus
2812 3467 3029 3514 onerat.

2233 3550 2402 3606 Vsus.
2432 3552 2579 3603 8.—
2611 3571 2632 3597 α
2669 3548 2776 3604 Sed
2827 3555 2882 3603 et
2920 3561 3053 3603 cum
3082 3547 3408 3603 clamavero
3453 3554 3508 3602 et
3555 3560 3863 3616 rogavero,

2167 3659 2188 3686 ι
2225 3636 2470 3693 exclusit
2503 3637 2818 3692 orationem
2864 3650 3069 3691 meam.
3112 3657 3131 3683 ι
3169 3636 3311 3691 Ecce
3361 3634 3655 3704 plenitudo
3688 3636 3868 3690 malo—

2161 3740 2313 3782 rum.
2372 3726 2719 3791 Clamamus,
2794 3739 2925 3780 cum
2979 3724 3192 3794 peccati
3251 3723 3546 3779 atrocitate
3594 3737 3629 3778 a
3676 3724 3869 3780 cordis

2162 3814 2340 3870 nostri
2361 3813 2581 3884 gemitu
2603 3812 2943 3883 irrugimus.
2969 3813 3280 3883 Rogamus,
3309 3827 3439 3867 cum
3465 3811 3868 3882 qualicunque

2159 3904 2263 3959 etsi
2312 3903 2516 3973 vapido
2565 3903 2741 3958 animi
2810 3909 2982 3968 statu,
3014 3915 3129 3956 non
3174 3909 3289 3957 tam
3341 3902 3628 3956 orationes
3681 3916 3866 3970 quam

2159 3991 2485 4048 orationum
2504 3991 2815 4047 simulacra
2834 4003 3186 4046 exercemus.
3219 3989 3410 4046 Oratio
3440 3997 3628 4044 tamen
3653 3989 3868 4046 exclu—

2159 4081 2333 4147 ditur,
2381 4094 2512 4150 quze
2540 4080 2647 4134 sub
2677 4078 2890 4148 peccati
2917 4078 3089 4149 juxta
3117 4078 3402 4147 psalmum
3435 4077 3643 4134 afTectu
3675 4079 3866 4135 effici-

2161 4175 2258 4225 tur
2296 4168 2462 4236 (Psat.
2501 4183 2656 4235 cvm,
2684 4168 2760 4237 7).

2230 4257 2403 4314 Vnus.
2432 4259 2482 4309 9.
2516 4287 2586 4296 —
2637 4277 2657 4303 ε
2705 4253 2999 4311 Conclusit
3028 4254 3153 4309 vias
3207 4267 3365 4309 meas
3404 4253 3690 4322 lapidibus
3718 4268 3864 4324 qua-

2164 4366 2185 4392 ι
2214 4345 2350 4412 dris,
2382 4344 2614 4398 semitas
2645 4357 2798 4398 meas
2818 4341 3121 4398 subvertit.
3156 4362 3175 4389 ι
3203 4340 3322 4397 Vim
3348 4348 3555 4395 nostrae
3578 4340 3862 4408 lapidibus

2159 4433 2388 4503 quadris
2417 4431 2865 4496 concluduntur,
2907 4444 3040 4485 cum
3086 4442 3286 4484 eorum
3312 4428 3574 4497 exemplo
3615 4438 3856 4496 remoto,

2158 4521 2260 4591 qui
2290 4533 2463 4589 super
2502 4518 2895 4574 terram-volvi
2921 4517 3216 4584 dicuntur,
3247 4531 3447 4573 eorum
3501 4517 3686 4586 potius
3736 4516 3864 4573 imi-

2157 4609 2386 4675 tatione,
2420 4607 2522 4678 qui
2564 4621 2636 4662 ex
2695 4606 2849 4661 omni
2912 4614 3071 4674 parte
3110 4614 3275 4662 terrae
3333 4605 3595 4673 funditus
3634 4605 3862 4662 haerent

2155 4696 2284 4762 viae,
2339 4696 2392 4750 id
2449 4703 2533 4750 est
2578 4708 2831 4764 nequam
2903 4693 3154 4750 actiones
3206 4693 3574 4749 minuuntur.
3630 4692 3859 4748 Semita:

2155 4783 2594 4850 subvertuntur,
2628 4797 2761 4839 cum
2792 4781 3154 4848 intentiones,
3187 4797 3318 4852 quae
3345 4781 3538 4836 minus
3566 4781 3861 4850 conspica-

2155 4871 2298 4926 biles
2325 4879 2481 4938 sunt,
2509 4871 2724 4941 pariter
2753 4871 3172 4941 depravantur.

2199 5009 2201 5011 .
2876 4972 3123 5013 DALETH.

2222 5046 2402 5103 Vsus.
2433 5048 2516 5100 10.
2546 5075 2620 5087 -
2653 5068 2673 5094 ι
2711 5046 2891 5103 Ursus
2916 5046 3196 5102 insidians
3227 5045 3413 5101 factus
3440 5051 3522 5101 est
3570 5044 3732 5112 mihi,
3769 5046 3855 5100 leo

2154 5155 2174 5181 ι
2228 5133 2289 5188 in
2337 5133 2706 5190 absconditis.
2757 5154 2777 5181 ι
2813 5132 3051 5201 Daleth,
3100 5132 3511 5200 interpretatur
3553 5134 3844 5187 nativitas.

2149 5221 2382 5291 thuid
2412 5229 2497 5277 est
2541 5220 2718 5288 nasci,
2752 5220 2862 5276 nisi
2924 5234 3022 5290 per
3077 5233 3275 5289 pravae
3332 5225 3480 5274 ωδε
3525 5219 3850 5275 voluntatis

2147 5310 2572 5380 conceptionem
2617 5308 2688 5365 ad
2732 5309 2976 5364 crimina
3007 5307 3354 5363 informari?
3386 5308 3545 5363 Hanc
3571 5308 3847 5364 nativita-

2147 5406 2254 5454 tem
2281 5398 2384 5452 Job
2436 5404 2491 5452 et
2531 5395 2806 5452 Jeremias
2858 5395 3246 5451 maledicendo
3295 5395 3652 5450 detestantur
3705 5395 3843 5465 (Job.

2146 5502 2225 5552 ιιι,
2263 5489 2282 5539 1
2314 5501 2328 5554 ;
2362 5487 2470 5538 Jer.
2505 5499 2599 5550 xx,
2637 5483 2741 5553 14).
2772 5483 2856 5538 Fit
2883 5497 3019 5554 ergo
3054 5483 3202 5538 Deus
3253 5482 3343 5538 isti
3387 5483 3677 5539 nativitati
3727 5484 3842 5554 pri-
