3928 6070
199 237 305 287 4ϐ9

921 240 1380 296 TROPOLOGIAE
1425 244 1489 297 IN
1529 243 1728 311 OSEE,
1769 247 1954 303 AMOS
1994 247 2082 301 ET
2119 249 2273 304 JER.
2322 281 2388 288 ——
2434 251 2562 304 LIB.
2610 252 2670 304 V.
2715 251 2784 304 ΙΝ
2817 254 2967 307 JEB.

3591 260 3696 310 471)

197 386 361 429 mum
412 389 572 429 ursus
605 375 899 444 insidians,
941 376 995 431 id
1034 385 1116 432 est
1162 378 1355 434 feralis
1402 381 1689 449 appetitus
1738 383 1887 438 inte-
1922 387 1966 437 A
1998 384 2156 439 salus
2194 386 2322 456 ejus
2351 387 2421 441 ad
2471 386 2752 444 incuriam
2788 389 3129 445 destinatur.
3167 391 3444 446 Bonorum
3491 393 3701 449 oblivi-

197 461 358 516 riora
405 469 601 517 nostra
641 470 852 518 cuncta
903 464 1009 520 sibi
1053 465 1345 535 subigens.
1412 469 1687 524 Ursorum
1743 471 1896 527 enim

195 557 282 604 est
305 557 528 606 naturae
552 551 838 621 quidquid
863 553 1104 622 pedibus
1129 554 1510 623 applicuerint
1536 559 1890 614 conculcare.

119 653 128 660 ο
196 637 424 693 Dicitur
454 646 645 695 autem
681 653 714 694 a
753 643 863 696 Deo
903 641 957 695 id
1003 642 1142 708 fieri,
1195 644 1345 711 quod
1383 645 1504 699 ﬁeri
1553 647 1893 714 permiserit.

197 725 382 790 Unde,
418 727 474 780 in
505 727 663 794 Osee,
689 728 856 798 quasi
890 743 1081 784 ursam
1112 745 1168 784 se
1199 730 1461 786 futurum
1490 733 1672 802 raptis
1693 733 1898 789 catulis

195 819 503 868 attestatur
545 816 687 884 (Ose.
733 831 851 882 XIII,
896 817 968 885 8).
1014 817 1102 872 Fit
1134 817 1218 872 leo
1266 821 1324 872 in
1355 820 1708 885 absconditis,
1762 836 1894 876 cum

194 901 485 969 quidquid
504 902 638 956 mali
655 904 1006 973 suggeritur,
1030 905 1159 960 inex
1173 905 1363 974 plebili
1385 907 1656 962 aviditate
1678 908 1893 965 haurit.

194 987 418 1052 Natura
459 989 610 1044 enim
644 991 823 1046 leonis
852 1000 935 1047 est
981 1001 1042 1048 ut
1089 994 1262 1049 oblati
1299 996 1516 1063 pecoris
1548 1005 1680 1052 ante
1709 1004 1891 1052 totum

191 1077 541 1146 sanguinem
583 1079 775 1134 ebibat
805 1095 981 1149 quam
1013 1095 1214 1137 carnes
1254 1084 1518 1153 attingat.
1558 1088 1725 1139 Ursus
1754 1100 1894 1156 ergo

192 1165 490 1226 insidians.
582 1167 834 1221 exterior
897 1183 1098 1224 sensus
1169 1178 1250 1225 est
1314 1185 1616 1241 aucupans
1688 1175 1765 1228 leo
1835 1177 1894 1228 in

189 1252 547 1316 absconditis,
581 1254 652 1309 ad
678 1255 1026 1324 explendum
1058 1256 1386 1314 immanitas
1412 1261 1638 1316 mentis.

268 1341 431 1395 Vnus.
470 1343 553 1394 11.
595 1371 663 1381 -
702 1364 722 1390 ε
761 1343 1000 1399 Semitas
1042 1359 1196 1401 meas
1226 1348 1530 1413 subvertit,
1577 1357 1631 1404 et
1664 1349 1892 1405 confre-

193 1448 214 1473 ι
255 1428 338 1496 git
386 1443 518 1482 me:
570 1430 759 1498 posuit
799 1446 888 1486 me
935 1433 1264 1489 desolatam.
1319 1457 1339 1482 ι
1376 1436 1599 1491 Semitze
1642 1438 1887 1493 subver-

188 1522 420 1582 tuntur,
470 1532 601 1572 cum
642 1527 774 1574 ante
809 1519 1036 1575 ruinam
1085 1522 1425 1592 plerumque
1451 1524 1724 1579 exaltatio
1769 1526 1891 1594 pri-

190 1611 327 1658 vata
357 1605 752 1661 confunditur.
779 1607 991 1662 Deinde
1008 1609 1414 1680 confringitur,
1448 1626 1578 1666 cum
1602 1612 1888 1682 quidquid

2007 472 2207 535 scitur,
2273 473 2393 543 qui,
2461 477 2728 544 quamvis
2776 477 2942 530 malis
2993 477 3274 533 intestinis
3321 479 3700 548 opprimatur,

2007 562 2288 617 bonorum
2317 569 2505 618 tamen
2537 578 2666 632 quae
2691 563 2838 624 fecit.
2869 572 2969 619 aut
3000 580 3130 634 qum
3159 565 3215 620 in
3243 567 3482 635 praemio
3509 568 3701 623 sortiri

2009 656 2205 718 potest,
2243 650 2516 704 memoria
2546 649 2706 705 nullo
2739 651 2906 706 modo
2937 651 3274 708 delectatur.

2077 735 2246 791 Vnus.
2298 739 2381 789 18.
2418 767 2486 774 -
2535 758 2556 784 ι
2597 738 2666 791 Et
2695 737 2837 803 dixi,
2889 738 3052 807 periit
3085 741 3212 795 linis
3244 755 3424 806 meus,
3473 750 3527 797 et
3575 757 3703 812 spes

2004 845 2031 872 ››
2069 839 2195 880 mea
2226 839 2260 880 a
2301 826 2559 881 Domino.
2596 845 2623 877 »
2671 826 2909 881 Periisse
2941 827 3108 882 tinem
3155 842 3327 883 suum
3360 829 3516 893 dicit,
3559 831 3699 886 dum

2005 913 2159 982 quod
2197 927 2298 982 pro
2328 922 2542 968 {eterna
2573 915 2834 969 mercede
2865 915 3190 970 faciendum
3226 915 3540 986 aliquando
3570 932 3698 987 pro-

2004 1009 2292 1069 posuerat,
2350 1002 2404 1055 in
2472 1002 2685 1057 intimis
2735 1003 3034 1058 inanescit.
3081 1005 3216 1072 Spes
3259 1006 3430 1060 etiam
3476 1005 3622 1074 perit
3665 1023 3699 1059 a

2005 1089 2253 1154 Domino,
2280 1103 2410 1143 cum
2446 1089 2853 1145 tentationibus
2881 1099 3178 1160 occupata,
3211 1099 3264 1147 et
3295 1093 3458 1161 quasi
3493 1093 3698 1148 auxilii

2002 1176 2240 1231 cmlestis
2297 1177 2553 1247 indigna,
2614 1178 2786 1233 etiam
2840 1179 3080 1234 deﬁcere
3131 1179 3252 1248 jam
3309 1181 3558 1250 disponit
3624 1183 3696 1237 ab

2002 1263 2141 1332 ipso.

2771 1369 2916 1410 ZAIN.

2071 1438 2247 1495 Vens.
2284 1440 2347 1491 t9
2399 1439 2532 1507 (t7).
2565 1471 2633 1478 —
2666 1463 2691 1488 α
2724 1441 2995 1496 Memoria
3041 1456 3255 1496 memor
3292 1457 3408 1509 ero,
3452 1451 3506 1499 et
3537 1445 3694 1500 tabe-

2007 1548 2026 1573 ι
2065 1534 2181 1581 scet
2228 1526 2284 1580 in
2338 1542 2423 1580 mc
2457 1527 2654 1581 anima
2685 1541 2829 1582 mea.
2887 1549 2907 1574 ι
2957 1528 3116 1593 Zain,
3148 1529 3560 1597 interpretatur
3587 1531 3692 1584 duc

2001 1617 2066 1666 te.
2110 1613 2193 1668 Ac
2237 1613 2282 1668 si
2330 1613 2578 1668 diceret:
2631 1614 2718 1668 Tu
2771 1627 2930 1682 spem
2962 1621 3120 1669 tuam
3155 1614 3389 1682 periisse
3437 1615 3687 1682 dixeras,

191 1691 352 1746 intus
403 1700 528 1747 erat
574 1693 801 1764 insigne
847 1695 1168 1765 deponitur.
1221 1699 1538 1766 Desolatur,
1589 1673 1722 1756 cum
1771 1703 1885 1756 Deo
1931 1673 1967 1725 Β
1997 1715 2110 1755 non
2159 1707 2348 1755 tamen
2393 1700 2450 1754 in
2498 1701 2604 1755 hac
2633 1700 2967 1769 desipientia
3010 1713 3261 1768 maneas,
3309 1701 3403 1755 sed
3453 1702 3586 1768 duc,
3634 1703 3690 1758 id

190 1779 511 1836 habitatore
565 1782 846 1850 privatur.
909 1785 1094 1852 (Vnus.
1156 1789 1241 1851 12)
1304 1809 1324 1834 α
1379 1788 1636 1843 'l‘etendit
1684 1803 1884 1844 arcum

193 1890 216 1915 ι
273 1883 468 1935 suum,
501 1877 554 1924 et
588 1871 774 1938 posuit
825 1886 915 1927 me
944 1873 1112 1942 quasi
1165 1873 1395 1944 signum
1429 1876 1499 1931 ad
1531 1877 1818 1947 sagittam.
1859 1900 1879 1924 n

193 1959 402 2012 Arcam
445 1974 601 2012 suum
633 1959 832 2026 tendit,
867 1976 997 2016 cum
1041 1962 1348 2031 Scriptura;
1378 1965 1686 2019 sententias
1715 1965 1884 2020 habi-

189 2045 276 2100 tui
329 2055 522 2101 nostro
574 2048 977 2104 convenientes
1021 2050 1293 2106 obtendit.
1331 2053 1504 2115 Quasi
1546 2055 1762 2121 sig-num
1811 2053 1886 2107 ad

185 2137 451 2200 sagittam
502 2150 604 2189 nos
636 2135 811 2204 ponit,
849 2151 979 2192 cum
1013 2138 1223 2193 divinae
1254 2139 1488 2194 ultionis
1521 2141 1718 2211 jacula
1747 2141 1886 2200 divi-

185 2223 351 2278 nitus
377 2224 647 2280 intentari
674 2225 782 2280 sub
811 2227 1085 2281 continuo
1115 2226 1314 2282 timore
1345 2228 1640 2297 depromit.

989 2329 1082 2369 HE.

261 2399 422 2454 Vens.
488 2401 571 2454 13.
609 2430 668 2439 -
731 2423 750 2448 ι
815 2400 965 2456 Misit
1012 2402 1068 2456 in
1115 2403 1350 2459 renibus
1400 2403 1545 2459 tilias
1598 2405 1882 2473 pharetrze

190 2509 211 2533 ι
267 2501 404 2542 suae.
449 2509 467 2534 ι
519 2488 618 2554 He,
670 2488 1084 2559 interpretatur
1123 2492 1291 2545 salus.
1341 2492 1487 2556 Quid
1523 2493 1677 2548 enim
1727 2494 1878 2549 salu-

187 2575 351 2629 brius
389 2589 564 2644 quam
596 2590 817 2645 semper
857 2577 1049 2647 urgeri
1088 2578 1420 2634 divinorum
1465 2581 1772 2636 verberum
1804 2581 1881 2637 ti-

188 2663 486 2719 moribus?
529 2665 684 2720 Filia:
727 2665 1002 2734 pharetra:
1032 2666 1102 2720 ad
1142 2666 1386 2722 litteram
1431 2667 1510 2722 nil
1557 2667 1714 2724 aliud
1745 2677 1881 2725 sunt

187 2765 367 2820 quam
393 2752 633 2821 sagittae.
670 2753 846 2808 Filias
874 2754 1145 2822 pharetrae
1177 2758 1232 2808 in
1261 2757 1478 2810 renibus
1506 2757 1696 2822 mittit,
1745 2771 1876 2812 cum

185 2840 425 2908 superni
473 2840 692 2895 consilii
740 2842 1035 2896 sententiis
1083 2843 1516 2914 cogitationum,
1576 2845 1661 2900 vel
1705 2845 1875 2901 etiam

184 2928 445 2996 corporis
475 2928 650 2983 nostri
677 2929 1087 2985 delectamenta
1115 2931 1366 3002 conligit.

262 3016 421 3071 Vens.
460 3018 544 3070 14.
576 3045 648 3057 -
692 3040 712 3065 ι
750 3019 958 3074 Factus
997 3033 1126 3074 sum
1172 3019 1231 3074 in
1289 3020 1544 3074 derisum
1573 3020 1728 3075 omni
1776 3036 1880 3090 po-

188 3123 214 3155 »
255 3105 389 3173 pulo
420 3119 564 3171 meo,
611 3106 899 3161 canticum
927 3121 1128 3162 eorum
1161 3114 1276 3163 tota
1310 3108 1418 3163 die.
1454 3130 1473 3156 ι
1511 3108 1597 3162 Fit
1633 3111 1702 3163 in
1731 3109 1875 3162 deri-

183 3207 306 3246 sum
353 3194 550 3263 pOpulo
588 3209 701 3259 suo,
739 3209 871 3248 cum
904 3195 1040 3264 ipsa
1082 3196 1452 3266 cogitationes
1477 3196 1667 3251 nullos
1714 3197 1876 3265 ccepti

183 3282 274 3336 sui
312 3282 489 3337 bonos
517 3298 814 3339 successus
863 3285 1396 3354 spondentspiritui
1440 3300 1563 3340 suo.
1612 3288 1744 3339 Tota
1791 3286 1878 3339 die

181 3387 365 3425 eorum
418 3371 706 3426 canticum
777 3372 855 3440 ﬁt,
913 3387 1044 3428 cum
1121 3373 1446 3442 frequentia
1516 3374 1877 3444 cogitationis

179 3458 468 3528 quidquid
506 3457 636 3513 boni
668 3457 937 3527 propositi
963 3459 1264 3528 arripitur,
1303 3460 1466 3529 quasi
1501 3475 1635 3514 mox
1668 3461 1876 3515 transi-

179 3552 383 3600 turum
419 3546 472 3599 in
504 3545 667 3615 vulgi
703 3545 980 3613 fabulam,
1014 3547 1072 3601 in
1104 3547 1334 3603 modum
1368 3548 1686 3618 cujuspiam
1719 3548 1876 3604 ludi-

175 3633 282 3698 cri,
310 3632 645 3688 arbitratur.

249 3722 418 3776 Vens.
475 3725 552 3774 I3.
589 3749 661 3761 —
691 3743 718 3769 «
770 3721 1026 3790 Replevit
1074 3736 1162 3777 me
1193 3723 1703 3790 amaritudinibus,
1753 3725 1874 3780 ine-

179 3827 202 3853 ι
261 3806 471 3861 briavit
516 3808 824 3863 absinthio.
871 3829 891 3855 ι
937 3810 1416 3864 Amaritudinibus
1453 3811 1727 3880 repletur.
1774 3812 1875 3882 qui

176 3902 630 3964 perpetratorum
663 3896 980 3952 facinorum
1010 3898 1467 3966 pmnitudinibus
1494 3899 1588 3954 sed
1624 3915 1873 3955 momen-

177 3983 365 4038 taneis
409 3991 750 4040 coarctatur.
785 3985 1117 4041 Inebriatur
1147 3987 1440 4054 absinthio,
1489 3989 1589 4057 qui
1619 3989 1874 4058 appetitu

173 4073 500 4127 exardescit
545 4080 599 4127 et
631 4073 952 4142 ingemiscit
981 4074 1250 4129 admisso.
1281 4075 1652 4143 Volnptatum
1699 4077 1872 4140 enim,

174 4161 256 4214 ait
301 4160 561 4229 quidam,
595 4162 918 4229 appetentia
961 4161 1128 4230 plena
1159 4161 1465 4218 anxietatis
1499 4171 1604 4232 est,
1646 4164 1876 4220 satietas

175 4262 316 4303 vero
340 4249 702 4318 poenitentiae.

958 4352 1090 4394 VAU.

251 4425 418 4479 Vnus.
484 4426 566 4477 l6.
615 4455 681 4462 —
746 4424 785 4473 α’
833 4425 902 4479 Et
966 4425 1136 4495 fregit
1189 4425 1259 4479 ad
1312 4439 1619 4480 numerum
1679 4426 1876 4483 dentes

182 4533 202 4558 ι
262 4525 438 4577 meos,
498 4510 710 4566 cibavit
750 4526 839 4565 me
886 4511 1095 4567 cinere.
1152 4533 1174 4560 ι
1229 4514 1368 4580 Vau,
1417 4513 1628 4569 dicitur
1665 4519 1715 4569 et
1745 4517 1871 4569 ille:

175 4599 340 4665 Quod
387 4606 509 4654 est:
563 4601 627 4653 Et
657 4600 770 4662 ille,
805 4598 904 4668 qui
941 4600 1211 4668 praedicta
1241 4600 1400 4667 mihi,
1444 4601 1540 4656 sed
1571 4616 1686 4657 non
1718 4603 1877 4671 inju-

177 4687 266 4742 ria
299 4687 510 4753 intulit,
561 4690 731 4754 fregit
757 4687 832 4740 ad
858 4703 1159 4754 numerum,
1194 4689 1248 4743 id
1279 4695 1364 4743 est
1392 4697 1675 4759 quotquot
1720 4697 1874 4757 sunt,

181 4775 367 4828 dentes
429 4788 589 4839 meos,
643 4773 1160 4830 intellectualitates
1201 4774 1414 4830 scilicet
1468 4776 1684 4845 quibus
1722 4791 1875 4831 com-

180 4862 453 4917 molimus
483 4861 770 4931 quidquid
813 4861 1054 4932 dignum
1089 4863 1361 4932 scrupulo
1407 4863 1747 4933 cogitamus.
1784 4867 1878 4920 Ci-

178 4964 306 5003 nere
346 4963 449 5004 nos
490 4949 664 5014 cibat,
709 4949 809 5020 qui
841 4949 1052 5018 peccati
1098 4949 1517 5006 refricationem
1557 4965 1688 5005 cum
1722 4951 1878 5006 dele-

177 5037 429 5093 ctatione
459 5036 623 5092 nobis
650 5037 980 5093 inviscerat.
1015 5038 1131 5093 Hoc
1158 5039 1309 5105 facit,
1344 5038 1446 5107 qui
1475 5038 1596 5093 ﬁeri
1643 5039 1877 5107 permit-

183 5126 267 5181 tit.

251 5214 418 5268 Vnus.
458 5215 541 5266 17.
591 5242 661 5254 -
694 5234 724 5263 ‹‹
753 5215 824 5268 Et
853 5214 1080 5282 repulsa
1119 5223 1204 5270 est
1235 5214 1430 5270 anima
1474 5228 1620 5281 mea,
1667 5213 1880 5270 oblitus

187 5322 208 5347 ι
275 5313 408 5355 sum
452 5300 756 5356 bonorum.
815 5321 836 5348 ι
887 5302 1087 5355 Anima
1136 5307 1328 5357 nostra
1375 5301 1690 5370 repellitur,
1745 5315 1879 5356 cum

1995 1796 2097 1855 est,
2156 1802 2426 1858 promove
2479 1796 2549 1854 te,
2601 1795 2666 1843 ut
2716 1789 2786 1842 ad
2834 1789 3105 1843 interiora
3157 1789 3485 1844 contendas.
3553 1790 3690 1860 Spes

1994 1875 2148 1931 enim
2177 1876 2390 1931 dicitur
2419 1875 2585 1945 quasi
2633 1881 2710 1930 est
2739 1891 2878 1943 spes.
2912 1876 3033 1942 Quo
3069 1877 3293 1932 monitu
3325 1877 3417 1932 ille
3465 1877 3637 1933 infert
3670 1895 3682 1932 :

1994 1965 2269 2030 Memoria,
2330 1962 2539 2033 inquit,
2610 1980 2810 2018 memor
2853 1980 2967 2031 ero;
3026 1966 3324 2032 subaudis,
3399 1981 3514 2021 non
3586 1980 3686 2035 pro

1994 2051 2162 2120 lapsu
2220 2051 2664 2119 desperandum,
2723 2052 2816 2106 sed
2865 2052 2979 2121 spei
3040 2053 3228 2120 potius
3283 2053 3681 2118 insistendum,

1993 2139 2073 2194 sic
2121 2146 2184 2195 ut
2242 2142 2426 2193 anima
2470 2139 2850 2205 contabescat,
2904 2139 3114 2195 scilicet
3153 2141 3500 2205 animalitas,
3553 2157 3685 2211 quae

1993 2242 2107 2283 non
2155 2228 2308 2296 capit
2339 2242 2470 2297 quae
2514 2227 2607 2282 Dei
2659 2234 2814 2294 sunt,
2861 2235 3071 2282 sanctae
3115 2227 3234 2296 spei
3285 2228 3686 2296 spiritualitate

1992 2316 2446 2386 superveniente,
2498 2316 2555 2370 in
2588 2330 2646 2371 se
2690 2315 2934 2371 deﬁciat.
2974 2315 3148 2370 Orare
3189 2329 3327 2386 ergo
3366 2317 3485 2385 jam
3535 2317 3685 2370 inci-

1995 2404 2094 2474 pit.

2061 2491 2231 2548 Vnas.
2288 2494 2375 2546 20.
2424 2523 2493 2531 —
2547 2514 2567 2541 ‹
2628 2492 2945 2548 Recordare
2988 2493 3343 2561 paupertatis
3397 2499 3453 2546 et
3491 2499 3684 2547 trans-

1996 2600 2020 2629 ι
2056 2581 2362 2650 gressionis
2393 2595 2553 2648 meae,
2602 2580 2873 2636 absinthii
2903 2588 2957 2635 et
2987 2579 3151 2635 fellis.
3207 2603 3226 2627 »
3279 2581 3364 2635 Ac
3395 2581 3440 2635 si
3489 2581 3678 2635 dicat:

1990 2668 2332 2735 Meminisse,
2383 2670 2644 2736 Domine,
2691 2669 2975 2723 debueras
3034 2668 3189 2737 quod
3247 2669 3319 2724 ob
3379 2670 3681 2738 penuriam

1989 2755 2202 2811 virium
2255 2757 2613 2812 internarum
2663 2757 2968 2826 hucusque
3007 2754 3368 2824 deliquerim,
3424 2771 3530 2811 nec
3571 2756 3683 2811 mi-

1991 2859 2100 2900 nus
2145 2845 2317 2900 etiam
2368 2844 2694 2899 meminisse
2743 2844 2895 2913 quod
2941 2843 3165 2912 lapsum
3207 2857 3340 2898 eum
3381 2843 3682 2914 aegerrime

1917 2944 1956 2998 α
1991 2933 2240 2999 tulerim,
2291 2947 2396 2988 nec
2424 2932 2551 3002 ejus
2582 2932 2689 2986 nisi
2730 2947 2860 2987 cum
2899 2931 3118 3001 ingenti
3157 2932 3540 2987 amaritudine
3589 2945 3683 2986 re-

1988 3020 2218 3075 cordari
2265 3019 2568 3088 potuerim.
2605 3019 2839 3074 Videtur
2877 3027 3068 3073 autem
3101 3018 3365 3088 quaedam
3411 3016 3683 3073 distantia

1992 3107 2136 3162 inter
2163 3107 2555 3177 absynthium,
2580 3114 2634 3162 et
2665 3107 2754 3161 fel.
2789 3107 3172 3175 Absynthium
3199 3106 3350 3161 enim
3383 3113 3437 3161 et
3468 3105 3682 3160 haustu

1989 3194 2178 3250 habile
2209 3201 2311 3261 est,
2362 3195 2606 3249 calorem
2647 3195 2922 3260 excitans,
2965 3200 3020 3248 et
3059 3193 3401 3263 sanguinem
3454 3192 3679 3258 sedans,

1989 3283 2056 3337 fel
2102 3290 2296 3337 autem
2326 3283 2690 3352 neutiquam.
2733 3283 2794 3335 ln
2825 3281 3130 3350 absynthio
3160 3295 3297 3351 ergo
3345 3294 3556 3336 mreror
3591 3294 3682 3334 re-

1985 3385 2119 3425 cens
2148 3370 2257 3425 acti
2304 3369 2592 3436 facinoris,
2639 3371 2742 3440 qui
2773 3384 2876 3423 nos
2922 3369 2992 3424 ad
3027 3370 3209 3424 Deum
3247 3367 3587 3432 recaleticat,
3629 3375 3684 3422 et

1985 3458 2339 3512 incentivum
2382 3457 2639 3512 criminis
2682 3458 2870 3524 sedat;
2907 3457 2966 3511 in
3003 3457 3127 3513 felle
3159 3470 3293 3512 vero
3343 3457 3557 3525 peccati
3599 3462 3682 3510 est

1986 3553 2110 3615 post
2154 3545 2568 3615 paenitudinem
2607 3545 2882 3600 memoria
2918 3559 3156 3614 prorsus
3194 3544 3367 3599 menti
3405 3543 3680 3598 intolera—

1985 3633 2113 3688 bilis
2138 3636 2194 3689 et
2224 3633 2482 3702 indigna.

2057 3720 2230 3775 Vens.
2279 3723 2365 3773 21.
2399 3749 2467 3759 -—
2523 3741 2542 3766 α
2583 3720 2712 3773 Haac
2756 3718 3011 3774 recolens
3057 3717 3116 3771 in
3148 3717 3316 3772 corde
3359 3730 3501 3782 meo,
3553 3714 3677 3769 ideo

1992 3828 2012 3854 ι
2052 3808 2307 3877 sperabo.
2358 3829 2377 3854 ι
2430 3807 2590 3873 Quod
2634 3813 2717 3862 est
2751 3821 2763 3859 :
2799 3807 2945 3860 Dum
2981 3806 3101 3860 haec
3127 3819 3258 3860 cum
3290 3817 3416 3859 mea
3455 3803 3680 3873 cogita-

1986 3897 2139 3951 tione
2186 3903 2449 3962 retracto,
2500 3895 2570 3949 ad
2620 3909 2776 3964 spem
2827 3908 2915 3948 me
2964 3907 3226 3962 provoco.
3279 3892 3439 3948 Unde
3485 3898 3539 3946 et
3585 3904 3678 3945 se—

1985 3982 2188 4052 quitur
2212 3999 2224 4036 :

2748 4084 2917 4124 HETH.

2058 4157 2228 4214 Vnus.
2270 4160 2357 4210 22.
2393 4187 2458 4196 -
2500 4179 2520 4205 α
2581 4156 2980 4212 Misericordia;
3018 4155 3241 4212 Domini
3277 4155 3488 4222 multae,
3540 4154 3680 4224 quia

1995 4267 2015 4293 ι
2047 4260 2160 4300 non
2191 4260 2394 4301 sumus
2423 4245 2768 4314 consumpti,
2811 4245 2950 4315 quia
3003 4259 3118 4299 non
3145 4244 3476 4300 defecerunt
3509 4244 3674 4297 mise-

1985 4354 2012 4382 »
2045 4334 2292 4389 rationes
2334 4334 2480 4402 ejus.
2537 4357 2556 4381 ι»
2612 4334 2780 4400 Heth,
2815 4333 3027 4388 dicitur
3063 4334 3360 4386 enarratio.
3407 4332 3476 4386 Et
3522 4331 3678 4400 quod

1982 4429 2064 4478 est
2091 4422 2242 4477 istud
2277 4435 2572 4486 enarrare,
2605 4421 2711 4477 nisi
2747 4422 2845 4476 Dei
2879 4421 3299 4476 misericordias
3327 4419 3496 4474 etiam
3532 4419 3678 4473 inter

1986 4509 2341 4578 peccandum
2388 4515 2655 4577 expertas
2717 4508 2900 4564 oculis
2953 4507 3139 4562 cordis
3188 4503 3478 4562 att'exere?
3528 4508 3679 4576 Ergo

1987 4596 2073 4650 hae
2095 4603 2258 4661 sunt;
2291 4598 2420 4664 quia
2454 4611 2562 4648 non
2599 4610 2783 4649 sumus
2809 4595 3135 4662 consumpti,
3169 4592 3498 4662 praestando
3528 4592 3680 4646 vide-

1985 4684 2115 4738 licet
2163 4683 2221 4738 in
2271 4683 2390 4752 ipso
2439 4697 2620 4753 pravo
2671 4690 2804 4738 actu
2855 4682 3130 4736 viciniora
3161 4680 3354 4737 saluti.
3406 4680 3677 4750 Alioquin

1986 4772 2234 4842 profecto
2312 4773 2638 4839 deficerent,
2705 4771 2751 4825 si
2828 4770 3234 4840 iniquitatibus
3292 4770 3680 4824 misericordia:

1985 4860 2267 4916 cederent.

2057 4949 2228 5004 Vnus.
2290 4950 2377 5003 23.
2435 4979 2502 4988 —
2564 4971 2584 4995 α
2639 4946 2780 5002 Novi
2829 4944 3109 5010 diluculo,
3161 4945 3345 5000 multa
3399 4951 3484 4998 est
3541 4943 3679 4999 ﬁdes

1993 5059 2012 5084 ι
2068 5045 2183 5093 tua.
2241 5059 2260 5085 ι
2320 5037 2477 5100 Quod
2526 5044 2610 5090 est
2659 5035 2846 5089 dicere
2897 5036 3074 5088 Deum
3116 5031 3189 5087 ad
3236 5031 3538 5086 animam:
3592 5032 3679 5086 Ex

1991 5132 2090 5180 tua
2120 5124 2420 5180 sedulitate
2449 5130 2502 5178 et
2531 5121 2835 5193 vigilantia
2866 5121 3002 5177 novi
3028 5119 3167 5190 quia
3195 5119 3392 5175 multae
3421 5120 3496 5174 sis
3525 5119 3675 5174 ﬁdei.

1991 5212 2322 5268 Diluculum
2350 5217 2500 5266 :54
2525 5212 2679 5267 enim
2717 5224 2820 5278 pro
2853 5201 3155 5266 sedulitate
3180 5208 3381 5263 crebro
3423 5206 3677 5276 ponitur,

1989 5302 2136 5356 sicut
2171 5308 2224 5356 et
2255 5299 2632 5357 matutinum.
2681 5298 2842 5366 Quod
2873 5298 2940 5366 si,
2987 5298 3158 5368 juxta
3185 5294 3453 5366 quadam
3481 5309 3681 5351 exem-

257 5461 375 5528 (17)
415 5458 632 5528 Versus
661 5457 778 5528 ipse
807 5459 867 5514 in
896 5459 1144 5516 editione
1173 5459 1316 5517 Sixti
1347 5461 1417 5516 20
1445 5467 1791 5517 numeratur
1818 5467 1873 5517 et
1899 5475 2147 5533 sequens
2181 5464 2264 5516 19.
