3928 6070
293 243 392 298 471

1185 243 1252 296 ν.
1301 241 1638 298 GUIBERTI
1675 238 1968 296 ABBA'l‘lS
2005 237 2064 293 S.
2107 238 2346 294 MARIE
2381 239 2475 296 DE
2516 239 2904 298 NOVIGENTO

3681 242 3791 297 472

296 372 500 443 plaria,
535 372 724 429 nescio
753 370 800 426 si
830 370 1120 438 mendosa,
1169 371 1397 428 dicatur
1423 387 1594 439 novae,
1627 371 1705 427 ita
1733 383 1987 439 expone-
2023 370 2072 423 A
2105 389 2125 415 ι
2163 368 2460 425 Dominus.
2508 391 2529 418 ι
2564 369 2742 440 Caph,
2788 370 2998 426 dicitur
3049 373 3386 440 incurvatus,
3433 387 3547 429 non
3595 381 3792 430 tamen

297 470 394 518 tur
449 477 461 516 :
531 464 744 516 Veteres
807 459 1194 513 misericordia
1240 466 1396 526 sunt,
1457 473 1588 528 quae
1646 459 1988 528 plerumque

299 557 646 620 prmstantur
719 546 979 617 ingratis,
1035 555 1090 601 et
1139 547 1227 602 hae
1280 561 1396 601 non
1451 547 1559 601 nisi
1627 545 1981 614 temporales.

295 641 456 695 Novae
497 643 708 701 autem,
744 649 875 704 quae
905 648 978 690 ex
1028 634 1447 689 illuminatione
1494 634 1707 688 recenti
1747 633 1805 687 in
1848 647 1985 688 con-

297 737 592 780 versorum
635 723 927 778 mentibus
971 722 1140 791 quasi
1185 721 1506 776 diluculum
1537 721 1885 787 elucescunt,
1933 727 1988 775 et

293 814 384 868 hae
438 811 757 867 aeternales.
819 810 1032 866 Deinde
1089 811 1245 879 quod
1300 811 1585 879 sequitur,
1643 808 1987 878 apostropha

292 899 401 954 erit
428 899 554 969 ejus
583 899 656 953 ad
686 898 889 962 Deum,
926 897 1028 966 qui
1057 897 1137 951 sic
1165 896 1234 951 de
1278 896 1679 952 misericordiis
1727 894 1984 966 gratula-

290 993 404 1042 Illl'.

364 1074 536 1130 Vnus.
579 1075 668 1128 24.
714 1103 782 1112 -
819 1095 838 1121 α
893 1073 1032 1127 Pars
1080 1086 1204 1128 mea
1248 1072 1544 1138 Dominus,
1594 1071 1741 1126 dixit
1793 1073 1985 1127 anima

297 1183 319 1210 ι
357 1175 512 1231 mea;
564 1168 862 1231 propterea
890 1160 1232 1229 exspectabo
1272 1173 1427 1214 eum.
1465 1182 1484 1206 ι
1522 1159 1666 1222 Non,
1704 1159 1910 1229 inquit,
1953 1174 1986 1214 a

292 1250 408 1304 Deo
454 1248 874 1304 misericordias
923 1247 1261 1317 temporales
1295 1247 1605 1316 praestolor,
1650 1248 1746 1303 sed
1794 1247 1984 1317 ipsum

293 1337 501 1392 animm
557 1351 695 1392 mea;
768 1337 932 1406 quasi
991 1334 1420 1391 retributoriam
1477 1343 1694 1404 partem
1746 1336 1981 1404 sortior;

293 1432 588 1494 propterea
641 1438 739 1493 spe
770 1423 960 1480 vivaci
987 1437 1101 1478 non
1124 1424 1250 1494 ejus
1283 1423 1630 1492 transitoria,
1665 1425 1760 1480 sed
1796 1424 1984 1494 ipsum

292 1512 559 1568 eumdem
590 1512 876 1582 opperior.

1049 1615 1194 1655 TETH
1201 1639 1214 1651 .

2098 454 2156 510 in
2207 463 2454 524 terrena,
2489 457 2584 512 sed
2625 457 2698 512 ad
2746 457 2836 513 sui
2870 457 3298 527 vilipensionem
3329 459 3548 515 salubri
3595 461 3791 516 consi-

2095 541 2389 598 deratione
2443 544 2764 612 depressus.
2816 544 2900 600 Ac
2957 545 3004 599 si
3065 545 3306 602 diceret:
3364 547 3531 602 Haud
3575 547 3793 617 injuria

2096 629 2457 697 humiliatur,
2527 631 2668 701 quia
2713 646 2827 686 non
2881 633 2939 686 in
3003 633 3419 701 sempiternum
3467 634 3789 703 repellitur,

2093 715 2221 772 licet
2253 718 2539 772 modernze
2573 718 2772 772 vilitati
2807 718 2992 773 addici
3023 719 3308 788 videatur,
3338 721 3396 775 in
3427 736 3605 776 manu
3632 722 3794 777 enim

2093 804 2189 859 Dei
2242 804 2382 860 ﬁnes
2411 812 2575 861 terrae
2618 816 2774 873 sunt,
2809 809 2910 877 qui
2951 807 3165 863 scilicet
3202 809 3588 864 terrenitatem
3626 808 3688 863 in
3729 823 3791 865 se

2092 902 2462 949 consumunt.
2500 894 2645 957 Quia
2676 895 2723 950 si
2770 895 2978 965 abjecit
3013 897 3070 950 in
3120 897 3224 951 hoc
3251 911 3346 952 eos
3387 898 3594 952 sacculo
3629 897 3790 951 afﬂi—

2094 981 2297 1050 gendo,
2333 982 2697 1038 miserebitur
2744 991 2935 1040 tamen
2981 987 3302 1042 secundum
3353 986 3785 1062 multitudinem

2091 1068 2526 1125 miserationum
2557 1084 2796 1126 suarum
2829 1071 2887 1126 in
2919 1072 3134 1128 futuro.

2164 1157 2331 1213 Vrsas.
2369 1161 2455 1212 33.
2487 1189 2555 1197 —
2594 1180 2614 1207 ε
2653 1159 2778 1214 Non
2807 1159 2958 1215 enim
2988 1161 3316 1217 humiliavit
3353 1176 3426 1217 ex
3456 1163 3624 1218 corde
3653 1177 3784 1230 suo,

2098 1263 2117 1290 ι
2149 1250 2205 1298 et
2233 1243 2439 1314 abjecit
2465 1245 2608 1300 ﬁlios
2636 1247 2879 1302 hominis
2911 1249 3034 1318 [al.,
3067 1249 3410 1320 hominum].
3449 1271 3470 1298 ι
3505 1251 3789 1306 Humiliat

2091 1330 2244 1386 Deus
2289 1347 2356 1385 ea:
2396 1333 2570 1397 corde,
2615 1349 2764 1404 quos
2801 1335 2882 1390 sic
2913 1337 2970 1391 in
3001 1337 3265 1405 praesenti
3300 1339 3464 1407 punit
3492 1346 3556 1394 ut
3599 1339 3790 1409 magis

2092 1419 2296 1486 puniat
2345 1421 2741 1477 retributionis
2767 1431 3037 1493 tempore.
3076 1425 3242 1480 Modo
3271 1440 3406 1481 vero
3451 1425 3700 1496 ﬂagellat
3730 1434 3789 1482 et

2091 1507 2287 1576 abjicit
2331 1509 2515 1578 specie
2565 1517 2732 1566 tenus
2769 1513 2908 1580 ﬁlios
2942 1513 3195 1579 hominis,
3238 1529 3371 1569 cum
3415 1529 3450 1570 a
3499 1514 3790 1570 mundiali

2087 1602 2345 1650 extorres
2391 1594 2526 1653 facit
2570 1597 2766 1653 laetitia
2816 1598 2958 1654 ﬁlios
3005 1600 3418 1670 Redemptoris.
3472 1601 3598 1658 Non
3627 1601 3786 1656 enim

363 1687 533 1743 VEns.
564 1689 654 1742 25.
695 1717 765 1728 —
797 1708 823 1735 σι
859 1688 1050 1743 Bonus
1085 1696 1168 1744 est
1207 1687 1485 1743 Dominus
1515 1687 1880 1756 sperantibus
1922 1687 1980 1742 in
2020 1661 2062 1715 Β
2092 1681 2238 1736 dixit
2281 1682 2582 1739 hominum
2629 1685 2727 1740 sed
2771 1685 3029 1754 hominis,
3061 1661 3239 1742 illius.
3263 1686 3430 1755 plane
3460 1687 3563 1756 qui
3593 1686 3784 1742 dixit:

295 1797 316 1824 ι
380 1790 534 1831 eum.
596 1797 616 1822 ι
675 1776 836 1842 Teth,
900 1776 1312 1846 interpretatur
1368 1777 1578 1830 bonum.
1634 1776 1756 1842 Quo
1827 1776 1980 1833 enim

292 1861 663 1918 affectuosius
706 1877 805 1932 spe
851 1863 960 1918 ibis
1009 1864 1068 1918 in
1111 1864 1312 1929 Deum,
1347 1878 1412 1919 eo
1458 1863 1887 1935 prmcordialius
1928 1873 1984 1920 et

292 1949 642 2007 ineﬁabilius
679 1951 959 2023 intelliges
986 1951 1228 2007 bonum.

359 2039 533 2096 Vnus.
569 2042 658 2094 26.
691 2068 764 2080 —
811 2062 832 2089 ι
865 2039 1084 2095 Animae
1119 2040 1400 2108 quaerenti
1433 2039 1614 2094 illum.
1650 2041 1868 2096 Bonum
1900 2049 1985 2096 est

294 2149 315 2175 ι
353 2127 669 2196 praestolari
704 2141 837 2183 cum
867 2127 1088 2183 silentio
1128 2127 1380 2182 salutare
1408 2127 1650 2182 Domini.
1681 2149 1702 2176 ι
1738 2130 1978 2193 Animal,

288 2229 419 2285 quae
466 2215 610 2270 nihil
643 2224 848 2285 praeter
900 2217 1081 2271 Deum
1111 2217 1319 2284 quaerit
1359 2215 1479 2284 (qui
1511 2216 1662 2270 enim
1716 2216 1982 2272 bifariam

287 2303 511 2371 nititur,
564 2305 741 2358 Deum
799 2311 947 2358 recte
1004 2303 1276 2372 quaesisse
1329 2317 1446 2358 non
1505 2303 1736 2373 dicitur)
1791 2305 1984 2358 bonum

288 2396 367 2445 est
397 2391 519 2447 sine
557 2391 974 2461 praeparatione
1016 2391 1213 2461 aliqua
1262 2391 1370 2446 sub
1411 2391 1638 2446 diurnis
1691 2392 1984 2448 laboribus

292 2480 391 2534 Dei
436 2494 551 2535 non
601 2479 854 2535 fastidire
897 2479 1229 2548 servitium;
1275 2479 1357 2534 sic
1399 2480 1550 2534 enim
1597 2481 1884 2536 dormitur
1924 2481 1981 2535 in

295 2566 481 2622 medio
525 2566 814 2622 clerorum
863 2566 1047 2634 (Psal.
1096 2581 1265 2632 vau,
1321 2565 1427 2636 14).
1482 2565 1643 2632 Quod
1695 2567 1847 2623 enim
1893 2567 1984 2622 hic

291 2655 581 2709 silentium
613 2654 842 2721 dicitur,
875 2654 991 2708 illic
1020 2654 1287 2709 dormire.

364 2742 533 2797 Vrsas.
567 2744 654 2794 27.
700 2768 770 2781 —
805 2763 826 2789 ι
877 2741 1100 2796 Bonum
1156 2741 1298 2808 viro,
1340 2755 1472 2796 cum
1529 2743 1844 2811 portaverit
1893 2743 1986 2813 ju-

305 2850 324 2876 »
369 2843 506 2898 gum
554 2829 624 2884 ab
657 2828 1039 2883 adolescentia
1068 2843 1194 2884 sua.
1228 2849 1256 2878 »
1288 2831 1487 2894 Jugum
1523 2831 1592 2883 ab
1625 2831 1984 2885 adolescentia

292 2923 502 2986 portat,
538 2916 640 2984 qui
682 2929 781 2984 pro
811 2916 1204 2971 adolescentiae
1235 2918 1484 2972 motibus
1513 2932 1632 2973 sese
1665 2919 1772 2975 sub
1801 2919 1981 2974 divini
2023 2941 2063 2997 ρ

295 3005 512 3060 timoris
541 3004 905 3073 depressione
934 3005 1193 3074 castigat.

1081 3107 1194 3148 JOD.

363 3180 536 3238 Vnus.
581 3183 671 3235 28.
703 3211 772 3220 —
805 3200 833 3229 ‹‹
879 3179 1105 3236 Sedebit
1148 3181 1458 3247 solitarius,
1489 3189 1544 3238 et
1575 3183 1802 3252 tacebit,
1845 3185 1986 3255 quia

292 3290 320 3317 »
355 3269 567 3324 levavit
613 3282 672 3324 se
721 3282 896 3338 super
941 3283 1020 3324 se.
1078 3289 1098 3316 ι
1137 3270 1261 3338 Jod,
1316 3270 1728 3340 interpretatur
1771 3276 1983 3341 princi-

287 3359 464 3426 pium,
501 3356 658 3426 quod
707 3357 1052 3426 principium
1082 3373 1196 3414 non
1229 3367 1343 3414 tam
1389 3359 1459 3414 ad
1513 3360 1757 3425 initium,
1806 3377 1985 3432 quam

293 3443 365 3498 ad
409 3444 721 3514 quamdam
772 3443 1249 3514 principalitatem
1290 3444 1553 3501 refertur.
1589 3450 1984 3505 Determinans

291 3531 442 3586 enim
485 3532 697 3603 jugum
729 3531 956 3587 videtur
983 3546 1289 3601 exponere.
1341 3533 1503 3589 Sedet
1532 3536 1832 3600 solitarius,
1881 3539 1983 3608 qui

294 3618 354 3674 in
408 3619 612 3675 humili
668 3633 726 3674 se
788 3619 1032 3682 cohibet,
1080 3635 1115 3674 a
1164 3621 1405 3675 terrenis
1464 3635 1583 3676 sese
1638 3626 1984 3682 removendo

292 3707 662 3763 tumultibus.
707 3707 877 3762 Tacet
929 3721 1084 3773 vero,
1139 3721 1271 3762 cum
1329 3708 1522 3776 sopitis
1568 3711 1982 3781 cogitationum

295 3789 891 3861 imaginationumque
938 3792 1112 3862 nugis
1154 3792 1255 3847 soli
1305 3807 1477 3849 orans
1535 3795 1793 3865 loquitur
1846 3799 1980 3854 Deo.

294 3877 455 3944 Quod
499 3880 664 3935 aliter
701 3879 822 3934 ﬁeri
869 3893 982 3934 non
1034 3880 1238 3948 potuit,
1290 3880 1399 3936 nisi
1447 3882 1586 3950 quia
1629 3899 1684 3937 se
1725 3899 1888 3954 super
1930 3901 1985 3942 se

296 3962 467 4030 levat,
513 3965 570 4020 id
617 3973 699 4021 est
739 3966 1156 4022 animalitatem
1198 3981 1363 4023 suam
1409 3969 1796 4038 spiritualitati
1839 3975 1984 4030 sub-

291 4050 479 4121 jugaL

367 4139 538 4195 Vens.
570 4142 658 4194 29.
701 4169 771 4179 —
806 4159 836 4189 «
867 4142 1039 4196 Ponet
1075 4140 1133 4195 in
1172 4141 1408 4210 pulvere
1435 4156 1497 4198 os
1524 4157 1718 4213 suum,
1763 4148 1807 4202 si
1842 4149 1984 4207 forte

2095 1789 2122 1817 κ
2157 1769 2211 1824 Si
2258 1785 2348 1826 me
2379 1773 2657 1840 persecuti
2708 1781 2865 1840 sunt,
2897 1782 2952 1830 et
2983 1789 3085 1830 vos
3135 1783 3558 1845 persequentur
3606 1779 3785 1840 (Joan.

2098 1877 2120 1905 ι
2157 1872 2253 1924 XV,
2296 1859 2407 1928 20).
2447 1880 2469 1909 ο

2603 1949 2853 2019 [LAMETH
2891 1951 2989 2016 al.,
3026 1951 3264 2020 nunc].

2165 2033 2334 2090 Vnus.
2384 2035 2472 2088 34.
2507 2064 2577 2076 -
2614 2058 2635 2085 ι
2693 2038 2763 2093 Ut
2803 2045 3116 2094 contereret
3145 2039 3254 2094 sub
3301 2038 3543 2108 pedibus
3586 2053 3787 2095 omnes

2094 2139 2122 2172 ››
2152 2120 2374 2198 vinctos
2422 2129 2604 2178 terrae.
2655 2145 2676 2170 ι
2713 2125 2937 2180 Dicitur
2965 2139 3129 2181 servo
3164 2141 3176 2179 :
3230 2125 3537 2182 Servamus
3587 2134 3784 2182 autem

2092 2210 2249 2278 quod
2292 2223 2391 2278 pro
2441 2211 2708 2280 mysterio
2755 2212 3053 2268 habemus.
3115 2213 3449 2282 Mysterium
3506 2227 3640 2269 vero
3696 2221 3784 2269 est

2093 2297 2248 2365 quod
2296 2299 2473 2368 hujus
2514 2300 2708 2355 saeculi
2754 2301 3035 2370 pressuris
3064 2300 3388 2367 atterimur,
3438 2299 3535 2355 sed
3580 2300 3650 2354 de
3688 2314 3785 2355 se-

2094 2386 2324 2453 quentis
2365 2386 2494 2442 vitae
2542 2395 2697 2443 statu
2755 2388 3122 2458 ambigimus.
3177 2389 3388 2444 Sensus
3439 2402 3574 2459 ergo
3642 2395 3723 2443 est
3766 2403 3781 2442 :

2092 2473 2304 2543 Abjicit
2334 2474 2564 2543 quidem
2595 2475 2742 2539 ﬁlios
2785 2477 3036 2543 hominis,
3069 2481 3130 2530 ut
3155 2483 3411 2532 conterat
3439 2492 3615 2531 omnes
3661 2479 3784 2530 vin-

2093 2567 2202 2615 clos
2248 2566 2402 2616 terra
2440 2562 2538 2616 sub
2575 2564 2804 2632 pedibus
2847 2564 2985 2626 suis,
3038 2573 3100 2620 ut
3131 2565 3390 2621 videlicet
3432 2579 3628 2620 omnes
3680 2565 3788 2634 qui

2094 2649 2272 2719 hujus
2303 2650 2497 2705 saeculi
2528 2652 2792 2720 negotiis,
2826 2659 2927 2707 aut
2958 2652 3312 2721 quibuslibet
3340 2652 3494 2707 vitiis
3526 2653 3791 2708 vinciun-

2095 2745 2208 2802 tur,
2245 2736 2685 2805 przedicalorum
2719 2753 2959 2794 suorum
2991 2739 3100 2794 sub
3133 2740 3477 2795 documento
3507 2740 3791 2810 frangan-

2095 2832 2207 2879 tur.
2255 2823 2412 2890 Quod
2458 2825 2792 2880 estdicere:
2840 2826 2894 2881 Si
2932 2827 3032 2882 ﬁlii
3078 2826 3178 2883 Dei
3216 2836 3271 2883 et
3319 2828 3566 2883 hominis
3596 2843 3791 2898 quan-

2092 2919 2214 2968 tum
2260 2912 2439 2967 oculis
2486 2913 2728 2982 adjacet,
2781 2915 3155 2984 abjiciuutur,
3191 2923 3410 2986 quanto
3456 2915 3638 2986 magis
3685 2917 3794 2972 ﬁlii

2095 2999 2309 3054 diaboli
2340 3000 2635 3069 quondam
2664 3016 2795 3057 cum
2823 3003 2894 3057 ad
2921 3003 3022 3058 Dei
3052 3003 3381 3060 liliationem
3413 3005 3784 3074 rediguntur,

2092 3103 2208 3143 non
2257 3089 2423 3143 modo
2455 3089 2590 3157 Deo;
2623 3090 2721 3144 sed
2763 3091 2935 3145 etiam
2968 3094 3149 3146 servis
3187 3093 3306 3160 Dei,
3339 3094 3440 3161 qui
3480 3101 3617 3148 sunt
3660 3094 3792 3162 ejus

2093 3177 2284 3245 pedes,
2309 3177 2464 3246 quod
2492 3192 2625 3233 eum
2654 3179 3015 3247 praedicando
3037 3180 3472 3248 circumferunt,
3507 3196 3620 3237 non
3641 3196 3787 3248 esse,

2093 3271 2194 3319 aut
2225 3273 2399 3334 stare,
2445 3266 2541 3321 sed
2584 3267 2822 3333 conteri,
2871 3267 2926 3322 id
2955 3276 3040 3323 est
3070 3283 3307 3337 prorsus
3336 3269 3631 3326 humiliari
3661 3284 3791 3326 me—

2090 3352 2329 3408 rentur?
2377 3352 2530 3419 Quos
2571 3354 2794 3409 vinctos
2821 3356 3014 3411 educit
3063 3356 3360 3426 Dominus,
3402 3356 3577 3427 juxta
3625 3358 3785 3427 psal-

2091 3454 2270 3508 mum,
2305 3441 2362 3495 in
2389 3441 2718 3497 fortitudine
2743 3443 2907 3512 (Psal.
2943 3459 3120 3511 van,
3148 3445 3220 3514 7).
3307 3499 3322 3506 _

2163 3530 2331 3586 VEns.
2367 3532 2453 3584 35.
2491 3559 2552 3569 —
2589 3552 2609 3578 ε
2649 3531 2719 3586 Ut
2749 3531 3059 3587 declinaret
3088 3532 3376 3603 judicium
3409 3533 3520 3588 viri
3553 3534 3610 3588 in
3639 3549 3786 3590 con-

2094 3638 2116 3667 ι
2177 3625 2371 3686 spectu
2411 3618 2610 3674 vultus
2664 3619 2958 3674 Altissimi.
3021 3641 3041 3668 ι
3123 3621 3455 3677 Declinatur
3502 3623 3788 3690 judicium

2087 3708 2200 3760 viri
2222 3708 2280 3759 in
2307 3711 2588 3775 conspectu
2606 3708 2787 3761 vultus
2815 3709 3112 3776 Altissimi,
3148 3724 3280 3764 cum
3301 3711 3517 3766 scimus
3548 3711 3788 3768 indubie

2089 3808 2193 3849 nos
2248 3794 2520 3863 operibus
2593 3795 2757 3850 bonis
2810 3796 3087 3863 insistere,
3148 3804 3202 3853 et
3252 3805 3441 3853 tamen
3495 3801 3789 3856 nescimus

2091 3888 2289 3937 utrum
2340 3881 2469 3936 odio
2524 3882 2685 3952 digni
2731 3883 2931 3950 simus,
2987 3897 3062 3938 an
3119 3898 3313 3940 amore
3344 3888 3533 3950 (Eccle.
3580 3903 3652 3951 ιχ,
3709 3889 3783 3959 l).

2090 3969 2359 4025 Nostrum
2397 3983 2533 4040 ergo
2574 3969 2860 4040 judicium
2909 3972 2978 4026 ad
3023 3972 3252 4027 vultum
3288 3973 3562 4030 Altissimi
3605 3975 3788 4031 decli-

2090 4072 2317 4123 namus,
2366 4071 2499 4113 cum
2550 4057 2704 4127 quod
2738 4058 2808 4114 de
2857 4059 3022 4115 nobis
3070 4060 3346 4116 metimur
3376 4061 3502 4131 ejus
3551 4063 3789 4120 trutina:

2091 4158 2474 4202 reservamus.

299 4247 322 4275 ι»
356 4226 426 4281 sit
459 4240 604 4295 spes.
658 4247 679 4274 ι
714 4227 779 4282 In
818 4228 1041 4296 pulvere
1087 4243 1143 4283 os
1181 4244 1337 4283 suum
1367 4232 1547 4300 ponit,
1596 4235 1696 4303 qui
1729 4238 1984 4304 quamli-
2023 4234 2067 4287 D
2167 4233 2336 4290 Vens.
2371 4232 2458 4288 36.
2490 4264 2557 4273 —
2595 4255 2616 4282 ι
2667 4235 2736 4290 Ut
2781 4243 3128 4304 perverteret
3160 4237 3449 4293 hominem
3485 4239 3540 4293 in
3565 4239 3787 4310 judicio

295 4315 388 4370 bet
434 4327 662 4370 summa
722 4323 901 4386 gerat,
953 4330 1011 4372 se
1041 4324 1233 4372 tamen
1283 4332 1507 4388 semper
1560 4322 1876 4390 pulverem,
1927 4327 1982 4382 id

292 4409 376 4460 est
423 4410 772 4472 peccatorem
822 4405 1192 4476 recognoscit.
1243 4406 1503 4461 Peccanti
1559 4410 1711 4466 enim
1764 4412 1980 4470 dictum

294 4497 422 4546 est:
475 4511 495 4539 ι
549 4491 747 4548 Pulvis
795 4507 854 4548 es
903 4493 1060 4562 (Gen.
1113 4509 1194 4562 ιιι,
1244 4495 1349 4564 19).
1391 4515 1413 4544 ι
1461 4498 1530 4552 Et
1591 4499 1698 4554 hoc
1730 4499 1882 4570 facit,
1931 4506 1983 4558 si

291 4581 435 4645 forte
481 4581 554 4634 sit
591 4594 730 4648 spes,
784 4587 847 4635 ut
894 4581 1154 4637 videlicet
1190 4583 1299 4638 sibi
1347 4597 1570 4652 semper
1599 4586 1864 4645 videatur
1912 4591 1982 4646 de

294 4667 408 4728 Deo
452 4679 682 4735 sperare
730 4667 985 4736 praemia,
1030 4668 1192 4737 quasi
1246 4670 1512 4739 quaedam
1538 4665 1821 4743 ambigua
1869 4691 1976 4733 res.

295 4754 488 4824 (VERS.
521 4752 629 4824 30).
668 4776 689 4803 ι
731 4753 898 4809 Dabit
925 4755 1264 4824 percutienti
1295 4771 1352 4812 se
1391 4759 1702 4826 maxillam,
1751 4771 1979 4820 satura-

299 4861 317 4886 υ
371 4840 528 4895 bitur
551 4841 892 4910 opprobriis.
929 4861 956 4890 »
986 4845 1315 4899 Percutienti
1360 4848 1647 4901 maxillam
1685 4849 1782 4905 dat
1812 4852 1980 4920 quis—

289 4929 423 4998 quis
452 4943 520 4985 ea
549 4944 678 5000 quae
725 4930 834 4986 sibi
863 4932 1186 4988 amantiora
1213 4941 1269 4989 et
1315 4935 1715 5003 spectabiliora
1745 4938 1802 4992 in
1833 4953 1977 5008 prae-

288 5017 434 5073 senti
477 5025 798 5074 noscuntur
846 5019 1090 5090 injurias
1119 5021 1327 5077 inferre
1369 5023 1696 5079 volentibus
1740 5025 1980 5095 exponit

288 5103 482 5172 potius
532 5118 711 5174 quam
768 5105 1045 5162 defensat.
1107 5109 1429 5176 Opprobriis
1475 5118 1796 5178 saturatur,
1873 5116 1975 5183 qui

285 5188 438 5258 ipsas
505 5191 882 5248 contumelias
941 5207 1046 5263 pro
1103 5194 1344 5250 summis
1398 5196 1505 5252 sibi
1572 5198 1976 5258 refectionibus

282 5275 624 5334 arbitratur.

263 5373 266 5375 λ
1041 5382 1207 5424 CAPH.
1427 5416 1434 5422 .

348 5451 519 5511 νεεδ.
568 5454 656 5508 3t.
691 5484 758 5494 —-
792 5474 812 5501 ι
847 5453 992 5521 Quia
1021 5470 1137 5512 non
1167 5456 1399 5527 repellet
1448 5459 1506 5514 in
1553 5461 1970 5530 sempiternum

2097 4342 2119 4369 ι
2155 4336 2282 4389 suo,
2332 4322 2608 4378 Dominus
2646 4322 2952 4393 ignoravit.
2991 4344 3012 4372 ι
3059 4324 3302 4394 Abjecit,
3336 4325 3598 4396 inquam,
3640 4330 3786 4396 ﬁlios

2092 4411 2346 4476 hominis,
2385 4417 2446 4465 ut
2495 4419 2840 4480 perverteret
2889 4412 3179 4468 hominem
3212 4416 3269 4467 in
3290 4414 3505 4482 judicio
3549 4431 3668 4482 suo,
3717 4425 3785 4474 ut

2091 4499 2407 4554 ostenderet
2454 4499 2656 4568 utique
2697 4514 2813 4555 non
2861 4501 2940 4555 ita
2995 4514 3028 4555 a
3082 4503 3194 4557 Deo
3247 4504 3652 4571 praestitutum,
3718 4513 3785 4561 ut

2090 4585 2251 4642 bonis
2281 4586 2430 4642 bona
2467 4587 2807 4644 facientibus
2836 4588 2984 4644 bona
3015 4589 3082 4644 ad
3114 4604 3364 4658 praesens
3409 4593 3778 4649 restitueren-

2089 4681 2213 4743 tur;
2244 4675 2326 4730 sic
2351 4675 2506 4730 enim
2537 4675 2793 4731 moribus
2827 4685 2911 4733 est
2940 4677 3213 4734 humanis
3245 4679 3531 4747 inclitum,
3567 4688 3628 4736 ut
3672 4681 3781 4736 bo-

2090 4776 2231 4816 num
2277 4763 2592 4831 quemlibet
2641 4763 2806 4820 malis
2854 4779 3213 4834 oppressum,
3271 4767 3490 4824 bonum
3543 4769 3781 4825 minime

2087 4850 2365 4906 aestiment
2408 4851 2723 4919 exstitisse;
2756 4852 2910 4920 quod
2947 4853 3003 4908 in
3034 4853 3354 4910 amicorum
3381 4857 3486 4912 Job
3514 4857 3780 4926 opinione

2085 4937 2348 4994 crevisse.
2400 4939 2505 4995 Sed
2546 4939 2653 4996 hoc
2700 4940 3268 5012 Dominus-ignorat,
3301 4943 3401 5014 qui
3444 4944 3607 5000 bonis
3654 4948 3780 5014 ple-

2086 5039 2336 5096 rumque
2383 5027 2554 5096 mala,
2603 5035 2658 5084 et
2696 5029 2861 5085 malis
2904 5030 3078 5085 etiam
3107 5030 3276 5100 bona,
3330 5033 3591 5104 utrisque
3636 5049 3781 5105 quo-

2085 5128 2200 5183 que
2228 5114 2531 5184 aliquoties
2560 5117 2777 5173 meritis
2803 5117 2924 5172 suis
2952 5119 3351 5176 convenientia
3383 5129 3630 5191 prastat.

2850 5221 2995 5262 MEM.

2153 5289 2323 5346 γωδ.
2345 5292 2432 5345 37.
2457 5321 2525 5332 -
2547 5315 2566 5340 ι
2593 5291 2730 5358 Quis
2750 5300 2834 5348 est
2853 5293 2956 5350 iste
2980 5296 3079 5364 qui
3099 5295 3246 5352 dixit
3267 5304 3331 5353 ut
3353 5297 3512 5354 ﬁeret
3533 5297 3774 5354 Domino

2082 5381 2231 5431 255
2277 5392 2391 5433 non
2437 5379 2720 5449 jubente?
2775 5403 2796 5428 ι
2855 5382 3020 5449 Mem,
3077 5383 3489 5454 interpretatur
3542 5387 3768 5438 viscera.

2080 5464 2379 5522 Exclamat
2419 5480 2560 5538 ergo
2589 5468 2868 5538 propheta
2902 5469 3182 5526 adversus
3207 5485 3300 5526 eos
3325 5471 3428 5540 qui
3457 5471 3526 5527 de
3557 5469 3772 5532 talibus
