3928 6070
187 253 296 308 473

928 248 1385 306 TROPOLOGLE
1422 248 1495 303 IN
1535 247 1740 314 OSEE,
1781 247 1962 303 AMOS
2002 247 2090 302 ET
2129 245 2271 301 JER.
2315 271 2380 284 —
2424 245 2555 300 LIB.
2598 246 2658 300 V.
2705 245 2773 299 IN
2811 244 2963 300 JER.

3582 245 3686 299 474

185 397 652 460 conquerantur,
701 387 1023 444 secundum
1085 399 1232 455 quos
1281 391 1336 441 et
1386 383 1662 454 psalmus,
1711 383 1882 449 Quam
1919 385 1966 437 Α
2066 381 2236 436 Vens.
2268 381 2356 434 44.
2386 409 2453 422 -
2489 401 2510 428 ι
2561 376 2888 449 Opposuisti
2946 376 3161 432 nubem
3213 375 3334 442 tibi,
3385 389 3456 431 ne
3495 381 3682 431 trans-

187 478 361 533 bonus
397 479 568 532 Israel
613 481 793 532 Deus!
848 474 1207 543 conscriptus
1243 481 1325 529 est
1371 474 1544 543 (Psal.
1582 487 1752 538 Lxxu,
1813 472 1882 542 l).

190 569 426 622 Domino
461 583 568 620 non
581 566 804 634 jubente
833 565 952 619 fieri
981 564 1138 629 dicit,
1183 562 1282 633 qui
1316 576 1412 618 eos
1442 576 1587 632 quos
1615 561 1887 616 scelerose

191 655 453 710 victitare
479 653 788 725 cognoscit,
820 666 1106 721 sanesque
1134 649 1448 706 incolumes
1491 663 1558 705 ac
1587 649 1887 718 opulentos

189 741 453 808 attendit,
495 741 726 796 fortuna
774 740 963 810 potius
1009 753 1185 809 quam
1231 739 1328 794 Dei
1361 738 1580 808 judicio
1629 738 1719 807 agi
1772 751 1887 792 cre-

189 829 294 885 dit.

265 918 436 973 Vens.
471 921 558 972 38.
585 945 657 958 —
691 940 708 964 u
752 917 840 970 Ex
882 930 980 971 ore
1025 915 1301 971 Altissimi
1356 931 1470 970 non
1519 915 1888 986 egredientur

192 1027 222 1056 »
258 1020 362 1062 nec
390 1007 562 1074 bona,
599 1020 702 1062 nec
733 1005 903 1060 mala.
942 1026 964 1054 ι
1015 1007 1120 1060 Nec
1176 1005 1332 1066 bona,
1378 1019 1470 1058 nec
1514 1004 1663 1059 mala
1703 1019 1770 1056 ear:
1799 1018 1888 1056 ore

188 1097 474 1151 Altissimi
517 1095 914 1166 egrediuntur,
981 1096 1120 1165 quia
1161 1107 1465 1162 nunquam
1525 1093 1585 1147 in
1639 1107 1881 1162 praesen-

188 1185 406 1240 tiarum
439 1185 666 1254 proprie
715 1184 864 1240 bona
918 1183 1102 1250 bonis,
1160 1196 1266 1238 nec
1324 1195 1527 1237 rursus
1572 1180 1887 1250 specialiter

189 1273 347 1328 mala
432 1273 596 1328 malis
660 1286 734 1328 ex
816 1271 1098 1328 sententia
1170 1270 1473 1340 contigisse
1546 1269 1883 1325 creduntur.

192 1360 512 1431 Utrobique
541 1362 696 1417 enim
743 1361 1006 1426 credunt,
1063 1359 1202 1429 quia
1249 1359 1512 1428 utrisque
1558 1356 1889 1413 communia

187 1457 348 1505 sunt.

263 1539 438 1594 Vens.
470 1539 556 1592 39.
585 1568 654 1577 —
689 1560 714 1586 ‹‹
750 1536 896 1604 Quid
941 1533 1452 1605 immurmuravit[
1483 1535 1579 1602 al.,
1614 1548 1885 1589 murmu-

194 1644 215 1670 ι
249 1624 422 1697 ravit]
456 1625 626 1680 homo
655 1625 878 1686 vivens,
903 1624 993 1679 vir
1024 1638 1126 1692 pro
1158 1623 1402 1693 peccatis
1445 1621 1611 1678 suis?
1644 1643 1666 1670 ι
1700 1622 1882 1676 Homo

1998 490 2018 516 ι
2054 477 2144 524 eat
2169 468 2366 524 oratio.
2403 490 2422 516 ι
2460 467 2652 524 Nubes
2689 467 2736 521 ci
2769 465 3093 535 opponitur,
3145 479 3276 519 cum
3321 463 3681 518 obstaculum

1996 557 2142 612 inter
2168 571 2270 612 nos
2299 565 2352 612 et
2379 558 2559 612 Deum
2596 569 2789 625 prasz
2820 562 3026 610 nostrae
3059 551 3390 608 intentionis
3417 551 3684 607 obtendi-

1995 655 2108 701 tur.
2143 647 2334 702 0ratio
2375 660 2486 700 non
2531 644 2756 710 transit,
2803 657 2979 712 quam
3025 640 3437 696 malevolentiae
3471 639 3684 695 crassi-

1991 733 2130 789 tudo
2161 734 2391 788 retudit.

2065 822 2234 878 Vens.
2279 822 2365 877 45.
2401 852 2471 861 -
2507 843 2525 869 ε
2568 819 3020 876 Eradicationem
3066 825 3120 873 et
3166 815 3538 887 abjectionem
3580 830 3683 886 po-

1994 931 2021 958 »
2058 910 2220 966 suisti
2272 924 2361 964 me
2390 909 2443 964 in
2491 909 2672 964 medio
2724 908 3085 978 populorum.
3127 927 3147 952 »
3202 906 3324 961 Non
3372 903 3538 966 dixit,
3569 915 3686 957 cra-

1991 999 2194 1054 dicasti
2225 1014 2330 1065 me,
2382 999 2477 1052 sed
2527 997 2945 1051 eradicationem
2993 997 3228 1064 posuisti
3270 1009 3369 1047 me.
3421 991 3685 1046 Eradica-

1994 1086 2089 1153 tio,
2123 1087 2207 1141 vel
2241 1086 2483 1156 abjectio
2532 1100 2690 1140 mens
2729 1085 2824 1138 illa
2873 1084 2933 1138 tit
2979 1091 3078 1137 aut
3127 1081 3378 1151 ponitur,
3427 1093 3558 1148 quze
3611 1084 3684 1132 to-

1993 1174 2108 1230 tius
2136 1175 2419 1229 interioris
2459 1175 2590 1229 boni
2626 1173 2908 1241 semetipsi
2959 1172 3131 1241 pestis
3168 1169 3433 1226 efficitur.
3485 1166 3684 1222 Eradi-

1993 1271 2084 1318 cat
2110 1264 2260 1319 enim
2295 1271 2350 1318 et
2380 1264 2592 1333 abjicit,
2627 1263 2728 1332 qui
2765 1262 2912 1316 bona
2959 1259 3300 1314 naturaliter
3346 1257 3514 1312 insita
3549 1269 3582 1309 a
3626 1269 3684 1308 se

1992 1359 2318 1421 extorquet,
2351 1359 2404 1406 et
2449 1351 2691 1420 superbe
2733 1349 3007 1404 excludit.
3059 1349 3124 1402 Et
3173 1347 3280 1402 hoc
3319 1347 3380 1400 fit
3423 1347 3480 1397 in
3509 1343 3683 1397 medio

1990 1443 2334 1510 populorum,
2389 1440 2895 1508 circumstrepente
2960 1436 3159 1506 utique
3223 1432 3401 1490 animi
3444 1432 3686 1488 auribus

1993 1529 2316 1600 frequentia
2346 1529 2637 1584 vitiorum.

2773 1631 2901 1672 PHE.

186 1714 379 1766 vivens
403 1681 777 1778 Jmurmurat,
820 1711 959 1783 quia
985 1726 1116 1768 cum
1159 1713 1215 1766 in
1267 1713 1510 1781 peccatis
1556 1712 1733 1776 vivat,
1767 1725 1881 1766 non
1921 1681 1965 1735 Β
2064 1708 2236 1764 Vens.
2270 1708 2358 1761 46.
2409 1738 2476 1746 -
2523 1727 2545 1756 ι
2601 1708 2964 1776 Aperuerunt
3026 1715 3197 1772 super
3248 1714 3352 1756 nos
3401 1713 3462 1754 os
3511 1711 3684 1754 suum

187 1799 266 1854 ad
325 1807 556 1869 peccata
612 1799 840 1870 respicit
897 1815 1028 1869 quae
1079 1807 1384 1870 perpetrat,
1443 1801 1488 1855 si
1544 1799 1761 1870 aliquid
1796 1799 1887 1853 ad-

187 1887 477 1943 versitatis
517 1889 791 1955 incurrat,
827 1890 922 1944 sed
951 1903 1173 1955 eorum,
1207 1889 1304 1958 qui
1355 1903 1524 1958 agere
1570 1888 1763 1958 pejora
1791 1887 1885 1941 vi-

185 1977 422 2040 dentur,
485 1990 604 2032 sese
659 1977 1084 2046 comparatione
1133 1977 1430 2047 justiticat.
1497 1979 1596 2031 Vir
1651 1989 1884 2045 quoque

180 2081 291 2134 pro
319 2071 552 2134 peccatis
599 2074 947 2134 murmurat,
997 2080 1127 2121 cum
1171 2080 1284 2121 non
1315 2079 1422 2121 sua
1468 2065 1612 2121 inter
1661 2066 1883 2135 patien-

185 2153 332 2209 dum
394 2161 624 2224 peccata
676 2162 928 2221 accusat,
984 2155 1080 2211 sed
1139 2156 1317 2210 Deum
1366 2154 1540 2210 nimie
1593 2154 1884 2210 ferientem

188 2243 570 2312 querimoniis
596 2243 805 2312 pulsat.

967 2345 1094 2386 NUN.

265 2417 437 2472 Vens.
470 2418 560 2471 40.
619 2447 686 2458 -
715 2438 735 2466 ι
783 2417 1118 2473 Scrutemur
1168 2417 1293 2472 vias
1339 2425 1582 2473 nostras.
1634 2424 1685 2472 et
1719 2432 1884 2487 quie—

195 2527 217 2553 ι
248 2518 450 2560 ramus
477 2511 532 2559 et
557 2511 916 2560 revertamur
945 2505 1015 2559 ad
1061 2505 1389 2561 Dominum.
1427 2527 1453 2554 »
1497 2505 1650 2572 Nun,
1696 2507 1887 2573 sempi-

192 2598 426 2646 ternum.
460 2591 585 2647 Non
613 2595 766 2647 enim
809 2593 1096 2660 convenit,
1126 2592 1171 2648 si
1212 2593 1283 2647 ad
1333 2600 1558 2662 tempus
1604 2607 1704 2662 pro
1755 2607 1886 2661 pec-

189 2689 318 2736 cato
359 2681 694 2749 puniamur,
742 2694 1129 2748 murmurare,
1181 2681 1274 2736 sed
1323 2682 1514 2750 potius
1557 2681 1629 2735 ad
1673 2682 1886 2750 sempi-

189 2776 447 2836 ternum,
499 2769 654 2838 quod
700 2769 848 2824 Deus
899 2776 1002 2835 est,
1053 2782 1382 2838 properare,
1423 2770 1581 2825 Unde
1622 2771 1741 2823 vias
1783 2783 1887 2823 no-

189 2861 336 2912 stras
363 2864 683 2925 scrutemur,
730 2857 785 2912 id
816 2865 899 2914 est
944 2859 1195 2913 actiones
1237 2857 1635 2914 discutiamus.
1698 2861 1886 2912 Domi-

188 2961 320 2999 num
349 2959 582 3015 quoque
612 2961 938 3014 quaeramus,
971 2951 1022 3000 et
1063 2945 1135 3000 ad
1175 2960 1308 3002 eum
1355 2951 1710 3013 revertamur,
1745 2946 1888 3000 Scri-

191 3034 380 3103 pturis
399 3034 609 3089 scilicet
639 3034 1024 3104 invigilemus,
1073 3034 1147 3089 ibi
1192 3043 1514 3104 quaerentes
1549 3035 1703 3090 unde
1732 3049 1886 3089 com-

192 3136 550 3193 pungamur,
581 3129 635 3178 et
679 3123 749 3178 ad
789 3123 976 3193 ipsum
1029 3122 1246 3192 praevia
1296 3123 1736 3193 compunctione
1779 3123 1887 3178 du-

190 3225 416 3268 camur.

264 3301 435 3358 Vens.
462 3301 552 3355 4i.
585 3330 654 3340 -—
687 3321 713 3348 α
755 3302 1031 3356 Levemus
1067 3300 1240 3357 corda
1289 3308 1483 3356 nostra
1521 3316 1652 3357 cum
1698 3301 1887 3356 mani-

198 3409 219 3436 ι
254 3389 368 3444 bus
405 3389 476 3443 ad
521 3387 829 3443 Dominum
881 3388 939 3442 in
998 3388 1189 3443 caelos.
1230 3409 1250 3435 ι
1310 3389 1488 3444 Corda
1546 3395 1732 3444 nostra
1771 3405 1888 3444 cum

191 3478 445 3531 manibus
494 3477 772 3542 levamus,
813 3490 944 3531 cum
1003 3476 1406 3546 intelligentias
1457 3491 1591 3531 cum
1645 3491 1890 3532 exsecu-

192 3566 351 3621 tione
391 3578 651 3634 operum,
710 3563 832 3619 sine
887 3564 1098 3620 intimae
1148 3564 1335 3620 laudis
1395 3564 1760 3633 aspiratione,
1817 3565 1889 3620 ad

194 3655 379 3710 Deum
410 3654 520 3708 sub
550 3667 645 3722 spe
675 3653 886 3708 scilicet
915 3653 1033 3708 sola
1063 3653 1268 3708 caelesti
1303 3653 1673 3723 porrigimus.

265 3741 440 3797 Vens.
469 3741 557 3794 42.
590 3771 658 3780 -
694 3762 714 3789 ι
767 3741 879 3796 Nos
921 3741 1118 3810 inique
1155 3740 1399 3811 egimus,
1441 3749 1497 3796 et
1539 3741 1610 3796 ad
1652 3741 1886 3796 iracun-

198 3851 221 3878 ι
257 3829 414 3885 diam
466 3829 928 3899 provocavimus,
983 3829 1192 3884 idcirco
1234 3838 1295 3884 tu
1346 3829 1712 3885 inexorabilis
1755 3844 1831 3885 es.
1863 3852 1884 3877 -

195 3919 422 3988 Liquet,
487 3925 692 3974 caetera
756 3931 1202 3987 prosequamur.
1258 3918 1373 3972 Hoc
1421 3925 1609 3973 tamen
1662 3918 1891 3974 videtur

194 4007 565 4063 tractandum
613 4005 768 4076 quod
817 4020 919 4075 pro
963 4005 1367 4075 iniquitatibus
1413 4007 1766 4060 inexorabilis
1798 4005 1891 4061 hic

195 4095 409 4151 dicitur
438 4096 609 4161 Deus,
640 4102 695 4150 et
739 4094 894 4161 alibi,
947 4101 1271 4163 peccatores
1318 4108 1430 4148 non
1479 4095 1678 4150 audire
1711 4095 1885 4164 (Joan.

193 4197 277 4246 1x,
308 4182 420 4251 3i),
452 4183 606 4252 quod
636 4196 752 4237 uno
782 4182 952 4237 verbo
974 4180 1236 4242 solvitur,
1265 4182 1404 4250 quia
1431 4181 1890 4253 videlicetquan-

1999 1818 2019 1843 ι
2054 1810 2251 1851 omnes
2281 1795 2516 1850 inimici.
2557 1816 2576 1842 υ
2625 1795 2756 1860 Pbe,
2791 1793 3204 1862 interpretatur
3236 1805 3312 1854 os,
3345 1795 3399 1844 et
3425 1785 3579 1856 quod
3610 1784 3685 1839 il-

1995 1886 2200 1951 ludos,
2237 1887 2339 1940 nisi
2377 1885 2528 1956 quod
2572 1883 2748 1939 menti
2794 1883 2864 1937 ad
2916 1879 3315 1951 perversitates
3359 1878 3478 1946 jam
3529 1887 3685 1944 pror-

1995 1989 2094 2030 sus
2127 1975 2347 2035 acclini,
2381 1988 2578 2029 omnes
2617 1980 2780 2028 actus
2823 1972 3148 2026 insusurrat
3195 1968 3464 2023 obscenos
3494 1964 3522 2020 7
3571 1964 3686 2018 Hoc

1994 2079 2157 2132 super
2186 2079 2279 2116 nos
2309 2078 2484 2117 omnes
2514 2063 2724 2115 inimici
2754 2060 2933 2115 nostri
2966 2057 3254 2129 aperiunt,
3281 2069 3410 2110 cum
3443 2052 3513 2107 ad
3547 2065 3684 2106 suc-

1995 2152 2345 2207 cendendam
2378 2165 2476 2220 per
2494 2149 2764 2220 quaelibet
2793 2149 3033 2204 crimina
3071 2143 3477 2202 conscientiam
3508 2140 3683 2195 indu-

1995 2241 2243 2296 bitanter
2268 2247 2603 2309 erumpunt.

2065 2329 2235 2384 Vens.
2272 2330 2358 2382 47.
2389 2359 2457 2366 -
2491 2349 2517 2376 ‹‹
2546 2325 2807 2381 Formido
2837 2331 2890 2380 et
2934 2323 3178 2392 laqueus
3218 2319 3364 2374 facta
3405 2324 3486 2373 est
3521 2315 3686 2371 nobis

1995 2439 2022 2466 »
2054 2416 2385 2472 vaticinatio
2423 2424 2476 2470 et
2527 2415 2806 2469 contritio.
2842 2431 2868 2462 »
2921 2411 3068 2467 Ordo
3112 2417 3235 2466 est:
3283 2410 3449 2462 Facta
3496 2409 3572 2459 est
3601 2419 3687 2458 no-

1997 2507 2077 2560 bis
2107 2508 2426 2560 vaticinatio
2456 2509 2508 2559 et
2551 2505 2834 2568 contritio,
2875 2503 3098 2569 laqueus
3145 2504 3193 2552 et
3239 2495 3497 2564 formido.
3539 2494 3688 2548 Vati-

1995 2597 2196 2649 cinatio
2223 2603 2324 2662 est,
2359 2609 2490 2649 cum
2524 2607 2683 2648 mens
2713 2592 2942 2647 obsessa
2973 2588 3205 2658 ﬂagitiis
3233 2598 3531 2641 successus
3577 2580 3683 2637 sibi

1993 2697 2312 2753 prosperos,
2344 2690 2397 2738 et
2429 2697 2551 2752 spes
2595 2681 2910 2751 gloriarum
2942 2678 3197 2748 spondet.
3249 2674 3354 2729 Sed
3399 2673 3550 2727 hanc
3577 2684 3686 2724 va-

1995 2772 2382 2828 ticinationem
2411 2770 2676 2840 sequitur
2696 2770 2965 2833 contritio,
3014 2765 3148 2835 quia
3195 2777 3310 2832 quo
3356 2759 3540 2829 magis
3564 2757 3686 2813 sine

1996 2860 2084 2916 sui
2133 2867 2393 2929 respectu
2438 2859 2750 2922 extollitur,
2801 2871 2866 2911 eo
2911 2853 3158 2926 graviori
3213 2849 3555 2921 opprimitur
3599 2861 3686 2902 re-

1927 2957 1965 3011 C
1997 2956 2162 3018 pente
2194 2954 2438 3016 peccato.
2472 2947 2676 3016 Fitque
2703 2959 2835 3000 mox
2870 2951 3185 3011 utrumque
3226 2939 3445 2994 miserae
3481 2935 3686 2990 animae

1993 3036 2229 3103 formido
2285 3041 2335 3090 et
2403 3037 2647 3104 laqueus,
2691 3034 2829 3088 dum
2883 3030 3348 3087 vaticinationem
3403 3023 3687 3081 mordacis

1998 3124 2284 3194 intercipit
2339 3123 2522 3192 culpze
2576 3129 2781 3183 metus,
2863 3128 2918 3176 et
2991 3117 3320 3174 contritioni
3375 3115 3595 3185 adjacet
3639 3111 3686 3166 is

1995 3213 2096 3284 qui
2127 3212 2393 3281 spiritum
2423 3211 2793 3268 confessionis
2838 3209 3102 3265 occludat
3149 3202 3556 3276 desperationis
3603 3201 3685 3256 la-

1997 3314 2201 3371 quens.

2069 3389 2240 3444 Vens.
2273 3389 2360 3442 48.
2391 3417 2456 3427 -
2497 3409 2524 3436 α
2572 3388 2892 3442 Divisiones
2934 3397 3221 3456 aquarum
3265 3380 3504 3438 deduxit
3549 3393 3686 3434 ocu-

2002 3497 2022 3524 ι
2057 3476 2148 3531 lus
2179 3491 2339 3531 meus
2370 3475 2427 3530 in
2459 3476 2799 3531 contritione
2849 3473 2976 3530 ﬁliae
3028 3471 3221 3542 populi
3251 3469 3384 3525 mei.
3425 3489 3454 3519 ιο
3503 3469 3687 3538 Aquae

1995 3565 2358 3630 dividuntur,
2416 3578 2550 3619 cum
2596 3563 2912 3632 spiritualis
2970 3560 3312 3616 subtilitates
3362 3556 3684 3626 intelligen-

1998 3653 2108 3719 tiae,
2144 3653 2186 3707 si
2219 3667 2348 3722 quae
2387 3652 2716 3712 rescderint,
2757 3652 3187 3720 disperguntur.
3239 3648 3374 3710 Has,
3425 3645 3563 3700 dum
3593 3658 3688 3712 po-

1999 3741 2170 3812 pulus
2199 3741 2532 3807 conteritur,
2569 3741 2751 3794 oculus
2778 3739 3025 3805 deducit,
3077 3735 3233 3806 quia,
3287 3735 3426 3790 dum
3467 3731 3687 3787 sceleri-

1999 3830 2107 3885 bus
2138 3829 2333 3898 incipit
2381 3829 2678 3898 subjacere
2722 3827 3054 3883 intentionis
3095 3837 3358 3890 acumen,
3410 3820 3688 3891 paulatim

1995 3925 2342 3973 extenuatus
2380 3916 2619 3972 interius
2647 3924 2812 3972 extra
2841 3930 2898 3970 se
2932 3913 3138 3971 fundit.

2800 4019 2913 4060 AIN.

2069 4093 2240 4150 Vens.
2273 4094 2360 4157 49,
2397 4095 2483 4148 50.
2531 4123 2602 4134 -
2634 4117 2659 4138 ‹-
2705 4093 2923 4149 Oculus
2952 4106 3116 4148 meus
3155 4090 3404 4146 afflictus
3447 4095 3550 4155 est,
3585 4101 3692 4142 nec

2003 4202 2031 4232 ››
2067 4182 2263 4248 tacuit,
2292 4197 2358 4237 eo
2389 4183 2542 4252 quod
2575 4197 2689 4237 non
2731 4188 2877 4237 esset
2908 4181 3152 4251 requies.
3198 4181 3389 4235 Donec
3437 4177 3692 4246 respice-

194 4271 298 4325 diu
353 4247 412 4325 in
470 4247 784 4325 intentione
848 4269 1123 4339 peccandi
1201 4247 1565 4339 perseverare
1644 4247 1888 4340 proban-
1928 4247 1974 4302 Β
2006 4291 2029 4320 ι
2058 4279 2158 4338 ret,
2191 4247 2256 4327 et
2283 4247 2498 4325 vide-ret
2529 4271 2806 4326 Dominus
2835 4270 2902 4325 de
2949 4247 3120 4325 cmlis.
3161 4291 3182 4317 ι
3239 4269 3435 4325 Oculus
3482 4264 3690 4335 affligi-

195 4366 311 4423 tur,
347 4366 402 4413 et
441 4358 848 4414 inexorabilem
909 4358 1090 4413 Deum
1145 4357 1356 4413 faciant
1411 4365 1465 4414 et
1517 4358 1748 4414 minime
1794 4373 1894 4416 au-

194 4446 452 4501 diantur.

921 4547 1164 4588 SAMECH.

267 4621 439 4678 Vens.
473 4621 560 4675 43.
593 4651 663 4661 -
704 4643 730 4669 «
771 4621 1056 4690 Operuisti
1100 4620 1158 4674 in
1206 4620 1414 4687 furore,
1463 4628 1518 4676 et
1562 4621 1890 4690 percussisti

199 4731 222 4758 ι
258 4723 379 4775 nos,
410 4709 680 4772 occidisti,
737 4724 841 4765 nec
881 4709 1193 4778 pepercisti.
1233 4729 1260 4758 »
1297 4709 1555 4775 Samech,
1610 4709 1887 4780 interpre-

194 4802 354 4851 tatur
400 4797 554 4849 audi.
615 4797 851 4852 Summa
916 4797 1068 4852 enim
1136 4812 1260 4866 ope,
1320 4812 1437 4867 quo
1486 4797 1891 4854 inexorabilior

191 4885 534 4950 aestimatur,
575 4885 789 4940 dimota
833 4899 1145 4954 pravorum
1188 4887 1547 4955 appetituum
1590 4887 1884 4955 densitate,

191 4986 422 5027 necesse
447 4981 530 5028 est
561 4981 625 5029 ut
655 4974 872 5039 audiat,
919 4974 965 5028 si
995 4974 1268 5030 obnixius
1317 4973 1676 5028 inclametur.
1711 4976 1770 5027 In
1793 4976 1885 5041 fu-

189 5077 315 5114 rore
345 5063 661 5131 operimur,
691 5077 822 5118 cum
857 5063 1112 5117 irruente
1141 5062 1448 5117 criminum
1497 5062 1706 5116 nebula
1733 5063 1886 5117 desi-

192 5150 424 5219 pientia;
490 5157 650 5206 nocte
713 5149 1107 5218 deprimimur.
1177 5149 1555 5212 Percutimur,
1621 5164 1750 5204 cum
1814 5151 1886 5205 ab

192 5237 348 5291 omni
387 5237 712 5307 integritate
743 5239 1066 5308 dejicimur.
1097 5238 1313 5293 Occidit
1343 5237 1512 5302 Deus,
1556 5251 1660 5292 nec
1705 5251 1886 5306 peper-

192 5325 288 5390 cit,
317 5339 452 5380 cum
486 5325 748 5394 spiritum
777 5341 810 5380 a
837 5341 942 5382 sua
973 5325 1449 5395 luceexstinguit,
1476 5325 1534 5380 in
1559 5339 1673 5394 quo
1697 5333 1886 5382 tamen

191 5412 359 5466 nobis
408 5420 682 5480 parceret,
727 5413 774 5466 si
823 5413 911 5467 vel
957 5414 1204 5469 scintilla
1249 5412 1414 5468 nobis
1456 5413 1703 5484 alicujus
1728 5413 1888 5470 bene-

190 5499 458 5556 volentiae
490 5508 829 5556 remaneret.

1999 4369 2114 4427 tur,
2147 4376 2240 4414 nec
2287 4367 2453 4426 tacet,
2499 4374 2629 4415 cum
2676 4359 2910 4414 intentio
2957 4359 3112 4414 vitiis
3170 4357 3457 4423 atteritur,
3507 4370 3611 4412 nec
3657 4368 3692 4408 a

1999 4449 2238 4518 strepitu
2296 4447 2706 4503 desideriorum
2753 4447 2924 4502 etiam
3001 4447 3346 4502 conscientia
3415 4459 3474 4500 se
3520 4458 3692 4500 accu-

1998 4538 2177 4593 sando
2231 4537 2520 4606 afﬂigente
2569 4537 2807 4592 cohibet.
2859 4537 2929 4590 Et
2982 4536 3089 4591 hoc
3141 4535 3201 4590 fit
3255 4535 3394 4604 quia
3450 4549 3556 4587 non
3607 4539 3692 4587 est

1997 4627 2228 4692 requies,
2263 4623 2421 4678 nulla
2455 4622 2715 4677 videlicet
2762 4622 2835 4677 ab
2867 4629 3010 4676 aestu
3059 4619 3326 4675 interiore
3370 4618 3688 4687 temperies,

1998 4711 2160 4765 donec
2199 4711 2480 4780 respiciat,
2533 4718 2588 4766 et
2633 4711 2826 4766 videat
2877 4713 3132 4764 Dominus
3177 4709 3242 4762 de
3289 4708 3460 4773 caelis,
3510 4707 3689 4762 donec

1997 4799 2200 4868 utique
2255 4799 2612 4864 misereatur,
2669 4805 2724 4852 et
2772 4798 3047 4867 approbet
3097 4796 3526 4851 conversionem
3587 4808 3687 4848 no-

1995 4894 2172 4941 stram
2208 4887 2484 4942 Dominus
2533 4901 2630 4956 per
2677 4885 3048 4942 imitationem
3096 4883 3335 4941 caelestis
3378 4895 3690 4940 conversa-

1997 4975 2186 5030 tionis.

2067 5063 2236 5120 Vens.
2272 5065 2357 5116 5t.
2391 5094 2458 5102 ——
2485 5081 2510 5114 ε
2558 5063 2772 5118 Oculus
2828 5076 2992 5117 meus
3029 5061 3392 5130 deprzedatus
3436 5067 3520 5116 est
3562 5061 3686 5115 ani-

2000 5171 2021 5197 ι
2059 5165 2207 5205 mam
2233 5156 2382 5204 256
2417 5164 2601 5206 meam
2637 5150 2694 5204 in
2726 5151 2950 5204 cunctis
2999 5149 3226 5204 filiabus
3257 5150 3414 5205 urbis
3462 5163 3620 5204 meae.
3659 5170 3683 5197 ι

1995 5239 2124 5304 Ain,
2181 5239 2592 5307 interpretatur
2633 5239 2836 5291 oculus.
2889 5238 2958 5292 Et
3014 5236 3146 5308 quis
3186 5245 3271 5293 est
3323 5238 3527 5302 oculus,
3578 5236 3686 5292 nisi

1996 5325 2120 5394 ipsa
2149 5326 2346 5381 eadem
2369 5327 2628 5392 intentio,
2661 5340 2792 5396 quae
2835 5327 3090 5380 animam
3132 5326 3515 5396 depraedatur,
3548 5326 3688 5381 dum

1995 5422 2202 5469 cuncta
2247 5430 2377 5484 quze
2433 5415 2574 5471 bene
2624 5429 2892 5470 exercere
2943 5415 3256 5485 aliquando
3299 5415 3544 5479 videtur,
3587 5427 3705 5484 per.

1994 5503 2088 5560 sui
2144 5505 2671 5575 przevaricationem
2727 5503 3037 5573 subtrahit,
3094 5505 3232 5561 dum
3276 5505 3475 5561 laudes
3530 5503 3690 5560 fora-
