3934 6086
292 210 394 263 475

1177 209 1236 262 ν.
1279 208 1605 265 GUIBERTI
1643 210 1933 266 ABBATIS
1970 213 2025 266 S.
2070 212 2310 266 MARIAS
2351 213 2438 264 DE
2479 209 2882 268 NOVIGENTO

3681 208 3806 261 476

291 339 462 396 sticas
510 342 891 410 aucupatur?
932 340 1035 394 Sed
1083 340 1188 395 hoc
1231 355 1346 395 non
1394 341 1454 396 lit
1501 341 1608 396 nisi
1651 344 1709 395 in
1752 343 1976 404 ﬁliabus
2012 351 2058 402 Α
2090 343 2300 399 tionem
2331 343 2476 399 redit
2508 343 2712 398 rationi
2739 343 2830 398 sui
2862 342 3018 412 quod
3047 343 3319 398 amiserat
3368 340 3594 396 arbitrii
3640 339 3818 408 prin-

292 429 465 497 urbis,
497 444 635 496 suae,
675 429 732 484 in
784 428 1016 484 mollitie
1048 428 1310 484 videlicet
1353 429 1658 485 habituum
1702 432 1992 487 conscien-

295 517 385 573 tia;
423 525 650 573 nostrae.

1064 621 1222 661 SADE.

367 693 656 748 Vsas.52.
717 724 785 732 —
835 717 854 742 ι
920 694 1234 751 Venatione
1299 705 1575 766 ceperunt
1652 711 1743 752 me
1825 697 1991 767 quasi

301 803 320 829 ι
353 796 514 836 avem
553 782 765 838 inimici
802 784 910 838 mei
960 785 1154 854 gratis.
1188 806 1208 831 ι
1268 784 1431 849 Sade,
1485 785 1696 841 dicitur
1741 785 1989 855 justitia,

295 884 425 938 qua:
449 877 637 926 tamen
659 870 888 940 justitia
920 887 1031 926 non
1068 873 1181 927 alia
1210 874 1351 928 mihi
1385 875 1609 929 videtur
1635 888 1811 944 quam
1833 876 1990 944 quod

285 960 444 1027 justo
467 960 561 1014 Dei
590 961 808 1028 judicio
839 962 1049 1030 cuique
1079 962 1248 1018 etiam
1281 963 1337 1017 in
1388 966 1655 1032 praesenti
1705 966 1774 1020 ad
1825 967 1992 1021 meri-

292 1054 415 1101 tum
465 1049 827 1104 retribuitur.
891 1050 1046 1105 Unde
1100 1051 1262 1120 quasi
1295 1067 1459 1106 avem
1513 1052 1585 1107 ab
1629 1053 1876 1108 inimicis
1931 1068 1989 1108 se

289 1140 571 1190 venatione
599 1145 828 1206 captum
883 1139 1167 1207 queritur,
1210 1141 1351 1209 quia
1381 1155 1480 1208 per
1519 1141 1822 1208 levitatem,
1857 1157 1988 1211 quae

293 1223 350 1278 in
372 1225 465 1278 avi
499 1224 806 1294 ﬁguratur,
859 1229 1033 1292 gratis
1079 1235 1133 1281 et
1173 1227 1293 1280 sine
1339 1229 1493 1282 omni
1537 1229 1728 1284 fructu
1777 1230 1848 1284 ab
1894 1231 1984 1286 his

291 1311 394 1380 qui
421 1328 534 1368 non
567 1314 674 1368 nisi
718 1314 974 1368 carnalia
1017 1324 1309 1384 quaerunt,
1345 1317 1507 1372 vanis
1538 1317 1829 1372 favoribus
1859 1318 1990 1372 irre-

293 1400 452 1454 titur.
490 1402 557 1456 Et
590 1410 738 1457 recte
765 1402 1024 1457 inimicos
1062 1405 1339 1471 nominat,
1386 1421 1532 1474 quos
1566 1407 1622 1460 in
1656 1407 1744 1460 sui
1778 1406 1988 1461 beatiﬁ-

291 1487 528 1552 catione,
567 1489 738 1558 juxta
787 1491 1144 1560 prophetam,
1197 1492 1543 1561 deceptiores
1592 1493 1794 1562 probat
1837 1494 1980 1560 (Isa.

291 1591 369 1641 ιιι,
407 1579 470 1628 l2
496 1577 535 1646 ).

2103 431 2345 500 cipatus.
2380 432 2604 487 Judicat
2633 446 2853 485 causam
2891 433 3086 484 anima
3108 434 3304 485 nostra
3329 427 3628 492 Dominus,
3660 441 3812 482 cum

2100 519 2370 576 discernit
2401 520 2830 575 commissiones
2875 520 3065 574 carnis
3105 526 3158 573 et
3205 518 3461 586 spiritus.
3517 517 3676 572 Unde
3709 531 3814 568 re-

2100 607 2344 676 demptor
2366 611 2492 662 vita
2541 615 2745 664 nostra:
2809 607 3039 674 dicitur,
3101 607 3242 676 quia
3302 614 3492 660 motus
3533 604 3812 668 rationis,

2099 695 2218 750 sine
2247 696 2462 765 quibus
2491 711 2604 750 non
2638 696 2874 762 vivitur,
2908 709 2941 748 a
2973 694 3265 750 veteribus
3302 693 3551 748 eximere
3589 705 3815 746 mrum—

2099 784 2188 839 nis
2217 785 2662 839 misericorditer
2690 784 2984 854 dignatur.

2171 874 2335 928 Vsns.
2374 876 2458 927 59.
2507 902 2580 913 —
2626 893 2653 921 «
2698 873 2921 936 Vidisti,
2976 871 3232 936 Domine,
3284 869 3641 939 iniquitatem
3690 868 3805 922 ad-

2105 982 2126 1008 ι
2164 974 2393 1015 versum
2428 974 2553 1015 me:
2586 959 3089 1030 judicajudicium
3141 973 3352 1013 meum.
3392 979 3412 1004 ι
3467 957 3630 1012 Videt
3681 958 3809 1010 Do—

2100 1048 2294 1103 minus
2336 1039 2696 1118 iniquitatem
2755 1048 3042 1101 adversum
3081 1061 3202 1112 nos,
3252 1059 3383 1101 cum
3439 1045 3631 1098 videre
3689 1057 3810 1097 nos

2097 1137 2231 1192 facit
2263 1137 2524 1192 stimulos
2574 1137 2853 1190 adversus
2884 1135 3149 1204 spiritum
3192 1132 3626 1202 superequitare
3663 1144 3804 1186 cor-

2098 1239 2317 1292 poreos.
2345 1224 2633 1278 Judicium
2673 1231 2935 1278 nostrum
2977 1223 3220 1292 judicat,
3261 1236 3392 1276 cum
3427 1219 3807 1275 intellectua-

2099 1310 2310 1366 litatem
2349 1312 2421 1367 ad
2469 1312 2741 1367 universa
2789 1310 3228 1366 discernendum
3271 1324 3375 1364 suo
3415 1308 3622 1377 illapsu
3653 1307 3808 1361 illu—

2096 1400 2296 1453 minat.

2169 1487 2339 1544 Vnus.
2368 1487 2458 1542 60.
2507 1518 2575 1526 —
2609 1509 2636 1537 ‹‹
2689 1487 2891 1546 Vidisti
2939 1501 3164 1541 omnem
3229 1485 3498 1546 furorem,
3558 1483 3807 1538 univer-

2101 1597 2124 1625 ι
2162 1589 2255 1632 sas
2305 1577 2676 1646 cogitationes
2739 1590 2936 1631 eorum
2990 1576 3300 1630 adversum
3352 1587 3459 1628 me.
3518 1591 3544 1619 »
3608 1572 3804 1626 Furor

362 1640 532 1719 Vnus.
570 1669 653 1719 53.
683 1696 751 1705 —
805 1687 825 1714 ε
879 1669 1058 1735 Lapsa
1087 1675 1169 1723 est
1223 1668 1280 1723 in
1333 1668 1520 1723 lacum
1576 1669 1690 1724 vita
1735 1683 1882 1738 mea,
1931 1677 1985 1726 et
2025 1640 2065 1695 Β
2097 1640 2519 1732 vitiorum'est,
2572 1665 2746 1734 quod,
2796 1664 2946 1733 apud
2991 1663 3113 1729 .lob,
3165 1662 3380 1717 clamor
3420 1661 3631 1716 dicitur
3659 1673 3805 1714 exa-

293 1775 318 1796 ››
354 1761 673 1820 posuerunt
703 1753 948 1823 lapidem
981 1771 1156 1825 super
1191 1771 1301 1812 me.
1337 1780 1357 1804 ι
1395 1758 1458 1812 In
1501 1760 1676 1811 lacum
1700 1761 1816 1812 vita
1843 1758 1984 1813 labi-

291 1843 406 1902 tur,
457 1852 588 1891 cum
641 1839 696 1892 in
749 1839 1141 1906 labyrinthum
1186 1841 1622 1910 inexpedibilem
1662 1850 1846 1897 status
1890 1857 1986 1897 no-

290 1931 404 1979 ster
453 1926 786 1981 inclinatur.
835 1927 997 1996 Lapis
1026 1929 1454 1997 superponitur,
1486 1944 1616 1984 cum
1652 1931 1856 1985 mentis
1886 1931 1986 1985 ob-

289 2012 516 2068 duratio
542 2013 870 2083 cogitationi
901 2015 956 2068 in
989 2015 1189 2070 intima
1231 2031 1430 2072 mersae
1468 2018 1794 2073 adducitur.
1825 2019 1984 2074 Unde

291 2101 577 2168 psalmus:
609 2122 636 2153 α
672 2102 796 2157 Non
848 2103 1169 2169 absorbeat,
1219 2103 1429 2174 inquit,
1472 2120 1564 2162 me
1605 2106 1981 2176 profundum,

288 2203 476 2258 neque
507 2198 711 2260 urgeat
730 2205 902 2260 super
931 2206 1020 2246 me
1052 2200 1260 2261 puteus
1283 2207 1346 2248 os
1380 2208 1553 2248 suum
1585 2194 1756 2261 (Psal.
1788 2209 1982 2261 vant,

292 2278 457 2345 16.)»
524 2277 684 2344 Quod
734 2279 849 2335 illic
902 2294 1130 2350 urgere,
1185 2281 1291 2336 hoc
1347 2281 1440 2337 hic
1500 2281 1740 2351 lapidem
1793 2296 1986 2352 super-

290 2380 517 2435 ponere.

357 2455 522 2511 Vens.
556 2456 642 2510 54.
672 2486 741 2495 —
772 2477 800 2504 «
863 2456 1306 2512 Inundaverunt
1362 2471 1529 2527 aqua:
1579 2473 1754 2528 super
1810 2467 1984 2528 caput

292 2563 313 2589 ι
345 2556 557 2598 meum.
592 2543 760 2598 Dixi:
797 2543 960 2599 Perii.
1000 2565 1020 2591 ι
1056 2547 1231 2614 Aquae
1274 2561 1437 2614 super
1465 2553 1630 2615 caput
1670 2547 1980 2615 inundant,

291 2644 422 2685 cum
493 2631 690 2686 ﬂuxus
745 2632 1068 2687 carnalium
1139 2633 1503 2702 voluptatum
1580 2635 1734 2690 ultra
1804 2650 1978 2704 quam

287 2733 448 2774 mens
502 2733 704 2787 capere
750 2721 941 2788 possit,
1013 2735 1134 2775 sese
1174 2721 1222 2776 ei
1279 2724 1670 2778 accumulant.
1724 2725 1883 2780 Unde
1929 2731 1983 2780 et

287 2806 518 2875 periisse
577 2821 635 2863 se
690 2807 844 2875 dicit,
935 2809 1076 2877 quia
1147 2824 1425 2878 quorsum
1499 2813 1740 2867 evadere
1797 2813 1983 2867 valeat

288 2893 485 2949 nescit.

1067 3000 1229 3040 COPH.

356 3070 527 3126 Vens.
576 3073 660 3124 55.
715 3102 782 3111 —
835 3093 854 3119 ι
908 3074 1174 3128 Invocavi
1226 3088 1432 3129 nomen
1485 3083 1670 3142 tuum,
1721 3075 1975 3143 Domine,

290 3180 311 3206 ι
338 3159 406 3213 de
435 3158 564 3214 lacu
596 3160 932 3217 novissimo.
975 3181 1003 3211 υ
1046 3163 1220 3231 Coph,
1267 3167 1494 3218 vacatio.
1554 3164 1844 3220 Vocamur
1873 3179 1977 3220 au-

287 3253 417 3312 tem,
452 3261 583 3301 cum
616 3245 762 3303 inter
802 3249 1088 3304 molestias
1133 3251 1426 3306 interiores
1476 3237 1543 3305 ad
1594 3252 1859 3307 divinum
1891 3266 1977 3306 re-

284 3348 517 3390 currere
547 3336 846 3392 oraculum
896 3338 1255 3394 rationaliter
1296 3341 1692 3395 admonemur.
1727 3343 1982 3394 Invocari

282 3439 473 3477 nomen
504 3429 672 3492 tuum,
722 3425 979 3492 Domine,
1015 3441 1129 3482 non
1179 3434 1263 3482 est
1316 3427 1470 3482 aliud
1523 3442 1696 3497 quam
1733 3429 1812 3483 De
1843 3443 1980 3498 pro-

283 3512 478 3568 fundis
525 3513 768 3570 clamavi
819 3514 893 3568 ad
943 3521 993 3569 te
1028 3516 1197 3585 (Psat.
1238 3528 1440 3582 CXXIX,
1495 3517 1568 3584 1).
1619 3515 1780 3581 Quod
1823 3518 1975 3572 enim

283 3603 349 3654 de
378 3603 692 3670 pro/undis,
728 3603 832 3657 hoc
853 3603 921 3658 de
952 3604 1070 3656 lacu
1096 3605 1404 3657 novissimo.

357 3690 524 3746 Vnus.
548 3691 633 3745 56.
667 3721 735 3729 —
791 3713 811 3739 ε
865 3691 1072 3747 Vocem
1124 3705 1311 3746 meam
1361 3692 1592 3758 audisti,
1635 3707 1707 3747 ne
1754 3701 1979 3749 avertas

285 3799 312 3826 »
347 3792 547 3834 aurem
581 3787 738 3834 tuam
770 3793 802 3832 a
833 3779 1094 3848 singultu
1126 3793 1249 3835 meo
1297 3787 1350 3834 et
1392 3780 1756 3836 clamoribus.
1800 3803 1820 3828 ο
1853 3782 1979 3838 Vox

283 3867 348 3920 de
402 3868 523 3921 lacu
573 3870 864 3922 novissimo
919 3868 1223 3922 clamantis
1271 3869 1527 3935 auditur,
1585 3884 1716 3924 cum
1752 3871 1981 3941 rugitus

283 3954 518 4009 interior
540 3955 607 4008 de
632 3959 783 4009 statu
839 3969 981 4023 pene
1031 3955 1372 4025 desperabili
1429 3957 1485 4010 in
1539 3957 1766 4012 divinas
1810 3972 1978 4014 aures

281 4042 624 4097 admittitur.
659 4043 871 4098 Audire
910 4051 1103 4098 autem
1158 4045 1270 4105 Dei,
1323 4052 1406 4099 est
1455 4046 1977 4114 concupiscentiam

283 4131 521 4200 spiritus
568 4131 846 4187 adversus
895 4146 1123 4188 carnem
1191 4133 1276 4188 vel
1327 4133 1396 4187 ad
1450 4134 1734 4189 modicum
1785 4136 1973 4192 suble-

283 4233 441 4273 vare.
475 4218 774 4289 Singultus
831 4228 933 4287 est,
984 4236 1115 4276 cum
1187 4235 1344 4276 mens
1401 4222 1559 4290 prius
1607 4223 1826 4278 timoris
1869 4239 1980 4279 an—

283 4307 496 4363 xietate
557 4308 858 4376 quatitur;
930 4309 1150 4364 clamor
1221 4323 1378 4376 vero,
1426 4324 1557 4364 cum
1618 4309 1978 4365 vehementia

283 4395 517 4451 fervidae
566 4397 1023 4466 compunctionis
1067 4397 1365 4452 attollitur.
1408 4398 1490 4452 Ab
1542 4397 1630 4452 his
1675 4398 1770 4452 Dei
1819 4398 1979 4454 auris

288 4498 401 4540 non
456 4484 756 4551 avertitur,
805 4499 937 4540 cum
1006 4485 1135 4555 ejus
1207 4485 1572 4554 aspirationis
1628 4486 1977 4542 nutrimento

287 4581 602 4642 utrumque
631 4573 886 4629 fulcitur.

359 4661 526 4716 Vnus.
558 4664 643 4714 57.
675 4689 746 4701 —
778 4685 797 4709 σι
856 4661 1349 4731 Appropinquasti
1407 4661 1461 4715 in
1500 4661 1589 4716 die
1619 4662 1852 4732 quando
1886 4663 1978 4716 in-

290 4773 310 4797 ι
349 4751 549 4805 vocavi
584 4757 654 4804 te.
705 4749 950 4805 Dixisti:
993 4750 1074 4805 Ne
1105 4751 1322 4804 timeas.
1362 4769 1388 4799 »
1438 4751 1597 4814 Quod
1638 4758 1722 4805 est
1751 4751 1973 4807 dicere:

285 4839 428 4896 Cum
469 4838 630 4894 lacus
675 4837 812 4894 mihi
868 4839 1303 4905 tenebrasceret,
1358 4846 1420 4893 tu
1466 4838 1612 4894 diem
1657 4839 1863 4894 interni
1897 4839 1981 4894 lu-

286 4927 460 4982 minis
509 4935 608 4982 tua
671 4926 1101 4996 propinquitate
1147 4927 1390 4994 donasti,
1445 4942 1548 4984 nec
1614 4928 1844 4983 dixisti:
1898 4927 1980 4984 Ne

286 5015 516 5081 clames,
551 5014 648 5071 sed
699 5015 922 5084 potius:
958 5015 1038 5070 Ne
1077 5018 1286 5082 timeas,
1319 5024 1382 5072 ut
1416 5016 1568 5086 quod
1608 5016 1807 5072 timore
1850 5031 1982 5071 con-

287 5102 523 5171 ceperis,
553 5117 746 5159 amore
773 5102 1069 5158 exhibeas.
1727 5117 1730 5120 ’

1075 5207 1196 5248 RES.

361 5278 532 5336 Vnus.
568 5283 656 5334 58.
680 5308 754 5320 —
783 5301 804 5328 ι
841 5280 1137 5348 Judicasti,
1189 5281 1445 5348 Domine,
1488 5294 1722 5336 causam
1773 5281 1978 5336 animae

295 5388 314 5413 ιι
352 5380 510 5434 mete,
567 5368 909 5438 Redemptor
951 5369 1083 5425 vita)
1146 5384 1305 5424 meae.
1346 5390 1366 5417 ι
1418 5371 1544 5435 Res,
1596 5368 1807 5424 dicitur
1850 5372 1978 5437 pri-

290 5461 488 5510 matus.
513 5455 627 5512 Nec
679 5456 731 5510 id
764 5455 998 5528 injuria.
1035 5458 1162 5514 Post
1218 5458 1474 5513 divinam
1531 5457 1682 5512 enim
1736 5458 1977 5514 exaudi-

2095 1751 2268 1807 ctoris
2313 1752 2449 1821 (Job.
2515 1765 2726 1816 xxxnx,
2778 1752 2852 1820 '7).
2906 1752 3276 1818 Cagitationes
3315 1764 3497 1803 eorum
3545 1761 3612 1802 ea
3653 1755 3803 1802 sunt

2094 1855 2225 1910 quae
2256 1840 2462 1894 mentis
2489 1840 2788 1894 obtutibus
2816 1838 3144 1894 omnimoda
3190 1836 3598 1907 imaginatione
3627 1850 3803 1905 coag-

2095 1937 2314 1999 gerant.
2377 1930 2570 1996 Cogito
2615 1928 2768 1982 enim
2822 1926 3309 1997 frequentativum
3339 1939 3374 1980 a
3423 1941 3567 1993 cogo,
3621 1927 3792 1992 cogis,

2093 2018 2172 2072 nil
2205 2017 2364 2073 aliud
2411 2031 2587 2087 quam
2638 2017 2964 2072 coadunare
3006 2023 3110 2072 est.
3164 2016 3324 2072 Unde
3371 2013 3535 2081 illud,
3572 2036 3592 2062 ι
3628 2028 3792 2085 coge,

2093 2105 2304 2176 inquit,
2341 2105 2648 2161 concilium
2701 2107 2834 2174 (Isa.
2878 2119 2998 2173 xvr,
3034 2103 3114 2173 3.)
3151 2126 3171 2151 ι
3222 2104 3354 2171 Has,
3411 2103 3669 2173 inquam,
3705 2117 3797 2159 co-

2093 2195 2395 2266 gitationes
2450 2194 2602 2249 Deus
2654 2193 2826 2260 videt,
2879 2207 3012 2248 cum
3061 2191 3226 2247 nobis
3273 2189 3570 2247 acuminat
3607 2190 3680 2245 ad
3734 2189 3795 2245 id

2092 2281 2513 2353 providendum
2544 2281 2929 2338 discretiones.

2888 2384 2990 2425 SIN.

2163 2458 2334 2514 Vsus.
2360 2461 2445 2512 6t.
2490 2489 2556 2496 ——
2597 2481 2616 2506 ι
2651 2456 2874 2513 Audisti
2899 2457 3204 2527 opprobria
3249 2469 3472 2523 eorum,
3528 2454 3785 2517 Domine.

2096 2567 2122 2597 ι)
2156 2561 2352 2602 omnes
2401 2547 2773 2616 cogitationes
2825 2560 3026 2602 eorum
3072 2546 3377 2601 adversum
3436 2558 3545 2599 me.
3583 2565 3603 2591 ι
3663 2542 3786 2609 Sin,

2091 2635 2302 2690 dicitur
2329 2651 2493 2703 super
2543 2637 2786 2690 vulnus.-
2820 2636 2887 2690 Et
2933 2635 3168 2702 morale,
3210 2642 3292 2689 est
3324 2641 3388 2689 ut
3437 2633 3793 2702 cataplasma

2092 2724 2322 2778 vulneri
2360 2724 2707 2793 imponatur.
2745 2724 2905 2790 Quod
2952 2738 3067 2778 non
3098 2723 3252 2778 aliud
3300 2730 3384 2777 est
3421 2735 3596 2791 quam
3630 2720 3789 2789 quod

2092 2813 2373 2881 sequitur.
2436 2813 2668 2881 Semper
2715 2821 2946 2867 amatur
2993 2813 3049 2866 in
3100 2827 3215 2881 quo
3263 2825 3335 2866 ex
3379 2810 3790 2866 deliberatione

2023 2937 2062 2992 Ο
2092 2907 2382 2969 peccatur,
2415 2908 2470 2955 et
2508 2900 2634 2955 ideo
2682 2900 2892 2970 probro
2937 2902 3130 2955 minus
3175 2899 3522 2968 imputatur.
3571 2898 3786 2950 Eorum

2091 3002 2228 3057 ergo
2257 2989 2408 3043 Deus
2448 2988 2741 3057 approbria
2782 2986 2963 3052 audit,
3001 3001 3132 3041 cum
3161 3000 3337 3054 quam
3366 2985 3483 3040 sint
3508 2984 3788 3053 probrosa

2089 3085 2140 3131 et
2168 3076 2436 3144 pudenda
2465 3090 2538 3130 ex
2569 3075 2922 3144 plenitudine
2955 3075 3329 3144 paenitudinis
3357 3072 3595 3142 intelligi
3628 3072 3782 3127 facit.

2087 3164 2415 3219 Notandum
2456 3163 2658 3232 repetit
2706 3163 2864 3232 quod
2915 3163 2971 3217 in
3018 3161 3299 3231 superiori
3338 3161 3556 3216 dictum
3599 3160 3788 3215 fuerat

2089 3267 2277 3315 versu,
2333 3261 2385 3306 et
2439 3252 2672 3306 forsitan
2721 3266 2836 3306 non
2893 3252 2995 3306 abs
3061 3265 3140 3305 re.
3174 3249 3363 3306 omnes
3434 3251 3788 3314 cogitationes

2086 3355 2268 3394 eorum
2297 3341 2584 3394 adversum
2645 3355 2765 3406 nos,
2825 3341 2964 3409 quia
3017 3354 3133 3408 quo
3189 3338 3376 3407 magis
3428 3351 3531 3392 nos
3582 3350 3786 3391 eorum

2090 3429 2380 3497 puduerit,
2409 3437 2605 3498 etquo
2636 3429 2820 3498 major
2863 3435 3063 3483 contra
3105 3428 3226 3481 haec
3272 3427 3471 3480 eadem
3519 3425 3628 3480 erit
3673 3439 3788 3479 no-
3881 3440 3900 3458 ν

2086 3523 2204 3571 stra
2251 3515 2502 3582 rebellio,
2567 3523 2723 3571 tanto
2799 3515 3046 3571 acriores
3105 3513 3359 3570 assultus
3419 3512 3790 3582 experiemur

2092 3605 2363 3660 internos.

2159 3693 2327 3750 Vens.
2359 3695 2445 3747 62.
2493 3724 2560 3731 —
2609 3715 2628 3740 ι
2685 3692 2858 3747 Labia
2905 3691 3334 3762 insurgentium
3374 3689 3534 3756 mihi,
3569 3697 3622 3745 et
3669 3703 3785 3744 me-

2093 3801 2116 3829 »
2149 3780 2451 3836 ditationes
2480 3795 2679 3836 eorum
2728 3781 3035 3835 adversum
3081 3794 3171 3835 me
3211 3787 3326 3834 tota
3374 3779 3483 3834 die.
3518 3801 3539 3826 ι
3591 3780 3787 3833 Insur-

2085 3873 2325 3935 gentium
2368 3869 2534 3936 labia,
2604 3870 2682 3923 nil
2737 3869 2894 3923 aliud
2951 3876 3087 3923 sunt
3135 3882 3312 3938 quam
3367 3867 3785 3938 emergentium

2086 3958 2522 4027 suggestionum
2574 3971 2837 4012 susurra.
2896 3957 3068 4012 Mulae
3107 3956 3258 4012 enim
3302 3954 3641 4011 tentationes
3701 3954 3785 4008 nil

2086 4045 2243 4100 aliud
2283 4059 2460 4114 quam
2488 4046 2663 4100 verba
2691 4053 2828 4100 sunt
2856 4061 2869 4110 ;
2895 4060 3045 4114 quae,
3073 4046 3226 4115 quod
3276 4045 3371 4099 alii
3404 4043 3613 4103 verbis.
3652 4043 3784 4112 ipsa;

2086 4133 2401 4202 specierum
2455 4132 2736 4188 lenocinio
2807 4141 3109 4203 peragunt.
3169 4133 3544 4187 Meditationes
3602 4147 3784 4185 eorum

2021 4231 2061 4286 ι)
2088 4222 2535 4284 retraetationes.
2571 4221 2657 4276 vel
2708 4223 2899 4291 potius
2945 4221 3342 4276 delectationes
3381 4234 3503 4275 esse
3541 4233 3784 4274 noscun-

2083 4316 2181 4366 tur
2213 4310 2548 4378 imaginum.
2581 4311 2699 4365 Hac
2746 4311 2895 4366 ﬁunt
2937 4315 3050 4364 tota
3094 4310 3201 4376 die,
3251 4309 3452 4378 procul
3481 4307 3656 4362 dubio
3696 4321 3784 4362 as-

2085 4399 2265 4453 sidue.
2663 4464 2678 4474 ,

2159 4487 2336 4542 Vsus.
2372 4490 2460 4541 39.
2490 4517 2558 4528 —
2591 4510 2610 4536 ι
2662 4487 2978 4543 Sessiouem
3026 4501 3246 4553 eorum,
3297 4494 3351 4542 et
3406 4484 3782 4542 resurrectio-

2090 4595 2110 4623 ι
2148 4589 2276 4629 nem
2305 4590 2505 4630 eorum
2529 4575 2679 4641 vide,
2713 4584 2818 4646 ego
2849 4590 2978 4631 sum
3007 4576 3264 4645 psalmus
3283 4589 3504 4630 eorum.
3538 4593 3565 4625 ι)
3602 4571 3781 4628 Sessio

2085 4677 2266 4716 eorum
2310 4671 2392 4718 est
2439 4677 2511 4717 ex
2553 4663 2830 4719 diabolica
2901 4663 3208 4719 calliditate
3254 4663 3524 4718 vitiorum
3592 4662 3782 4716 fucata

2085 4751 2320 4820 quietio.
2372 4752 2459 4806 Ad
2509 4759 2733 4822 tempus
2769 4753 2922 4807 enim
2973 4766 3007 4807 a
3050 4752 3360 4807 tentatione
3403 4749 3664 4821 quiescit,
3720 4757 3782 4804 ut

2085 4853 2160 4894 ex
2195 4839 2480 4909 insperato
2557 4848 2874 4908 prosternat
2930 4841 3084 4910 quod
3153 4853 3354 4895 secure
3439 4838 3781 4908 aliquandiu

2087 4928 2348 4986 victitare
2410 4928 2684 4998 permisit.
2767 4929 2940 4984 Porro
3009 4934 3154 4982 251
3224 4927 3504 4984 surrectio
3561 4941 3780 4991 eorum,

2085 5018 2364 5072 mentium
2400 5019 2700 5086 repentina
2732 5017 3009 5087 pervasio.
3045 5017 3206 5072 Hanc
3255 5017 3501 5086 petimus
3541 5022 3604 5070 ut
3635 5015 3785 5071 Deus

2086 5106 2294 5171 videat,
2339 5106 2661 5162 discernere
2721 5106 2980 5162 videlicet
3012 5121 3114 5161 nos
3174 5105 3364 5173 faciat,
3423 5113 3488 5161 ut
3543 5105 3682 5161 dum
3728 5104 3783 5160 in

2085 5192 2284 5263 aliqua
2343 5193 2736 5264 perfunctoria
2795 5208 2932 5263 pace
3001 5195 3281 5264 sopimur,
3352 5207 3658 5263 nunquam
3712 5193 3784 5247 ad

2087 5282 2345 5338 subitum
2401 5283 2522 5338 elisi
2601 5283 2944 5352 praecipitari
3027 5283 3334 5352 possimus.
3408 5283 3666 5351 Denique
3723 5281 3783 5336 ﬁt

2083 5371 2330 5440 psalmus
2389 5386 2590 5438 eorum,
2640 5386 2772 5427 cum
2822 5371 3057 5427 intentio
3101 5370 3487 5442 suggestionis
3531 5369 3782 5439 pascitur

2085 5473 2159 5515 ex
2187 5459 2386 5528 inepta
2432 5458 2832 5515 retractatione
2881 5459 3144 5516 cordium
3191 5465 3564 5516 tentatorum.
3624 5457 3780 5512 Psal-
