3928 6070
261 253 369 306 477

993 250 1453 309 TROPOLOGLE
1488 250 1564 308 IN
1601 252 1804 317 OSEE,
1845 250 2027 308 AMOS
2064 252 2151 306 ET
2190 251 2349 308 JER.
2377 282 2448 292 —
2487 252 2614 308 LIB.
2659 254 2718 306 V.
2761 253 2828 308 IN
2866 252 3017 309 JER.

3654 253 3759 308 478

261 397 384 437 mus
410 382 565 439 enim
597 381 677 438 nil
727 380 886 439 aliud
936 388 1021 438 est
1072 395 1249 453 quam
1302 382 1457 453 quod
1502 382 1681 454 vulgo
1738 382 1951 440 dicitur
1985 384 2034 436 Α
2067 404 2087 430 ι
2128 382 2294 453 quasi
2340 382 2588 439 struthio
2648 382 2707 438 in
2765 382 3003 438 deserto.
3072 403 3093 430 ι
3150 382 3394 451 Ghimel,
3451 383 3754 438 retributio.

262 470 467 524 ludius:
501 470 600 540 qui
628 469 750 526 sine
772 471 928 526 vocis
978 471 1252 527 exercitio
1299 471 1604 527 conficitur
1650 471 1878 527 chordis
1903 480 1958 528 et

263 557 551 613 manibus.
610 556 768 613 Sicut
822 571 959 629 ergo
1013 558 1270 627 psalmus
1326 572 1515 627 aures,
1557 560 1637 613 sic
1675 558 1957 615 revolutio

260 644 623 717 cogitationis
675 645 925 701 mulcere
976 646 1349 716 dignoscitur,
1410 654 1465 703 et
1519 647 1739 703 nutrire
1793 647 1958 702 malae

262 733 686 804 spiritualitatis
713 734 1009 805 imagines.

1022 835 1191 876 THAU.

334 906 506 964 Vens.
541 908 629 961 6’1.
660 939 728 947 —-
763 929 784 957 ‹
855 908 1046 964 Redde
1101 909 1184 965 eis
1214 908 1420 976 vicem,
1479 909 1733 972 Domine,
1784 910 1957 980 juxta

261 1017 291 1043 »
353 1008 529 1065 opera
580 1010 862 1052 manuum
922 1010 1185 1053 suarum.
1242 1019 1261 1045 ι
1306 998 1491 1064 Thau,
1540 997 1957 1066 interpretatur

257 1088 668 1140 consummavit.
713 1086 1083 1143 Consummat
1112 1092 1305 1142 autem
1337 1088 1502 1152 Deus,
1544 1101 1792 1156 quorum
1838 1086 1956 1142 flu-

258 1174 603 1229 ctuationem
665 1173 947 1230 diutinam
998 1181 1150 1230 certo
1198 1174 1309 1230 fine
1363 1174 1722 1230 determinat.
1777 1178 1956 1229 Vicem

257 1261 447 1317 reddit
499 1263 670 1331 juxta
733 1278 915 1333 opera,
965 1278 1095 1319 cum
1157 1278 1258 1333 per
1321 1263 1582 1333 singulas
1629 1270 1821 1319 noctes
1880 1263 1953 1318 ad

257 1349 614 1406 abluendum
644 1351 855 1407 lectum
885 1350 1273 1421 lacrymarum
1302 1352 1561 1422 suggerit
1590 1351 1843 1407 lavacra.

331 1435 501 1492 Vens.
538 1439 625 1491 65.
657 1466 726 1475 —-
778 1458 800 1485 ι
835 1437 1008 1492 Dabis
1048 1437 1128 1492 eis
1180 1445 1409 1493 scutum
1464 1437 1651 1493 cordis
1697 1437 1951 1493 laborem

261 1545 284 1572 ι
319 1530 506 1579 tuum.
546 1546 567 1572 ι
622 1525 805 1581 Labor
851 1525 950 1581 Dei
978 1532 1081 1592 est,
1135 1525 1276 1581 dum
1329 1526 1481 1581 vitiis
1512 1526 1700 1582 debita
1740 1527 1953 1581 vivaci-

252 1617 369 1668 tate
422 1612 728 1669 resistitur.
786 1613 898 1669 Iste
928 1612 1091 1670 labor
1118 1621 1347 1670 scutum
1399 1613 1586 1669 cordis
1614 1612 1883 1679 efficitur,
1915 1627 1949 1668 a

2067 470 2281 525 Meritis
2305 471 2456 525 enim
2475 470 2685 526 nostris
2705 470 3074 541 exigentibus
3101 470 3430 540 hujusmodi
3458 485 3470 524 :
3505 472 3757 526 Casuum

2069 559 2334 615 infamias
2365 574 2466 629 pro
2497 559 2871 615 retributione
2900 559 3192 614 sortimur.
3240 559 3340 614 Est
3367 574 3504 629 ergo
3532 559 3755 615 dicere:

2064 648 2192 704 Non
2226 648 2413 703 solum
2445 649 2501 702 in
2534 655 2760 703 terrena
2808 647 2999 709 studia
3046 647 3346 713 labuntur,
3395 648 3489 702 sed
3529 654 3585 703 et
3624 646 3759 702 facti

2066 736 2244 790 lamiae
2261 749 2569 791 mammam
2602 736 2845 801 nudant,
2879 750 3010 791 cum
3042 736 3150 791 sub
3180 736 3364 804 specie
3391 734 3760 805 benignitatis

2064 832 2118 879 et
2164 824 2306 879 alios
2362 824 2432 878 ad
2483 825 2676 879 eadem
2739 838 2870 893 quae
2924 824 3024 892 ipsi
3085 823 3301 878 faciunt
3354 823 3755 893 perpetranda,

2065 912 2258 967 virosa
2311 912 2618 968 verborum
2686 911 3009 979 dulcedine,
3072 919 3127 966 et
3195 912 3439 968 feminea
3504 912 3757 980 quadam

2064 1000 2418 1055 adultatione
2447 1001 2810 1070 compellant.
2857 1001 3050 1056 Lamia
3080 1001 3230 1056 enim
3279 1003 3599 1055 monstrum
3649 1006 3753 1065 est,

2064 1085 2401 1143 muliebrem
2450 1087 2681 1155 cingulo
2715 1094 2880 1142 tenus
2908 1086 3127 1142 habens
3156 1087 3416 1142 formam.
3448 1086 3756 1142 Mammam

2060 1188 2201 1244 ergo
2233 1174 2477 1239 nudant,
2509 1189 2641 1229 cum
2673 1174 2991 1229 doctrinam
3031 1175 3100 1229 ad
3131 1188 3199 1229 ea
3247 1188 3377 1243 quae
3412 1179 3596 1243 agunt
3626 1186 3752 1241 pro-

2063 1263 2330 1333 paganda
2386 1263 2774 1332 promulgant.
2822 1264 3036 1318 Catulos
3078 1264 3308 1328 lactant,
3362 1276 3492 1318 cum
3539 1261 3610 1316 ad
3651 1261 3755 1316 be-

2062 1350 2254 1405 stiales
2283 1350 2430 1405 ritus
2454 1348 2594 1404 alios
2625 1349 3002 1405 lenocinando
3033 1356 3354 1406 attrectant.
3388 1349 3538 1404 Filia
3563 1348 3756 1417 populi

2063 1437 2241 1508 hujus
2265 1438 2498 1492 crudelis
2527 1441 2687 1505 quasi
2727 1439 2964 1491 struthio
2996 1442 3053 1492 in
3101 1438 3328 1503 deserto,
3362 1438 3498 1506 quia
3530 1436 3609 1503 hi,
3651 1434 3753 1505 qui

2060 1526 2329 1595 superius
2376 1526 2475 1581 filii
2526 1526 2870 1581 dicebantur
2898 1535 2953 1581 et
3001 1540 3158 1581 nunc
3202 1539 3303 1594 per
3346 1538 3571 1580 morum
3619 1522 3752 1579 effe-

2061 1613 2432 1669 minationem
2486 1613 2741 1669 filiarum
2789 1612 3068 1669 vocabulo
3092 1613 3211 1683 jam
3256 1619 3583 1677 censentur,
3616 1624 3754 1666 cru-

250 1714 372 1770 quo
422 1700 634 1757 diaboli
702 1701 989 1771 spiculum
1059 1716 1227 1758 omne
1299 1702 1596 1758 recutitur.
1670 1703 1787 1757 Hoc
1843 1676 1947 1771 pro
1988 1676 2028 1730 B
2056 1700 2209 1756 deles
2238 1709 2393 1768 sunt,
2439 1702 2579 1772 quia
2624 1716 2772 1771 quos
2818 1676 3111 1757 diabolica.
3140 1699 3378 1756 suadela
3425 1676 3751 1770 genuerint,

247 1801 490 1856 operum
521 1803 757 1845 suorum
782 1790 902 1845 vice
938 1790 1019 1846 eis
1049 1789 1327 1855 redditur,
1359 1796 1425 1844 ut
1479 1803 1594 1858 quo
1639 1787 1947 1845 insolenter

248 1873 629 1942 intraverant,
658 1876 790 1933 inde
814 1876 990 1947 digna
1018 1876 1318 1933 severitate
1342 1876 1652 1945 pellantur.

322 1962 492 2019 Vens.
527 1966 615 2018 66.
649 1993 719 2003 -—
753 1985 776 2012 ‹
832 1964 1197 2034 Persequeris
1241 1964 1298 2019 in
1352 1964 1544 2020 furore
1595 1971 1650 2019 et
1700 1964 1947 2020 conteris

248 2069 280 2098 »
301 2063 399 2106 eos
445 2051 555 2106 sub
585 2051 760 2118 caelis,
790 2051 1049 2107 Domine.
1096 2073 1117 2100 ι
1172 2054 1236 2106 1n
1262 2054 1449 2119 furore
1492 2060 1942 2122 persequuntur,

244 2137 352 2208 qui
423 2137 649 2208 integra
702 2138 1200 2195 animadversione
1265 2139 1337 2195 ab
1411 2141 1606 2196 animo
1665 2141 1947 2196 divinitus

244 2226 628 2283 extricantur.
660 2228 773 2281 Sub
802 2229 947 2283 caelis
970 2242 1203 2298 quoque
1230 2234 1633 2296 conteruntur,
1657 2243 1790 2284 cum
1834 2229 1944 2285 sub

243 2314 528 2370 virtutum
558 2314 691 2385 jure
730 2314 1100 2385 franguntur.
1154 2314 1335 2371 leos
1381 2315 1624 2373 virtutes
1670 2324 1854 2385 vocat,
1886 2316 1944 2372 in

245 2401 464 2471 quibus
490 2403 624 2458 solis
648 2410 943 2474 gratanter
972 2403 1123 2459 Deus
1154 2403 1443 2459 mansitat.

912 2507 1148 2567 CAPUT
1191 2504 1286 2567 IV.

996 2615 1178 2656 ALBPH
1186 2642 1199 2656 .

315 2686 486 2743 Vens.
522 2690 674 2741 1.-
716 2709 738 2737 ι
790 2686 1085 2754 Quomodo
1134 2687 1508 2745 obscuratum
1572 2696 1658 2745 est
1709 2703 1940 2758 aurum,

242 2794 270 2821 ι
305 2782 564 2831 mutatus
605 2781 689 2831 est
735 2776 890 2832 color
938 2776 1210 2846 optimus,
1257 2777 1494 2847 dispersi
1554 2786 1689 2834 sunt
1728 2779 1945 2849 lapides

248 2882 271 2909 ι
307 2862 619 2918 sanctuarii
662 2863 720 2918 in
751 2864 936 2934 capite
966 2865 1227 2920 omnium
1266 2865 1629 2934 platearum?
1673 2888 1693 2914 ι
1742 2867 1939 2937 Aleph,

241 2952 394 3008 sicut
443 2951 730 3020 superius,
768 2951 1020 3005 doctrina
1048 2959 1152 3019 est,
1184 2954 1355 3024 cujus
1381 2953 1587 3010 solutio
1618 2955 1674 3010 in
1704 2969 1939 3011 versum
1976 2972 2015 3027 ο

238 3039 447 3109 poterit
476 3039 727 3108 pendere
768 3047 1123 3109 sequentem.
1172 3040 1461 3107 Quaeritur
1510 3055 1649 3111 ergo
1679 3042 1941 3111 quomodo

237 3141 437 3180 aurum
486 3126 845 3193 obscuretur,
926 3128 1214 3197 quomodo
1289 3130 1490 3198 utique
1557 3131 1757 3185 notitia
1816 3131 1936 3196 Dei,

238 3228 373 3284 quae
396 3227 511 3269 non
540 3222 625 3270 est
671 3214 781 3269 nisi
813 3229 993 3283 amor,
1040 3222 1095 3271 et
1142 3230 1262 3287 qua
1308 3216 1455 3273 nihil
1498 3218 1802 3287 pretiosius
1832 3226 1935 3287 est,

237 3309 296 3358 et
326 3302 385 3357 in
415 3317 534 3373 qua
563 3302 733 3358 etiam
780 3304 975 3358 omnia
1013 3303 1245 3359 scienda
1274 3312 1329 3360 et
1362 3306 1611 3376 gerenda
1639 3306 1933 3372 docemur,

238 3397 535 3461 tantopere
585 3391 642 3446 in
686 3391 880 3447 animo
939 3406 973 3447 a
1033 3391 1276 3463 pristina
1331 3394 1513 3463 specie
1562 3402 1933 3450 extenuatur.

237 3478 395 3535 Color
431 3481 667 3548 optimus
715 3487 993 3548 mutatur,
1045 3494 1179 3536 cum
1222 3481 1521 3537 sinceritas
1577 3482 1940 3553 cogitationis

236 3565 543 3621 avertitur.
598 3565 836 3635 Lapides
885 3569 1193 3620 sanctuarii
1218 3568 1276 3620 in
1313 3570 1491 3637 capite
1536 3570 1774 3621 omnium
1813 3570 1937 3637 pla-

235 3658 447 3707 tearum
475 3653 909 3725 disperguntur,
941 3668 1074 3709 cum
1108 3654 1465 3710 nitidissima:
1496 3662 1551 3710 et
1582 3656 1938 3725 perspicaces

232 3740 296 3794 in
325 3741 481 3795 omni
537 3748 735 3798 sancta
776 3742 1086 3812 prudentia
1132 3742 1399 3811 rationes,
1448 3757 1550 3813 per
1594 3744 1788 3799 saeculi
1830 3759 1936 3801 vo-

231 3825 483 3897 luptates
506 3836 561 3885 et
590 3829 805 3900 glorias
850 3830 994 3897 (haec
1035 3831 1190 3886 enim
1242 3839 1378 3887 sunt
1426 3831 1600 3887 totius
1643 3832 1936 3888 saecularis

230 3914 472 3972 intentio
504 3917 691 3986 prima
737 3918 1002 3988 licentiae)
1034 3931 1068 3973 a
1100 3933 1208 3975 sua
1252 3919 1312 3975 in
1345 3921 1518 3975 Deum
1574 3920 1935 3990 simplicitate

232 4003 601 4060 dividuntur.

1002 4092 1146 4133 ΒΕΤΗ
1155 4119 1166 4131 .

302 4162 476 4219 Vens.
538 4166 591 4218 2.
651 4193 722 4206 —
756 4186 777 4213 α
831 4165 961 4221 Filii
1018 4165 1151 4222 Sion
1208 4165 1404 4236 inclyti
1456 4174 1510 4222 et
1540 4166 1734 4223 amicti
1789 4180 1934 4223 auro

2055 1789 2165 1845 sub
2221 1798 2453 1846 terrena
2510 1790 2739 1846 levitate
2793 1789 3137 1846 recondunt.
3203 1787 3555 1844 Struthionis
3599 1786 3755 1842 enim

2057 1884 2288 1944 natura,
2321 1886 2406 1934 est
2433 1892 2540 1933 ova
2574 1878 2631 1933 in
2671 1886 2823 1933 terra
2854 1891 3081 1947 ponere,
3126 1885 3181 1933 et
3226 1890 3295 1933 ea
3337 1876 3573 1946 pulvere
3616 1875 3752 1931 ado-

2056 1973 2217 2034 perta
2265 1966 2610 2036 relinquere.
2665 1967 2836 2022 Ferro
2878 1966 3048 2021 etiam
3096 1967 3250 2036 pasci
3295 1965 3526 2033 dicitur,
3578 1964 3755 2019 nimi-

2055 2044 2185 2109 t'um
2247 2054 2385 2123 quia
2442 2053 2792 2124 hujusmodi,
2851 2067 2919 2109 ac
2983 2053 3027 2108 si
3082 2053 3240 2122 cibis,
3293 2051 3754 2123 malignitatibus

2052 2141 2356 2198 satiantur.

2779 2226 2998 2268 DALETH
3016 2255 3026 2265 .

2126 2299 2298 2355 Vens.
2333 2301 2385 2353 4.
2418 2330 2483 2341 -
2518 2322 2540 2349 ι
2577 2299 2827 2355 Adhaesit
2867 2300 3068 2370 lingua
3093 2299 3353 2355 lactentis
3394 2298 3463 2354 ad
3496 2296 3753 2368 palatum

2060 2409 2082 2436 ιι
2115 2389 2242 2459 ejus
2273 2388 2330 2444 in
2362 2390 2473 2444 siti.
2515 2388 2751 2444 Parvuli
2787 2389 3075 2457 petierunt
3120 2401 3347 2457 panem,
3378 2396 3434 2443 et
3466 2401 3580 2442 non
3630 2392 3754 2441 erat

2059 2498 2080 2525 ι
2117 2476 2219 2547 qui
2271 2475 2560 2546 frangeret
2604 2476 2703 2531 eis.
2744 2497 2764 2523 ι
2818 2475 3041 2542 Daleth,
3082 2475 3496 2545 interpretatur
3529 2472 3749 2528 tabulae.

2054 2564 2159 2628 Qui
2192 2572 2328 2619 sunt
2361 2564 2591 2633 tabulae,
2627 2565 2733 2619 nisi
2766 2565 2867 2634 qui
2914 2564 3105 2620 exciso
3134 2577 3169 2618 a
3210 2578 3268 2619 se
3307 2563 3545 2619 internae
3580 2560 3754 2632 pleni-

2052 2651 2272 2707 tudinis
2302 2652 2504 2708 rohore
2534 2667 2568 2707 a
2596 2652 2827 2708 virtutis
2846 2652 3060 2707 duritia
3078 2658 3469 2707 extenuantur
3498 2649 3752 2721 cogitatu

2052 2747 2107 2795 et
2152 2740 2365 2809 opere?
2417 2743 2633 2808 Lingua
2674 2755 2778 2812 ego
2820 2741 3068 2795 lactentis
3108 2740 3182 2794 ad
3222 2742 3471 2809 palatum
3516 2740 3634 2807 ejus
3691 2740 3751 2791 in

2052 2830 2152 2882 siti
2170 2829 2442 2895 adhaeret,
2475 2844 2609 2885 cum
2637 2829 2933 2885 deficiente
2964 2843 3121 2898 aqua
3157 2828 3451 2899 sapientia:
3481 2826 3752 2883 salutaris

2057 2916 2264 2972 locutio
2292 2918 2436 2987 ejus,
2470 2918 2571 2987 qui
2624 2926 2987 2974 monstruoso
3034 2917 3177 2973 lacte
3211 2917 3465 2986 pascitur
3517 2914 3590 2970 ad
3623 2914 3752 2985 ejus

2054 3004 2528 3073 conformitatem,
2575 3019 2610 3060 a
2662 3020 2781 3075 quo
2838 3005 3160 3062 virulentiae
3218 3004 3491 3060 doctrina:
3538 3003 3749 3059 salivas

2047 3101 2362 3161 acceperat,
2397 3108 2455 3149 se
2498 3094 2770 3150 continet.
2816 3095 2865 3150 A
2911 3094 3099 3163 palato
3139 3094 3295 3149 enim
3327 3092 3511 3148 saliva
3552 3092 3748 3163 digre-

2046 3180 2224 3249 ditur,
2257 3190 2312 3236 et
2343 3182 2543 3253 lingua
2574 3182 2761 3252 palato
2798 3184 3159 3253 astringitur,
3194 3197 3327 3238 cum
3364 3181 3542 3237 verba
3572 3180 3748 3236 disci-

2048 3268 2168 3337 puli
2213 3270 2460 3325 doctoris
2504 3271 2765 3340 nequitia
2794 3271 3223 3341 resculpuntur.
3276 3270 3511 3326 Parvuli
3549 3284 3749 3339 panem

2048 3365 2270 3426 petunt,
2296 3373 2429 3414 cum
2462 3360 2882 3416 innocentiores
2901 3368 2956 3417 et
2989 3360 3272 3429 pravitate
3296 3358 3487 3414 minus
3518 3358 3745 3426 imbuti,

2045 3444 2458 3502 documentum
2508 3447 2681 3504 vitale
2733 3449 3067 3519 deposcunt,
3101 3449 3196 3504 sed
3245 3448 3575 3504 dissertores
3619 3461 3746 3515 om-

2046 3533 2184 3588 nino
2214 3533 2503 3590 deficiunt.

2848 3638 2942 3677 HE.

2116 3708 2283 3766 Vens.
2315 3714 2366 3764 5.
2397 3740 2463 3752 —
2516 3733 2537 3760 ι
2590 3710 2699 3779 Qui
2750 3711 3131 3767 vescebantur
3180 3710 3539 3780 voluptuose,
3596 3710 3742 3765 inte-

2042 3817 2072 3846 »
2106 3797 2329 3854 rierunt
2370 3799 2426 3855 in
2459 3800 2587 3866 viis,
2622 3799 2725 3870 qui
2774 3800 3185 3855 nutriebantur
3234 3800 3292 3853 in
3337 3797 3572 3865 croceis,
3614 3813 3743 3854 am-

2048 3905 2070 3933 »
2109 3885 2319 3955 plexati
2354 3894 2492 3942 sunt
2538 3895 2809 3942 stercora.
2848 3907 2869 3935 ι
2920 3886 3021 3954 He,
3063 3886 3275 3942 dicitur
3304 3890 3433 3941 ista.
3491 3886 3562 3942 Et
3610 3901 3741 3956 quae

2041 3976 2173 4041 ista,
2217 3973 2325 4029 nisi
2379 3974 2728 4044 praesentia?
2787 3975 3112 4044 Voluptuose
3156 3974 3409 4031 vescitur
3455 3979 3602 4028 τεῦ
3637 3974 3740 4045 qui

2043 4061 2253 4117 divinis
2281 4062 2526 4134 eloquiis
2574 4078 2675 4134 pro
2720 4063 2988 4133 praesenti
3033 4063 3218 4119 solum
3274 4062 3457 4135 gloria
3504 4061 3742 4119 delecta-

2041 4157 2156 4205 tur.
2191 4151 2244 4207 Is
2273 4154 2459 4206 inviis
2519 4152 2730 4218 interit,
2760 4152 2924 4221 .quia
2970 4152 3106 4207 dum
3140 4166 3315 4222 super
3360 4152 3451 4207 his
3493 4167 3624 4223 quae
3666 4151 3737 4208 ad

234 4272 255 4298 ι
302 4250 508 4320 primo.
565 4252 858 4319 Quomodo
924 4254 1172 4323 reputati
1226 4262 1363 4310 sunt
1424 4254 1480 4308 in
1536 4268 1677 4311 vasa
1728 4262 1908 4322 testea,

2093 4252 2223 4294 eum
2273 4239 2574 4308 pertinent,
2625 4240 2868 4296 verbum
2918 4239 3015 4295 Dei
3061 4240 3460 4307 adulterando,
3512 4240 3739 4296 favores

232 4359 255 4386 ι
299 4353 447 4409 opus
477 4353 757 4396 manuum
791 4341 1004 4413 ﬁguli?
1048 4364 1068 4390 ι
1105 4342 1267 4407 Beth,
1309 4345 1573 4410 confusio.
1606 4342 1745 4410 Quis
1774 4344 1927 4399 enim

221 4426 442 4497 justius
486 4428 861 4485 confunditur
908 4444 1087 4499 quam
1142 4431 1244 4501 qui
1291 4431 1361 4486 de
1422 4438 1579 4487 tanto
1629 4431 1807 4501 pretio
1854 4432 1929 4487 ad

225 4514 374 4570 nihil
423 4529 567 4585 pene
606 4515 933 4587 redigitur?
963 4520 1094 4572 Filii
1120 4519 1251 4574 Sion
1297 4520 1509 4587 inclyti,
1565 4519 1928 4575 intellectua-

225 4602 309 4658 les
336 4610 473 4659 sunt
531 4612 720 4660 motus
773 4605 1094 4660 masculina
1146 4606 1359 4662 virtute
1416 4606 1709 4662 liberrimi.
1771 4610 1927 4661 Auro

221 4692 401 4759 primo
430 4690 806 4759 amiciuntur,
856 4691 958 4761 qui
1004 4693 1298 4761 sapientiae
1352 4694 1562 4749 divinat
1610 4694 1924 4765 privilegiis

220 4778 604 4834 adornantur.
631 4781 695 4833 In
720 4795 857 4834 vasa
886 4785 1052 4834 testea
1096 4789 1461 4851 reputantur,
1504 4797 1635 4837 cum
1684 4782 1803 4851 jam
1850 4781 1922 4837 ad

216 4864 452 4936 fragilia
478 4879 654 4936 opera
678 4867 1088 4924 devolvuntur.
1119 4870 1269 4939 Opus
1298 4885 1557 4923 manuum
1583 4872 1741 4938 ﬁguli
1764 4878 1919 4939 sunt,

215 4955 362 5025 quia
389 4962 683 5012 auctorem
729 4958 849 5028 jam
907 4958 1124 5015 habent
1179 4974 1254 5015 ex
1299 4967 1414 5015 tam
1460 4974 1728 5030 perversa
1779 4976 1922 5017 con-

212 5045 540 5100 versatione
590 5045 903 5102 diabolum.
961 5048 1130 5103 Hunc
1188 5048 1410 5104 Pharao
1460 5048 1553 5103 ille
1608 5048 1917 5120 significat,

213 5132 319 5203 qui
382 5133 667 5190 Israelitas
730 5133 787 5188 in
844 5133 965 5190 luto
1015 5142 1070 5191 et
1118 5136 1292 5192 latere
1351 5144 1406 5193 et
1481 5136 1657 5207 paleis
1702 5138 1920 5194 servire

211 5219 477 5289 cogebat.
1802 5216 1805 5219 ’

949 5324 1183 5367 GHIMEL.

288 5394 459 5452 Vens.
518 5397 568 5449 3.
643 5426 712 5439 -ρ
772 5417 799 5445 ‹‹
869 5397 1081 5454 Lamize
1151 5399 1522 5456 nudaverant
1580 5414 1914 5468 mammam,

219 5503 243 5530 ι
280 5481 641 5540 lactaverunt
669 5485 889 5541 catulos
916 5500 1071 5556 suos,
1117 5486 1234 5543 filia
1262 5488 1457 5559 populi
1503 5489 1610 5545 mei
1643 5490 1914 5563 crudelis,

2036 4325 2250 4381 scilicet
2292 4327 2659 4397 requirendo,
2694 4336 2863 4384 extra
2914 4343 2974 4383 se
3008 4328 3348 4399 digreditur,
3384 4328 3547 4398 perit.
3602 4331 3737 4386 Cro-

2035 4427 2138 4467 cus
2167 4414 2358 4469 aurosi
2390 4414 2599 4471 coloris
2636 4423 2738 4482 est,
2771 4423 2826 4471 et
2856 4417 3086 4473 redolet.
3122 4419 3191 4471 In
3233 4419 3429 4472 croceis
3456 4418 3732 4484 nutritur,

2037 4501 2138 4570 qui
2196 4510 2297 4557 aut
2346 4503 2667 4559 sanctitatis
2707 4504 2910 4574 specie,
2971 4513 3073 4560 aut
3125 4505 3419 4574 sapientiae
3462 4504 3730 4573 opinione

2034 4588 2336 4660 gloriatur.
2392 4592 2455 4645 Hi
2489 4592 2900 4662 amplexantur
2936 4598 3191 4654 stercora,
3248 4607 3381 4648 cum
3422 4606 3634 4662 magna
3665 4592 3735 4647 de

2032 4692 2092 4733 se
2132 4678 2385 4735 volentes
2414 4679 2678 4752 intelligi,
2732 4681 2884 4750 turpi
2927 4681 3117 4737 subito
3142 4680 3414 4736 aviditate
3449 4684 3736 4750 proruunt

2031 4767 2103 4822 ad
2168 4766 2388 4836 infima,
2449 4783 2579 4838 quae
2643 4769 2956 4838 Apostolus
2995 4769 3311 4825 arbitratur
3368 4776 3433 4824 ut
3485 4776 3733 4825 stercora

2029 4857 2196 4926 (Phil.
2233 4870 2312 4923 ιιι,
2346 4856 2417 4925 8).
2454 4857 2580 4913 Huc
2603 4858 2759 4912 enim
2790 4866 3068 4927 respectat
3097 4866 3292 4913 nostra
3314 4858 3520 4914 littera.

2811 4978 2943 5020 VAU.

2102 5049 2272 5106 Vens.
2305 5052 2358 5105 6.
2395 5081 2462 5089 —
2499 5072 2520 5099 ι
2585 5052 2657 5107 Et
2708 5052 2896 5121 major
2935 5051 3134 5109 effecta
3179 5060 3263 5109 est
3293 5052 3569 5122 iniquitas
3598 5053 3728 5111 filias

2033 5160 2055 5189 ι
2117 5137 2314 5209 populi
2373 5139 2482 5194 mei
2534 5147 2765 5209 peccato
2812 5140 3208 5208 Sodomorum,
3261 5155 3392 5211 quze
3449 5140 3731 5197 subversa

2031 5248 2053 5276 ι
2102 5236 2186 5284 est
2216 5227 2275 5282 in
2325 5236 2633 5296 momento,
2661 5237 2716 5285 et
2756 5244 2870 5285 non
2918 5238 3195 5300 ceperunt
3235 5230 3295 5286 in
3344 5243 3412 5286 ea
3442 5244 3670 5287 manus.
3698 5252 3719 5279 ι

2025 5314 2174 5383 Vau,
2212 5316 2622 5386 interpretatur
2649 5320 2783 5388 ipse,
2817 5318 3015 5388 procul
3048 5318 3223 5375 dubio
3272 5320 3419 5375 idem
3460 5320 3564 5390 qui
3593 5321 3723 5385 ista,

2024 5417 2155 5474 quae
2203 5405 2471 5474 superius
2523 5405 2779 5463 diximus
2825 5406 3150 5479 significare
3188 5410 3516 5477 praesentia;
3561 5407 3721 5463 inve-

2023 5492 2184 5548 nitur
2226 5492 2514 5549 aflectare.
2570 5494 2760 5566 Hujus
2797 5496 2933 5561 ﬁliae
2975 5496 3167 5566 populi
3206 5502 3425 5566 peccato
3463 5497 3720 5551 Sodomo-
