  <div class='ocr_page' id='page_1' title='image "/cluster/home/n/w/nwhite01/storage/ocr_20150623/156/hvd.32044054760145/245.png"; bbox 0 0 3928 6070; ppageno 0'>
   <div class='ocr_carea' id='block_1_1' title="bbox 201 186 307 241">
    <p class='ocr_par' dir='ltr' id='par_1_1' title="bbox 201 186 307 241">
     <span class='ocr_line' id='line_1_1' title="bbox 201 186 307 241; baseline 0 -1"><span class='ocrx_word' id='word_1_1' title='bbox 201 186 307 241; x_wconf 79' lang='grc'>479</span> 
     </span>
    </p>
   </div>
   <div class='ocr_carea' id='block_1_2' title="bbox 1057 191 2865 256">
    <p class='ocr_par' dir='ltr' id='par_1_2' title="bbox 1057 191 2865 256">
     <span class='ocr_line' id='line_1_2' title="bbox 1057 191 2865 256; baseline 0.006 -10"><span class='ocrx_word' id='word_1_2' title='bbox 1057 192 1118 246; x_wconf 83' lang='grc' dir='ltr'><strong>ν.</strong></span> <span class='ocrx_word' id='word_1_3' title='bbox 1167 191 1496 248; x_wconf 81' lang='lat' dir='ltr'><strong>GUIBERTI</strong></span> <span class='ocrx_word' id='word_1_4' title='bbox 1555 194 1848 250; x_wconf 83' lang='lat' dir='ltr'><strong>ABBATIS</strong></span> <span class='ocrx_word' id='word_1_5' title='bbox 1904 197 1960 251; x_wconf 94' lang='lat' dir='ltr'><strong>S.</strong></span> <span class='ocrx_word' id='word_1_6' title='bbox 2026 198 2274 254; x_wconf 76' lang='lat' dir='ltr'><strong>MARUE</strong></span> <span class='ocrx_word' id='word_1_7' title='bbox 2332 199 2422 254; x_wconf 88' lang='lat' dir='ltr'><strong>DE</strong></span> <span class='ocrx_word' id='word_1_8' title='bbox 2473 198 2865 256; x_wconf 84' lang='lat' dir='ltr'><strong>NOVIGENTO</strong></span> 
     </span>
    </p>
   </div>
   <div class='ocr_carea' id='block_1_3' title="bbox 3590 202 3700 254">
    <p class='ocr_par' dir='ltr' id='par_1_3' title="bbox 3590 202 3700 254">
     <span class='ocr_line' id='line_1_3' title="bbox 3590 202 3700 254; baseline 0 0"><span class='ocrx_word' id='word_1_9' title='bbox 3590 202 3700 254; x_wconf 78' lang='grc'><strong>480</strong></span> 
     </span>
    </p>
   </div>
   <div class='ocr_carea' id='block_1_4' title="bbox 189 321 3696 406">
    <p class='ocr_par' dir='ltr' id='par_1_4' title="bbox 189 321 3696 406">
     <span class='ocr_line' id='line_1_4' title="bbox 189 321 3696 406; baseline 0.005 -32"><span class='ocrx_word' id='word_1_10' title='bbox 189 336 312 376; x_wconf 90' lang='lat' dir='ltr'><strong>rum</strong></span> <span class='ocrx_word' id='word_1_11' title='bbox 331 321 510 390; x_wconf 86' lang='lat' dir='ltr'><strong>major</strong></span> <span class='ocrx_word' id='word_1_12' title='bbox 554 323 822 392; x_wconf 77' lang='lat' dir='ltr'><strong>iniquitas</strong></span> <span class='ocrx_word' id='word_1_13' title='bbox 859 322 1124 391; x_wconf 90' lang='lat' dir='ltr'><strong>efﬁcitur,</strong></span> <span class='ocrx_word' id='word_1_14' title='bbox 1156 324 1295 395; x_wconf 91' lang='lat' dir='ltr'><strong>quia</strong></span> <span class='ocrx_word' id='word_1_15' title='bbox 1342 333 1627 396; x_wconf 89' lang='lat' dir='ltr'><strong>quantum</strong></span> <span class='ocrx_word' id='word_1_16' title='bbox 1660 327 1884 398; x_wconf 76' lang='lat' dir='ltr'><strong>argenti</strong></span> <span class='ocrx_word' id='word_1_17' title='bbox 1921 333 1966 386; x_wconf 85' lang='lat' dir='ltr'><strong>A</strong></span> <span class='ocrx_word' id='word_1_18' title='bbox 1998 335 2106 386; x_wconf 88' lang='lat' dir='ltr'><strong>tate</strong></span> <span class='ocrx_word' id='word_1_19' title='bbox 2136 337 2308 401; x_wconf 58' lang='lat' dir='ltr'><strong>terra,</strong></span> <span class='ocrx_word' id='word_1_20' title='bbox 2345 334 2484 404; x_wconf 90' lang='lat' dir='ltr'><strong>quia</strong></span> <span class='ocrx_word' id='word_1_21' title='bbox 2523 333 2796 389; x_wconf 88' lang='lat' dir='ltr'><strong>vitiorum</strong></span> <span class='ocrx_word' id='word_1_22' title='bbox 2841 334 3145 404; x_wconf 89' lang='lat' dir='ltr'><strong>putoribus</strong></span> <span class='ocrx_word' id='word_1_23' title='bbox 3174 342 3311 391; x_wconf 92' lang='lat' dir='ltr'><strong>sunt</strong></span> <span class='ocrx_word' id='word_1_24' title='bbox 3342 336 3553 392; x_wconf 75' lang='lat' dir='ltr'><strong>addicti</strong></span> <span class='ocrx_word' id='word_1_25' title='bbox 3592 351 3696 406; x_wconf 92' lang='lat' dir='ltr'><strong>pro</strong></span> 
     </span>
    </p>
   </div>
   <div class='ocr_carea' id='block_1_5' title="bbox 189 410 1891 486">
    <p class='ocr_par' dir='ltr' id='par_1_5' title="bbox 189 410 1891 486">
     <span class='ocr_line' id='line_1_5' title="bbox 189 410 1891 486; baseline 0.005 -22"><span class='ocrx_word' id='word_1_26' title='bbox 189 410 416 478; x_wconf 90' lang='lat' dir='ltr'><strong>pondus</strong></span> <span class='ocrx_word' id='word_1_27' title='bbox 465 424 498 464; x_wconf 90' lang='lat' dir='ltr'><strong>a</strong></span> <span class='ocrx_word' id='word_1_28' title='bbox 558 411 806 479; x_wconf 91' lang='lat' dir='ltr'><strong>pondere</strong></span> <span class='ocrx_word' id='word_1_29' title='bbox 849 411 1072 480; x_wconf 87' lang='lat' dir='ltr'><strong>plumbi</strong></span> <span class='ocrx_word' id='word_1_30' title='bbox 1138 413 1331 481; x_wconf 79' lang='lat' dir='ltr'><strong>distat,</strong></span> <span class='ocrx_word' id='word_1_31' title='bbox 1386 422 1611 471; x_wconf 90' lang='lat' dir='ltr'><strong>tantum</strong></span> <span class='ocrx_word' id='word_1_32' title='bbox 1659 424 1891 486; x_wconf 89' lang='lat' dir='ltr'><strong>peccata</strong></span> 
     </span>
    </p>
   </div>
   <div class='ocr_carea' id='block_1_6' title="bbox 193 497 1892 574">
    <p class='ocr_par' dir='ltr' id='par_1_6' title="bbox 193 497 1892 574">
     <span class='ocr_line' id='line_1_6' title="bbox 193 497 1892 574; baseline 0.004 -23"><span class='ocrx_word' id='word_1_33' title='bbox 193 497 542 567; x_wconf 89' lang='lat' dir='ltr'><strong>simplicium</strong></span> <span class='ocrx_word' id='word_1_34' title='bbox 585 506 640 553; x_wconf 87' lang='lat' dir='ltr'><strong>et</strong></span> <span class='ocrx_word' id='word_1_35' title='bbox 723 499 992 554; x_wconf 90' lang='lat' dir='ltr'><strong>hebetum</strong></span> <span class='ocrx_word' id='word_1_36' title='bbox 1064 513 1098 554; x_wconf 90' lang='lat' dir='ltr'><strong>a</strong></span> <span class='ocrx_word' id='word_1_37' title='bbox 1146 509 1371 570; x_wconf 88' lang='lat' dir='ltr'><strong>peccato</strong></span> <span class='ocrx_word' id='word_1_38' title='bbox 1424 516 1625 560; x_wconf 91' lang='lat' dir='ltr'><strong>eorum</strong></span> <span class='ocrx_word' id='word_1_39' title='bbox 1682 506 1781 574; x_wconf 91' lang='lat' dir='ltr'><strong>qui</strong></span> <span class='ocrx_word' id='word_1_40' title='bbox 1805 521 1892 559; x_wconf 86' lang='lat' dir='ltr'><strong>vo-</strong></span> 
     </span>
    </p>
   </div>
   <div class='ocr_carea' id='block_1_7' title="bbox 192 587 1889 660">
    <p class='ocr_par' dir='ltr' id='par_1_7' title="bbox 192 587 1889 660">
     <span class='ocr_line' id='line_1_7' title="bbox 192 587 1889 660; baseline 0.005 -20"><span class='ocrx_word' id='word_1_41' title='bbox 192 587 437 654; x_wconf 85' lang='lat' dir='ltr'><strong>luptuose</strong></span> <span class='ocrx_word' id='word_1_42' title='bbox 469 594 800 653; x_wconf 91' lang='lat' dir='ltr'><strong>vescuntur,</strong></span> <span class='ocrx_word' id='word_1_43' title='bbox 839 595 894 642; x_wconf 88' lang='lat' dir='ltr'><strong>et</strong></span> <span class='ocrx_word' id='word_1_44' title='bbox 925 588 1271 644; x_wconf 91' lang='lat' dir='ltr'><strong>nutriuntur</strong></span> <span class='ocrx_word' id='word_1_45' title='bbox 1297 593 1355 643; x_wconf 86' lang='lat' dir='ltr'><strong>in</strong></span> <span class='ocrx_word' id='word_1_46' title='bbox 1385 593 1581 645; x_wconf 80' lang='lat' dir='ltr'><strong>croceis</strong></span> <span class='ocrx_word' id='word_1_47' title='bbox 1605 633 1620 660; x_wconf 94' lang='lat'><strong>,</strong></span> <span class='ocrx_word' id='word_1_48' title='bbox 1655 592 1889 648; x_wconf 75' lang='lat' dir='ltr'><strong>differre</strong></span> 
     </span>
    </p>
   </div>
   <div class='ocr_carea' id='block_1_8' title="bbox 189 672 1889 747">
    <p class='ocr_par' dir='ltr' id='par_1_8' title="bbox 189 672 1889 747">
     <span class='ocr_line' id='line_1_8' title="bbox 189 672 1889 747; baseline 0.004 -21"><span class='ocrx_word' id='word_1_49' title='bbox 189 673 428 727; x_wconf 65' lang='lat' dir='ltr'><strong>c‘onstat.</strong></span> <span class='ocrx_word' id='word_1_50' title='bbox 491 672 733 728; x_wconf 87' lang='lat' dir='ltr'><strong>Sodoma</strong></span> <span class='ocrx_word' id='word_1_51' title='bbox 797 674 950 730; x_wconf 92' lang='lat' dir='ltr'><strong>enim</strong></span> <span class='ocrx_word' id='word_1_52' title='bbox 1008 675 1419 746; x_wconf 84' lang='lat' dir='ltr'><strong>interpretatur</strong></span> <span class='ocrx_word' id='word_1_53' title='bbox 1478 694 1638 747; x_wconf 87' lang='lat' dir='ltr'><strong>pecus</strong></span> <span class='ocrx_word' id='word_1_54' title='bbox 1708 682 1889 735; x_wconf 80' lang='lat' dir='ltr'><strong>silens.</strong></span> 
     </span>
    </p>
   </div>
   <div class='ocr_carea' id='block_1_9' title="bbox 188 760 1886 838">
    <p class='ocr_par' dir='ltr' id='par_1_9' title="bbox 188 760 1886 838">
     <span class='ocr_line' id='line_1_9' title="bbox 188 760 1886 838; baseline 0.006 -25"><span class='ocrx_word' id='word_1_55' title='bbox 188 761 257 814; x_wconf 88' lang='lat' dir='ltr'><strong>Et</strong></span> <span class='ocrx_word' id='word_1_56' title='bbox 289 760 429 828; x_wconf 91' lang='lat' dir='ltr'><strong>quid</strong></span> <span class='ocrx_word' id='word_1_57' title='bbox 487 773 660 828; x_wconf 90' lang='lat' dir='ltr'><strong>pecus</strong></span> <span class='ocrx_word' id='word_1_58' title='bbox 711 762 818 816; x_wconf 89' lang='lat' dir='ltr'><strong>nisi</strong></span> <span class='ocrx_word' id='word_1_59' title='bbox 877 762 1133 832; x_wconf 88' lang='lat' dir='ltr'><strong>ingenita</strong></span> <span class='ocrx_word' id='word_1_60' title='bbox 1164 765 1418 834; x_wconf 89' lang='lat' dir='ltr'><strong>fatuitas,</strong></span> <span class='ocrx_word' id='word_1_61' title='bbox 1470 768 1638 837; x_wconf 85' lang='lat' dir='ltr'><strong>cujus</strong></span> <span class='ocrx_word' id='word_1_62' title='bbox 1672 768 1886 838; x_wconf 86' lang='lat' dir='ltr'><strong>ingenii</strong></span> 
     </span>
    </p>
   </div>
   <div class='ocr_carea' id='block_1_10' title="bbox 186 847 1887 915">
    <p class='ocr_par' dir='ltr' id='par_1_10' title="bbox 186 847 1887 915">
     <span class='ocr_line' id='line_1_10' title="bbox 186 847 1887 915; baseline 0.005 -15"><span class='ocrx_word' id='word_1_63' title='bbox 186 847 347 901; x_wconf 90' lang='lat' dir='ltr'><strong>nulla</strong></span> <span class='ocrx_word' id='word_1_64' title='bbox 390 861 501 902; x_wconf 84' lang='lat' dir='ltr'><strong>vox</strong></span> <span class='ocrx_word' id='word_1_65' title='bbox 550 848 677 903; x_wconf 78' lang='lat' dir='ltr'><strong>est?</strong></span> <span class='ocrx_word' id='word_1_66' title='bbox 721 849 858 915; x_wconf 69' lang='lat' dir='ltr'><strong>Quae</strong></span> <span class='ocrx_word' id='word_1_67' title='bbox 901 852 1074 906; x_wconf 86' lang='lat' dir='ltr'><strong>etiam</strong></span> <span class='ocrx_word' id='word_1_68' title='bbox 1123 851 1366 908; x_wconf 79' lang='lat' dir='ltr'><strong>Sodoma</strong></span> <span class='ocrx_word' id='word_1_69' title='bbox 1428 855 1785 911; x_wconf 86' lang='lat' dir='ltr'><strong>subvertitur</strong></span> <span class='ocrx_word' id='word_1_70' title='bbox 1829 858 1887 910; x_wconf 89' lang='lat' dir='ltr'><strong>in</strong></span> 
     </span>
    </p>
   </div>
   <div class='ocr_carea' id='block_1_11' title="bbox 183 937 1885 1011">
    <p class='ocr_par' dir='ltr' id='par_1_11' title="bbox 183 937 1885 1011">
     <span class='ocr_line' id='line_1_11' title="bbox 183 937 1885 1011; baseline 0.006 -23"><span class='ocrx_word' id='word_1_71' title='bbox 183 941 463 1003; x_wconf 87' lang='lat' dir='ltr'><strong>momento,</strong></span> <span class='ocrx_word' id='word_1_72' title='bbox 513 937 653 1005; x_wconf 92' lang='lat' dir='ltr'><strong>quid</strong></span> <span class='ocrx_word' id='word_1_73' title='bbox 707 938 1099 994; x_wconf 89' lang='lat' dir='ltr'><strong>subvertibilis</strong></span> <span class='ocrx_word' id='word_1_74' title='bbox 1143 949 1245 1007; x_wconf 91' lang='lat' dir='ltr'><strong>est,</strong></span> <span class='ocrx_word' id='word_1_75' title='bbox 1280 949 1334 996; x_wconf 92' lang='lat' dir='ltr'><strong>et</strong></span> <span class='ocrx_word' id='word_1_76' title='bbox 1391 956 1571 1011; x_wconf 88' lang='lat' dir='ltr'><strong>prona</strong></span> <span class='ocrx_word' id='word_1_77' title='bbox 1601 945 1781 1010; x_wconf 87' lang='lat' dir='ltr'><strong>casui,</strong></span> <span class='ocrx_word' id='word_1_78' title='bbox 1841 944 1885 998; x_wconf 87' lang='lat' dir='ltr'><strong>si</strong></span> 
     </span>
    </p>
   </div>
   <div class='ocr_carea' id='block_1_12' title="bbox 185 1022 1886 1098">
    <p class='ocr_par' dir='ltr' id='par_1_12' title="bbox 185 1022 1886 1098">
     <span class='ocr_line' id='line_1_12' title="bbox 185 1022 1886 1098; baseline 0.005 -21"><span class='ocrx_word' id='word_1_79' title='bbox 185 1022 380 1092; x_wconf 81' lang='lat' dir='ltr'><strong>sitqui</strong></span> <span class='ocrx_word' id='word_1_80' title='bbox 417 1024 650 1094; x_wconf 83' lang='lat' dir='ltr'><strong>impetat</strong></span> <span class='ocrx_word' id='word_1_81' title='bbox 695 1028 902 1096; x_wconf 90' lang='lat' dir='ltr'><strong>quovis</strong></span> <span class='ocrx_word' id='word_1_82' title='bbox 953 1029 1138 1083; x_wconf 91' lang='lat' dir='ltr'><strong>modo.</strong></span> <span class='ocrx_word' id='word_1_83' title='bbox 1169 1029 1239 1084; x_wconf 89' lang='lat' dir='ltr'><strong>Et</strong></span> <span class='ocrx_word' id='word_1_84' title='bbox 1291 1044 1407 1084; x_wconf 89' lang='lat' dir='ltr'><strong>non</strong></span> <span class='ocrx_word' id='word_1_85' title='bbox 1451 1031 1691 1098; x_wconf 89' lang='lat' dir='ltr'><strong>capiunt</strong></span> <span class='ocrx_word' id='word_1_86' title='bbox 1737 1034 1794 1086; x_wconf 89' lang='lat' dir='ltr'><strong>in</strong></span> <span class='ocrx_word' id='word_1_87' title='bbox 1823 1049 1886 1086; x_wconf 83' lang='lat' dir='ltr'><strong>ea</strong></span> 
     </span>
    </p>
   </div>
   <div class='ocr_carea' id='block_1_13' title="bbox 182 1114 1880 1187">
    <p class='ocr_par' dir='ltr' id='par_1_13' title="bbox 182 1114 1880 1187">
     <span class='ocr_line' id='line_1_13' title="bbox 182 1114 1880 1187; baseline 0.006 -23"><span class='ocrx_word' id='word_1_88' title='bbox 182 1127 395 1174; x_wconf 88' lang='lat' dir='ltr'><strong>manus,</strong></span> <span class='ocrx_word' id='word_1_89' title='bbox 431 1114 568 1182; x_wconf 87' lang='lat' dir='ltr'><strong>quia</strong></span> <span class='ocrx_word' id='word_1_90' title='bbox 625 1116 1017 1185; x_wconf 82' lang='lat' dir='ltr'><strong>quodcunque</strong></span> <span class='ocrx_word' id='word_1_91' title='bbox 1057 1117 1155 1171; x_wconf 92' lang='lat' dir='ltr'><strong>tali</strong></span> <span class='ocrx_word' id='word_1_92' title='bbox 1202 1118 1377 1172; x_wconf 90' lang='lat' dir='ltr'><strong>menti</strong></span> <span class='ocrx_word' id='word_1_93' title='bbox 1428 1133 1546 1174; x_wconf 90' lang='lat' dir='ltr'><strong>sese</strong></span> <span class='ocrx_word' id='word_1_94' title='bbox 1603 1119 1880 1187; x_wconf 89' lang='lat' dir='ltr'><strong>intulerit,</strong></span> 
     </span>
    </p>
   </div>
   <div class='ocr_carea' id='block_1_14' title="bbox 186 1202 1885 1278">
    <p class='ocr_par' dir='ltr' id='par_1_14' title="bbox 186 1202 1885 1278">
     <span class='ocr_line' id='line_1_14' title="bbox 186 1202 1885 1278; baseline 0.005 -24"><span class='ocrx_word' id='word_1_95' title='bbox 186 1206 479 1266; x_wconf 76' lang='lat' dir='ltr'><strong>gratanter</strong></span> <span class='ocrx_word' id='word_1_96' title='bbox 519 1202 842 1258; x_wconf 86' lang='lat' dir='ltr'><strong>admittitur</strong></span> <span class='ocrx_word' id='word_1_97' title='bbox 885 1211 1051 1273; x_wconf 88' lang='lat' dir='ltr'><strong>turpe</strong></span> <span class='ocrx_word' id='word_1_98' title='bbox 1103 1220 1267 1274; x_wconf 90' lang='lat' dir='ltr'><strong>opus.</strong></span> <span class='ocrx_word' id='word_1_99' title='bbox 1318 1208 1514 1261; x_wconf 83' lang='lat' dir='ltr'><strong>Manus</strong></span> <span class='ocrx_word' id='word_1_100' title='bbox 1562 1222 1794 1278; x_wconf 90' lang='lat' dir='ltr'><strong>quoque</strong></span> <span class='ocrx_word' id='word_1_101' title='bbox 1824 1212 1885 1262; x_wconf 89' lang='lat' dir='ltr'><strong>in</strong></span> 
     </span>
    </p>
   </div>
   <div class='ocr_carea' id='block_1_15' title="bbox 183 1289 1881 1366">
    <p class='ocr_par' dir='ltr' id='par_1_15' title="bbox 183 1289 1881 1366">
     <span class='ocr_line' id='line_1_15' title="bbox 183 1289 1881 1366; baseline 0.006 -25"><span class='ocrx_word' id='word_1_102' title='bbox 183 1302 246 1341; x_wconf 89' lang='lat' dir='ltr'><strong>ea</strong></span> <span class='ocrx_word' id='word_1_103' title='bbox 285 1303 398 1343; x_wconf 90' lang='lat' dir='ltr'><strong>non</strong></span> <span class='ocrx_word' id='word_1_104' title='bbox 429 1289 685 1359; x_wconf 91' lang='lat' dir='ltr'><strong>capiunt,</strong></span> <span class='ocrx_word' id='word_1_105' title='bbox 750 1291 890 1346; x_wconf 88' lang='lat' dir='ltr'><strong>dum</strong></span> <span class='ocrx_word' id='word_1_106' title='bbox 943 1292 1254 1363; x_wconf 84' lang='lat' dir='ltr'><strong>plusquam</strong></span> <span class='ocrx_word' id='word_1_107' title='bbox 1299 1294 1642 1364; x_wconf 87' lang='lat' dir='ltr'><strong>possibilitas</strong></span> <span class='ocrx_word' id='word_1_108' title='bbox 1673 1296 1881 1366; x_wconf 87' lang='lat' dir='ltr'><strong>agendi</strong></span> 
     </span>
    </p>
   </div>
   <div class='ocr_carea' id='block_1_16' title="bbox 183 1376 1017 1449">
    <p class='ocr_par' dir='ltr' id='par_1_16' title="bbox 183 1376 1017 1449">
     <span class='ocr_line' id='line_1_16' title="bbox 183 1376 1017 1449; baseline 0.001 -18"><span class='ocrx_word' id='word_1_109' title='bbox 183 1376 482 1445; x_wconf 86' lang='lat' dir='ltr'><strong>sustineat,</strong></span> <span class='ocrx_word' id='word_1_110' title='bbox 513 1378 696 1434; x_wconf 89' lang='lat' dir='ltr'><strong>facere</strong></span> <span class='ocrx_word' id='word_1_111' title='bbox 719 1387 1017 1449; x_wconf 88' lang='lat' dir='ltr'><strong>appetunt.</strong></span> 
     </span>
    </p>
   </div>
   <div class='ocr_carea' id='block_1_17' title="bbox 964 1483 1111 1524">
    <p class='ocr_par' dir='ltr' id='par_1_17' title="bbox 964 1483 1111 1524">
     <span class='ocr_line' id='line_1_17' title="bbox 964 1483 1111 1524; baseline 0.007 -2"><span class='ocrx_word' id='word_1_112' title='bbox 964 1483 1111 1524; x_wconf 74' lang='lat' dir='ltr'><strong>ZAIN.</strong></span> 
     </span>
    </p>
   </div>
   <div class='ocr_carea' id='block_1_18' title="bbox 255 1551 1876 1630">
    <p class='ocr_par' dir='ltr' id='par_1_18' title="bbox 255 1551 1876 1630">
     <span class='ocr_line' id='line_1_18' title="bbox 255 1551 1876 1630; baseline 0.004 -22"><span class='ocrx_word' id='word_1_113' title='bbox 255 1551 425 1609; x_wconf 74' lang='lat' dir='ltr'><strong>Vsus.</strong></span> <span class='ocrx_word' id='word_1_114' title='bbox 494 1557 545 1608; x_wconf 85' lang='grc'><strong>7.</strong></span> <span class='ocrx_word' id='word_1_115' title='bbox 603 1583 675 1596; x_wconf 89' lang='grc'><strong>-</strong></span> <span class='ocrx_word' id='word_1_116' title='bbox 733 1573 761 1606; x_wconf 86' lang='grc'>‹‹</span> <span class='ocrx_word' id='word_1_117' title='bbox 826 1555 1194 1613; x_wconf 90' lang='lat' dir='ltr'><strong>Candidiores</strong></span> <span class='ocrx_word' id='word_1_118' title='bbox 1242 1558 1494 1614; x_wconf 67' lang='lat' dir='ltr'><strong>Nazaraei</strong></span> <span class='ocrx_word' id='word_1_119' title='bbox 1545 1559 1672 1630; x_wconf 89' lang='lat' dir='ltr'><strong>ejus</strong></span> <span class='ocrx_word' id='word_1_120' title='bbox 1723 1560 1876 1628; x_wconf 85' lang='lat' dir='ltr'><strong>nive,</strong></span> 
     </span>
    </p>
   </div>
   <div class='ocr_carea' id='block_1_19' title="bbox 185 1640 1876 1718">
    <p class='ocr_par' dir='ltr' id='par_1_19' title="bbox 185 1640 1876 1718">
     <span class='ocr_line' id='line_1_19' title="bbox 185 1640 1876 1718; baseline 0.009 -29"><span class='ocrx_word' id='word_1_121' title='bbox 185 1655 212 1689; x_wconf 75' lang='grc' dir='ltr'>ι)</span> <span class='ocrx_word' id='word_1_122' title='bbox 275 1640 567 1698; x_wconf 85' lang='lat' dir='ltr'><strong>nitidiores</strong></span> <span class='ocrx_word' id='word_1_123' title='bbox 624 1642 786 1708; x_wconf 91' lang='lat' dir='ltr'><strong>lacte,</strong></span> <span class='ocrx_word' id='word_1_124' title='bbox 861 1645 1300 1702; x_wconf 89' lang='lat' dir='ltr'><strong>rubicundiores</strong></span> <span class='ocrx_word' id='word_1_125' title='bbox 1373 1648 1543 1703; x_wconf 89' lang='lat' dir='ltr'><strong>ebore</strong></span> <span class='ocrx_word' id='word_1_126' title='bbox 1616 1648 1876 1718; x_wconf 90' lang='lat' dir='ltr'><strong>antiquo,</strong></span> 
     </span>
    </p>
   </div>
   <div class='ocr_carea' id='block_1_20' title="bbox 187 1728 1882 1802">
    <p class='ocr_par' dir='ltr' id='par_1_20' title="bbox 187 1728 1882 1802">
     <span class='ocr_line' id='line_1_20' title="bbox 187 1728 1882 1802; baseline 0.006 -20"><span class='ocrx_word' id='word_1_127' title='bbox 187 1749 209 1777; x_wconf 75' lang='grc' dir='ltr'><strong>ι</strong></span> <span class='ocrx_word' id='word_1_128' title='bbox 247 1728 485 1797; x_wconf 90' lang='lat' dir='ltr'><strong>Saphiro</strong></span> <span class='ocrx_word' id='word_1_129' title='bbox 525 1729 897 1799; x_wconf 85' lang='lat' dir='ltr'><strong>pulchriores.</strong></span> <span class='ocrx_word' id='word_1_130' title='bbox 936 1755 957 1781; x_wconf 79' lang='grc' dir='ltr'><strong>ι</strong></span> <span class='ocrx_word' id='word_1_131' title='bbox 1010 1733 1167 1802; x_wconf 89' lang='lat' dir='ltr'><strong>Zain,</strong></span> <span class='ocrx_word' id='word_1_132' title='bbox 1203 1736 1518 1788; x_wconf 76' lang='lat' dir='ltr'><strong>alimentum</strong></span> <span class='ocrx_word' id='word_1_133' title='bbox 1565 1737 1775 1792; x_wconf 85' lang='lat' dir='ltr'><strong>mundi.</strong></span> <span class='ocrx_word' id='word_1_134' title='bbox 1809 1737 1882 1792; x_wconf 91' lang='lat' dir='ltr'><strong>Et</strong></span> 
     </span>
    </p>
   </div>
   <div class='ocr_carea' id='block_1_21' title="bbox 183 1817 1879 1892">
    <p class='ocr_par' dir='ltr' id='par_1_21' title="bbox 183 1817 1879 1892">
     <span class='ocr_line' id='line_1_21' title="bbox 183 1817 1879 1892; baseline 0.005 -21"><span class='ocrx_word' id='word_1_135' title='bbox 183 1817 462 1887; x_wconf 89' lang='lat' dir='ltr'><strong>aquibus</strong></span> <span class='ocrx_word' id='word_1_136' title='bbox 491 1819 673 1889; x_wconf 89' lang='lat' dir='ltr'><strong>magis</strong></span> <span class='ocrx_word' id='word_1_137' title='bbox 726 1820 902 1875; x_wconf 85' lang='lat' dir='ltr'><strong>alitur</strong></span> <span class='ocrx_word' id='word_1_138' title='bbox 959 1823 1212 1876; x_wconf 89' lang='lat' dir='ltr'><strong>mundus</strong></span> <span class='ocrx_word' id='word_1_139' title='bbox 1261 1837 1438 1892; x_wconf 89' lang='lat' dir='ltr'><strong>quam</strong></span> <span class='ocrx_word' id='word_1_140' title='bbox 1491 1837 1524 1878; x_wconf 90' lang='lat' dir='ltr'><strong>a</strong></span> <span class='ocrx_word' id='word_1_141' title='bbox 1575 1824 1704 1879; x_wconf 89' lang='lat' dir='ltr'><strong>ﬁliis</strong></span> <span class='ocrx_word' id='word_1_142' title='bbox 1747 1824 1879 1879; x_wconf 91' lang='lat' dir='ltr'><strong>Sion</strong></span> 
     </span>
    </p>
   </div>
   <div class='ocr_carea' id='block_1_22' title="bbox 183 1905 1882 1984">
    <p class='ocr_par' dir='ltr' id='par_1_22' title="bbox 183 1905 1882 1984">
     <span class='ocr_line' id='line_1_22' title="bbox 183 1905 1882 1984; baseline 0.005 -24"><span class='ocrx_word' id='word_1_143' title='bbox 183 1905 430 1976; x_wconf 79' lang='lat' dir='ltr'><strong>inclytis,</strong></span> <span class='ocrx_word' id='word_1_144' title='bbox 466 1908 567 1976; x_wconf 92' lang='lat' dir='ltr'><strong>qui</strong></span> <span class='ocrx_word' id='word_1_145' title='bbox 623 1908 979 1964; x_wconf 89' lang='lat' dir='ltr'><strong>amiciuntur</strong></span> <span class='ocrx_word' id='word_1_146' title='bbox 1010 1923 1152 1965; x_wconf 91' lang='lat' dir='ltr'><strong>auro</strong></span> <span class='ocrx_word' id='word_1_147' title='bbox 1185 1911 1413 1980; x_wconf 88' lang='lat' dir='ltr'><strong>primo?</strong></span> <span class='ocrx_word' id='word_1_148' title='bbox 1455 1912 1567 1967; x_wconf 90' lang='lat' dir='ltr'><strong>Hos</strong></span> <span class='ocrx_word' id='word_1_149' title='bbox 1595 1926 1732 1984; x_wconf 90' lang='lat' dir='ltr'><strong>ergo</strong></span> <span class='ocrx_word' id='word_1_150' title='bbox 1785 1927 1882 1968; x_wconf 75' lang='lat' dir='ltr'><strong>ex-</strong></span> 
     </span>
    </p>
   </div>
   <div class='ocr_carea' id='block_1_23' title="bbox 182 1994 1879 2069">
    <p class='ocr_par' dir='ltr' id='par_1_23' title="bbox 182 1994 1879 2069">
     <span class='ocr_line' id='line_1_23' title="bbox 182 1994 1879 2069; baseline 0.003 -19"><span class='ocrx_word' id='word_1_151' title='bbox 182 1994 482 2064; x_wconf 91' lang='lat' dir='ltr'><strong>primendo</strong></span> <span class='ocrx_word' id='word_1_152' title='bbox 515 1997 901 2066; x_wconf 89' lang='lat' dir='ltr'><strong>prosequitur.</strong></span> <span class='ocrx_word' id='word_1_153' title='bbox 949 1997 1254 2054; x_wconf 66' lang='lat' dir='ltr'><strong>Nazareeus</strong></span> <span class='ocrx_word' id='word_1_154' title='bbox 1304 1998 1715 2069; x_wconf 90' lang='lat' dir='ltr'><strong>interpretatur</strong></span> <span class='ocrx_word' id='word_1_155' title='bbox 1751 2015 1879 2055; x_wconf 89' lang='lat' dir='ltr'><strong>san-</strong></span> 
     </span>
    </p>
   </div>
   <div class='ocr_carea' id='block_1_24' title="bbox 181 2083 1880 2158">
    <p class='ocr_par' dir='ltr' id='par_1_24' title="bbox 181 2083 1880 2158">
     <span class='ocr_line' id='line_1_24' title="bbox 181 2083 1880 2158; baseline 0.003 -19"><span class='ocrx_word' id='word_1_156' title='bbox 181 2089 318 2139; x_wconf 88' lang='lat' dir='ltr'><strong>ctus.</strong></span> <span class='ocrx_word' id='word_1_157' title='bbox 375 2083 549 2150; x_wconf 87' lang='lat' dir='ltr'><strong>Quasi</strong></span> <span class='ocrx_word' id='word_1_158' title='bbox 598 2085 844 2142; x_wconf 88' lang='lat' dir='ltr'><strong>diceret:</strong></span> <span class='ocrx_word' id='word_1_159' title='bbox 899 2086 1006 2150; x_wconf 91' lang='lat' dir='ltr'><strong>Illi,</strong></span> <span class='ocrx_word' id='word_1_160' title='bbox 1072 2087 1173 2157; x_wconf 89' lang='lat' dir='ltr'><strong>qui</strong></span> <span class='ocrx_word' id='word_1_161' title='bbox 1221 2089 1516 2158; x_wconf 88' lang='lat' dir='ltr'><strong>quondam</strong></span> <span class='ocrx_word' id='word_1_162' title='bbox 1562 2089 1880 2145; x_wconf 87' lang='lat' dir='ltr'><strong>sanctitatis</strong></span> 
     </span>
    </p>
   </div>
   <div class='ocr_carea' id='block_1_25' title="bbox 183 2171 1879 2245">
    <p class='ocr_par' dir='ltr' id='par_1_25' title="bbox 183 2171 1879 2245">
     <span class='ocr_line' id='line_1_25' title="bbox 183 2171 1879 2245; baseline 0.002 -17"><span class='ocrx_word' id='word_1_163' title='bbox 183 2171 470 2228; x_wconf 90' lang='lat' dir='ltr'><strong>munditia</strong></span> <span class='ocrx_word' id='word_1_164' title='bbox 498 2171 783 2228; x_wconf 89' lang='lat' dir='ltr'><strong>ﬁorulenti</strong></span> <span class='ocrx_word' id='word_1_165' title='bbox 831 2182 1015 2243; x_wconf 92' lang='lat' dir='ltr'><strong>erant,</strong></span> <span class='ocrx_word' id='word_1_166' title='bbox 1068 2175 1212 2245; x_wconf 78' lang='lat' dir='ltr'><strong>(haec</strong></span> <span class='ocrx_word' id='word_1_167' title='bbox 1250 2177 1402 2231; x_wconf 91' lang='lat' dir='ltr'><strong>enim</strong></span> <span class='ocrx_word' id='word_1_168' title='bbox 1434 2177 1545 2232; x_wconf 88' lang='lat' dir='ltr'><strong>tria</strong></span> <span class='ocrx_word' id='word_1_169' title='bbox 1573 2177 1879 2234; x_wconf 76' lang='lat' dir='ltr'><strong>Nazaraeus</strong></span> 
     </span>
    </p>
   </div>
   <div class='ocr_carea' id='block_1_26' title="bbox 184 2260 1878 2333">
    <p class='ocr_par' dir='ltr' id='par_1_26' title="bbox 184 2260 1878 2333">
     <span class='ocr_line' id='line_1_26' title="bbox 184 2260 1878 2333; baseline 0.004 -19"><span class='ocrx_word' id='word_1_170' title='bbox 184 2260 365 2328; x_wconf 82' lang='lat' dir='ltr'><strong>sonat)</strong></span> <span class='ocrx_word' id='word_1_171' title='bbox 412 2273 510 2328; x_wconf 89' lang='lat' dir='ltr'><strong>per</strong></span> <span class='ocrx_word' id='word_1_172' title='bbox 578 2260 895 2330; x_wconf 91' lang='lat' dir='ltr'><strong>appetitum</strong></span> <span class='ocrx_word' id='word_1_173' title='bbox 971 2263 1211 2318; x_wconf 64' lang='lat' dir='ltr'><strong>caelestis</strong></span> <span class='ocrx_word' id='word_1_174' title='bbox 1283 2263 1476 2333; x_wconf 79' lang='lat' dir='ltr'><strong>gloriae</strong></span> <span class='ocrx_word' id='word_1_175' title='bbox 1535 2265 1878 2320; x_wconf 77' lang='lat' dir='ltr'><strong>candidiores</strong></span> 
     </span>
    </p>
   </div>
   <div class='ocr_carea' id='block_1_27' title="bbox 178 2346 1878 2422">
    <p class='ocr_par' dir='ltr' id='par_1_27' title="bbox 178 2346 1878 2422">
     <span class='ocr_line' id='line_1_27' title="bbox 178 2346 1878 2422; baseline 0.003 -20"><span class='ocrx_word' id='word_1_176' title='bbox 178 2354 311 2402; x_wconf 90' lang='lat' dir='ltr'><strong>sunt</strong></span> <span class='ocrx_word' id='word_1_177' title='bbox 337 2349 478 2414; x_wconf 85' lang='lat' dir='ltr'><strong>nive,</strong></span> <span class='ocrx_word' id='word_1_178' title='bbox 523 2347 644 2404; x_wconf 85' lang='lat' dir='ltr'><strong>haec</strong></span> <span class='ocrx_word' id='word_1_179' title='bbox 673 2349 844 2403; x_wconf 85' lang='lat' dir='ltr'><strong>enim</strong></span> <span class='ocrx_word' id='word_1_180' title='bbox 884 2346 1106 2405; x_wconf 77' lang='lat' dir='ltr'><strong>ccelitus</strong></span> <span class='ocrx_word' id='word_1_181' title='bbox 1150 2350 1402 2420; x_wconf 83' lang='lat' dir='ltr'><strong>labitur;</strong></span> <span class='ocrx_word' id='word_1_182' title='bbox 1455 2365 1554 2420; x_wconf 92' lang='lat' dir='ltr'><strong>per</strong></span> <span class='ocrx_word' id='word_1_183' title='bbox 1603 2351 1878 2422; x_wconf 88' lang='lat' dir='ltr'><strong>simplicis</strong></span> 
     </span>
    </p>
   </div>
   <div class='ocr_carea' id='block_1_28' title="bbox 182 2435 1877 2508">
    <p class='ocr_par' dir='ltr' id='par_1_28' title="bbox 182 2435 1877 2508">
     <span class='ocr_line' id='line_1_28' title="bbox 182 2435 1877 2508; baseline 0.003 -18"><span class='ocrx_word' id='word_1_184' title='bbox 182 2435 568 2491; x_wconf 89' lang='lat' dir='ltr'><strong>innocentiam</strong></span> <span class='ocrx_word' id='word_1_185' title='bbox 609 2438 852 2493; x_wconf 91' lang='lat' dir='ltr'><strong>actionis</strong></span> <span class='ocrx_word' id='word_1_186' title='bbox 877 2439 1162 2493; x_wconf 79' lang='lat' dir='ltr'><strong>nitidiores</strong></span> <span class='ocrx_word' id='word_1_187' title='bbox 1191 2440 1343 2506; x_wconf 84' lang='lat' dir='ltr'><strong>lacte,</strong></span> <span class='ocrx_word' id='word_1_188' title='bbox 1394 2440 1547 2508; x_wconf 91' lang='lat' dir='ltr'><strong>quod</strong></span> <span class='ocrx_word' id='word_1_189' title='bbox 1590 2455 1662 2495; x_wconf 84' lang='lat' dir='ltr'><strong>ex</strong></span> <span class='ocrx_word' id='word_1_190' title='bbox 1706 2455 1877 2496; x_wconf 89' lang='lat' dir='ltr'><strong>carne</strong></span> 
     </span>
    </p>
   </div>
   <div class='ocr_carea' id='block_1_29' title="bbox 176 2526 1873 2598">
    <p class='ocr_par' dir='ltr' id='par_1_29' title="bbox 176 2526 1873 2598">
     <span class='ocr_line' id='line_1_29' title="bbox 176 2526 1873 2598; baseline 0.002 -17"><span class='ocrx_word' id='word_1_191' title='bbox 176 2526 472 2592; x_wconf 88' lang='lat' dir='ltr'><strong>nascitur;</strong></span> <span class='ocrx_word' id='word_1_192' title='bbox 549 2540 648 2595; x_wconf 91' lang='lat' dir='ltr'><strong>per</strong></span> <span class='ocrx_word' id='word_1_193' title='bbox 720 2527 1079 2583; x_wconf 90' lang='lat' dir='ltr'><strong>tolerantiam</strong></span> <span class='ocrx_word' id='word_1_194' title='bbox 1160 2543 1443 2598; x_wconf 70' lang='lat' dir='ltr'><strong>corporeae</strong></span> <span class='ocrx_word' id='word_1_195' title='bbox 1515 2529 1873 2594; x_wconf 88' lang='lat' dir='ltr'><strong>titillationis,</strong></span> 
     </span>
    </p>
   </div>
   <div class='ocr_carea' id='block_1_30' title="bbox 181 2614 1875 2684">
    <p class='ocr_par' dir='ltr' id='par_1_30' title="bbox 181 2614 1875 2684">
     <span class='ocr_line' id='line_1_30' title="bbox 181 2614 1875 2684; baseline 0.004 -17"><span class='ocrx_word' id='word_1_196' title='bbox 181 2614 594 2668; x_wconf 84' lang='lat' dir='ltr'><strong>rubicundiores</strong></span> <span class='ocrx_word' id='word_1_197' title='bbox 642 2615 793 2669; x_wconf 84' lang='lat' dir='ltr'><strong>ebore</strong></span> <span class='ocrx_word' id='word_1_198' title='bbox 847 2619 1094 2684; x_wconf 82' lang='lat' dir='ltr'><strong>antiquo,</strong></span> <span class='ocrx_word' id='word_1_199' title='bbox 1141 2616 1196 2670; x_wconf 91' lang='lat' dir='ltr'><strong>id</strong></span> <span class='ocrx_word' id='word_1_200' title='bbox 1245 2625 1347 2684; x_wconf 92' lang='lat' dir='ltr'><strong>est,</strong></span> <span class='ocrx_word' id='word_1_201' title='bbox 1397 2617 1533 2684; x_wconf 89' lang='lat' dir='ltr'><strong>ipsis</strong></span> <span class='ocrx_word' id='word_1_202' title='bbox 1573 2617 1875 2673; x_wconf 87' lang='lat' dir='ltr'><strong>incentivis</strong></span> 
     </span>
    </p>
   </div>
   <div class='ocr_carea' id='block_1_31' title="bbox 176 2703 1876 2775">
    <p class='ocr_par' dir='ltr' id='par_1_31' title="bbox 176 2703 1876 2775">
     <span class='ocr_line' id='line_1_31' title="bbox 176 2703 1876 2775; baseline 0.001 -16"><span class='ocrx_word' id='word_1_203' title='bbox 176 2703 297 2759; x_wconf 91' lang='lat' dir='ltr'><strong>suis</strong></span> <span class='ocrx_word' id='word_1_204' title='bbox 347 2703 792 2759; x_wconf 86' lang='lat' dir='ltr'><strong>examinatiores</strong></span> <span class='ocrx_word' id='word_1_205' title='bbox 850 2704 1044 2774; x_wconf 90' lang='lat' dir='ltr'><strong>aliquo</strong></span> <span class='ocrx_word' id='word_1_206' title='bbox 1095 2713 1281 2759; x_wconf 82' lang='lat' dir='ltr'><strong>vetere</strong></span> <span class='ocrx_word' id='word_1_207' title='bbox 1348 2713 1562 2760; x_wconf 89' lang='lat' dir='ltr'><strong>sancto.</strong></span> <span class='ocrx_word' id='word_1_208' title='bbox 1629 2706 1876 2775; x_wconf 90' lang='lat' dir='ltr'><strong>Elephas</strong></span> 
     </span>
    </p>
   </div>
   <div class='ocr_carea' id='block_1_32' title="bbox 175 2791 1876 2862">
    <p class='ocr_par' dir='ltr' id='par_1_32' title="bbox 175 2791 1876 2862">
     <span class='ocr_line' id='line_1_32' title="bbox 175 2791 1876 2862; baseline 0 -15"><span class='ocrx_word' id='word_1_209' title='bbox 175 2791 350 2857; x_wconf 91' lang='lat' dir='ltr'><strong>enim,</strong></span> <span class='ocrx_word' id='word_1_210' title='bbox 385 2791 539 2846; x_wconf 91' lang='lat' dir='ltr'><strong>unde</strong></span> <span class='ocrx_word' id='word_1_211' title='bbox 569 2791 734 2858; x_wconf 88' lang='lat' dir='ltr'><strong>ebur,</strong></span> <span class='ocrx_word' id='word_1_212' title='bbox 776 2791 996 2862; x_wconf 80' lang='lat' dir='ltr'><strong>frigida:-</strong></span> <span class='ocrx_word' id='word_1_213' title='bbox 1035 2801 1261 2848; x_wconf 75' lang='lat' dir='ltr'><strong>naturae</strong></span> <span class='ocrx_word' id='word_1_214' title='bbox 1299 2801 1399 2848; x_wconf 91' lang='lat' dir='ltr'><strong>est.</strong></span> <span class='ocrx_word' id='word_1_215' title='bbox 1435 2793 1668 2862; x_wconf 84' lang='lat' dir='ltr'><strong>Saphiro</strong></span> <span class='ocrx_word' id='word_1_216' title='bbox 1708 2793 1876 2848; x_wconf 92' lang='lat' dir='ltr'><strong>deni-</strong></span> 
     </span>
    </p>
   </div>
   <div class='ocr_carea' id='block_1_33' title="bbox 176 2880 1872 2950">
    <p class='ocr_par' dir='ltr' id='par_1_33' title="bbox 176 2880 1872 2950">
     <span class='ocr_line' id='line_1_33' title="bbox 176 2880 1872 2950; baseline 0.001 -15"><span class='ocrx_word' id='word_1_217' title='bbox 176 2894 289 2950; x_wconf 91' lang='lat' dir='ltr'><strong>que</strong></span> <span class='ocrx_word' id='word_1_218' title='bbox 341 2881 699 2950; x_wconf 78' lang='lat' dir='ltr'><strong>pulchriores,</strong></span> <span class='ocrx_word' id='word_1_219' title='bbox 770 2880 858 2935; x_wconf 92' lang='lat' dir='ltr'><strong>his</strong></span> <span class='ocrx_word' id='word_1_220' title='bbox 914 2881 1173 2936; x_wconf 85' lang='lat' dir='ltr'><strong>videlicet</strong></span> <span class='ocrx_word' id='word_1_221' title='bbox 1231 2880 1444 2947; x_wconf 91' lang='lat' dir='ltr'><strong>multis,</strong></span> <span class='ocrx_word' id='word_1_222' title='bbox 1503 2895 1754 2950; x_wconf 90' lang='lat' dir='ltr'><strong>quorum</strong></span> <span class='ocrx_word' id='word_1_223' title='bbox 1815 2881 1872 2936; x_wconf 91' lang='lat' dir='ltr'><strong>in</strong></span> 
     </span>
    </p>
   </div>
   <div class='ocr_carea' id='block_1_34' title="bbox 176 2967 1873 3040">
    <p class='ocr_par' dir='ltr' id='par_1_34' title="bbox 176 2967 1873 3040">
     <span class='ocr_line' id='line_1_34' title="bbox 176 2967 1873 3040; baseline 0.001 -18"><span class='ocrx_word' id='word_1_224' title='bbox 176 2967 331 3023; x_wconf 75' lang='lat' dir='ltr'><strong>caelis</strong></span> <span class='ocrx_word' id='word_1_225' title='bbox 355 2969 714 3023; x_wconf 88' lang='lat' dir='ltr'><strong>conversatio</strong></span> <span class='ocrx_word' id='word_1_226' title='bbox 745 2982 866 3023; x_wconf 90' lang='lat' dir='ltr'><strong>esse</strong></span> <span class='ocrx_word' id='word_1_227' title='bbox 903 2968 1114 3023; x_wconf 92' lang='lat' dir='ltr'><strong>dicitur</strong></span> <span class='ocrx_word' id='word_1_228' title='bbox 1144 2969 1311 3038; x_wconf 82' lang='lat' dir='ltr'><strong>(Phil.</strong></span> <span class='ocrx_word' id='word_1_229' title='bbox 1362 2983 1438 3035; x_wconf 86' lang='grc' dir='ltr'><strong>ιιι,</strong></span> <span class='ocrx_word' id='word_1_230' title='bbox 1486 2971 1595 3039; x_wconf 82' lang='grc'><strong>20),</strong></span> <span class='ocrx_word' id='word_1_231' title='bbox 1643 2969 1873 3040; x_wconf 87' lang='lat' dir='ltr'><strong>dignio—</strong></span> 
     </span>
    </p>
   </div>
   <div class='ocr_carea' id='block_1_35' title="bbox 175 3056 1417 3126">
    <p class='ocr_par' dir='ltr' id='par_1_35' title="bbox 175 3056 1417 3126">
     <span class='ocr_line' id='line_1_35' title="bbox 175 3056 1417 3126; baseline -0.001 -15"><span class='ocrx_word' id='word_1_232' title='bbox 175 3069 299 3123; x_wconf 89' lang='lat' dir='ltr'><strong>res;</strong></span> <span class='ocrx_word' id='word_1_233' title='bbox 333 3056 600 3125; x_wconf 89' lang='lat' dir='ltr'><strong>saphirus</strong></span> <span class='ocrx_word' id='word_1_234' title='bbox 625 3056 778 3111; x_wconf 91' lang='lat' dir='ltr'><strong>enim</strong></span> <span class='ocrx_word' id='word_1_235' title='bbox 804 3056 1047 3112; x_wconf 71' lang='lat' dir='ltr'><strong>ethereze</strong></span> <span class='ocrx_word' id='word_1_236' title='bbox 1080 3056 1285 3126; x_wconf 88' lang='lat' dir='ltr'><strong>speciei</strong></span> <span class='ocrx_word' id='word_1_237' title='bbox 1317 3063 1417 3111; x_wconf 92' lang='lat' dir='ltr'><strong>est.</strong></span> 
     </span>
    </p>
   </div>
   <div class='ocr_carea' id='block_1_36' title="bbox 937 3160 1105 3200">
    <p class='ocr_par' dir='ltr' id='par_1_36' title="bbox 937 3160 1105 3200">
     <span class='ocr_line' id='line_1_36' title="bbox 937 3160 1105 3200; baseline 0 -1"><span class='ocrx_word' id='word_1_238' title='bbox 937 3160 1105 3200; x_wconf 84' lang='lat' dir='ltr'><strong>HETH.</strong></span> 
     </span>
    </p>
   </div>
   <div class='ocr_carea' id='block_1_37' title="bbox 247 3231 1872 3304">
    <p class='ocr_par' dir='ltr' id='par_1_37' title="bbox 247 3231 1872 3304">
     <span class='ocr_line' id='line_1_37' title="bbox 247 3231 1872 3304; baseline 0 -16"><span class='ocrx_word' id='word_1_239' title='bbox 247 3232 416 3288; x_wconf 78' lang='lat' dir='ltr'><strong>Vnus.</strong></span> <span class='ocrx_word' id='word_1_240' title='bbox 448 3231 503 3288; x_wconf 92' lang='lat'><strong>8.</strong></span> <span class='ocrx_word' id='word_1_241' title='bbox 538 3261 608 3273; x_wconf 91' lang='lat'>-</span> <span class='ocrx_word' id='word_1_242' title='bbox 647 3255 664 3280; x_wconf 82' lang='grc' dir='ltr'>α</span> <span class='ocrx_word' id='word_1_243' title='bbox 705 3232 1011 3304; x_wconf 87' lang='lat' dir='ltr'><strong>Denigrata</strong></span> <span class='ocrx_word' id='word_1_244' title='bbox 1043 3240 1126 3288; x_wconf 92' lang='lat' dir='ltr'><strong>est</strong></span> <span class='ocrx_word' id='word_1_245' title='bbox 1176 3246 1350 3301; x_wconf 83' lang='lat' dir='ltr'><strong>super</strong></span> <span class='ocrx_word' id='word_1_246' title='bbox 1389 3231 1665 3287; x_wconf 88' lang='lat' dir='ltr'><strong>carbones</strong></span> <span class='ocrx_word' id='word_1_247' title='bbox 1704 3233 1872 3288; x_wconf 79' lang='lat' dir='ltr'><strong>facies</strong></span> 
     </span>
    </p>
   </div>
   <div class='ocr_carea' id='block_1_38' title="bbox 181 3320 1874 3391">
    <p class='ocr_par' dir='ltr' id='par_1_38' title="bbox 181 3320 1874 3391">
     <span class='ocr_line' id='line_1_38' title="bbox 181 3320 1874 3391; baseline 0.001 -15"><span class='ocrx_word' id='word_1_248' title='bbox 181 3342 203 3368; x_wconf 77' lang='grc' dir='ltr'><strong>ι</strong></span> <span class='ocrx_word' id='word_1_249' title='bbox 247 3335 466 3388; x_wconf 91' lang='lat' dir='ltr'><strong>eorum,</strong></span> <span class='ocrx_word' id='word_1_250' title='bbox 527 3327 582 3376; x_wconf 93' lang='lat' dir='ltr'><strong>et</strong></span> <span class='ocrx_word' id='word_1_251' title='bbox 623 3335 738 3375; x_wconf 90' lang='lat' dir='ltr'><strong>non</strong></span> <span class='ocrx_word' id='word_1_252' title='bbox 789 3328 924 3375; x_wconf 90' lang='lat' dir='ltr'><strong>sunt</strong></span> <span class='ocrx_word' id='word_1_253' title='bbox 974 3321 1186 3391; x_wconf 85' lang='lat' dir='ltr'><strong>cogniti</strong></span> <span class='ocrx_word' id='word_1_254' title='bbox 1234 3320 1290 3374; x_wconf 93' lang='lat' dir='ltr'><strong>in</strong></span> <span class='ocrx_word' id='word_1_255' title='bbox 1349 3320 1580 3389; x_wconf 84' lang='lat' dir='ltr'><strong>plateis;</strong></span> <span class='ocrx_word' id='word_1_256' title='bbox 1635 3320 1874 3377; x_wconf 68' lang='lat' dir='ltr'><strong>adhaesit</strong></span> 
     </span>
    </p>
   </div>
   <div class='ocr_carea' id='block_1_39' title="bbox 182 3409 1871 3479">
    <p class='ocr_par' dir='ltr' id='par_1_39' title="bbox 182 3409 1871 3479">
     <span class='ocr_line' id='line_1_39' title="bbox 182 3409 1871 3479; baseline -0.001 -15"><span class='ocrx_word' id='word_1_257' title='bbox 182 3431 203 3457; x_wconf 77' lang='grc' dir='ltr'><strong>ι</strong></span> <span class='ocrx_word' id='word_1_258' title='bbox 257 3410 404 3465; x_wconf 91' lang='lat' dir='ltr'><strong>cutis</strong></span> <span class='ocrx_word' id='word_1_259' title='bbox 477 3423 677 3465; x_wconf 92' lang='lat' dir='ltr'><strong>eorum</strong></span> <span class='ocrx_word' id='word_1_260' title='bbox 727 3409 973 3475; x_wconf 92' lang='lat' dir='ltr'><strong>ossibus,</strong></span> <span class='ocrx_word' id='word_1_261' title='bbox 1041 3409 1214 3477; x_wconf 87' lang='lat' dir='ltr'><strong>aruit,</strong></span> <span class='ocrx_word' id='word_1_262' title='bbox 1265 3417 1319 3464; x_wconf 88' lang='lat' dir='ltr'><strong>et</strong></span> <span class='ocrx_word' id='word_1_263' title='bbox 1376 3410 1524 3464; x_wconf 89' lang='lat' dir='ltr'><strong>facta</strong></span> <span class='ocrx_word' id='word_1_264' title='bbox 1570 3417 1652 3464; x_wconf 89' lang='lat' dir='ltr'><strong>est</strong></span> <span class='ocrx_word' id='word_1_265' title='bbox 1707 3409 1871 3479; x_wconf 91' lang='lat' dir='ltr'><strong>quasi</strong></span> 
     </span>
    </p>
   </div>
   <div class='ocr_carea' id='block_1_40' title="bbox 183 3497 1871 3569">
    <p class='ocr_par' dir='ltr' id='par_1_40' title="bbox 183 3497 1871 3569">
     <span class='ocr_line' id='line_1_40' title="bbox 183 3497 1871 3569; baseline 0 -18"><span class='ocrx_word' id='word_1_266' title='bbox 183 3519 202 3546; x_wconf 72' lang='lat' dir='ltr'><strong>n</strong></span> <span class='ocrx_word' id='word_1_267' title='bbox 257 3498 500 3569; x_wconf 88' lang='lat' dir='ltr'><strong>lignum.</strong></span> <span class='ocrx_word' id='word_1_268' title='bbox 542 3520 562 3546; x_wconf 74' lang='grc' dir='ltr'><strong>ι</strong></span> <span class='ocrx_word' id='word_1_269' title='bbox 601 3498 768 3565; x_wconf 89' lang='lat' dir='ltr'><strong>Heth,</strong></span> <span class='ocrx_word' id='word_1_270' title='bbox 815 3501 950 3552; x_wconf 82' lang='lat' dir='ltr'><strong>vita.</strong></span> <span class='ocrx_word' id='word_1_271' title='bbox 991 3498 1047 3553; x_wconf 93' lang='lat' dir='ltr'><strong>Si</strong></span> <span class='ocrx_word' id='word_1_272' title='bbox 1077 3497 1364 3567; x_wconf 89' lang='lat' dir='ltr'><strong>superbia,</strong></span> <span class='ocrx_word' id='word_1_273' title='bbox 1425 3512 1544 3566; x_wconf 91' lang='lat' dir='ltr'><strong>qua</strong></span> <span class='ocrx_word' id='word_1_274' title='bbox 1591 3497 1871 3561; x_wconf 90' lang='lat' dir='ltr'><strong>cadimus,</strong></span> 
     </span>
    </p>
   </div>
   <div class='ocr_carea' id='block_1_41' title="bbox 176 3586 1875 3656">
    <p class='ocr_par' dir='ltr' id='par_1_41' title="bbox 176 3586 1875 3656">
     <span class='ocr_line' id='line_1_41' title="bbox 176 3586 1875 3656; baseline 0 -14"><span class='ocrx_word' id='word_1_275' title='bbox 176 3586 349 3642; x_wconf 89' lang='lat' dir='ltr'><strong>ruina</strong></span> <span class='ocrx_word' id='word_1_276' title='bbox 378 3600 484 3642; x_wconf 89' lang='lat' dir='ltr'><strong>sua</strong></span> <span class='ocrx_word' id='word_1_277' title='bbox 517 3590 755 3642; x_wconf 89' lang='lat' dir='ltr'><strong>mortem</strong></span> <span class='ocrx_word' id='word_1_278' title='bbox 788 3587 955 3656; x_wconf 90' lang='lat' dir='ltr'><strong>parit,</strong></span> <span class='ocrx_word' id='word_1_279' title='bbox 1007 3587 1322 3653; x_wconf 88' lang='lat' dir='ltr'><strong>humilitas,</strong></span> <span class='ocrx_word' id='word_1_280' title='bbox 1379 3600 1498 3656; x_wconf 87' lang='lat' dir='ltr'><strong>qua</strong></span> <span class='ocrx_word' id='word_1_281' title='bbox 1545 3601 1677 3642; x_wconf 91' lang='lat' dir='ltr'><strong>vere</strong></span> <span class='ocrx_word' id='word_1_282' title='bbox 1727 3587 1875 3642; x_wconf 89' lang='lat' dir='ltr'><strong>leva-</strong></span> 
     </span>
    </p>
   </div>
   <div class='ocr_carea' id='block_1_42' title="bbox 176 3675 1872 3744">
    <p class='ocr_par' dir='ltr' id='par_1_42' title="bbox 176 3675 1872 3744">
     <span class='ocr_line' id='line_1_42' title="bbox 176 3675 1872 3744; baseline -0.001 -15"><span class='ocrx_word' id='word_1_283' title='bbox 176 3688 328 3743; x_wconf 89' lang='lat' dir='ltr'><strong>mur,</strong></span> <span class='ocrx_word' id='word_1_284' title='bbox 380 3675 558 3730; x_wconf 88' lang='lat' dir='ltr'><strong>vitam</strong></span> <span class='ocrx_word' id='word_1_285' title='bbox 617 3675 822 3731; x_wconf 88' lang='lat' dir='ltr'><strong>munit.</strong></span> <span class='ocrx_word' id='word_1_286' title='bbox 888 3675 1046 3732; x_wconf 88' lang='lat' dir='ltr'><strong>Unde</strong></span> <span class='ocrx_word' id='word_1_287' title='bbox 1091 3679 1260 3742; x_wconf 78' lang='lat' dir='ltr'><strong>facies</strong></span> <span class='ocrx_word' id='word_1_288' title='bbox 1309 3691 1489 3729; x_wconf 86' lang='lat' dir='ltr'><strong>eorum</strong></span> <span class='ocrx_word' id='word_1_289' title='bbox 1536 3690 1697 3744; x_wconf 80' lang='lat' dir='ltr'><strong>super</strong></span> <span class='ocrx_word' id='word_1_290' title='bbox 1745 3689 1872 3728; x_wconf 85' lang='lat' dir='ltr'><strong>car-</strong></span> 
     </span>
    </p>
   </div>
   <div class='ocr_carea' id='block_1_43' title="bbox 178 3763 1872 3836">
    <p class='ocr_par' dir='ltr' id='par_1_43' title="bbox 178 3763 1872 3836">
     <span class='ocr_line' id='line_1_43' title="bbox 178 3763 1872 3836; baseline 0.001 -20"><span class='ocrx_word' id='word_1_291' title='bbox 178 3763 335 3818; x_wconf 87' lang='lat' dir='ltr'><strong>bones</strong></span> <span class='ocrx_word' id='word_1_292' title='bbox 366 3764 718 3836; x_wconf 84' lang='lat' dir='ltr'><strong>denigratur,</strong></span> <span class='ocrx_word' id='word_1_293' title='bbox 753 3779 886 3820; x_wconf 89' lang='lat' dir='ltr'><strong>cum</strong></span> <span class='ocrx_word' id='word_1_294' title='bbox 939 3771 1052 3820; x_wconf 91' lang='lat' dir='ltr'><strong>tota</strong></span> <span class='ocrx_word' id='word_1_295' title='bbox 1080 3779 1280 3820; x_wconf 92' lang='lat' dir='ltr'><strong>eorum</strong></span> <span class='ocrx_word' id='word_1_296' title='bbox 1335 3764 1660 3834; x_wconf 86' lang='lat' dir='ltr'><strong>speciositas</strong></span> <span class='ocrx_word' id='word_1_297' title='bbox 1707 3763 1872 3833; x_wconf 91' lang='lat' dir='ltr'><strong>plus-</strong></span> 
     </span>
    </p>
   </div>
   <div class='ocr_carea' id='block_1_44' title="bbox 177 3851 1870 3922">
    <p class='ocr_par' dir='ltr' id='par_1_44' title="bbox 177 3851 1870 3922">
     <span class='ocr_line' id='line_1_44' title="bbox 177 3851 1870 3922; baseline -0.001 -16"><span class='ocrx_word' id='word_1_298' title='bbox 177 3866 353 3921; x_wconf 90' lang='lat' dir='ltr'><strong>quam</strong></span> <span class='ocrx_word' id='word_1_299' title='bbox 385 3866 582 3907; x_wconf 92' lang='lat' dir='ltr'><strong>eorum</strong></span> <span class='ocrx_word' id='word_1_300' title='bbox 631 3852 730 3922; x_wconf 90' lang='lat' dir='ltr'><strong>qui</strong></span> <span class='ocrx_word' id='word_1_301' title='bbox 765 3861 992 3921; x_wconf 91' lang='lat' dir='ltr'><strong>peccato</strong></span> <span class='ocrx_word' id='word_1_302' title='bbox 1041 3853 1308 3908; x_wconf 85' lang='lat' dir='ltr'><strong>exstincti</strong></span> <span class='ocrx_word' id='word_1_303' title='bbox 1358 3860 1679 3922; x_wconf 84' lang='lat' dir='ltr'><strong>peccatores</strong></span> <span class='ocrx_word' id='word_1_304' title='bbox 1721 3851 1870 3906; x_wconf 73' lang='lat' dir='ltr'><strong>msti-</strong></span> 
     </span>
    </p>
   </div>
   <div class='ocr_carea' id='block_1_45' title="bbox 175 3938 1871 4009">
    <p class='ocr_par' dir='ltr' id='par_1_45' title="bbox 175 3938 1871 4009">
     <span class='ocr_line' id='line_1_45' title="bbox 175 3938 1871 4009; baseline 0.002 -20"><span class='ocrx_word' id='word_1_305' title='bbox 175 3945 430 4005; x_wconf 90' lang='lat' dir='ltr'><strong>mantur,</strong></span> <span class='ocrx_word' id='word_1_306' title='bbox 467 3938 524 3992; x_wconf 88' lang='lat' dir='ltr'><strong>in</strong></span> <span class='ocrx_word' id='word_1_307' title='bbox 550 3938 639 3993; x_wconf 90' lang='lat' dir='ltr'><strong>sui</strong></span> <span class='ocrx_word' id='word_1_308' title='bbox 672 3939 927 4005; x_wconf 88' lang='lat' dir='ltr'><strong>ipsorum</strong></span> <span class='ocrx_word' id='word_1_309' title='bbox 968 3941 1420 3995; x_wconf 86' lang='lat' dir='ltr'><strong>consideratione</strong></span> <span class='ocrx_word' id='word_1_310' title='bbox 1468 3938 1871 4009; x_wconf 89' lang='lat' dir='ltr'><strong>vilipcndenda</strong></span> 
     </span>
    </p>
   </div>
   <div class='ocr_carea' id='block_1_46' title="bbox 176 4027 1871 4097">
    <p class='ocr_par' dir='ltr' id='par_1_46' title="bbox 176 4027 1871 4097">
     <span class='ocr_line' id='line_1_46' title="bbox 176 4027 1871 4097; baseline 0.002 -18"><span class='ocrx_word' id='word_1_311' title='bbox 176 4032 435 4093; x_wconf 88' lang='lat' dir='ltr'><strong>putatur.</strong></span> <span class='ocrx_word' id='word_1_312' title='bbox 480 4027 618 4082; x_wconf 87' lang='lat' dir='ltr'><strong>Inde</strong></span> <span class='ocrx_word' id='word_1_313' title='bbox 659 4034 714 4081; x_wconf 92' lang='lat' dir='ltr'><strong>et</strong></span> <span class='ocrx_word' id='word_1_314' title='bbox 763 4027 919 4096; x_wconf 89' lang='lat' dir='ltr'><strong>quod</strong></span> <span class='ocrx_word' id='word_1_315' title='bbox 965 4041 1140 4082; x_wconf 65' lang='lat' dir='ltr'><strong>comte</strong></span> <span class='ocrx_word' id='word_1_316' title='bbox 1194 4029 1383 4097; x_wconf 91' lang='lat' dir='ltr'><strong>sponsi</strong></span> <span class='ocrx_word' id='word_1_317' title='bbox 1429 4027 1622 4097; x_wconf 82' lang='lat' dir='ltr'><strong>quasi</strong></span> <span class='ocrx_word' id='word_1_318' title='bbox 1663 4041 1871 4082; x_wconf 90' lang='lat' dir='ltr'><strong>corvus</strong></span> 
     </span>
    </p>
   </div>
   <div class='ocr_carea' id='block_1_47' title="bbox 176 4111 1867 4186">
    <p class='ocr_par' dir='ltr' id='par_1_47' title="bbox 176 4111 1867 4186">
     <span class='ocr_line' id='line_1_47' title="bbox 176 4111 1867 4186; baseline 0.002 -20"><span class='ocrx_word' id='word_1_319' title='bbox 176 4111 358 4182; x_wconf 67' lang='lat' dir='ltr'><strong>nigra:</strong></span> <span class='ocrx_word' id='word_1_320' title='bbox 389 4113 665 4169; x_wconf 91' lang='lat' dir='ltr'><strong>dicuntur</strong></span> <span class='ocrx_word' id='word_1_321' title='bbox 707 4116 884 4179; x_wconf 86' lang='lat' dir='ltr'><strong>(Cant.</strong></span> <span class='ocrx_word' id='word_1_322' title='bbox 918 4131 971 4181; x_wconf 90' lang='lat' dir='ltr'><strong>v,</strong></span> <span class='ocrx_word' id='word_1_323' title='bbox 1023 4117 1126 4185; x_wconf 86' lang='lat' dir='ltr'><strong>ll).</strong></span> <span class='ocrx_word' id='word_1_324' title='bbox 1164 4118 1226 4170; x_wconf 88' lang='lat' dir='ltr'><strong>In</strong></span> <span class='ocrx_word' id='word_1_325' title='bbox 1266 4117 1465 4186; x_wconf 83' lang='lat' dir='ltr'><strong>plateis</strong></span> <span class='ocrx_word' id='word_1_326' title='bbox 1494 4132 1599 4170; x_wconf 88' lang='lat' dir='ltr'><strong>non</strong></span> <span class='ocrx_word' id='word_1_327' title='bbox 1627 4120 1754 4170; x_wconf 86' lang='lat' dir='ltr'><strong>sunt</strong></span> <span class='ocrx_word' id='word_1_328' title='bbox 1782 4131 1867 4169; x_wconf 88' lang='lat' dir='ltr'><strong>co-</strong></span> 
     </span>
    </p>
   </div>
   <div class='ocr_carea' id='block_1_48' title="bbox 1999 418 3699 492">
    <p class='ocr_par' dir='ltr' id='par_1_48' title="bbox 1999 418 3699 492">
     <span class='ocr_line' id='line_1_48' title="bbox 1999 418 3699 492; baseline 0.004 -20"><span class='ocrx_word' id='word_1_329' title='bbox 1999 418 2420 476; x_wconf 90' lang='lat' dir='ltr'><strong>incultibilitate</strong></span> <span class='ocrx_word' id='word_1_330' title='bbox 2462 429 2516 477; x_wconf 91' lang='lat' dir='ltr'><strong>et</strong></span> <span class='ocrx_word' id='word_1_331' title='bbox 2569 421 2741 492; x_wconf 90' lang='lat' dir='ltr'><strong>longa</strong></span> <span class='ocrx_word' id='word_1_332' title='bbox 2810 422 3035 477; x_wconf 89' lang='lat' dir='ltr'><strong>incuria</strong></span> <span class='ocrx_word' id='word_1_333' title='bbox 3083 424 3288 477; x_wconf 91' lang='lat' dir='ltr'><strong>mentis</strong></span> <span class='ocrx_word' id='word_1_334' title='bbox 3337 438 3473 479; x_wconf 74' lang='lat' dir='ltr'><strong>suae.</strong></span> <span class='ocrx_word' id='word_1_335' title='bbox 3537 424 3699 480; x_wconf 90' lang='lat' dir='ltr'><strong>Unde</strong></span> 
     </span>
    </p>
   </div>
   <div class='ocr_carea' id='block_1_49' title="bbox 1999 508 3697 581">
    <p class='ocr_par' dir='ltr' id='par_1_49' title="bbox 1999 508 3697 581">
     <span class='ocr_line' id='line_1_49' title="bbox 1999 508 3697 581; baseline 0.004 -20"><span class='ocrx_word' id='word_1_336' title='bbox 1999 508 2202 564; x_wconf 90' lang='lat' dir='ltr'><strong>merito</strong></span> <span class='ocrx_word' id='word_1_337' title='bbox 2229 524 2262 564; x_wconf 90' lang='lat' dir='ltr'><strong>a</strong></span> <span class='ocrx_word' id='word_1_338' title='bbox 2302 510 2706 579; x_wconf 71' lang='lat' dir='ltr'><strong>praedictorum</strong></span> <span class='ocrx_word' id='word_1_339' title='bbox 2748 510 2860 576; x_wconf 89' lang='lat' dir='ltr'><strong>isti,</strong></span> <span class='ocrx_word' id='word_1_340' title='bbox 2890 511 3060 581; x_wconf 81' lang='lat' dir='ltr'><strong>juxta</strong></span> <span class='ocrx_word' id='word_1_341' title='bbox 3107 525 3339 566; x_wconf 89' lang='lat' dir='ltr'><strong>sensum</strong></span> <span class='ocrx_word' id='word_1_342' title='bbox 3389 513 3697 581; x_wconf 59' lang='lat' dir='ltr'><strong>praemissae</strong></span> 
     </span>
    </p>
   </div>
   <div class='ocr_carea' id='block_1_50' title="bbox 1997 593 3694 666">
    <p class='ocr_par' dir='ltr' id='par_1_50' title="bbox 1997 593 3694 666">
     <span class='ocr_line' id='line_1_50' title="bbox 1997 593 3694 666; baseline 0.003 -18"><span class='ocrx_word' id='word_1_343' title='bbox 1997 593 2217 662; x_wconf 70' lang='lat' dir='ltr'><strong>litterae,</strong></span> <span class='ocrx_word' id='word_1_344' title='bbox 2261 603 2411 652; x_wconf 92' lang='lat' dir='ltr'><strong>sorte</strong></span> <span class='ocrx_word' id='word_1_345' title='bbox 2447 596 2860 662; x_wconf 82' lang='lat' dir='ltr'><strong>excluduntur,</strong></span> <span class='ocrx_word' id='word_1_346' title='bbox 2895 611 3041 666; x_wconf 89' lang='lat' dir='ltr'><strong>quos</strong></span> <span class='ocrx_word' id='word_1_347' title='bbox 3071 597 3256 652; x_wconf 90' lang='lat' dir='ltr'><strong>cordis</strong></span> <span class='ocrx_word' id='word_1_348' title='bbox 3308 613 3423 653; x_wconf 90' lang='lat' dir='ltr'><strong>non</strong></span> <span class='ocrx_word' id='word_1_349' title='bbox 3481 599 3694 655; x_wconf 90' lang='lat' dir='ltr'><strong>terreni</strong></span> 
     </span>
    </p>
   </div>
   <div class='ocr_carea' id='block_1_51' title="bbox 1995 683 3238 755">
    <p class='ocr_par' dir='ltr' id='par_1_51' title="bbox 1995 683 3238 755">
     <span class='ocr_line' id='line_1_51' title="bbox 1995 683 3238 755; baseline 0 -17"><span class='ocrx_word' id='word_1_350' title='bbox 1995 683 2093 738; x_wconf 89' lang='lat' dir='ltr'><strong>sed</strong></span> <span class='ocrx_word' id='word_1_351' title='bbox 2123 683 2332 753; x_wconf 90' lang='lat' dir='ltr'><strong>lapidei</strong></span> <span class='ocrx_word' id='word_1_352' title='bbox 2362 685 2624 740; x_wconf 86' lang='lat' dir='ltr'><strong>feracitas</strong></span> <span class='ocrx_word' id='word_1_353' title='bbox 2658 684 2817 740; x_wconf 89' lang='lat' dir='ltr'><strong>nulla</strong></span> <span class='ocrx_word' id='word_1_354' title='bbox 2847 686 3238 755; x_wconf 90' lang='lat' dir='ltr'><strong>consequitur.</strong></span> 
     </span>
    </p>
   </div>
   <div class='ocr_carea' id='block_1_52' title="bbox 2781 787 2892 828">
    <p class='ocr_par' dir='ltr' id='par_1_52' title="bbox 2781 787 2892 828">
     <span class='ocr_line' id='line_1_52' title="bbox 2781 787 2892 828; baseline -0.018 -1"><span class='ocrx_word' id='word_1_355' title='bbox 2781 787 2892 828; x_wconf 75' lang='lat' dir='ltr'><strong>10D.</strong></span> 
     </span>
    </p>
   </div>
   <div class='ocr_carea' id='block_1_53' title="bbox 2058 859 3690 918">
    <p class='ocr_par' dir='ltr' id='par_1_53' title="bbox 2058 859 3690 918">
     <span class='ocr_line' id='line_1_53' title="bbox 2058 859 3690 918; baseline 0.001 -1"><span class='ocrx_word' id='word_1_356' title='bbox 2058 859 2226 917; x_wconf 74' lang='lat' dir='ltr'><strong>Vnus.</strong></span> <span class='ocrx_word' id='word_1_357' title='bbox 2255 863 2416 915; x_wconf 81' lang='lat' dir='ltr'><strong>lO.—-</strong></span> <span class='ocrx_word' id='word_1_358' title='bbox 2447 882 2467 909; x_wconf 72' lang='grc' dir='ltr'><strong>ε</strong></span> <span class='ocrx_word' id='word_1_359' title='bbox 2497 861 2701 916; x_wconf 87' lang='lat' dir='ltr'><strong>Manus</strong></span> <span class='ocrx_word' id='word_1_360' title='bbox 2721 861 3026 916; x_wconf 87' lang='lat' dir='ltr'><strong>mulierum</strong></span> <span class='ocrx_word' id='word_1_361' title='bbox 3047 861 3690 918; x_wconf 83' lang='lat' dir='ltr'><strong>misericordiumcoxe-</strong></span> 
     </span>
    </p>
   </div>
   <div class='ocr_carea' id='block_1_54' title="bbox 1995 949 3690 1017">
    <p class='ocr_par' dir='ltr' id='par_1_54' title="bbox 1995 949 3690 1017">
     <span class='ocr_line' id='line_1_54' title="bbox 1995 949 3690 1017; baseline 0.005 -19"><span class='ocrx_word' id='word_1_362' title='bbox 1995 966 2024 998; x_wconf 74' lang='grc' dir='ltr'>ι)</span> <span class='ocrx_word' id='word_1_363' title='bbox 2066 955 2202 1004; x_wconf 89' lang='lat' dir='ltr'><strong>runt</strong></span> <span class='ocrx_word' id='word_1_364' title='bbox 2234 949 2378 1005; x_wconf 91' lang='lat' dir='ltr'><strong>ﬁlios</strong></span> <span class='ocrx_word' id='word_1_365' title='bbox 2414 965 2567 1017; x_wconf 90' lang='lat' dir='ltr'><strong>suos,</strong></span> <span class='ocrx_word' id='word_1_366' title='bbox 2611 949 2742 1004; x_wconf 88' lang='lat' dir='ltr'><strong>facti</strong></span> <span class='ocrx_word' id='word_1_367' title='bbox 2786 957 2922 1006; x_wconf 90' lang='lat' dir='ltr'><strong>sunt</strong></span> <span class='ocrx_word' id='word_1_368' title='bbox 2963 950 3126 1005; x_wconf 92' lang='lat' dir='ltr'><strong>cibus</strong></span> <span class='ocrx_word' id='word_1_369' title='bbox 3156 965 3358 1006; x_wconf 89' lang='lat' dir='ltr'><strong>earum</strong></span> <span class='ocrx_word' id='word_1_370' title='bbox 3387 951 3445 1005; x_wconf 93' lang='lat' dir='ltr'><strong>in</strong></span> <span class='ocrx_word' id='word_1_371' title='bbox 3476 952 3690 1007; x_wconf 88' lang='lat' dir='ltr'><strong>contri-</strong></span> 
     </span>
    </p>
   </div>
   <div class='ocr_carea' id='block_1_55' title="bbox 1997 1039 3691 1109">
    <p class='ocr_par' dir='ltr' id='par_1_55' title="bbox 1997 1039 3691 1109">
     <span class='ocr_line' id='line_1_55' title="bbox 1997 1039 3691 1109; baseline 0.002 -15"><span class='ocrx_word' id='word_1_372' title='bbox 1997 1058 2019 1085; x_wconf 69' lang='grc' dir='ltr'><strong>ι</strong></span> <span class='ocrx_word' id='word_1_373' title='bbox 2067 1039 2274 1094; x_wconf 87' lang='lat' dir='ltr'><strong>tionem</strong></span> <span class='ocrx_word' id='word_1_374' title='bbox 2311 1041 2437 1095; x_wconf 76' lang='lat' dir='ltr'><strong>ﬁliae</strong></span> <span class='ocrx_word' id='word_1_375' title='bbox 2488 1040 2682 1109; x_wconf 90' lang='lat' dir='ltr'><strong>populi</strong></span> <span class='ocrx_word' id='word_1_376' title='bbox 2733 1040 2860 1095; x_wconf 90' lang='lat' dir='ltr'><strong>mei.</strong></span> <span class='ocrx_word' id='word_1_377' title='bbox 2903 1062 2922 1088; x_wconf 73' lang='grc' dir='ltr'><strong>ι</strong></span> <span class='ocrx_word' id='word_1_378' title='bbox 2979 1041 3101 1106; x_wconf 87' lang='lat' dir='ltr'><strong>Jod,</strong></span> <span class='ocrx_word' id='word_1_379' title='bbox 3159 1041 3420 1094; x_wconf 86' lang='lat' dir='ltr'><strong>desolatio</strong></span> <span class='ocrx_word' id='word_1_380' title='bbox 3473 1048 3573 1096; x_wconf 91' lang='lat' dir='ltr'><strong>est.</strong></span> <span class='ocrx_word' id='word_1_381' title='bbox 3618 1042 3691 1097; x_wconf 88' lang='lat' dir='ltr'><strong>Et</strong></span> 
     </span>
    </p>
   </div>
   <div class='ocr_carea' id='block_1_56' title="bbox 1993 1126 3689 1200">
    <p class='ocr_par' dir='ltr' id='par_1_56' title="bbox 1993 1126 3689 1200">
     <span class='ocr_line' id='line_1_56' title="bbox 1993 1126 3689 1200; baseline 0.001 -18"><span class='ocrx_word' id='word_1_382' title='bbox 1993 1126 2130 1196; x_wconf 91' lang='lat' dir='ltr'><strong>quid</strong></span> <span class='ocrx_word' id='word_1_383' title='bbox 2155 1127 2336 1198; x_wconf 89' lang='lat' dir='ltr'><strong>magis</strong></span> <span class='ocrx_word' id='word_1_384' title='bbox 2366 1128 2655 1183; x_wconf 89' lang='lat' dir='ltr'><strong>desolatur</strong></span> <span class='ocrx_word' id='word_1_385' title='bbox 2681 1142 2855 1198; x_wconf 91' lang='lat' dir='ltr'><strong>quam</strong></span> <span class='ocrx_word' id='word_1_386' title='bbox 2879 1128 3034 1198; x_wconf 91' lang='lat' dir='ltr'><strong>quod</strong></span> <span class='ocrx_word' id='word_1_387' title='bbox 3063 1129 3174 1183; x_wconf 94' lang='lat' dir='ltr'><strong>Deo</strong></span> <span class='ocrx_word' id='word_1_388' title='bbox 3207 1129 3426 1200; x_wconf 90' lang='lat' dir='ltr'><strong>hospite</strong></span> <span class='ocrx_word' id='word_1_389' title='bbox 3465 1143 3689 1184; x_wconf 86' lang='lat' dir='ltr'><strong>vacua-</strong></span> 
     </span>
    </p>
   </div>
   <div class='ocr_carea' id='block_1_57' title="bbox 1995 1216 3688 1286">
    <p class='ocr_par' dir='ltr' id='par_1_57' title="bbox 1995 1216 3688 1286">
     <span class='ocr_line' id='line_1_57' title="bbox 1995 1216 3688 1286; baseline 0.002 -17"><span class='ocrx_word' id='word_1_390' title='bbox 1995 1216 2356 1271; x_wconf 80' lang='lat' dir='ltr'><strong>tur?Manus</strong></span> <span class='ocrx_word' id='word_1_391' title='bbox 2398 1218 2684 1270; x_wconf 75' lang='lat' dir='ltr'><strong>mulierum</strong></span> <span class='ocrx_word' id='word_1_392' title='bbox 2733 1217 3165 1271; x_wconf 84' lang='lat' dir='ltr'><strong>misericordium</strong></span> <span class='ocrx_word' id='word_1_393' title='bbox 3220 1219 3360 1286; x_wconf 80' lang='lat' dir='ltr'><strong>ﬁlios</strong></span> <span class='ocrx_word' id='word_1_394' title='bbox 3417 1233 3538 1272; x_wconf 90' lang='lat' dir='ltr'><strong>suos</strong></span> <span class='ocrx_word' id='word_1_395' title='bbox 3587 1233 3688 1272; x_wconf 90' lang='lat' dir='ltr'><strong>co-</strong></span> 
     </span>
    </p>
   </div>
   <div class='ocr_carea' id='block_1_58' title="bbox 1991 1304 3690 1374">
    <p class='ocr_par' dir='ltr' id='par_1_58' title="bbox 1991 1304 3690 1374">
     <span class='ocr_line' id='line_1_58' title="bbox 1991 1304 3690 1374; baseline 0.001 -17"><span class='ocrx_word' id='word_1_396' title='bbox 1991 1310 2199 1372; x_wconf 90' lang='lat' dir='ltr'><strong>quunt,</strong></span> <span class='ocrx_word' id='word_1_397' title='bbox 2231 1317 2362 1358; x_wconf 91' lang='lat' dir='ltr'><strong>cum</strong></span> <span class='ocrx_word' id='word_1_398' title='bbox 2395 1318 2567 1372; x_wconf 89' lang='lat' dir='ltr'><strong>opera</strong></span> <span class='ocrx_word' id='word_1_399' title='bbox 2594 1305 2953 1374; x_wconf 83' lang='lat' dir='ltr'><strong>ejuratorum</strong></span> <span class='ocrx_word' id='word_1_400' title='bbox 2992 1304 3308 1369; x_wconf 91' lang='lat' dir='ltr'><strong>hominum,</strong></span> <span class='ocrx_word' id='word_1_401' title='bbox 3353 1304 3495 1359; x_wconf 90' lang='lat' dir='ltr'><strong>nihil</strong></span> <span class='ocrx_word' id='word_1_402' title='bbox 3534 1305 3690 1359; x_wconf 90' lang='lat' dir='ltr'><strong>scili-</strong></span> 
     </span>
    </p>
   </div>
   <div class='ocr_carea' id='block_1_59' title="bbox 1989 1388 3688 1460">
    <p class='ocr_par' dir='ltr' id='par_1_59' title="bbox 1989 1388 3688 1460">
     <span class='ocr_line' id='line_1_59' title="bbox 1989 1388 3688 1460; baseline 0.001 -17"><span class='ocrx_word' id='word_1_403' title='bbox 1989 1395 2074 1443; x_wconf 87' lang='lat' dir='ltr'><strong>cet</strong></span> <span class='ocrx_word' id='word_1_404' title='bbox 2124 1388 2520 1444; x_wconf 87' lang='lat' dir='ltr'><strong>intellectualis</strong></span> <span class='ocrx_word' id='word_1_405' title='bbox 2586 1389 2797 1445; x_wconf 91' lang='lat' dir='ltr'><strong>tenoris</strong></span> <span class='ocrx_word' id='word_1_406' title='bbox 2858 1390 3213 1457; x_wconf 89' lang='lat' dir='ltr'><strong>habentium,</strong></span> <span class='ocrx_word' id='word_1_407' title='bbox 3260 1404 3374 1456; x_wconf 91' lang='lat' dir='ltr'><strong>eos,</strong></span> <span class='ocrx_word' id='word_1_408' title='bbox 3425 1405 3569 1460; x_wconf 90' lang='lat' dir='ltr'><strong>quos</strong></span> <span class='ocrx_word' id='word_1_409' title='bbox 3613 1390 3688 1445; x_wconf 89' lang='lat' dir='ltr'><strong>ad</strong></span> 
     </span>
    </p>
   </div>
   <div class='ocr_carea' id='block_1_60' title="bbox 1987 1476 3691 1546">
    <p class='ocr_par' dir='ltr' id='par_1_60' title="bbox 1987 1476 3691 1546">
     <span class='ocr_line' id='line_1_60' title="bbox 1987 1476 3691 1546; baseline 0 -16"><span class='ocrx_word' id='word_1_410' title='bbox 1987 1476 2076 1531; x_wconf 90' lang='lat' dir='ltr'><strong>sui</strong></span> <span class='ocrx_word' id='word_1_411' title='bbox 2125 1477 2384 1546; x_wconf 83' lang='lat' dir='ltr'><strong>exempla</strong></span> <span class='ocrx_word' id='word_1_412' title='bbox 2413 1478 2825 1544; x_wconf 83' lang='lat' dir='ltr'><strong>contraxerint,</strong></span> <span class='ocrx_word' id='word_1_413' title='bbox 2872 1478 2940 1531; x_wconf 89' lang='lat' dir='ltr'><strong>ad</strong></span> <span class='ocrx_word' id='word_1_414' title='bbox 2978 1479 3066 1532; x_wconf 91' lang='lat' dir='ltr'><strong>sui</strong></span> <span class='ocrx_word' id='word_1_415' title='bbox 3101 1478 3355 1546; x_wconf 91' lang='lat' dir='ltr'><strong>ipsorum</strong></span> <span class='ocrx_word' id='word_1_416' title='bbox 3387 1476 3691 1532; x_wconf 89' lang='lat' dir='ltr'><strong>conformi-</strong></span> 
     </span>
    </p>
   </div>
   <div class='ocr_carea' id='block_1_61' title="bbox 1987 1563 3691 1635">
    <p class='ocr_par' dir='ltr' id='par_1_61' title="bbox 1987 1563 3691 1635">
     <span class='ocr_line' id='line_1_61' title="bbox 1987 1563 3691 1635; baseline 0.001 -17"><span class='ocrx_word' id='word_1_417' title='bbox 1987 1571 2130 1619; x_wconf 87' lang='lat' dir='ltr'><strong>tates</strong></span> <span class='ocrx_word' id='word_1_418' title='bbox 2161 1565 2290 1635; x_wconf 87' lang='lat' dir='ltr'><strong>igne</strong></span> <span class='ocrx_word' id='word_1_419' title='bbox 2319 1565 2572 1620; x_wconf 60' lang='lat' dir='ltr'><strong>subdolae</strong></span> <span class='ocrx_word' id='word_1_420' title='bbox 2621 1565 3008 1634; x_wconf 89' lang='lat' dir='ltr'><strong>persuasionis</strong></span> <span class='ocrx_word' id='word_1_421' title='bbox 3056 1564 3377 1620; x_wconf 90' lang='lat' dir='ltr'><strong>emolliunt.</strong></span> <span class='ocrx_word' id='word_1_422' title='bbox 3421 1563 3691 1619; x_wconf 89' lang='lat' dir='ltr'><strong>Mulieres</strong></span> 
     </span>
    </p>
   </div>
   <div class='ocr_carea' id='block_1_62' title="bbox 1989 1651 3689 1724">
    <p class='ocr_par' dir='ltr' id='par_1_62' title="bbox 1989 1651 3689 1724">
     <span class='ocr_line' id='line_1_62' title="bbox 1989 1651 3689 1724; baseline -0.001 -17"><span class='ocrx_word' id='word_1_423' title='bbox 1989 1653 2280 1708; x_wconf 90' lang='lat' dir='ltr'><strong>etironice</strong></span> <span class='ocrx_word' id='word_1_424' title='bbox 2331 1654 2720 1709; x_wconf 86' lang='lat' dir='ltr'><strong>misericordes</strong></span> <span class='ocrx_word' id='word_1_425' title='bbox 2775 1661 3075 1720; x_wconf 90' lang='lat' dir='ltr'><strong>vocantur,</strong></span> <span class='ocrx_word' id='word_1_426' title='bbox 3120 1653 3260 1724; x_wconf 90' lang='lat' dir='ltr'><strong>quia</strong></span> <span class='ocrx_word' id='word_1_427' title='bbox 3313 1653 3447 1708; x_wconf 91' lang='lat' dir='ltr'><strong>hinc</strong></span> <span class='ocrx_word' id='word_1_428' title='bbox 3483 1651 3689 1707; x_wconf 91' lang='lat' dir='ltr'><strong>lenoci-</strong></span> 
     </span>
    </p>
   </div>
   <div class='ocr_carea' id='block_1_63' title="bbox 1988 1741 3683 1810">
    <p class='ocr_par' dir='ltr' id='par_1_63' title="bbox 1988 1741 3683 1810">
     <span class='ocr_line' id='line_1_63' title="bbox 1988 1741 3683 1810; baseline 0.001 -17"><span class='ocrx_word' id='word_1_429' title='bbox 1988 1741 2217 1796; x_wconf 89' lang='lat' dir='ltr'><strong>niorum</strong></span> <span class='ocrx_word' id='word_1_430' title='bbox 2246 1741 2480 1796; x_wconf 90' lang='lat' dir='ltr'><strong>mollitie</strong></span> <span class='ocrx_word' id='word_1_431' title='bbox 2533 1741 2740 1796; x_wconf 89' lang='lat' dir='ltr'><strong>fallunt</strong></span> <span class='ocrx_word' id='word_1_432' title='bbox 2773 1749 2827 1797; x_wconf 94' lang='lat' dir='ltr'><strong>et</strong></span> <span class='ocrx_word' id='word_1_433' title='bbox 2859 1742 3014 1796; x_wconf 89' lang='lat' dir='ltr'><strong>illinc</strong></span> <span class='ocrx_word' id='word_1_434' title='bbox 3040 1742 3148 1798; x_wconf 90' lang='lat' dir='ltr'><strong>sub</strong></span> <span class='ocrx_word' id='word_1_435' title='bbox 3177 1743 3362 1797; x_wconf 92' lang='lat' dir='ltr'><strong>colore</strong></span> <span class='ocrx_word' id='word_1_436' title='bbox 3410 1741 3683 1810; x_wconf 90' lang='lat' dir='ltr'><strong>benigni—</strong></span> 
     </span>
    </p>
   </div>
   <div class='ocr_carea' id='block_1_64' title="bbox 1989 1825 3685 1896">
    <p class='ocr_par' dir='ltr' id='par_1_64' title="bbox 1989 1825 3685 1896">
     <span class='ocr_line' id='line_1_64' title="bbox 1989 1825 3685 1896; baseline -0.002 -14"><span class='ocrx_word' id='word_1_437' title='bbox 1989 1827 2119 1882; x_wconf 86' lang='lat' dir='ltr'><strong>tatis</strong></span> <span class='ocrx_word' id='word_1_438' title='bbox 2142 1827 2251 1881; x_wconf 91' lang='lat' dir='ltr'><strong>imo</strong></span> <span class='ocrx_word' id='word_1_439' title='bbox 2291 1828 2457 1896; x_wconf 90' lang='lat' dir='ltr'><strong>quasi</strong></span> <span class='ocrx_word' id='word_1_440' title='bbox 2489 1826 2819 1881; x_wconf 85' lang='lat' dir='ltr'><strong>consulendi</strong></span> <span class='ocrx_word' id='word_1_441' title='bbox 2862 1841 2921 1880; x_wconf 92' lang='lat' dir='ltr'><strong>se</strong></span> <span class='ocrx_word' id='word_1_442' title='bbox 2955 1825 3243 1896; x_wconf 89' lang='lat' dir='ltr'><strong>ingerunt.</strong></span> <span class='ocrx_word' id='word_1_443' title='bbox 3280 1827 3452 1881; x_wconf 81' lang='lat' dir='ltr'><strong>Cibus</strong></span> <span class='ocrx_word' id='word_1_444' title='bbox 3497 1841 3685 1880; x_wconf 83' lang='lat' dir='ltr'><strong>earum</strong></span> 
     </span>
    </p>
   </div>
   <div class='ocr_carea' id='block_1_65' title="bbox 1988 1914 3685 1984">
    <p class='ocr_par' dir='ltr' id='par_1_65' title="bbox 1988 1914 3685 1984">
     <span class='ocr_line' id='line_1_65' title="bbox 1988 1914 3685 1984; baseline -0.001 -14"><span class='ocrx_word' id='word_1_445' title='bbox 1988 1916 2154 1983; x_wconf 91' lang='lat' dir='ltr'><strong>ﬁunt,</strong></span> <span class='ocrx_word' id='word_1_446' title='bbox 2198 1916 2337 1970; x_wconf 92' lang='lat' dir='ltr'><strong>dum</strong></span> <span class='ocrx_word' id='word_1_447' title='bbox 2385 1930 2478 1971; x_wconf 92' lang='lat' dir='ltr'><strong>eos</strong></span> <span class='ocrx_word' id='word_1_448' title='bbox 2507 1915 2614 1971; x_wconf 92' lang='lat' dir='ltr'><strong>sibi</strong></span> <span class='ocrx_word' id='word_1_449' title='bbox 2646 1915 3013 1984; x_wconf 90' lang='lat' dir='ltr'><strong>incorporare</strong></span> <span class='ocrx_word' id='word_1_450' title='bbox 3056 1914 3430 1970; x_wconf 90' lang='lat' dir='ltr'><strong>contendunt.</strong></span> <span class='ocrx_word' id='word_1_451' title='bbox 3473 1915 3544 1970; x_wconf 92' lang='lat' dir='ltr'><strong>Et</strong></span> <span class='ocrx_word' id='word_1_452' title='bbox 3591 1928 3685 1969; x_wconf 81' lang='lat' dir='ltr'><strong>ex-</strong></span> 
     </span>
    </p>
   </div>
   <div class='ocr_carea' id='block_1_66' title="bbox 1985 2002 3678 2074">
    <p class='ocr_par' dir='ltr' id='par_1_66' title="bbox 1985 2002 3678 2074">
     <span class='ocr_line' id='line_1_66' title="bbox 1985 2002 3678 2074; baseline -0.001 -15"><span class='ocrx_word' id='word_1_453' title='bbox 1985 2003 2118 2060; x_wconf 91' lang='lat' dir='ltr'><strong>inde</strong></span> <span class='ocrx_word' id='word_1_454' title='bbox 2151 2003 2266 2059; x_wconf 89' lang='lat' dir='ltr'><strong>ﬁlia</strong></span> <span class='ocrx_word' id='word_1_455' title='bbox 2299 2003 2494 2074; x_wconf 91' lang='lat' dir='ltr'><strong>populi</strong></span> <span class='ocrx_word' id='word_1_456' title='bbox 2526 2003 2862 2070; x_wconf 89' lang='lat' dir='ltr'><strong>conteritur,</strong></span> <span class='ocrx_word' id='word_1_457' title='bbox 2908 2003 3049 2059; x_wconf 90' lang='lat' dir='ltr'><strong>dum</strong></span> <span class='ocrx_word' id='word_1_458' title='bbox 3079 2017 3194 2058; x_wconf 90' lang='lat' dir='ltr'><strong>non</strong></span> <span class='ocrx_word' id='word_1_459' title='bbox 3235 2002 3470 2058; x_wconf 91' lang='lat' dir='ltr'><strong>rationis</strong></span> <span class='ocrx_word' id='word_1_460' title='bbox 3506 2002 3678 2069; x_wconf 90' lang='lat' dir='ltr'><strong>ﬁlius,</strong></span> 
     </span>
    </p>
   </div>
   <div class='ocr_carea' id='block_1_67' title="bbox 1986 2091 3682 2164">
    <p class='ocr_par' dir='ltr' id='par_1_67' title="bbox 1986 2091 3682 2164">
     <span class='ocr_line' id='line_1_67' title="bbox 1986 2091 3682 2164; baseline -0.002 -16"><span class='ocrx_word' id='word_1_461' title='bbox 1986 2093 2108 2163; x_wconf 92' lang='lat' dir='ltr'><strong>qui,</strong></span> <span class='ocrx_word' id='word_1_462' title='bbox 2133 2093 2304 2164; x_wconf 86' lang='lat' dir='ltr'><strong>juxta</strong></span> <span class='ocrx_word' id='word_1_463' title='bbox 2328 2091 2754 2162; x_wconf 78' lang='lat' dir='ltr'><strong>Apocalypsim,</strong></span> <span class='ocrx_word' id='word_1_464' title='bbox 2799 2091 2870 2146; x_wconf 90' lang='lat' dir='ltr'><strong>ad</strong></span> <span class='ocrx_word' id='word_1_465' title='bbox 2910 2091 3185 2147; x_wconf 88' lang='lat' dir='ltr'><strong>thronum</strong></span> <span class='ocrx_word' id='word_1_466' title='bbox 3220 2091 3316 2147; x_wconf 92' lang='lat' dir='ltr'><strong>Dei</strong></span> <span class='ocrx_word' id='word_1_467' title='bbox 3345 2091 3682 2161; x_wconf 91' lang='lat' dir='ltr'><strong>perducitur</strong></span> 
     </span>
    </p>
   </div>
   <div class='ocr_carea' id='block_1_68' title="bbox 1985 2178 3680 2251">
    <p class='ocr_par' dir='ltr' id='par_1_68' title="bbox 1985 2178 3680 2251">
     <span class='ocr_line' id='line_1_68' title="bbox 1985 2178 3680 2251; baseline 0 -17"><span class='ocrx_word' id='word_1_468' title='bbox 1985 2180 2176 2251; x_wconf 85' lang='lat' dir='ltr'><strong>(Apoc.</strong></span> <span class='ocrx_word' id='word_1_469' title='bbox 2211 2196 2311 2242; x_wconf 83' lang='lat' dir='ltr'><strong>xu,</strong></span> <span class='ocrx_word' id='word_1_470' title='bbox 2346 2180 2419 2250; x_wconf 83' lang='lat'><strong>5),</strong></span> <span class='ocrx_word' id='word_1_471' title='bbox 2452 2181 2547 2235; x_wconf 90' lang='lat' dir='ltr'><strong>sed</strong></span> <span class='ocrx_word' id='word_1_472' title='bbox 2591 2178 2955 2250; x_wconf 88' lang='lat' dir='ltr'><strong>vulgaritatis</strong></span> <span class='ocrx_word' id='word_1_473' title='bbox 2986 2179 3199 2235; x_wconf 74' lang='lat' dir='ltr'><strong>intimae</strong></span> <span class='ocrx_word' id='word_1_474' title='bbox 3239 2179 3522 2236; x_wconf 90' lang='lat' dir='ltr'><strong>instabilis</strong></span> <span class='ocrx_word' id='word_1_475' title='bbox 3560 2179 3680 2234; x_wconf 86' lang='lat' dir='ltr'><strong>ﬁlia</strong></span> 
     </span>
    </p>
   </div>
   <div class='ocr_carea' id='block_1_69' title="bbox 1984 2267 2675 2324">
    <p class='ocr_par' dir='ltr' id='par_1_69' title="bbox 1984 2267 2675 2324">
     <span class='ocr_line' id='line_1_69' title="bbox 1984 2267 2675 2324; baseline -0.001 -2"><span class='ocrx_word' id='word_1_476' title='bbox 1984 2267 2369 2324; x_wconf 88' lang='lat' dir='ltr'><strong>indesinenter</strong></span> <span class='ocrx_word' id='word_1_477' title='bbox 2389 2267 2675 2323; x_wconf 91' lang='lat' dir='ltr'><strong>obruitur.</strong></span> 
     </span>
    </p>
   </div>
   <div class='ocr_carea' id='block_1_70' title="bbox 2743 2369 2909 2410">
    <p class='ocr_par' dir='ltr' id='par_1_70' title="bbox 2743 2369 2909 2410">
     <span class='ocr_line' id='line_1_70' title="bbox 2743 2369 2909 2410; baseline 0 -2"><span class='ocrx_word' id='word_1_478' title='bbox 2743 2369 2909 2410; x_wconf 79' lang='lat' dir='ltr'><strong>CAPH.</strong></span> 
     </span>
    </p>
   </div>
   <div class='ocr_carea' id='block_1_71' title="bbox 2054 2441 3674 2512">
    <p class='ocr_par' dir='ltr' id='par_1_71' title="bbox 2054 2441 3674 2512">
     <span class='ocr_line' id='line_1_71' title="bbox 2054 2441 3674 2512; baseline -0.003 -12"><span class='ocrx_word' id='word_1_479' title='bbox 2054 2445 2225 2501; x_wconf 75' lang='lat' dir='ltr'><strong>Vens.</strong></span> <span class='ocrx_word' id='word_1_480' title='bbox 2259 2447 2342 2498; x_wconf 82' lang='lat' dir='ltr'><strong>ll.</strong></span> <span class='ocrx_word' id='word_1_481' title='bbox 2364 2473 2437 2484; x_wconf 98' lang='lat'><strong>—</strong></span> <span class='ocrx_word' id='word_1_482' title='bbox 2471 2467 2491 2491; x_wconf 77' lang='grc' dir='ltr'><strong><em>α</em></strong></span> <span class='ocrx_word' id='word_1_483' title='bbox 2527 2442 2841 2512; x_wconf 90' lang='lat' dir='ltr'><strong>Complevit</strong></span> <span class='ocrx_word' id='word_1_484' title='bbox 2887 2442 3164 2497; x_wconf 88' lang='lat' dir='ltr'><strong>Dominus</strong></span> <span class='ocrx_word' id='word_1_485' title='bbox 3199 2441 3450 2498; x_wconf 90' lang='lat' dir='ltr'><strong>furorem</strong></span> <span class='ocrx_word' id='word_1_486' title='bbox 3480 2455 3674 2506; x_wconf 92' lang='lat' dir='ltr'><strong>suum,</strong></span> 
     </span>
    </p>
   </div>
   <div class='ocr_carea' id='block_1_72' title="bbox 1988 2530 3676 2602">
    <p class='ocr_par' dir='ltr' id='par_1_72' title="bbox 1988 2530 3676 2602">
     <span class='ocr_line' id='line_1_72' title="bbox 1988 2530 3676 2602; baseline -0.002 -14"><span class='ocrx_word' id='word_1_487' title='bbox 1988 2554 2008 2580; x_wconf 75' lang='grc' dir='ltr'><strong>ιι</strong></span> <span class='ocrx_word' id='word_1_488' title='bbox 2052 2532 2254 2588; x_wconf 75' lang='lat' dir='ltr'><strong>effudit</strong></span> <span class='ocrx_word' id='word_1_489' title='bbox 2284 2533 2428 2587; x_wconf 90' lang='lat' dir='ltr'><strong>iram</strong></span> <span class='ocrx_word' id='word_1_490' title='bbox 2463 2531 2876 2602; x_wconf 87' lang='lat' dir='ltr'><strong>indignationis</strong></span> <span class='ocrx_word' id='word_1_491' title='bbox 2906 2545 3043 2596; x_wconf 66' lang='lat' dir='ltr'><strong>sure,</strong></span> <span class='ocrx_word' id='word_1_492' title='bbox 3077 2537 3132 2586; x_wconf 88' lang='lat' dir='ltr'><strong>et</strong></span> <span class='ocrx_word' id='word_1_493' title='bbox 3172 2530 3465 2586; x_wconf 89' lang='lat' dir='ltr'><strong>succendit</strong></span> <span class='ocrx_word' id='word_1_494' title='bbox 3487 2530 3676 2600; x_wconf 87' lang='lat' dir='ltr'><strong>ignem</strong></span> 
     </span>
    </p>
   </div>
   <div class='ocr_carea' id='block_1_73' title="bbox 1987 2617 3673 2687">
    <p class='ocr_par' dir='ltr' id='par_1_73' title="bbox 1987 2617 3673 2687">
     <span class='ocr_line' id='line_1_73' title="bbox 1987 2617 3673 2687; baseline -0.002 -12"><span class='ocrx_word' id='word_1_495' title='bbox 1987 2641 2008 2669; x_wconf 78' lang='grc' dir='ltr'><strong>ι</strong></span> <span class='ocrx_word' id='word_1_496' title='bbox 2052 2622 2108 2675; x_wconf 90' lang='lat' dir='ltr'><strong>in</strong></span> <span class='ocrx_word' id='word_1_497' title='bbox 2165 2621 2318 2687; x_wconf 91' lang='lat' dir='ltr'><strong>Sion,</strong></span> <span class='ocrx_word' id='word_1_498' title='bbox 2373 2628 2427 2675; x_wconf 92' lang='lat' dir='ltr'><strong>et</strong></span> <span class='ocrx_word' id='word_1_499' title='bbox 2461 2619 2756 2675; x_wconf 88' lang='lat' dir='ltr'><strong>devoravit</strong></span> <span class='ocrx_word' id='word_1_500' title='bbox 2806 2618 3182 2674; x_wconf 89' lang='lat' dir='ltr'><strong>fundamenta</strong></span> <span class='ocrx_word' id='word_1_501' title='bbox 3232 2617 3370 2686; x_wconf 85' lang='lat' dir='ltr'><strong>ejus.</strong></span> <span class='ocrx_word' id='word_1_502' title='bbox 3421 2640 3441 2664; x_wconf 78' lang='grc' dir='ltr'><strong>ι</strong></span> <span class='ocrx_word' id='word_1_503' title='bbox 3495 2617 3673 2686; x_wconf 89' lang='lat' dir='ltr'><strong>Caph,</strong></span> 
     </span>
    </p>
   </div>
   <div class='ocr_carea' id='block_1_74' title="bbox 1981 2703 3678 2773">
    <p class='ocr_par' dir='ltr' id='par_1_74' title="bbox 1981 2703 3678 2773">
     <span class='ocr_line' id='line_1_74' title="bbox 1981 2703 3678 2773; baseline -0.001 -15"><span class='ocrx_word' id='word_1_504' title='bbox 1981 2703 2394 2773; x_wconf 89' lang='lat' dir='ltr'><strong>interpretatur</strong></span> <span class='ocrx_word' id='word_1_505' title='bbox 2432 2707 2694 2772; x_wconf 84' lang='lat' dir='ltr'><strong>operatio.</strong></span> <span class='ocrx_word' id='word_1_506' title='bbox 2727 2705 2862 2767; x_wconf 63' lang='lat' dir='ltr'><strong>Quae</strong></span> <span class='ocrx_word' id='word_1_507' title='bbox 2903 2704 3157 2773; x_wconf 89' lang='lat' dir='ltr'><strong>operatio</strong></span> <span class='ocrx_word' id='word_1_508' title='bbox 3205 2719 3318 2758; x_wconf 90' lang='lat' dir='ltr'><strong>non</strong></span> <span class='ocrx_word' id='word_1_509' title='bbox 3370 2703 3480 2758; x_wconf 91' lang='lat' dir='ltr'><strong>nisi</strong></span> <span class='ocrx_word' id='word_1_510' title='bbox 3532 2717 3678 2772; x_wconf 72' lang='lat' dir='ltr'><strong>prae-</strong></span> 
     </span>
    </p>
   </div>
   <div class='ocr_carea' id='block_1_75' title="bbox 1982 2791 3677 2862">
    <p class='ocr_par' dir='ltr' id='par_1_75' title="bbox 1982 2791 3677 2862">
     <span class='ocr_line' id='line_1_75' title="bbox 1982 2791 3677 2862; baseline -0.002 -14"><span class='ocrx_word' id='word_1_511' title='bbox 1982 2794 2169 2848; x_wconf 66' lang='lat' dir='ltr'><strong>missa:</strong></span> <span class='ocrx_word' id='word_1_512' title='bbox 2199 2792 2522 2862; x_wconf 89' lang='lat' dir='ltr'><strong>iniquitatis</strong></span> <span class='ocrx_word' id='word_1_513' title='bbox 2552 2792 2790 2862; x_wconf 85' lang='lat' dir='ltr'><strong>quidam</strong></span> <span class='ocrx_word' id='word_1_514' title='bbox 2842 2791 3077 2847; x_wconf 80' lang='lat' dir='ltr'><strong>cﬁ‘ectus</strong></span> <span class='ocrx_word' id='word_1_515' title='bbox 3129 2791 3358 2850; x_wconf 86' lang='lat' dir='ltr'><strong>dicitur.</strong></span> <span class='ocrx_word' id='word_1_516' title='bbox 3414 2791 3558 2846; x_wconf 91' lang='lat' dir='ltr'><strong>sicut</strong></span> <span class='ocrx_word' id='word_1_517' title='bbox 3603 2804 3677 2845; x_wconf 83' lang='lat' dir='ltr'><strong>ex</strong></span> 
     </span>
    </p>
   </div>
   <div class='ocr_carea' id='block_1_76' title="bbox 1913 2879 3677 2976">
    <p class='ocr_par' dir='ltr' id='par_1_76' title="bbox 1913 2879 3677 2976">
     <span class='ocr_line' id='line_1_76' title="bbox 1913 2879 3677 2976; baseline -0.002 -40"><span class='ocrx_word' id='word_1_518' title='bbox 1913 2922 1952 2976; x_wconf 67' lang='grc' dir='ltr'>Ο</span> <span class='ocrx_word' id='word_1_519' title='bbox 1985 2888 2209 2951; x_wconf 90' lang='lat' dir='ltr'><strong>peccato</strong></span> <span class='ocrx_word' id='word_1_520' title='bbox 2245 2880 2454 2950; x_wconf 90' lang='lat' dir='ltr'><strong>peccati</strong></span> <span class='ocrx_word' id='word_1_521' title='bbox 2498 2894 2666 2950; x_wconf 85' lang='lat' dir='ltr'><strong>poena</strong></span> <span class='ocrx_word' id='word_1_522' title='bbox 2704 2879 2969 2934; x_wconf 87' lang='lat' dir='ltr'><strong>efﬁcitur.</strong></span> <span class='ocrx_word' id='word_1_523' title='bbox 3027 2879 3185 2935; x_wconf 90' lang='lat' dir='ltr'><strong>Unde</strong></span> <span class='ocrx_word' id='word_1_524' title='bbox 3231 2881 3472 2945; x_wconf 84' lang='lat' dir='ltr'><strong>furorem</strong></span> <span class='ocrx_word' id='word_1_525' title='bbox 3519 2893 3677 2932; x_wconf 91' lang='lat' dir='ltr'><strong>suum</strong></span> 
     </span>
    </p>
   </div>
   <div class='ocr_carea' id='block_1_77' title="bbox 1984 2967 3675 3038">
    <p class='ocr_par' dir='ltr' id='par_1_77' title="bbox 1984 2967 3675 3038">
     <span class='ocr_line' id='line_1_77' title="bbox 1984 2967 3675 3038; baseline -0.002 -15"><span class='ocrx_word' id='word_1_526' title='bbox 1984 2972 2238 3023; x_wconf 81' lang='lat' dir='ltr'><strong>Dominus</strong></span> <span class='ocrx_word' id='word_1_527' title='bbox 2287 2969 2550 3038; x_wconf 91' lang='lat' dir='ltr'><strong>complet,</strong></span> <span class='ocrx_word' id='word_1_528' title='bbox 2603 2972 2666 3023; x_wconf 89' lang='lat' dir='ltr'><strong>ut</strong></span> <span class='ocrx_word' id='word_1_529' title='bbox 2719 2969 2820 3037; x_wconf 92' lang='lat' dir='ltr'><strong>qui</strong></span> <span class='ocrx_word' id='word_1_530' title='bbox 2893 2975 3121 3037; x_wconf 89' lang='lat' dir='ltr'><strong>peccato</strong></span> <span class='ocrx_word' id='word_1_531' title='bbox 3185 2967 3557 3032; x_wconf 86' lang='lat' dir='ltr'><strong>irascebatur,</strong></span> <span class='ocrx_word' id='word_1_532' title='bbox 3602 2979 3675 3020; x_wconf 86' lang='lat' dir='ltr'><strong>ex</strong></span> 
     </span>
    </p>
   </div>
   <div class='ocr_carea' id='block_1_78' title="bbox 1983 3054 3676 3126">
    <p class='ocr_par' dir='ltr' id='par_1_78' title="bbox 1983 3054 3676 3126">
     <span class='ocr_line' id='line_1_78' title="bbox 1983 3054 3676 3126; baseline -0.002 -14"><span class='ocrx_word' id='word_1_533' title='bbox 1983 3057 2173 3112; x_wconf 89' lang='lat' dir='ltr'><strong>furore</strong></span> <span class='ocrx_word' id='word_1_534' title='bbox 2197 3057 2318 3126; x_wconf 88' lang='lat' dir='ltr'><strong>jam</strong></span> <span class='ocrx_word' id='word_1_535' title='bbox 2361 3056 2697 3112; x_wconf 90' lang='lat' dir='ltr'><strong>sententiam</strong></span> <span class='ocrx_word' id='word_1_536' title='bbox 2722 3056 2924 3126; x_wconf 62' lang='lat' dir='ltr'><strong>[paenae</strong></span> <span class='ocrx_word' id='word_1_537' title='bbox 2962 3055 3190 3126; x_wconf 92' lang='lat' dir='ltr'><strong>irroget.</strong></span> <span class='ocrx_word' id='word_1_538' title='bbox 3236 3057 3380 3108; x_wconf 82' lang='lat' dir='ltr'><strong>Iram</strong></span> <span class='ocrx_word' id='word_1_539' title='bbox 3410 3054 3676 3121; x_wconf 83' lang='lat' dir='ltr'><strong>indigna-</strong></span> 
     </span>
    </p>
   </div>
   <div class='ocr_carea' id='block_1_79' title="bbox 1983 3141 3674 3211">
    <p class='ocr_par' dir='ltr' id='par_1_79' title="bbox 1983 3141 3674 3211">
     <span class='ocr_line' id='line_1_79' title="bbox 1983 3141 3674 3211; baseline -0.002 -11"><span class='ocrx_word' id='word_1_540' title='bbox 1983 3149 2144 3200; x_wconf 85' lang='lat' dir='ltr'><strong>tionis</strong></span> <span class='ocrx_word' id='word_1_541' title='bbox 2163 3161 2272 3200; x_wconf 61' lang='grc' dir='ltr'>διιεῖ</span> <span class='ocrx_word' id='word_1_542' title='bbox 2291 3144 2556 3211; x_wconf 83' lang='lat' dir='ltr'><strong>eﬁ&#39;undit,</strong></span> <span class='ocrx_word' id='word_1_543' title='bbox 2582 3159 2714 3201; x_wconf 90' lang='lat' dir='ltr'><strong>cum</strong></span> <span class='ocrx_word' id='word_1_544' title='bbox 2741 3143 3066 3200; x_wconf 76' lang='lat' dir='ltr'><strong>temtationis</strong></span> <span class='ocrx_word' id='word_1_545' title='bbox 3089 3144 3356 3198; x_wconf 89' lang='lat' dir='ltr'><strong>miseram</strong></span> <span class='ocrx_word' id='word_1_546' title='bbox 3387 3141 3674 3198; x_wconf 89' lang='lat' dir='ltr'><strong>conscien-</strong></span> 
     </span>
    </p>
   </div>
   <div class='ocr_carea' id='block_1_80' title="bbox 1983 3231 3670 3303">
    <p class='ocr_par' dir='ltr' id='par_1_80' title="bbox 1983 3231 3670 3303">
     <span class='ocr_line' id='line_1_80' title="bbox 1983 3231 3670 3303; baseline -0.002 -16"><span class='ocrx_word' id='word_1_547' title='bbox 1983 3233 2119 3288; x_wconf 87' lang='lat' dir='ltr'><strong>tiam</strong></span> <span class='ocrx_word' id='word_1_548' title='bbox 2162 3233 2427 3289; x_wconf 91' lang='lat' dir='ltr'><strong>ludibriis</strong></span> <span class='ocrx_word' id='word_1_549' title='bbox 2455 3234 2708 3303; x_wconf 87' lang='lat' dir='ltr'><strong>exponit.</strong></span> <span class='ocrx_word' id='word_1_550' title='bbox 2747 3237 2894 3286; x_wconf 65' lang='grc' dir='ltr'><strong>τες)</strong></span> <span class='ocrx_word' id='word_1_551' title='bbox 2914 3235 3095 3298; x_wconf 84' lang='lat' dir='ltr'><strong>Ignem</strong></span> <span class='ocrx_word' id='word_1_552' title='bbox 3115 3235 3173 3285; x_wconf 90' lang='lat' dir='ltr'><strong>in</strong></span> <span class='ocrx_word' id='word_1_553' title='bbox 3193 3232 3328 3285; x_wconf 87' lang='lat' dir='ltr'><strong>Sion</strong></span> <span class='ocrx_word' id='word_1_554' title='bbox 3355 3231 3670 3297; x_wconf 88' lang='lat' dir='ltr'><strong>succendit,</strong></span> 
     </span>
    </p>
   </div>
   <div class='ocr_carea' id='block_1_81' title="bbox 1981 3319 3671 3392">
    <p class='ocr_par' dir='ltr' id='par_1_81' title="bbox 1981 3319 3671 3392">
     <span class='ocr_line' id='line_1_81' title="bbox 1981 3319 3671 3392; baseline -0.003 -15"><span class='ocrx_word' id='word_1_555' title='bbox 1981 3336 2112 3377; x_wconf 91' lang='lat' dir='ltr'><strong>cum</strong></span> <span class='ocrx_word' id='word_1_556' title='bbox 2136 3321 2324 3377; x_wconf 91' lang='lat' dir='ltr'><strong>carnis</strong></span> <span class='ocrx_word' id='word_1_557' title='bbox 2355 3321 2684 3392; x_wconf 76' lang='lat' dir='ltr'><strong>petulantiae</strong></span> <span class='ocrx_word' id='word_1_558' title='bbox 2712 3321 2970 3376; x_wconf 86' lang='lat' dir='ltr'><strong>ﬂammas</strong></span> <span class='ocrx_word' id='word_1_559' title='bbox 2999 3321 3056 3375; x_wconf 89' lang='lat' dir='ltr'><strong>in</strong></span> <span class='ocrx_word' id='word_1_560' title='bbox 3089 3327 3290 3383; x_wconf 83' lang='lat' dir='ltr'><strong>mente,</strong></span> <span class='ocrx_word' id='word_1_561' title='bbox 3331 3333 3461 3388; x_wconf 68' lang='lat' dir='ltr'><strong>quae</strong></span> <span class='ocrx_word' id='word_1_562' title='bbox 3492 3319 3671 3373; x_wconf 91' lang='lat' dir='ltr'><strong>Deum</strong></span> 
     </span>
    </p>
   </div>
   <div class='ocr_carea' id='block_1_82' title="bbox 1980 3406 3674 3480">
    <p class='ocr_par' dir='ltr' id='par_1_82' title="bbox 1980 3406 3674 3480">
     <span class='ocr_line' id='line_1_82' title="bbox 1980 3406 3674 3480; baseline -0.004 -15"><span class='ocrx_word' id='word_1_563' title='bbox 1980 3410 2260 3479; x_wconf 89' lang='lat' dir='ltr'><strong>speculari</strong></span> <span class='ocrx_word' id='word_1_564' title='bbox 2336 3417 2732 3475; x_wconf 87' lang='lat' dir='ltr'><strong>consueverat,</strong></span> <span class='ocrx_word' id='word_1_565' title='bbox 2797 3409 2980 3480; x_wconf 88' lang='lat' dir='ltr'><strong>ingeri</strong></span> <span class='ocrx_word' id='word_1_566' title='bbox 3031 3409 3181 3463; x_wconf 90' lang='lat' dir='ltr'><strong>Deus</strong></span> <span class='ocrx_word' id='word_1_567' title='bbox 3236 3407 3391 3461; x_wconf 88' lang='lat' dir='ltr'><strong>sinit.</strong></span> <span class='ocrx_word' id='word_1_568' title='bbox 3453 3406 3674 3460; x_wconf 83' lang='lat' dir='ltr'><strong>Funda-</strong></span> 
     </span>
    </p>
   </div>
   <div class='ocr_carea' id='block_1_83' title="bbox 1981 3494 3674 3566">
    <p class='ocr_par' dir='ltr' id='par_1_83' title="bbox 1981 3494 3674 3566">
     <span class='ocr_line' id='line_1_83' title="bbox 1981 3494 3674 3566; baseline -0.003 -13"><span class='ocrx_word' id='word_1_569' title='bbox 1981 3503 2159 3553; x_wconf 88' lang='lat' dir='ltr'><strong>menta</strong></span> <span class='ocrx_word' id='word_1_570' title='bbox 2188 3498 2304 3566; x_wconf 84' lang='lat' dir='ltr'><strong>ejus</strong></span> <span class='ocrx_word' id='word_1_571' title='bbox 2355 3498 2608 3565; x_wconf 88' lang='lat' dir='ltr'><strong>devorat,</strong></span> <span class='ocrx_word' id='word_1_572' title='bbox 2650 3511 2781 3552; x_wconf 92' lang='lat' dir='ltr'><strong>cum</strong></span> <span class='ocrx_word' id='word_1_573' title='bbox 2828 3496 3258 3552; x_wconf 88' lang='lat' dir='ltr'><strong>subsistentiam</strong></span> <span class='ocrx_word' id='word_1_574' title='bbox 3309 3495 3482 3550; x_wconf 91' lang='lat' dir='ltr'><strong>totius</strong></span> <span class='ocrx_word' id='word_1_575' title='bbox 3512 3494 3674 3549; x_wconf 73' lang='lat' dir='ltr'><strong>bonae</strong></span> 
     </span>
    </p>
   </div>
   <div class='ocr_carea' id='block_1_84' title="bbox 1980 3585 2959 3656">
    <p class='ocr_par' dir='ltr' id='par_1_84' title="bbox 1980 3585 2959 3656">
     <span class='ocr_line' id='line_1_84' title="bbox 1980 3585 2959 3656; baseline -0.003 -14"><span class='ocrx_word' id='word_1_576' title='bbox 1980 3587 2312 3643; x_wconf 90' lang='lat' dir='ltr'><strong>intentionis</strong></span> <span class='ocrx_word' id='word_1_577' title='bbox 2341 3585 2592 3642; x_wconf 83' lang='lat' dir='ltr'><strong>absumit</strong></span> <span class='ocrx_word' id='word_1_578' title='bbox 2616 3593 2672 3641; x_wconf 92' lang='lat' dir='ltr'><strong>et</strong></span> <span class='ocrx_word' id='word_1_579' title='bbox 2701 3586 2959 3656; x_wconf 89' lang='lat' dir='ltr'><strong>abrogat.</strong></span> 
     </span>
    </p>
   </div>
   <div class='ocr_carea' id='block_1_85' title="bbox 2723 3689 2928 3729">
    <p class='ocr_par' dir='ltr' id='par_1_85' title="bbox 2723 3689 2928 3729">
     <span class='ocr_line' id='line_1_85' title="bbox 2723 3689 2928 3729; baseline -0.015 0"><span class='ocrx_word' id='word_1_580' title='bbox 2723 3689 2928 3729; x_wconf 76' lang='lat' dir='ltr'><strong>LAMED.</strong></span> 
     </span>
    </p>
   </div>
   <div class='ocr_carea' id='block_1_86' title="bbox 2051 3761 3674 3832">
    <p class='ocr_par' dir='ltr' id='par_1_86' title="bbox 2051 3761 3674 3832">
     <span class='ocr_line' id='line_1_86' title="bbox 2051 3761 3674 3832; baseline -0.004 -11"><span class='ocrx_word' id='word_1_581' title='bbox 2051 3764 2224 3821; x_wconf 71' lang='lat' dir='ltr'><strong>Vens.</strong></span> <span class='ocrx_word' id='word_1_582' title='bbox 2278 3767 2359 3817; x_wconf 82' lang='lat' dir='ltr'><strong>t2.</strong></span> <span class='ocrx_word' id='word_1_583' title='bbox 2409 3795 2477 3803; x_wconf 92' lang='lat'><strong>—</strong></span> <span class='ocrx_word' id='word_1_584' title='bbox 2529 3782 2556 3813; x_wconf 87' lang='lat'><strong>«</strong></span> <span class='ocrx_word' id='word_1_585' title='bbox 2606 3763 2730 3818; x_wconf 85' lang='lat' dir='ltr'><strong>Non</strong></span> <span class='ocrx_word' id='word_1_586' title='bbox 2779 3761 3143 3818; x_wconf 89' lang='lat' dir='ltr'><strong>crediderunt</strong></span> <span class='ocrx_word' id='word_1_587' title='bbox 3192 3774 3354 3832; x_wconf 88' lang='lat' dir='ltr'><strong>reges</strong></span> <span class='ocrx_word' id='word_1_588' title='bbox 3403 3767 3566 3816; x_wconf 76' lang='lat' dir='ltr'><strong>terrae</strong></span> <span class='ocrx_word' id='word_1_589' title='bbox 3618 3767 3674 3815; x_wconf 90' lang='lat' dir='ltr'><strong>et</strong></span> 
     </span>
    </p>
   </div>
   <div class='ocr_carea' id='block_1_87' title="bbox 1983 3847 3676 3920">
    <p class='ocr_par' dir='ltr' id='par_1_87' title="bbox 1983 3847 3676 3920">
     <span class='ocr_line' id='line_1_87' title="bbox 1983 3847 3676 3920; baseline -0.002 -12"><span class='ocrx_word' id='word_1_590' title='bbox 1983 3873 2005 3901; x_wconf 70' lang='grc' dir='ltr'><strong>ι</strong></span> <span class='ocrx_word' id='word_1_591' title='bbox 2049 3853 2303 3908; x_wconf 90' lang='lat' dir='ltr'><strong>universi</strong></span> <span class='ocrx_word' id='word_1_592' title='bbox 2337 3852 2686 3907; x_wconf 88' lang='lat' dir='ltr'><strong>habitatores</strong></span> <span class='ocrx_word' id='word_1_593' title='bbox 2727 3851 3004 3920; x_wconf 89' lang='lat' dir='ltr'><strong>quoniam</strong></span> <span class='ocrx_word' id='word_1_594' title='bbox 3060 3848 3460 3920; x_wconf 84' lang='lat' dir='ltr'><strong>ingrederetur</strong></span> <span class='ocrx_word' id='word_1_595' title='bbox 3499 3847 3676 3904; x_wconf 91' lang='lat' dir='ltr'><strong>hostis</strong></span> 
     </span>
    </p>
   </div>
   <div class='ocr_carea' id='block_1_88' title="bbox 1983 3937 3725 4009">
    <p class='ocr_par' dir='ltr' id='par_1_88' title="bbox 1983 3937 3725 4009">
     <span class='ocr_line' id='line_1_88' title="bbox 1983 3937 3725 4009; baseline -0.004 -12"><span class='ocrx_word' id='word_1_596' title='bbox 1983 3963 2004 3989; x_wconf 80' lang='grc'>›</span> <span class='ocrx_word' id='word_1_597' title='bbox 2047 3948 2102 3997; x_wconf 89' lang='lat' dir='ltr'><strong>et</strong></span> <span class='ocrx_word' id='word_1_598' title='bbox 2153 3941 2418 3996; x_wconf 89' lang='lat' dir='ltr'><strong>inimicus</strong></span> <span class='ocrx_word' id='word_1_599' title='bbox 2468 3954 2566 4009; x_wconf 92' lang='lat' dir='ltr'><strong>per</strong></span> <span class='ocrx_word' id='word_1_600' title='bbox 2615 3946 2805 4009; x_wconf 90' lang='lat' dir='ltr'><strong>portas</strong></span> <span class='ocrx_word' id='word_1_601' title='bbox 2863 3937 3199 3993; x_wconf 83' lang='lat' dir='ltr'><strong>Jerusalem.</strong></span> <span class='ocrx_word' id='word_1_602' title='bbox 3255 3960 3278 3984; x_wconf 77' lang='grc' dir='ltr'><strong>υ</strong></span> <span class='ocrx_word' id='word_1_603' title='bbox 3330 3937 3555 4004; x_wconf 89' lang='lat' dir='ltr'><strong>Lamed,</strong></span> <span class='ocrx_word' id='word_1_604' title='bbox 3595 3937 3674 3991; x_wconf 93' lang='lat' dir='ltr'><strong>di-</strong></span> <span class='ocrx_word' id='word_1_605' title='bbox 3712 3952 3725 3959; x_wconf 56' lang='grc' dir='ltr'>ί</span> 
     </span>
    </p>
   </div>
   <div class='ocr_carea' id='block_1_89' title="bbox 1977 4025 3670 4096">
    <p class='ocr_par' dir='ltr' id='par_1_89' title="bbox 1977 4025 3670 4096">
     <span class='ocr_line' id='line_1_89' title="bbox 1977 4025 3670 4096; baseline -0.004 -12"><span class='ocrx_word' id='word_1_606' title='bbox 1977 4029 2127 4084; x_wconf 90' lang='lat' dir='ltr'><strong>citur</strong></span> <span class='ocrx_word' id='word_1_607' title='bbox 2152 4045 2242 4084; x_wconf 90' lang='lat' dir='ltr'><strong>cor</strong></span> <span class='ocrx_word' id='word_1_608' title='bbox 2277 4031 2574 4083; x_wconf 78' lang='lat' dir='ltr'><strong>servitutis.</strong></span> <span class='ocrx_word' id='word_1_609' title='bbox 2625 4029 2725 4084; x_wconf 87' lang='lat' dir='ltr'><strong>Cor</strong></span> <span class='ocrx_word' id='word_1_610' title='bbox 2766 4029 3047 4081; x_wconf 85' lang='lat' dir='ltr'><strong>servitutis</strong></span> <span class='ocrx_word' id='word_1_611' title='bbox 3092 4025 3432 4096; x_wconf 86' lang='lat' dir='ltr'><strong>intelligitur</strong></span> <span class='ocrx_word' id='word_1_612' title='bbox 3459 4025 3670 4080; x_wconf 86' lang='lat' dir='ltr'><strong>intelli-</strong></span> 
     </span>
    </p>
   </div>
   <div class='ocr_carea' id='block_1_90' title="bbox 1979 4113 3670 4189">
    <p class='ocr_par' dir='ltr' id='par_1_90' title="bbox 1979 4113 3670 4189">
     <span class='ocr_line' id='line_1_90' title="bbox 1979 4113 3670 4189; baseline -0.003 -17"><span class='ocrx_word' id='word_1_613' title='bbox 1979 4119 2190 4189; x_wconf 84' lang='lat' dir='ltr'><strong>gentia,</strong></span> <span class='ocrx_word' id='word_1_614' title='bbox 2226 4133 2356 4188; x_wconf 68' lang='lat' dir='ltr'><strong>quae</strong></span> <span class='ocrx_word' id='word_1_615' title='bbox 2406 4132 2519 4172; x_wconf 91' lang='lat' dir='ltr'><strong>non</strong></span> <span class='ocrx_word' id='word_1_616' title='bbox 2562 4129 2634 4171; x_wconf 79' lang='lat' dir='ltr'><strong>ex</strong></span> <span class='ocrx_word' id='word_1_617' title='bbox 2685 4116 2922 4182; x_wconf 89' lang='lat' dir='ltr'><strong>ratione,</strong></span> <span class='ocrx_word' id='word_1_618' title='bbox 2979 4129 3110 4185; x_wconf 71' lang='lat' dir='ltr'><strong>quae</strong></span> <span class='ocrx_word' id='word_1_619' title='bbox 3155 4115 3417 4183; x_wconf 89' lang='lat' dir='ltr'><strong>imperat,</strong></span> <span class='ocrx_word' id='word_1_620' title='bbox 3470 4113 3563 4168; x_wconf 92' lang='lat' dir='ltr'><strong>sed</strong></span> <span class='ocrx_word' id='word_1_621' title='bbox 3598 4127 3670 4168; x_wconf 84' lang='lat' dir='ltr'><strong>ex</strong></span> 
     </span>
    </p>
   </div>
   <div class='ocr_carea' id='block_1_91' title="bbox 175 4201 3673 4276">
    <p class='ocr_par' dir='ltr' id='par_1_91' title="bbox 175 4201 3673 4276">
     <span class='ocr_line' id='line_1_91' title="bbox 175 4201 3673 4276; baseline 0 -22"><span class='ocrx_word' id='word_1_622' title='bbox 175 4204 336 4268; x_wconf 85' lang='lat' dir='ltr'><strong>gniti,</strong></span> <span class='ocrx_word' id='word_1_623' title='bbox 366 4201 506 4272; x_wconf 89' lang='lat' dir='ltr'><strong>quia</strong></span> <span class='ocrx_word' id='word_1_624' title='bbox 537 4203 749 4258; x_wconf 87' lang='lat' dir='ltr'><strong>inlatis</strong></span> <span class='ocrx_word' id='word_1_625' title='bbox 777 4211 830 4258; x_wconf 92' lang='lat' dir='ltr'><strong>et</strong></span> <span class='ocrx_word' id='word_1_626' title='bbox 852 4204 1114 4275; x_wconf 90' lang='lat' dir='ltr'><strong>spatiosis</strong></span> <span class='ocrx_word' id='word_1_627' title='bbox 1149 4206 1324 4276; x_wconf 89' lang='lat' dir='ltr'><strong>hujus</strong></span> <span class='ocrx_word' id='word_1_628' title='bbox 1353 4205 1546 4262; x_wconf 73' lang='lat' dir='ltr'><strong>szeculi</strong></span> <span class='ocrx_word' id='word_1_629' title='bbox 1583 4205 1864 4261; x_wconf 91' lang='lat' dir='ltr'><strong>sollicitu—</strong></span> <span class='ocrx_word' id='word_1_630' title='bbox 1904 4221 1948 4275; x_wconf 80' lang='grc' dir='ltr'>ι)</span> <span class='ocrx_word' id='word_1_631' title='bbox 1976 4207 2363 4273; x_wconf 89' lang='lat' dir='ltr'><strong>sensualitate,</strong></span> <span class='ocrx_word' id='word_1_632' title='bbox 2398 4219 2528 4275; x_wconf 65' lang='lat' dir='ltr'><strong>quas</strong></span> <span class='ocrx_word' id='word_1_633' title='bbox 2559 4205 2753 4270; x_wconf 89' lang='lat' dir='ltr'><strong>servit,</strong></span> <span class='ocrx_word' id='word_1_634' title='bbox 2806 4205 3071 4259; x_wconf 89' lang='lat' dir='ltr'><strong>habetur.</strong></span> <span class='ocrx_word' id='word_1_635' title='bbox 3116 4204 3288 4270; x_wconf 84' lang='lat' dir='ltr'><strong>Reges</strong></span> <span class='ocrx_word' id='word_1_636' title='bbox 3337 4209 3492 4256; x_wconf 75' lang='lat' dir='ltr'><strong>terrae</strong></span> <span class='ocrx_word' id='word_1_637' title='bbox 3536 4207 3673 4256; x_wconf 90' lang='lat' dir='ltr'><strong>sunt</strong></span> 
     </span>
    </p>
   </div>
   <div class='ocr_carea' id='block_1_92' title="bbox 177 4289 1867 4361">
    <p class='ocr_par' dir='ltr' id='par_1_92' title="bbox 177 4289 1867 4361">
     <span class='ocr_line' id='line_1_92' title="bbox 177 4289 1867 4361; baseline 0.002 -17"><span class='ocrx_word' id='word_1_638' title='bbox 177 4289 412 4346; x_wconf 90' lang='lat' dir='ltr'><strong>diuibus</strong></span> <span class='ocrx_word' id='word_1_639' title='bbox 443 4305 557 4345; x_wconf 93' lang='lat' dir='ltr'><strong>non</strong></span> <span class='ocrx_word' id='word_1_640' title='bbox 588 4299 725 4347; x_wconf 91' lang='lat' dir='ltr'><strong>sunt</strong></span> <span class='ocrx_word' id='word_1_641' title='bbox 762 4292 889 4347; x_wconf 89' lang='lat' dir='ltr'><strong>visi.</strong></span> <span class='ocrx_word' id='word_1_642' title='bbox 937 4295 1086 4350; x_wconf 89' lang='lat' dir='ltr'><strong>Cutis</strong></span> <span class='ocrx_word' id='word_1_643' title='bbox 1136 4310 1316 4348; x_wconf 88' lang='lat' dir='ltr'><strong>eorum</strong></span> <span class='ocrx_word' id='word_1_644' title='bbox 1361 4295 1568 4348; x_wconf 85' lang='lat' dir='ltr'><strong>ossibus</strong></span> <span class='ocrx_word' id='word_1_645' title='bbox 1608 4293 1867 4361; x_wconf 79' lang='lat' dir='ltr'><strong>adhaesit,</strong></span> 
     </span>
    </p>
   </div>
   <div class='ocr_carea' id='block_1_93' title="bbox 177 4377 1871 4450">
    <p class='ocr_par' dir='ltr' id='par_1_93' title="bbox 177 4377 1871 4450">
     <span class='ocr_line' id='line_1_93' title="bbox 177 4377 1871 4450; baseline 0.003 -18"><span class='ocrx_word' id='word_1_646' title='bbox 177 4377 310 4446; x_wconf 92' lang='lat' dir='ltr'><strong>quis</strong></span> <span class='ocrx_word' id='word_1_647' title='bbox 335 4377 731 4446; x_wconf 83' lang='lat' dir='ltr'><strong>aﬁectualitas,</strong></span> <span class='ocrx_word' id='word_1_648' title='bbox 767 4387 821 4435; x_wconf 89' lang='lat' dir='ltr'><strong>et</strong></span> <span class='ocrx_word' id='word_1_649' title='bbox 867 4381 986 4450; x_wconf 90' lang='lat' dir='ltr'><strong>ipsa</strong></span> <span class='ocrx_word' id='word_1_650' title='bbox 1015 4381 1184 4436; x_wconf 87' lang='lat' dir='ltr'><strong>etiam</strong></span> <span class='ocrx_word' id='word_1_651' title='bbox 1216 4382 1599 4437; x_wconf 87' lang='lat' dir='ltr'><strong>sensualitatis</strong></span> <span class='ocrx_word' id='word_1_652' title='bbox 1632 4381 1871 4437; x_wconf 83' lang='lat' dir='ltr'><strong>facilitas</strong></span> 
     </span>
    </p>
   </div>
   <div class='ocr_carea' id='block_1_94' title="bbox 178 4465 1872 4540">
    <p class='ocr_par' dir='ltr' id='par_1_94' title="bbox 178 4465 1872 4540">
     <span class='ocr_line' id='line_1_94' title="bbox 178 4465 1872 4540; baseline 0.004 -21"><span class='ocrx_word' id='word_1_653' title='bbox 178 4465 602 4522; x_wconf 90' lang='lat' dir='ltr'><strong>indivisibiliter</strong></span> <span class='ocrx_word' id='word_1_654' title='bbox 653 4483 711 4523; x_wconf 91' lang='lat' dir='ltr'><strong>se</strong></span> <span class='ocrx_word' id='word_1_655' title='bbox 764 4468 1082 4524; x_wconf 88' lang='lat' dir='ltr'><strong>fortitudini</strong></span> <span class='ocrx_word' id='word_1_656' title='bbox 1134 4470 1371 4526; x_wconf 88' lang='lat' dir='ltr'><strong>rationis</strong></span> <span class='ocrx_word' id='word_1_657' title='bbox 1401 4470 1686 4540; x_wconf 87' lang='lat' dir='ltr'><strong>adjunxit.</strong></span> <span class='ocrx_word' id='word_1_658' title='bbox 1739 4470 1872 4525; x_wconf 85' lang='lat' dir='ltr'><strong>Are-</strong></span> 
     </span>
    </p>
   </div>
   <div class='ocr_carea' id='block_1_95' title="bbox 177 4555 1872 4633">
    <p class='ocr_par' dir='ltr' id='par_1_95' title="bbox 177 4555 1872 4633">
     <span class='ocr_line' id='line_1_95' title="bbox 177 4555 1872 4633; baseline 0 -23"><span class='ocrx_word' id='word_1_659' title='bbox 177 4555 300 4622; x_wconf 89' lang='lat' dir='ltr'><strong>scit,</strong></span> <span class='ocrx_word' id='word_1_660' title='bbox 333 4569 465 4610; x_wconf 92' lang='lat' dir='ltr'><strong>cum</strong></span> <span class='ocrx_word' id='word_1_661' title='bbox 495 4555 568 4610; x_wconf 91' lang='lat' dir='ltr'><strong>ab</strong></span> <span class='ocrx_word' id='word_1_662' title='bbox 598 4556 754 4633; x_wconf 90' lang='lat' dir='ltr'><strong>omni</strong></span> <span class='ocrx_word' id='word_1_663' title='bbox 785 4556 954 4612; x_wconf 79' lang='lat' dir='ltr'><strong>ﬂuxu</strong></span> <span class='ocrx_word' id='word_1_664' title='bbox 995 4557 1240 4613; x_wconf 61' lang='lat' dir='ltr'><strong>lascivia:</strong></span> <span class='ocrx_word' id='word_1_665' title='bbox 1273 4559 1582 4626; x_wconf 89' lang='lat' dir='ltr'><strong>inanescit;</strong></span> <span class='ocrx_word' id='word_1_666' title='bbox 1615 4561 1664 4610; x_wconf 88' lang='lat' dir='ltr'><strong>et</strong></span> <span class='ocrx_word' id='word_1_667' title='bbox 1711 4559 1872 4626; x_wconf 88' lang='lat' dir='ltr'><strong>quasi</strong></span> 
     </span>
    </p>
   </div>
   <div class='ocr_carea' id='block_1_96' title="bbox 179 4643 1870 4714">
    <p class='ocr_par' dir='ltr' id='par_1_96' title="bbox 179 4643 1870 4714">
     <span class='ocr_line' id='line_1_96' title="bbox 179 4643 1870 4714; baseline 0.003 -19"><span class='ocrx_word' id='word_1_668' title='bbox 179 4644 386 4709; x_wconf 87' lang='lat' dir='ltr'><strong>lignum</strong></span> <span class='ocrx_word' id='word_1_669' title='bbox 435 4643 518 4708; x_wconf 89' lang='lat' dir='ltr'><strong>ﬁt,</strong></span> <span class='ocrx_word' id='word_1_670' title='bbox 568 4657 702 4699; x_wconf 91' lang='lat' dir='ltr'><strong>cum</strong></span> <span class='ocrx_word' id='word_1_671' title='bbox 760 4645 832 4699; x_wconf 90' lang='lat' dir='ltr'><strong>ad</strong></span> <span class='ocrx_word' id='word_1_672' title='bbox 891 4645 1360 4714; x_wconf 89' lang='lat' dir='ltr'><strong>impassibilitatis</strong></span> <span class='ocrx_word' id='word_1_673' title='bbox 1406 4646 1680 4701; x_wconf 90' lang='lat' dir='ltr'><strong>duritiam</strong></span> <span class='ocrx_word' id='word_1_674' title='bbox 1740 4659 1870 4700; x_wconf 91' lang='lat' dir='ltr'><strong>coa-</strong></span> 
     </span>
    </p>
   </div>
   <div class='ocr_carea' id='block_1_97' title="bbox 179 4731 354 4788">
    <p class='ocr_par' dir='ltr' id='par_1_97' title="bbox 179 4731 354 4788">
     <span class='ocr_line' id='line_1_97' title="bbox 179 4731 354 4788; baseline 0.006 -1"><span class='ocrx_word' id='word_1_675' title='bbox 179 4731 354 4788; x_wconf 91' lang='lat' dir='ltr'><strong>lescit.</strong></span> 
     </span>
    </p>
   </div>
   <div class='ocr_carea' id='block_1_98' title="bbox 945 4837 1110 4876">
    <p class='ocr_par' dir='ltr' id='par_1_98' title="bbox 945 4837 1110 4876">
     <span class='ocr_line' id='line_1_98' title="bbox 945 4837 1110 4876; baseline -0.006 0"><span class='ocrx_word' id='word_1_676' title='bbox 945 4837 1110 4876; x_wconf 85' lang='lat' dir='ltr'><strong>TETH.</strong></span> 
     </span>
    </p>
   </div>
   <div class='ocr_carea' id='block_1_99' title="bbox 249 4909 1872 4980">
    <p class='ocr_par' dir='ltr' id='par_1_99' title="bbox 249 4909 1872 4980">
     <span class='ocr_line' id='line_1_99' title="bbox 249 4909 1872 4980; baseline -0.001 -15"><span class='ocrx_word' id='word_1_677' title='bbox 249 4909 419 4966; x_wconf 74' lang='lat' dir='ltr'><strong>Vnus.</strong></span> <span class='ocrx_word' id='word_1_678' title='bbox 445 4913 494 4965; x_wconf 90' lang='lat'><strong>9.</strong></span> <span class='ocrx_word' id='word_1_679' title='bbox 529 4941 597 4949; x_wconf 97' lang='lat'><strong>—</strong></span> <span class='ocrx_word' id='word_1_680' title='bbox 637 4933 657 4959; x_wconf 76' lang='grc' dir='ltr'><strong>ι</strong></span> <span class='ocrx_word' id='word_1_681' title='bbox 695 4909 891 4966; x_wconf 79' lang='lat' dir='ltr'><strong>Melius</strong></span> <span class='ocrx_word' id='word_1_682' title='bbox 921 4911 1025 4966; x_wconf 92' lang='lat' dir='ltr'><strong>fuit</strong></span> <span class='ocrx_word' id='word_1_683' title='bbox 1077 4910 1277 4966; x_wconf 91' lang='lat' dir='ltr'><strong>occisis</strong></span> <span class='ocrx_word' id='word_1_684' title='bbox 1327 4910 1514 4980; x_wconf 88' lang='lat' dir='ltr'><strong>gladio</strong></span> <span class='ocrx_word' id='word_1_685' title='bbox 1561 4923 1736 4980; x_wconf 90' lang='lat' dir='ltr'><strong>quam</strong></span> <span class='ocrx_word' id='word_1_686' title='bbox 1779 4909 1872 4964; x_wconf 92' lang='lat' dir='ltr'><strong>in-</strong></span> 
     </span>
    </p>
   </div>
   <div class='ocr_carea' id='block_1_100' title="bbox 184 4997 1872 5068">
    <p class='ocr_par' dir='ltr' id='par_1_100' title="bbox 184 4997 1872 5068">
     <span class='ocr_line' id='line_1_100' title="bbox 184 4997 1872 5068; baseline 0 -16"><span class='ocrx_word' id='word_1_687' title='bbox 184 5018 204 5045; x_wconf 71' lang='lat'>»</span> <span class='ocrx_word' id='word_1_688' title='bbox 251 4998 497 5053; x_wconf 88' lang='lat' dir='ltr'><strong>terfectis</strong></span> <span class='ocrx_word' id='word_1_689' title='bbox 537 4997 706 5066; x_wconf 90' lang='lat' dir='ltr'><strong>fame,</strong></span> <span class='ocrx_word' id='word_1_690' title='bbox 751 4998 1027 5068; x_wconf 90' lang='lat' dir='ltr'><strong>quoniam</strong></span> <span class='ocrx_word' id='word_1_691' title='bbox 1061 4998 1149 5053; x_wconf 92' lang='lat' dir='ltr'><strong>isti</strong></span> <span class='ocrx_word' id='word_1_692' title='bbox 1173 4997 1564 5053; x_wconf 77' lang='lat' dir='ltr'><strong>extabuerunt</strong></span> <span class='ocrx_word' id='word_1_693' title='bbox 1596 5011 1872 5052; x_wconf 91' lang='lat' dir='ltr'><strong>consum-</strong></span> 
     </span>
    </p>
   </div>
   <div class='ocr_carea' id='block_1_101' title="bbox 184 5087 1867 5154">
    <p class='ocr_par' dir='ltr' id='par_1_101' title="bbox 184 5087 1867 5154">
     <span class='ocr_line' id='line_1_101' title="bbox 184 5087 1867 5154; baseline -0.001 -14"><span class='ocrx_word' id='word_1_694' title='bbox 184 5108 204 5134; x_wconf 77' lang='grc' dir='ltr'><strong>ι</strong></span> <span class='ocrx_word' id='word_1_695' title='bbox 249 5087 324 5154; x_wconf 91' lang='lat' dir='ltr'><strong>pti</strong></span> <span class='ocrx_word' id='word_1_696' title='bbox 367 5087 438 5141; x_wconf 89' lang='lat' dir='ltr'><strong>ab</strong></span> <span class='ocrx_word' id='word_1_697' title='bbox 489 5088 782 5143; x_wconf 87' lang='lat' dir='ltr'><strong>sterilitate</strong></span> <span class='ocrx_word' id='word_1_698' title='bbox 827 5095 1015 5143; x_wconf 62' lang='lat' dir='ltr'><strong>terrai.</strong></span> <span class='ocrx_word' id='word_1_699' title='bbox 1074 5108 1094 5133; x_wconf 79' lang='grc' dir='ltr'><strong>ι</strong></span> <span class='ocrx_word' id='word_1_700' title='bbox 1146 5087 1306 5152; x_wconf 92' lang='lat' dir='ltr'><strong>Teth,</strong></span> <span class='ocrx_word' id='word_1_701' title='bbox 1355 5087 1566 5142; x_wconf 89' lang='lat' dir='ltr'><strong>dicitur</strong></span> <span class='ocrx_word' id='word_1_702' title='bbox 1611 5087 1867 5140; x_wconf 70' lang='lat' dir='ltr'><strong>exclusio.</strong></span> 
     </span>
    </p>
   </div>
   <div class='ocr_carea' id='block_1_102' title="bbox 180 5173 1872 5244">
    <p class='ocr_par' dir='ltr' id='par_1_102' title="bbox 180 5173 1872 5244">
     <span class='ocr_line' id='line_1_102' title="bbox 180 5173 1872 5244; baseline 0 -16"><span class='ocrx_word' id='word_1_703' title='bbox 180 5174 383 5229; x_wconf 81' lang='lat' dir='ltr'><strong>Melius</strong></span> <span class='ocrx_word' id='word_1_704' title='bbox 412 5184 495 5231; x_wconf 91' lang='lat' dir='ltr'><strong>est</strong></span> <span class='ocrx_word' id='word_1_705' title='bbox 524 5179 713 5230; x_wconf 87' lang='lat' dir='ltr'><strong>occisis</strong></span> <span class='ocrx_word' id='word_1_706' title='bbox 744 5177 949 5243; x_wconf 88' lang='lat' dir='ltr'><strong>gladio,</strong></span> <span class='ocrx_word' id='word_1_707' title='bbox 997 5191 1160 5244; x_wconf 87' lang='lat' dir='ltr'><strong>quam</strong></span> <span class='ocrx_word' id='word_1_708' title='bbox 1203 5177 1504 5241; x_wconf 82' lang='lat' dir='ltr'><strong>interfectis</strong></span> <span class='ocrx_word' id='word_1_709' title='bbox 1534 5177 1697 5242; x_wconf 83' lang='lat' dir='ltr'><strong>fame,</strong></span> <span class='ocrx_word' id='word_1_710' title='bbox 1732 5173 1872 5242; x_wconf 88' lang='lat' dir='ltr'><strong>quia</strong></span> 
     </span>
    </p>
   </div>
   <div class='ocr_carea' id='block_1_103' title="bbox 180 5263 1871 5332">
    <p class='ocr_par' dir='ltr' id='par_1_103' title="bbox 180 5263 1871 5332">
     <span class='ocr_line' id='line_1_103' title="bbox 180 5263 1871 5332; baseline -0.001 -13"><span class='ocrx_word' id='word_1_711' title='bbox 180 5263 364 5319; x_wconf 90' lang='lat' dir='ltr'><strong>levius</strong></span> <span class='ocrx_word' id='word_1_712' title='bbox 387 5271 471 5318; x_wconf 91' lang='lat' dir='ltr'><strong>est</strong></span> <span class='ocrx_word' id='word_1_713' title='bbox 508 5265 845 5319; x_wconf 92' lang='lat' dir='ltr'><strong>occumbere</strong></span> <span class='ocrx_word' id='word_1_714' title='bbox 887 5265 1008 5319; x_wconf 91' lang='lat' dir='ltr'><strong>sine</strong></span> <span class='ocrx_word' id='word_1_715' title='bbox 1037 5264 1441 5320; x_wconf 90' lang='lat' dir='ltr'><strong>deliberatione</strong></span> <span class='ocrx_word' id='word_1_716' title='bbox 1479 5264 1675 5332; x_wconf 90' lang='lat' dir='ltr'><strong>aliqua</strong></span> <span class='ocrx_word' id='word_1_717' title='bbox 1707 5263 1871 5332; x_wconf 88' lang='lat' dir='ltr'><strong>lapsu</strong></span> 
     </span>
    </p>
   </div>
   <div class='ocr_carea' id='block_1_104' title="bbox 182 5351 1870 5422">
    <p class='ocr_par' dir='ltr' id='par_1_104' title="bbox 182 5351 1870 5422">
     <span class='ocr_line' id='line_1_104' title="bbox 182 5351 1870 5422; baseline 0 -16"><span class='ocrx_word' id='word_1_718' title='bbox 182 5351 396 5422; x_wconf 86' lang='lat' dir='ltr'><strong>peccati</strong></span> <span class='ocrx_word' id='word_1_719' title='bbox 420 5352 718 5407; x_wconf 87' lang='lat' dir='ltr'><strong>subitaneo</strong></span> <span class='ocrx_word' id='word_1_720' title='bbox 743 5367 918 5422; x_wconf 88' lang='lat' dir='ltr'><strong>quam</strong></span> <span class='ocrx_word' id='word_1_721' title='bbox 946 5353 1168 5409; x_wconf 89' lang='lat' dir='ltr'><strong>defectu</strong></span> <span class='ocrx_word' id='word_1_722' title='bbox 1201 5353 1538 5422; x_wconf 85' lang='lat' dir='ltr'><strong>pedetentim</strong></span> <span class='ocrx_word' id='word_1_723' title='bbox 1564 5352 1870 5407; x_wconf 78' lang='lat' dir='ltr'><strong>lentesccre</strong></span> 
     </span>
    </p>
   </div>
   <div class='ocr_carea' id='block_1_105' title="bbox 181 5440 1870 5512">
    <p class='ocr_par' dir='ltr' id='par_1_105' title="bbox 181 5440 1870 5512">
     <span class='ocr_line' id='line_1_105' title="bbox 181 5440 1870 5512; baseline -0.002 -15"><span class='ocrx_word' id='word_1_724' title='bbox 181 5441 479 5497; x_wconf 87' lang='lat' dir='ltr'><strong>diuturno.</strong></span> <span class='ocrx_word' id='word_1_725' title='bbox 513 5441 624 5496; x_wconf 85' lang='lat' dir='ltr'><strong>Isti</strong></span> <span class='ocrx_word' id='word_1_726' title='bbox 647 5442 802 5500; x_wconf 88' lang='lat' dir='ltr'><strong>enim</strong></span> <span class='ocrx_word' id='word_1_727' title='bbox 833 5444 1194 5498; x_wconf 69' lang='lat' dir='ltr'><strong>extabuerunt</strong></span> <span class='ocrx_word' id='word_1_728' title='bbox 1229 5444 1533 5512; x_wconf 87' lang='lat' dir='ltr'><strong>consumpti</strong></span> <span class='ocrx_word' id='word_1_729' title='bbox 1562 5441 1630 5496; x_wconf 87' lang='lat' dir='ltr'><strong>ab</strong></span> <span class='ocrx_word' id='word_1_730' title='bbox 1658 5440 1870 5497; x_wconf 86' lang='lat' dir='ltr'><strong>sterili—</strong></span> 
     </span>
    </p>
   </div>
   <div class='ocr_carea' id='block_1_106' title="bbox 1977 4289 3672 4362">
    <p class='ocr_par' dir='ltr' id='par_1_106' title="bbox 1977 4289 3672 4362">
     <span class='ocr_line' id='line_1_106' title="bbox 1977 4289 3672 4362; baseline -0.004 -12"><span class='ocrx_word' id='word_1_731' title='bbox 1977 4295 2284 4351; x_wconf 88' lang='lat' dir='ltr'><strong>rationales</strong></span> <span class='ocrx_word' id='word_1_732' title='bbox 2325 4303 2530 4359; x_wconf 81' lang='lat' dir='ltr'><strong>motus,</strong></span> <span class='ocrx_word' id='word_1_733' title='bbox 2575 4292 2674 4362; x_wconf 89' lang='lat' dir='ltr'><strong>qui</strong></span> <span class='ocrx_word' id='word_1_734' title='bbox 2727 4294 2919 4347; x_wconf 91' lang='lat' dir='ltr'><strong>omnia</strong></span> <span class='ocrx_word' id='word_1_735' title='bbox 2965 4300 3158 4347; x_wconf 89' lang='lat' dir='ltr'><strong>nostra</strong></span> <span class='ocrx_word' id='word_1_736' title='bbox 3208 4299 3433 4346; x_wconf 89' lang='lat' dir='ltr'><strong>terrena</strong></span> <span class='ocrx_word' id='word_1_737' title='bbox 3480 4289 3672 4358; x_wconf 89' lang='lat' dir='ltr'><strong>dispo-</strong></span> 
     </span>
    </p>
   </div>
   <div class='ocr_carea' id='block_1_107' title="bbox 1977 4381 3673 4447">
    <p class='ocr_par' dir='ltr' id='par_1_107' title="bbox 1977 4381 3673 4447">
     <span class='ocr_line' id='line_1_107' title="bbox 1977 4381 3673 4447; baseline -0.005 -8"><span class='ocrx_word' id='word_1_738' title='bbox 1977 4392 2142 4440; x_wconf 90' lang='lat' dir='ltr'><strong>nunt.</strong></span> <span class='ocrx_word' id='word_1_739' title='bbox 2186 4385 2364 4438; x_wconf 78' lang='lat' dir='ltr'><strong>Terrae</strong></span> <span class='ocrx_word' id='word_1_740' title='bbox 2403 4384 2753 4447; x_wconf 83' lang='lat' dir='ltr'><strong>habitatores,</strong></span> <span class='ocrx_word' id='word_1_741' title='bbox 2785 4381 3043 4436; x_wconf 88' lang='lat' dir='ltr'><strong>membra</strong></span> <span class='ocrx_word' id='word_1_742' title='bbox 3094 4386 3228 4435; x_wconf 89' lang='lat' dir='ltr'><strong>sunt</strong></span> <span class='ocrx_word' id='word_1_743' title='bbox 3276 4386 3469 4434; x_wconf 87' lang='lat' dir='ltr'><strong>nostra</strong></span> <span class='ocrx_word' id='word_1_744' title='bbox 3497 4390 3673 4446; x_wconf 88' lang='lat' dir='ltr'><strong>super</strong></span> 
     </span>
    </p>
   </div>
   <div class='ocr_carea' id='block_1_108' title="bbox 1979 4467 3671 4540">
    <p class='ocr_par' dir='ltr' id='par_1_108' title="bbox 1979 4467 3671 4540">
     <span class='ocr_line' id='line_1_108' title="bbox 1979 4467 3671 4540; baseline -0.005 -13"><span class='ocrx_word' id='word_1_745' title='bbox 1979 4481 2213 4539; x_wconf 89' lang='lat' dir='ltr'><strong>terram,</strong></span> <span class='ocrx_word' id='word_1_746' title='bbox 2267 4471 2355 4526; x_wconf 87' lang='lat' dir='ltr'><strong>vel</strong></span> <span class='ocrx_word' id='word_1_747' title='bbox 2402 4470 2673 4540; x_wconf 73' lang='lat' dir='ltr'><strong>quaelibet</strong></span> <span class='ocrx_word' id='word_1_748' title='bbox 2702 4483 2987 4538; x_wconf 67' lang='lat' dir='ltr'><strong>corporeae</strong></span> <span class='ocrx_word' id='word_1_749' title='bbox 3023 4467 3408 4523; x_wconf 90' lang='lat' dir='ltr'><strong>habitudines.</strong></span> <span class='ocrx_word' id='word_1_750' title='bbox 3460 4467 3525 4520; x_wconf 85' lang='lat' dir='ltr'><strong>Hi</strong></span> <span class='ocrx_word' id='word_1_751' title='bbox 3557 4479 3671 4519; x_wconf 92' lang='lat' dir='ltr'><strong>non</strong></span> 
     </span>
    </p>
   </div>
   <div class='ocr_carea' id='block_1_109' title="bbox 1979 4554 3673 4628">
    <p class='ocr_par' dir='ltr' id='par_1_109' title="bbox 1979 4554 3673 4628">
     <span class='ocr_line' id='line_1_109' title="bbox 1979 4554 3673 4628; baseline -0.006 -13"><span class='ocrx_word' id='word_1_752' title='bbox 1979 4560 2218 4616; x_wconf 89' lang='lat' dir='ltr'><strong>credunt</strong></span> <span class='ocrx_word' id='word_1_753' title='bbox 2248 4561 2504 4628; x_wconf 88' lang='lat' dir='ltr'><strong>quoniam</strong></span> <span class='ocrx_word' id='word_1_754' title='bbox 2529 4573 2630 4627; x_wconf 88' lang='lat' dir='ltr'><strong>per</strong></span> <span class='ocrx_word' id='word_1_755' title='bbox 2668 4563 2854 4626; x_wconf 83' lang='lat' dir='ltr'><strong>portas</strong></span> <span class='ocrx_word' id='word_1_756' title='bbox 2901 4557 3211 4611; x_wconf 88' lang='lat' dir='ltr'><strong>Jerusalem</strong></span> <span class='ocrx_word' id='word_1_757' title='bbox 3254 4557 3419 4609; x_wconf 80' lang='lat' dir='ltr'><strong>hostis</strong></span> <span class='ocrx_word' id='word_1_758' title='bbox 3469 4559 3519 4607; x_wconf 88' lang='lat' dir='ltr'><strong>et</strong></span> <span class='ocrx_word' id='word_1_759' title='bbox 3569 4554 3673 4605; x_wconf 88' lang='lat' dir='ltr'><strong>ini-</strong></span> 
     </span>
    </p>
   </div>
   <div class='ocr_carea' id='block_1_110' title="bbox 1978 4642 3667 4717">
    <p class='ocr_par' dir='ltr' id='par_1_110' title="bbox 1978 4642 3667 4717">
     <span class='ocr_line' id='line_1_110' title="bbox 1978 4642 3667 4717; baseline -0.006 -14"><span class='ocrx_word' id='word_1_760' title='bbox 1978 4652 2145 4703; x_wconf 88' lang='lat' dir='ltr'><strong>micus</strong></span> <span class='ocrx_word' id='word_1_761' title='bbox 2170 4647 2552 4717; x_wconf 90' lang='lat' dir='ltr'><strong>ingrediatur,</strong></span> <span class='ocrx_word' id='word_1_762' title='bbox 2587 4646 2745 4716; x_wconf 87' lang='lat' dir='ltr'><strong>quia,</strong></span> <span class='ocrx_word' id='word_1_763' title='bbox 2778 4661 2850 4702; x_wconf 69' lang='lat' dir='ltr'><strong>er.</strong></span> <span class='ocrx_word' id='word_1_764' title='bbox 2899 4645 3078 4700; x_wconf 88' lang='lat' dir='ltr'><strong>veteri</strong></span> <span class='ocrx_word' id='word_1_765' title='bbox 3100 4643 3303 4699; x_wconf 92' lang='lat' dir='ltr'><strong>mentis</strong></span> <span class='ocrx_word' id='word_1_766' title='bbox 3339 4642 3667 4712; x_wconf 89' lang='lat' dir='ltr'><strong>quietejam</strong></span> 
     </span>
    </p>
   </div>
   <div class='ocr_carea' id='block_1_111' title="bbox 1977 4730 3671 4802">
    <p class='ocr_par' dir='ltr' id='par_1_111' title="bbox 1977 4730 3671 4802">
     <span class='ocr_line' id='line_1_111' title="bbox 1977 4730 3671 4802; baseline -0.005 -10"><span class='ocrx_word' id='word_1_767' title='bbox 1977 4737 2195 4794; x_wconf 87' lang='lat' dir='ltr'><strong>desides</strong></span> <span class='ocrx_word' id='word_1_768' title='bbox 2251 4751 2366 4791; x_wconf 91' lang='lat' dir='ltr'><strong>non</strong></span> <span class='ocrx_word' id='word_1_769' title='bbox 2414 4735 2851 4791; x_wconf 89' lang='lat' dir='ltr'><strong>arbitrabantur</strong></span> <span class='ocrx_word' id='word_1_770' title='bbox 2918 4735 3070 4799; x_wconf 87' lang='lat' dir='ltr'><strong>quod</strong></span> <span class='ocrx_word' id='word_1_771' title='bbox 3122 4746 3222 4802; x_wconf 91' lang='lat' dir='ltr'><strong>per</strong></span> <span class='ocrx_word' id='word_1_772' title='bbox 3274 4730 3671 4786; x_wconf 89' lang='lat' dir='ltr'><strong>sensualitates</strong></span> 
     </span>
    </p>
   </div>
   <div class='ocr_carea' id='block_1_112' title="bbox 1974 4819 3669 4894">
    <p class='ocr_par' dir='ltr' id='par_1_112' title="bbox 1974 4819 3669 4894">
     <span class='ocr_line' id='line_1_112' title="bbox 1974 4819 3669 4894; baseline -0.005 -13"><span class='ocrx_word' id='word_1_773' title='bbox 1974 4826 2180 4881; x_wconf 88' lang='lat' dir='ltr'><strong>visioni</strong></span> <span class='ocrx_word' id='word_1_774' title='bbox 2237 4825 2390 4894; x_wconf 90' lang='lat' dir='ltr'><strong>pacis</strong></span> <span class='ocrx_word' id='word_1_775' title='bbox 2437 4825 2732 4894; x_wconf 91' lang='lat' dir='ltr'><strong>quondam</strong></span> <span class='ocrx_word' id='word_1_776' title='bbox 2781 4823 3088 4888; x_wconf 90' lang='lat' dir='ltr'><strong>dedicatas,</strong></span> <span class='ocrx_word' id='word_1_777' title='bbox 3141 4820 3316 4875; x_wconf 92' lang='lat' dir='ltr'><strong>hostis</strong></span> <span class='ocrx_word' id='word_1_778' title='bbox 3369 4819 3669 4888; x_wconf 88' lang='lat' dir='ltr'><strong>antiquus,</strong></span> 
     </span>
    </p>
   </div>
   <div class='ocr_carea' id='block_1_113' title="bbox 1977 4909 3672 4985">
    <p class='ocr_par' dir='ltr' id='par_1_113' title="bbox 1977 4909 3672 4985">
     <span class='ocr_line' id='line_1_113' title="bbox 1977 4909 3672 4985; baseline -0.006 -14"><span class='ocrx_word' id='word_1_779' title='bbox 1977 4923 2033 4971; x_wconf 88' lang='lat' dir='ltr'><strong>et</strong></span> <span class='ocrx_word' id='word_1_780' title='bbox 2059 4923 2182 4985; x_wconf 89' lang='lat' dir='ltr'><strong>post</strong></span> <span class='ocrx_word' id='word_1_781' title='bbox 2235 4929 2370 4969; x_wconf 90' lang='lat' dir='ltr'><strong>eum</strong></span> <span class='ocrx_word' id='word_1_782' title='bbox 2399 4913 2698 4968; x_wconf 90' lang='lat' dir='ltr'><strong>inimicitia</strong></span> <span class='ocrx_word' id='word_1_783' title='bbox 2736 4911 3019 4968; x_wconf 88' lang='lat' dir='ltr'><strong>naturalis</strong></span> <span class='ocrx_word' id='word_1_784' title='bbox 3046 4909 3333 4980; x_wconf 88' lang='lat' dir='ltr'><strong>appetitus</strong></span> <span class='ocrx_word' id='word_1_785' title='bbox 3362 4921 3672 4978; x_wconf 87' lang='lat' dir='ltr'><strong>suggerere</strong></span> 
     </span>
    </p>
   </div>
   <div class='ocr_carea' id='block_1_114' title="bbox 1979 5003 2628 5075">
    <p class='ocr_par' dir='ltr' id='par_1_114' title="bbox 1979 5003 2628 5075">
     <span class='ocr_line' id='line_1_114' title="bbox 1979 5003 2628 5075; baseline -0.009 -16"><span class='ocrx_word' id='word_1_786' title='bbox 1979 5003 2274 5075; x_wconf 88' lang='lat' dir='ltr'><strong>quidpiam</strong></span> <span class='ocrx_word' id='word_1_787' title='bbox 2307 5008 2628 5058; x_wconf 88' lang='lat' dir='ltr'><strong>attentaret.</strong></span> 
     </span>
    </p>
   </div>
   <div class='ocr_carea' id='block_1_115' title="bbox 2755 5103 2900 5144">
    <p class='ocr_par' dir='ltr' id='par_1_115' title="bbox 2755 5103 2900 5144">
     <span class='ocr_line' id='line_1_115' title="bbox 2755 5103 2900 5144; baseline -0.014 -1"><span class='ocrx_word' id='word_1_788' title='bbox 2755 5103 2900 5144; x_wconf 82' lang='lat' dir='ltr'><strong>MEM.</strong></span> 
     </span>
    </p>
   </div>
   <div class='ocr_carea' id='block_1_116' title="bbox 2051 5174 3669 5246">
    <p class='ocr_par' dir='ltr' id='par_1_116' title="bbox 2051 5174 3669 5246">
     <span class='ocr_line' id='line_1_116' title="bbox 2051 5174 3669 5246; baseline -0.004 -11"><span class='ocrx_word' id='word_1_789' title='bbox 2051 5180 2221 5236; x_wconf 73' lang='lat' dir='ltr'><strong>Vnus.</strong></span> <span class='ocrx_word' id='word_1_790' title='bbox 2278 5183 2360 5234; x_wconf 83' lang='lat' dir='ltr'><strong>l3.</strong></span> <span class='ocrx_word' id='word_1_791' title='bbox 2423 5209 2494 5217; x_wconf 96' lang='lat'><em>—</em></span> <span class='ocrx_word' id='word_1_792' title='bbox 2563 5200 2583 5226; x_wconf 76' lang='grc' dir='ltr'><strong>ι</strong></span> <span class='ocrx_word' id='word_1_793' title='bbox 2665 5177 2900 5246; x_wconf 92' lang='lat' dir='ltr'><strong>Propter</strong></span> <span class='ocrx_word' id='word_1_794' title='bbox 2966 5181 3194 5245; x_wconf 90' lang='lat' dir='ltr'><strong>peccata</strong></span> <span class='ocrx_word' id='word_1_795' title='bbox 3265 5174 3669 5243; x_wconf 89' lang='lat' dir='ltr'><strong>prophetarum</strong></span> 
     </span>
    </p>
   </div>
   <div class='ocr_carea' id='block_1_117' title="bbox 1979 5262 3669 5338">
    <p class='ocr_par' dir='ltr' id='par_1_117' title="bbox 1979 5262 3669 5338">
     <span class='ocr_line' id='line_1_117' title="bbox 1979 5262 3669 5338; baseline -0.005 -14"><span class='ocrx_word' id='word_1_796' title='bbox 1979 5289 2007 5323; x_wconf 78' lang='grc' dir='ltr'>ιο</span> <span class='ocrx_word' id='word_1_797' title='bbox 2049 5269 2176 5338; x_wconf 88' lang='lat' dir='ltr'><strong>ejus</strong></span> <span class='ocrx_word' id='word_1_798' title='bbox 2203 5277 2256 5323; x_wconf 93' lang='lat' dir='ltr'><strong>et</strong></span> <span class='ocrx_word' id='word_1_799' title='bbox 2289 5267 2618 5337; x_wconf 90' lang='lat' dir='ltr'><strong>iniquitates</strong></span> <span class='ocrx_word' id='word_1_800' title='bbox 2655 5266 3034 5328; x_wconf 86' lang='lat' dir='ltr'><strong>sacerdotum,</strong></span> <span class='ocrx_word' id='word_1_801' title='bbox 3087 5263 3189 5333; x_wconf 87' lang='lat' dir='ltr'><strong>qui</strong></span> <span class='ocrx_word' id='word_1_802' title='bbox 3235 5262 3564 5318; x_wconf 75' lang='lat' dir='ltr'><strong>effuderunt</strong></span> <span class='ocrx_word' id='word_1_803' title='bbox 3612 5262 3669 5315; x_wconf 89' lang='lat' dir='ltr'><strong>in</strong></span> 
     </span>
    </p>
   </div>
   <div class='ocr_carea' id='block_1_118' title="bbox 1985 5350 3666 5424">
    <p class='ocr_par' dir='ltr' id='par_1_118' title="bbox 1985 5350 3666 5424">
     <span class='ocr_line' id='line_1_118' title="bbox 1985 5350 3666 5424; baseline -0.005 -15"><span class='ocrx_word' id='word_1_804' title='bbox 1985 5377 2006 5403; x_wconf 74' lang='grc' dir='ltr'><strong>ι</strong></span> <span class='ocrx_word' id='word_1_805' title='bbox 2052 5354 2237 5409; x_wconf 91' lang='lat' dir='ltr'><strong>medio</strong></span> <span class='ocrx_word' id='word_1_806' title='bbox 2263 5354 2389 5424; x_wconf 90' lang='lat' dir='ltr'><strong>ejus</strong></span> <span class='ocrx_word' id='word_1_807' title='bbox 2432 5351 2777 5421; x_wconf 91' lang='lat' dir='ltr'><strong>sanguinem</strong></span> <span class='ocrx_word' id='word_1_808' title='bbox 2816 5350 3128 5419; x_wconf 88' lang='lat' dir='ltr'><strong>justorum.</strong></span> <span class='ocrx_word' id='word_1_809' title='bbox 3166 5371 3186 5396; x_wconf 77' lang='grc' dir='ltr'><strong>ι</strong></span> <span class='ocrx_word' id='word_1_810' title='bbox 3238 5350 3404 5414; x_wconf 87' lang='lat' dir='ltr'><strong>Mem,</strong></span> <span class='ocrx_word' id='word_1_811' title='bbox 3441 5350 3666 5402; x_wconf 84' lang='lat' dir='ltr'><strong>viscera.</strong></span> 
     </span>
    </p>
   </div>
   <div class='ocr_carea' id='block_1_119' title="bbox 1978 5435 3667 5513">
    <p class='ocr_par' dir='ltr' id='par_1_119' title="bbox 1978 5435 3667 5513">
     <span class='ocr_line' id='line_1_119' title="bbox 1978 5435 3667 5513; baseline -0.006 -14"><span class='ocrx_word' id='word_1_812' title='bbox 1978 5443 2050 5498; x_wconf 89' lang='lat' dir='ltr'><strong>Et</strong></span> <span class='ocrx_word' id='word_1_813' title='bbox 2079 5442 2221 5513; x_wconf 89' lang='lat' dir='ltr'><strong>quid</strong></span> <span class='ocrx_word' id='word_1_814' title='bbox 2255 5449 2391 5498; x_wconf 88' lang='lat' dir='ltr'><strong>sunt</strong></span> <span class='ocrx_word' id='word_1_815' title='bbox 2421 5442 2646 5507; x_wconf 85' lang='lat' dir='ltr'><strong>viscera,</strong></span> <span class='ocrx_word' id='word_1_816' title='bbox 2679 5437 2791 5494; x_wconf 89' lang='lat' dir='ltr'><strong>nisi</strong></span> <span class='ocrx_word' id='word_1_817' title='bbox 2814 5438 2937 5508; x_wconf 88' lang='lat' dir='ltr'><strong>ipsa</strong></span> <span class='ocrx_word' id='word_1_818' title='bbox 2965 5436 3380 5509; x_wconf 87' lang='lat' dir='ltr'><strong>cogitationum</strong></span> <span class='ocrx_word' id='word_1_819' title='bbox 3409 5435 3667 5501; x_wconf 90' lang='lat' dir='ltr'><strong>intentio,</strong></span> 
     </span>
    </p>
   </div>
  </div>
