3928 6070
256 166 356 218 481

1006 162 1458 220 TROPOLOGUE
1497 167 1563 220 IN
1603 165 1800 234 OSEE,
1839 167 2024 224 AMOS
2063 170 2149 226 ET
2185 171 2332 226 JER.
2363 201 2422 212 -
2452 172 2585 226 LIB.
2634 174 2696 228 V.
2740 173 2810 229 IN
2851 172 3000 229 JER.

3654 184 3758 238 482

255 311 410 367 quae,
443 299 592 353 sicut
621 297 842 354 viscera
881 298 938 352 in
973 313 1226 369 corpore,
1263 300 1338 355 ita
1369 301 1479 357 sub
1510 301 1954 372 cogitationibus
1991 305 2038 356 Α
2067 305 2344 361 referunt.
2403 307 2472 362 Et
2497 303 2656 376 quia
2704 321 2777 364 ex
2825 308 3233 365 deliberatione
3281 311 3362 366 sic
3413 312 3484 367 ad
3534 323 3764 383 peccata

258 387 395 442 latet
445 387 504 441 in
555 387 790 442 mente?
839 387 996 442 Unde
1034 395 1088 443 et
1133 389 1441 457 Apostolus
1487 398 1751 445 sanctum
1794 390 1964 460 Spiri-

261 482 386 529 tum
437 483 602 530 vocat
630 474 1044 539 cogitationum
1086 477 1448 532 discretorem
1489 484 1544 533 et
1580 477 1960 534 intentionum

256 561 446 631 (Hebr.
483 578 559 628 1v,
609 564 720 631 t2).
769 563 957 618 Pmnae
1005 577 1140 633 ergo
1194 563 1484 620 interioris
1533 565 1792 628 intentio.
1834 582 1963 634 pec-

257 657 386 706 cata
442 659 580 706 sunt
643 653 1053 721 praphetarum,
1108 657 1159 706 et
1204 655 1527 721 iniquitates
1597 655 1957 709 sacerdotum.

257 739 636 806 Sacerdotum,
690 740 746 795 id
794 747 877 795 est
925 741 1296 796 rationalium
1357 750 1640 808 motuum,
1692 743 1796 812 qui
1854 758 1958 799 nos

259 828 572 883 salubriter
611 829 895 884 ductitare
945 829 1285 897 debuerant,
1339 830 1616 900 iniquitas
1655 838 1759 897 est,
1806 832 1960 900 quod

264 917 415 972 inter
453 916 727 984 impetum
760 916 950 970 carnis
984 924 1039 971 et
1069 917 1304 985 spiritus
1335 933 1450 973 non
1478 934 1645 988 aeque
1671 920 1955 990 judicant.

263 1007 658 1076 Prophetarum
715 1020 868 1073 vero,
922 1006 977 1061 id
1030 1014 1112 1061 est
1165 1007 1680 1076 providentiarum,
1739 1015 1962 1078 peccata

263 1103 423 1160 sunt,
454 1094 609 1163 quod
639 1093 745 1149 sibi
773 1108 885 1149 non
918 1094 1100 1149 futuri
1130 1096 1321 1150 saeculi
1356 1110 1555 1164 poenas
1585 1104 1687 1152 aut
1725 1097 1962 1166 praemia

262 1183 644 1254 prospiciunt,
706 1183 802 1238 sed
857 1183 1145 1253 quislibet,
1210 1199 1340 1252 quae
1395 1184 1637 1241 fortuitu
1709 1186 1958 1241 suboriri

263 1279 501 1344 queant,
554 1271 662 1327 sibi
721 1271 778 1326 in
834 1273 1100 1340 priesenti
1158 1272 1411 1328 fastuosa
1466 1274 1828 1342 promittunt.
1891 1275 1960 1330 Hi

261 1363 581 1430 sanguinem
631 1361 905 1428 justorum
959 1363 1016 1413 in
1061 1360 1233 1414 medio
1289 1359 1405 1430 ejus
1447 1359 1774 1429 effundunt,
1826 1377 1959 1419 cum

260 1464 330 1505 ea
373 1464 504 1519 quae
551 1448 703 1504 intra
749 1463 806 1503 se
841 1449 1182 1504 naturaliter
1215 1449 1454 1518 justilize
1503 1451 1812 1506 convenire
1860 1467 1959 1522 po-

261 1544 515 1606 tuerant,
551 1538 606 1592 in
640 1545 870 1607 peccata
904 1545 1268 1592 convertunt.

1038 1640 1188 1680 NUN.

336 1714 508 1770 VERS.
545 1714 630 1767 14.
675 1743 744 1752 -
779 1735 799 1762 ε
837 1714 1199 1769 Erraverunt
1229 1715 1360 1769 caeci
1407 1715 1464 1770 in
1499 1714 1721 1784 plateis,
1756 1715 1958 1786 polluti

272 1823 292 1851 ι
327 1809 462 1858 sunt
491 1802 795 1871 sanguine.
830 1832 898 1840 —
928 1801 1191 1871 Cumque
1217 1816 1330 1857 non
1369 1811 1613 1871 possent,
1650 1810 1959 1861 tenuerunt

269 1913 292 1938 ι
328 1891 566 1946 lacinias
615 1903 769 1945 suas.
821 1912 842 1938 ι
909 1890 1062 1954 Nun,
1097 1891 1309 1945 dicitur
1335 1907 1541 1959 pascua
1570 1908 1768 1947 eorum.
1825 1895 1960 1948 Pas-

265 1995 368 2034 cua
399 1994 579 2033 eorum
609 1985 744 2033 sunt
774 1979 1057 2048 quidquid
1107 1979 1162 2033 in
1210 1980 1428 2034 mundo
1465 1980 1546 2035 eis
1582 1984 1834 2050 suppetit
1865 1997 1961 2037 cu-

265 2081 486 2122 rarum.
520 2066 681 2122 Unde
721 2073 917 2121 errant
948 2069 1071 2120 caeci
1109 2069 1166 2120 in
1214 2069 1434 2136 plateis,
1467 2069 1607 2137 quia
1645 2070 1752 2125 sub
1801 2070 1959 2125 nullo

266 2154 625 2211 discretionis
676 2154 893 2210 lumine
927 2153 1306 2211 saecularibus
1339 2171 1395 2211 se
1442 2155 1760 2226 inspersere
1793 2174 1961 2230 nego-

264 2244 378 2300 tiis.
426 2242 708 2310 Sanguine
758 2242 1124 2312 polluuntur,
1168 2257 1299 2298 cum
1349 2244 1495 2299 inter
1536 2259 1604 2300 ea
1644 2245 1805 2300 nulla
1844 2261 1958 2300 non

266 2330 608 2399 contagione
642 2328 900 2384 criminis
931 2328 1290 2384 inticiuntur.
1340 2332 1578 2400 Cumque
1613 2331 1696 2386 eis
1725 2345 1959 2400 peccare

266 2433 382 2474 non
437 2417 701 2486 suppetit,
755 2419 985 2471 lacinias
1040 2433 1169 2471 suas
1214 2425 1423 2485 tenent,
1468 2419 1606 2488 quia
1653 2433 1958 2490 nunquam

265 2521 388 2562 esse
415 2507 633 2576 absque
681 2505 955 2575 peccandi
1003 2506 1417 2562 intentionibus
1459 2508 1760 2564 sustinent.
1804 2509 1962 2565 Sicut

264 2595 416 2651 enim
463 2595 694 2650 lacerna
736 2593 977 2661 laciniis,
1023 2593 1103 2650 sic
1145 2607 1287 2650 cura
1334 2594 1602 2650 forastica
1653 2595 1963 2653 innectitur

267 2682 684 2740 intentionibus
714 2682 928 2752 pravis.

977 2785 1248 2826 SAMECH.

2073 390 2359 456 feruntur,
2410 407 2778 463 nequaquam
2817 395 2973 449 addit
3021 397 3170 451 Deus
3212 403 3274 450 ut
3305 412 3406 467 per
3450 397 3762 455 illationem

2074 481 2444 548 paenitudinis
2509 489 2918 551 respectentur.
2999 485 3187 538 Facies
3253 487 3590 542 sacerdotum
3658 504 3764 544 non

2069 569 2416 636 erubuerunt,
2449 585 2582 625 cum
2614 571 2821 626 rationi
2858 585 2990 626 cum
3023 573 3136 628 Deo
3175 588 3234 629 se
3280 577 3532 631 monenti
3559 575 3759 646 'impu-

2071 657 2270 713 denter
2327 660 2676 714 restiterunt.
2727 661 2909 727 Neque
2958 676 3144 715 senum
3191 665 3401 718 miserti
3429 670 3577 732 sunt,
3626 680 3756 722 cum

2071 752 2297 800 maturo
2337 746 2637 817 aliquoties
2673 749 2868 815 statui,
2918 757 2973 804 et
3021 758 3251 819 peccata
3300 752 3611 809 fastidienti
3659 755 3754 810 in-

2071 834 2298 890 centiva
2325 836 2496 890 etiam
2525 836 2793 905 peccandi
2824 837 3179 893 obtulerunt.

2854 993 2986 1031 AIN.

2139 1093 2310 1149 Vsus.
2353 1096 2434 1146 17.
2480 1123 2545 1131 -
2577 1115 2595 1139 α
2633 1094 2774 1148 Cum
2806 1095 2996 1150 adhuc
3025 1097 3482 1166 subsisteremus,
3531 1099 3756 1157 defece-

2074 1202 2094 1229 ι
2131 1190 2270 1236 runt
2315 1181 2463 1236 oculi
2525 1183 2703 1237 nostri
2757 1183 2828 1237 ad
2882 1185 3164 1240 auxilium
3217 1194 3476 1242 nostrum
3517 1203 3757 1256 vanum,

2075 1290 2094 1317 ι
2131 1284 2264 1324 cum
2295 1269 2706 1339 respiceremus
2747 1272 2942 1326 attenti
2980 1274 3049 1326 ad
3082 1280 3328 1343 gentem,
3359 1289 3489 1345 quae
3535 1277 3762 1333 salvare

2074 1379 2095 1405 ι
2132 1372 2236 1412 nos
2279 1372 2391 1413 non
2435 1365 2670 1427 poterat.
2722 1381 2746 1406 ω
2797 1361 2920 1420 Ain,
2972 1360 3184 1416 dicitur
3230 1365 3374 1427 fons,
3419 1365 3506 1420 vel
3554 1368 3757 1421 oculus.

2067 1446 2135 1500 In
2185 1445 2337 1501 fonte
2379 1446 2464 1500 vel
2496 1447 2682 1514 oculo,
2715 1447 2906 1502 itidem
2939 1448 3175 1503 intentio
3207 1451 3507 1520 accipitur,
3543 1453 3613 1509 de
3644 1468 3762 1523 qua

2068 1543 2374 1604 emergunt
2404 1541 2614 1590 cuncta
2644 1549 2775 1604 quze
2807 1543 2994 1590 mente
3024 1536 3397 1606 concipimus.
3443 1541 3604 1597 Unde
3642 1558 3762 1597 cum

2068 1624 2246 1678 adhuc
2290 1623 2676 1690 subsistimus,
2713 1622 2765 1676 id
2809 1631 2891 1678 est
2926 1631 3048 1692 post
3075 1624 3173 1679 Dei
3218 1626 3594 1684 desertionem
3626 1644 3760 1685 cum

2067 1727 2171 1782 pro
2217 1711 2337 1767 sola
2386 1711 2578 1766 saeculi
2632 1710 2927 1767 honestate
2977 1726 3007 1766 a
3053 1713 3394 1770 criminibus
3443 1731 3548 1771 nos
3589 1719 3762 1773 conti-

2066 1815 2203 1856 nere
2251 1800 2627 1869 disponimus,
2663 1802 2804 1854 oculi
2850 1805 3026 1856 nostri
3070 1802 3144 1855 ad
3188 1805 3461 1858 auxilium
3511 1811 3761 1862 nostrum

2066 1905 2267 1944 vanum
2340 1888 2634 1955 deficiunt,
2701 1902 2830 1942 cum
2895 1889 3235 1945 intentiones
3291 1899 3499 1947 nostra}
3571 1893 3760 1964 fragili

2066 1977 2323 2032 subsidio
2362 1974 2566 2029 inuisae
2596 1975 2785 2030 subito
2831 1984 3246 2031 emarcescunt.
3284 1978 3448 2034 Brevi
3499 1980 3650 2036 enim
3702 1996 3760 2037 se

2065 2065 2335 2130 continet,
2383 2078 2494 2118 non
2530 2064 2698 2130 Deus,
2747 2064 2843 2118 sed
2886 2064 3166 2134 [Egyptus
3195 2066 3481 2122 auxilium
3524 2069 3758 2139 przcbet,

2067 2154 2181 2208 imo
2214 2166 2451 2207 manum
2489 2152 2784 2206 innitentis
2813 2152 2918 2207 sibi
2954 2152 3224 2221 perforat,
3253 2169 3384 2222 quae
3415 2171 3529 2210 non
3575 2157 3759 2212 solum

2066 2242 2290 2298 salvare
2346 2254 2460 2296 non
2513 2247 2714 2310 potest.
2767 2241 2862 2295 sed
2913 2242 3097 2310 ipsum
3153 2255 3323 2296 suum
3370 2258 3515 2312 opus
3566 2259 3759 2300 coram

2071 2332 2180 2387 Deo
2224 2330 2619 2400 imprudenter
2666 2329 2988 2384 addemnat.
3039 2330 3142 2385 Sed
3185 2330 3520 2400 videndum,
3569 2334 3626 2388 in
3673 2335 3762 2389 his

2069 2419 2296 2475 duobus
2369 2417 2778 2487 posterioribus
2848 2424 3001 2472 τοο
3067 2418 3406 2487 alphabetis,
3479 2423 3759 2490 quiddam

2070 2507 2226 2577 quod
2256 2521 2290 2561 a
2341 2507 2628 2576 prioribus
2667 2506 2969 2574 discrepat,
3012 2514 3066 2562 et
3096 2514 3314 2562 certum
3360 2509 3563 2579 utique
3607 2511 3761 2580 quod

2069 2609 2184 2650 non
2229 2595 2331 2650 abs
2368 2608 2427 2650 re
2459 2594 2576 2650 fiat.
2615 2595 2737 2648 Duo
2764 2608 2965 2662 nempe
2995 2594 3353 2650 characteres
3383 2596 3441 2651 in
3491 2598 3580 2652 his
3611 2598 3762 2653 ulte-

2070 2683 2322 2739 rioribus
2382 2684 2487 2737 Phe
2539 2681 2770 2747 scilicet,
2826 2690 2880 2737 et
2911 2684 3025 2736 Ain
3071 2693 3579 2753 praeposterantur,
3631 2700 3762 2755 quae

2073 2772 2131 2826 in
2182 2771 2472 2841 prioribus
2517 2772 2631 2824 Ain
2672 2770 2934 2826 videlicet
2962 2778 3093 2826 ante
3135 2773 3240 2825 Phe
3285 2773 3547 2829 ordinate
3579 2774 3760 2829 locan-

337 2859 508 2917 VEns.
546 2863 632 2913 15.
672 2888 732 2898 -
769 2880 790 2907 ι
829 2859 1108 2926 Recedite,
1147 2858 1368 2928 polluti,
1401 2858 1803 2916 clamaverunt
1831 2861 1912 2916 eis
1946 2875 1958 2915 :
2001 2853 2042 2908 C
2069 2867 2186 2916 tur.
2241 2861 2311 2915 Et
2339 2859 2551 2915 dixisse
2595 2874 2683 2915 me
2726 2859 2910 2915 recolo
2941 2861 3096 2930 quod
3130 2861 3187 2915 in
3221 2862 3329 2917 hac
3361 2862 3764 2920 lamentatione

274 2970 296 2997 ι
354 2949 636 3014 Reccdite,
696 2947 866 3014 abite,
917 2947 1091 3002 nolite
1150 2954 1402 3018 tangere.
1473 2948 1695 3018 Jurgati
1749 2949 1966 3019 quippe

275 3058 297 3084 ι
357 3044 511 3103 sunt,
560 3045 614 3092 et
676 3037 943 3091 commoti
1001 3035 1277 3091 dixerunt
1339 3036 1486 3092 inter
1540 3044 1778 3106 gentes:
1839 3038 1964 3094 Non

276 3146 298 3172 ι
343 3124 509 3180 addet
553 3125 704 3179 ultra
737 3131 799 3179 ut
835 3123 1118 3178 inhabitet
1148 3123 1206 3177 in
1235 3124 1336 3179 eis.
1369 3146 1390 3172 ι
1448 3125 1708 3190 Samech,
1755 3126 1967 3182 dicitur

271 3213 424 3266 audi.
475 3213 647 3268 Plane
698 3220 977 3282 petuntur
1018 3220 1082 3268 ut
1117 3212 1376 3280 audiant,
1419 3214 1636 3283 quibus
1682 3216 1966 3285 sanguine

269 3301 505 3370 pollutis
533 3301 819 3357 clamatur
849 3308 911 3356 ut
942 3315 974 3355 a
1005 3314 1111 3356 sua
1146 3300 1466 3372 pollutione
1495 3302 1782 3357 recedant.
1823 3302 1967 3358 Sunt

269 3397 462 3445 autem
502 3391 605 3460 qui
635 3390 887 3444 clamant
916 3396 1016 3444 aut
1046 3389 1244 3444 divina
1277 3390 1471 3456 verba,
1505 3405 1635 3459 quae
1674 3391 1962 3459 intonant,

268 3486 370 3533 aut
422 3477 949 3544 intellectualitates,
1005 3491 1136 3546 qua
1181 3478 1336 3546 quod
1379 3477 1631 3546 improbe
1682 3479 1741 3532 fit
1787 3485 1965 3533 natu-

269 3565 468 3620 raliter
498 3566 829 3635 objurgant.
858 3563 1147 3619 Recedunt
1176 3564 1222 3618 si
1249 3578 1282 3618 a
1304 3577 1575 3633 perversa
1603 3565 1966 3620 exsecutione

267 3667 328 3708 se
359 3653 731 3720 subtrahunt,
781 3651 997 3707 abeunt
1026 3651 1070 3706 si
1103 3652 1175 3707 ab
1202 3652 1582 3707 intentionum
1613 3652 1968 3707 vanitatibus

268 3741 629 3809 resipiscnnt.
693 3741 951 3810 Tangere
1013 3747 1302 3806 vetantur,
1360 3753 1490 3794 cum
1547 3738 1814 3794 affectum
1873 3739 1967 3794 illo

269 3846 386 3887 non
429 3830 754 3898 intorquere
789 3828 1090 3898 iubentur.
1118 3829 1340 3899 Jurgati
1363 3833 1506 3894 sunt,
1550 3827 1651 3897 qui
1681 3841 1754 3882 ex
1786 3826 1964 3882 divini

271 3918 629 3988 perceptione
675 3917 889 3986 eloquii
938 3923 1138 3972 contra
1199 3929 1363 3972 suam
1421 3915 1746 3970 vecordiam
1809 3915 1968 3972 rixas

274 4009 332 4062 in
383 4006 573 4061 animo
605 4012 1010 4074 conceperunt.
1061 4005 1526 4067 Commoventur,
1563 4018 1694 4059 cum
1738 4004 1793 4058 in
1843 4004 1968 4074 ipsa

274 4110 382 4152 sua
427 4094 829 4163 disceptatione
883 4093 1215 4149 turbantur.
1276 4093 1436 4148 Unde
1482 4092 1554 4147 ad
1602 4091 1795 4147 studia
1862 4106 1960 4147 ve-

277 4191 442 4239 terna
470 4197 604 4238 mox
637 4181 834 4238 reﬂexi
874 4181 1169 4247 dicuntur,
1204 4180 1260 4235 id
1300 4188 1382 4235 est
1425 4187 1776 4249 proponunt,
1812 4180 1967 4249 quod

274 4275 421 4326 inter
475 4277 654 4340 gentes
715 4285 807 4326 eos
850 4285 963 4326 non
1019 4268 1313 4335 inhabitet,
1372 4281 1656 4337 possessas
1709 4268 1968 4323 videlicet

275 4361 447 4416 semel
492 4373 527 4414 a
566 4367 646 4415 tot
687 4359 1030 4414 criminibus
1058 4367 1274 4412 mentes
1297 4370 1672 4426 nequaquam
1704 4356 1856 4412 Deus
1884 4355 1968 4411 ul-

276 4449 458 4504 terius
487 4462 800 4503 mansurus
835 4447 1025 4502 intret.

1044 4550 1190 4589 ΡΗΕ.

341 4625 514 4683 Vnus.
538 4627 618 4678 l6.
642 4653 710 4663 —-
729 4645 750 4672 ι
778 4623 973 4678 Facies
993 4621 1216 4677 Domini
1232 4620 1426 4676 divisit
1445 4634 1555 4684 eos,
1579 4635 1693 4675 non
1717 4619 1885 4675 addet
1902 4625 1966 4675 ut

273 4734 296 4761 ι
333 4713 593 4781 respiciat
635 4725 750 4777 eos,
804 4710 974 4766 facies
1017 4710 1379 4765 sacerdotum
1425 4723 1542 4763 non
1580 4709 1962 4775 erubuerunt,

271 4822 295 4850 ο
329 4814 518 4872 neque
566 4814 770 4856 senum
817 4798 1036 4854 miserti
1089 4804 1245 4854 sunt.
1297 4819 1318 4846 ι
1371 4798 1506 4864 Phe,
1558 4797 1966 4866 interpretatur

265 4905 344 4944 os.
376 4889 451 4944 Os
495 4896 688 4943 autem
719 4887 798 4943 nil
836 4887 995 4942 aliud
1024 4894 1108 4942 est
1140 4899 1316 4957 quam
1348 4886 1471 4955 ipsa
1502 4900 1633 4955 quae
1672 4883 1777 4940 sibi
1820 4884 1964 4954 jun-

265 4977 428 5048 gitur
477 4978 579 5030 Dei
617 4978 806 5039 facies.
864 4977 1065 5041 Facies,
1107 4974 1296 5043 inquit
1339 4975 1563 5029 Domini
1615 4973 1809 5026 divisit
1856 4985 1961 5038 eos,

267 5065 411 5135 quia
460 5065 600 5119 dum
650 5063 708 5118 in
751 5063 848 5118 illa
891 5061 1150 5118 interiori
1179 5066 1539 5117 contentione
1587 5060 1753 5115 istinc
1790 5060 1966 5129 poeni-

267 5153 464 5209 tentiae
504 5152 804 5220 lacrymas,
855 5151 1012 5206 illinc
1058 5149 1383 5206 mundiales
1414 5149 1679 5205 lascivias
1721 5161 1827 5204 sua
1855 5148 1965 5205 sibi

268 5242 330 5296 in
360 5246 549 5295 mente
574 5239 988 5309 prasculpunt,
1023 5239 1191 5309 quasi
1222 5245 1355 5293 ante
1385 5234 1621 5307 superni
1655 5235 1874 5291 Iudicis
1904 5251 1963 5291 se

265 5343 372 5385 ora
400 5328 780 5395 constituunt,
813 5335 868 5384 et
896 5335 1109 5384 sanctae
1140 5324 1593 5383 conversationis
1629 5323 1963 5380 difﬁcultate

267 5425 586 5488 perspecta,
626 5417 792 5487 quasi
838 5416 910 5471 ab
940 5429 1037 5472 ore
1076 5415 1173 5471 Dei
1205 5415 1274 5470 ad
1317 5414 1611 5485 proposita
1640 5411 1863 5469 laxiora
1903 5427 1962 5469 se

2073 2957 2357 3020 quaterna
2411 2955 2664 3018 quatuor
2722 2949 2994 3017 peccandi
3053 2950 3476 3018 portendantur
3531 2966 3762 3022 genera.

2075 3039 2250 3094 Porro
2299 3037 2356 3091 in
2384 3037 2629 3101 duobus,
2676 3037 2990 3105 penultimo
3019 3038 3222 3108 utique
3267 3047 3322 3094 et
3352 3039 3574 3106 ultimo,
3631 3055 3764 3096 con-

2073 3141 2276 3182 sensus
2305 3126 2646 3196 intelligitur
2671 3139 2739 3181 ac
2765 3127 3039 3194 operatio,
3073 3127 3220 3184 sicut
3255 3129 3312 3183 in
3345 3129 3572 3185 duobus
3603 3129 3762 3200 prio-

2075 3215 2236 3271 ribus
2265 3214 2559 3285 suggestio
2581 3222 2636 3269 et
2668 3214 2983 3270 delectatio.

2145 3304 2210 3359 In
2244 3303 2446 3372 primis
2482 3303 2663 3373 igitur
2706 3304 2818 3357 Ain
2851 3310 2982 3358 ante
3013 3306 3121 3358 Phe
3148 3305 3400 3374 ponitur,
3433 3313 3496 3362 ut
3527 3321 3628 3376 per
3659 3307 3768 3362 hoc

2075 3389 2281 3445 innuat
2329 3389 2467 3459 quia
2515 3390 2572 3442 in
2631 3389 2996 3459 suggestione
3046 3398 3100 3445 et
3159 3393 3528 3448 delectatione
3607 3409 3769 3450 mens

2074 3490 2246 3531 suum
2297 3475 2555 3530 ordinem
2612 3488 2724 3529 non
2785 3475 3042 3538 excedat,
3097 3476 3233 3530 dum
3286 3477 3525 3532 intentio
3573 3480 3769 3548 quale-

2074 3577 2308 3632 cunque
2353 3576 2500 3631 opus
2549 3562 2727 3630 ipsius
2771 3561 3263 3618 delectatiunculas
3308 3565 3624 3632 praecedere
3676 3567 3768 3621 vi—

2075 3652 2298 3706 deatur.
2335 3651 2404 3705 At
2434 3657 2739 3719 postquam
2768 3664 3079 3704 consensus
3121 3658 3174 3706 et
3201 3653 3454 3720 operatio
3489 3653 3546 3707 in
3580 3662 3769 3711 mente

2075 3737 2471 3804 successerint,
2527 3736 2604 3792 ibi
2652 3737 2854 3792 oculus
2900 3751 3093 3806 pravae
3147 3739 3520 3807 providentiae
3569 3744 3769 3798 cessim

2075 3827 2256 3894 vadit,
2289 3825 2428 3896 quia
2470 3839 2631 3880 mens
2662 3826 2933 3880 universa
2975 3826 3031 3880 in
3060 3834 3328 3882 externos
3359 3827 3599 3885 affectus
3639 3845 3770 3886 eva-

2075 3915 2176 3970 dit.
2207 3913 2349 3981 Quid
2382 3913 2535 3968 enim
2570 3913 2645 3968 ibi
2696 3913 2828 3968 facit
2873 3913 3131 3981 intentio,
3167 3915 3261 3970 ubi
3297 3917 3417 3985 ipsa
3456 3920 3768 3988 postposita

2071 4004 2191 4075 jam
2241 4003 2404 4058 saevit
2448 4001 2630 4057 actio?
2663 4001 2985 4058 (Ionsensus
3037 4003 3202 4071 plane
3236 4005 3504 4073 quaedam
3552 4009 3770 4064 exhibi-

2005 4123 2049 4175 D
2079 4091 2247 4149 tionis
2275 4098 2358 4147 est
2385 4091 2584 4159 portio,
2622 4089 2781 4160 quod
2812 4091 2989 4146 habes
3017 4106 3088 4146 ex
3121 4092 3435 4162 Evangelio
3467 4096 3535 4151 de
3552 4096 3769 4166 juvene

2076 4188 2242 4236 extra
2271 4187 2495 4249 portam
2525 4179 2672 4234 elato
2720 4179 2872 4248 (Luc.
2900 4194 2997 4243 vn,
3034 4182 3142 4249 12).
3190 4182 3287 4236 Est
3330 4197 3468 4253 ergo
3508 4185 3566 4239 in
3627 4201 3769 4241 con-

2076 4283 2248 4324 sensu
2276 4275 2330 4322 et
2367 4281 2534 4335 opere
2583 4268 2743 4337 justa
2769 4267 2988 4322 ordinis
3033 4269 3356 4325 litterarum
3392 4273 3654 4340 mutatio,
3705 4280 3769 4328 ut

2076 4356 2150 4411 ibi
2204 4354 2481 4410 nimirum
2536 4355 2796 4410 subsidat
2849 4355 3105 4422 intentio,
3169 4373 3286 4426 quo
3346 4360 3534 4429 operis
3604 4375 3766 4416 mens

2075 4445 2350 4500 universa
2405 4458 2463 4498 se
2533 4443 2806 4512 prtemisit
2861 4443 2918 4498 in
2963 4446 3171 4500 studio.
3233 4435 3407 4502 Porro
3465 4447 3768 4518 triplicitas

2075 4546 2207 4603 quae
2252 4532 2310 4586 in
2359 4531 2524 4586 tertio
2581 4531 2883 4600 alphabeto
2938 4534 3296 4602 praeponitur
3343 4535 3764 4605 characterum,

2074 4620 2155 4674 nil
2198 4618 2357 4675 aliud
2388 4625 2469 4674 est
2516 4632 2690 4687 quam
2743 4619 3040 4676 instructio
3088 4622 3234 4677 sacri
3282 4623 3494 4693 eloquii
3526 4625 3597 4680 ad
3645 4640 3769 4681 mu-

2075 4708 2270 4763 nimen
2349 4707 2727 4776 cogitationis,
2805 4708 3108 4764 locutionis
3182 4718 3236 4765 et
3291 4725 3560 4783 operum;
3645 4714 3768 4769 haec

2073 4795 2222 4852 enim
2297 4795 2616 4851 necessaria
2673 4805 2754 4853 est
2829 4797 3160 4854 triformiter
3212 4800 3284 4855 ad
3351 4803 3767 4859 restrictionem

2073 4885 2362 4954 lapsuum.
2413 4883 2569 4940 Sicut
2619 4885 2770 4940 enim
2812 4886 3161 4943 verecundia
3199 4896 3331 4944 ante
3360 4904 3556 4945 casum
3609 4892 3768 4948 utilis

2073 4982 2176 5041 est,
2228 4981 2352 5044 post
2391 4988 2589 5029 casum
2622 4989 2757 5031 vero
2804 4983 3015 5032 sanctae
3061 4976 3428 5035 confessionis
3479 4981 3765 5038 obstrusio

2073 5070 2176 5129 est,
2232 5061 2313 5116 sic
2356 5060 2594 5116 intentio
2639 5069 2769 5116 ante
2815 5070 3108 5130 peccatum
3149 5064 3334 5120 multa
3378 5066 3768 5138 circumspec-

2073 5149 2298 5204 tionum
2350 5161 2491 5224 cura
2542 5148 2777 5219 indiget,
2813 5157 3120 5220 postquam
3159 5165 3296 5208 vero
3327 5153 3384 5208 in
3432 5168 3767 5224 perversum

2075 5237 2278 5292 transit
2304 5222 2664 5306 opus,‘deses
2709 5245 2763 5292 et
2802 5252 2945 5307 pene
2973 5238 3134 5294 nulla
3162 5222 3606 5314 remanet,'quia
3649 5259 3768 5314 quo

2072 5324 2350 5392 intendat,
2392 5331 2700 5395 postquam
2741 5325 2880 5381 satis
2922 5340 3042 5382 suae
3071 5327 3266 5385 fecerit
3297 5330 3599 5399 voluntati,
3649 5347 3768 5388 non

2073 5411 2264 5467 habet.
