3934 6086
196 181 300 236 483

945 326 1126 367 εΑυκ.

265 403 435 458 Vens.
473 404 557 456 l8.
604 431 673 442 —
708 423 729 450 ι
784 400 1246 457 Lubricaverunt
1289 402 1533 473 vestigia
1580 411 1778 459 nostra
1826 404 1886 459 in

199 512 221 539 ι
256 490 458 545 itinere
496 489 818 560 platearum
849 497 1199 557 nostrarum,
1231 490 1725 560 appropinquavit
1756 492 1887 547 finis

198 600 220 627 ι
254 585 465 645 noster,
515 576 778 648 completi
829 584 968 633 sunt
992 577 1113 633 dies
1158 578 1356 643 nostri,
1392 579 1532 648 quia
1570 579 1726 635 venit
1755 579 1886 635 ﬁnis

197 687 221 715 ι
252 675 460 723 noster.
520 688 542 715 ι
576 665 740 733 Sade,
769 666 1030 735 justitia;
1062 679 1194 736 quae
1233 666 1494 733 refertur,
1530 667 1677 722 sicut
1707 682 1884 737 supe-

191 754 335 823 rius,
384 755 453 810 ad
493 753 653 825 justa
684 754 784 809 Dei
822 753 1062 823 judicia.
1099 752 1206 819 Qui
1239 762 1612 823 respexerant
1650 755 1725 809 ad
1755 770 1882 823 gen-

190 849 314 910 tem,
370 843 425 898 id
453 850 536 898 est
581 843 651 897 ad
692 843 963 897 humana:
1012 842 1538 912 circumspectionis
1586 844 1881 912 astutiam,

191 947 310 1001 quae
343 946 428 986 eos
458 932 672 985 salvare
706 947 814 985 non
857 936 1093 1001 poterat,
1142 930 1311 986 modo
1358 931 1674 988 lubricasse
1717 935 1883 987 uesti-

189 1023 284 1089 gia
320 1036 421 1075 sua
464 1022 740 1073 in‘itincre
777 1020 1085 1088 platearum
1116 1019 1339 1088 dicunt,
1388 1034 1521 1075 cum
1552 1019 1883 1092 labefactari

189 1109 514 1165 affectiones
555 1122 690 1164 suas
720 1122 817 1178 per
858 1108 1302 1164 sollicitudinem
1356 1110 1554 1164 saeculi
1603 1109 1883 1179 disquisi-

190 1200 371 1255 tiones
419 1197 744 1253 attendunt.
790 1199 940 1252 Finis
991 1210 1194 1252 eorum
1243 1197 1691 1267 appropinquat,
1746 1211 1883 1253 cum

190 1272 485 1357 peccatum
556 1292 993 1341 consummatur
1047 1286 1103 1339 in
1169 1299 1356 1354 opere,
1422 1285 1576 1354 quod
1651 1285 1883 1341 animus

188 1377 517 1431 destinarat.
587 1376 705 1428 Dies
758 1387 958 1428 eorum
1012 1373 1374 1441 complentur
1441 1387 1575 1427 cum
1641 1375 1882 1429 virtutes

185 1470 629 1520 consumuntur.
692 1462 757 1516 Et
805 1461 930 1528 hoc,
974 1461 1112 1531 quia
1159 1461 1313 1516 venit
1362 1459 1491 1515 ﬁnis
1538 1461 1879 1517 omnimodae

184 1552 393 1608 scilicet
423 1550 699 1606 mentium
730 1549 1136 1604 destitutionis.

939 1651 1121 1692 COPB.

256 1726 427 1783 Vsus.
487 1726 571 1779 19.
626 1754 694 1762 -—
743 1742 769 1774 α
824 1722 1144 1779 Velociores
1194 1722 1432 1779 fuerunt
1484 1730 1880 1793 persecutores

190 1833 211 1860 ι
245 1812 420 1868 nostri
476 1811 689 1882 aquilis
726 1811 881 1878 caeli;
936 1825 1112 1881 super
1160 1818 1379 1867 montes
1412 1811 1686 1881 persecuti
1743 1818 1879 1867 sunt

189 1922 210 1949 ι
248 1914 371 1968 nos,
408 1900 465 1954 in
513 1900 734 1956 deserto
764 1899 1013 1955 insi-liati
1044 1906 1182 1955 sunt
1225 1899 1409 1954 nobis.
1447 1919 1469 1947 ι
1525 1900 1702 1969 Coph,
1755 1916 1877 1954 con-

182 1990 368 2044 clusio.
417 1988 586 2043 Plane
617 1987 1036 2053 concludimur,
1068 2001 1200 2042 cum
1232 1988 1508 2044 vitiorum
1554 1986 1879 2058 frequentia

176 2083 651 2148 coangustalnur.
685 2076 847 2132 Unde
888 2077 1172 2130 velociores
1217 2077 1423 2144 aquilis
1463 2076 1582 2130 cali
1624 2090 1876 2145 persecu-

182 2171 319 2220 tores
359 2167 535 2220 nostri
562 2172 717 2231 sunt,
762 2178 897 2220 cum
935 2164 1126 2219 carnis
1176 2164 1490 2231 incentiva,
1529 2178 1663 2235 quae
1708 2165 1877 2220 nobis

180 2252 525 2309 naturaliter
565 2252 926 2317 incumbunt,
970 2266 1043 2308 ex
1089 2253 1208 2321 ipso
1251 2251 1687 2307 consuetudinis
1736 2267 1873 2322 usu,

180 2342 319 2412 ipsis
346 2342 517 2398 etiam
545 2341 905 2397 daemonibus
942 2340 1232 2396 rabidiora
1262 2349 1417 2396 sunt.
1463 2339 1689 2410 Aquilze
1720 2341 1875 2396 enim

180 2444 284 2500 pro
324 2444 432 2486 sua
485 2430 795 2499 rapacitate
842 2429 898 2485 id
937 2428 1284 2500 signiﬁcant.
1329 2429 1505 2498 Super
1531 2433 1732 2483 montes
1778 2443 1875 2483 nos

180 2525 633 2589 persequuntur,
667 2532 801 2573 cum
844 2517 904 2572 in
948 2517 1073 2593 ipsa
1103 2516 1373 2586 superbia
1400 2524 1595 2573 nostra
1637 2531 1742 2571 nos
1784 2516 1875 2573 de-

180 2607 517 2663 moliuntur.
568 2608 635 2661 In
687 2607 894 2660 deserto
946 2605 1317 2671 insidiantur,
1362 2620 1495 2661 cum
1540 2619 1706 2660 nosa
1758 2606 1872 2662 Deo

179 2694 430 2751 desertos
458 2694 529 2749 ob
559 2701 755 2750 nostra
785 2694 1040 2749 facinora
1067 2700 1459 2762 aucupantur.

959 2797 1098 2838 RES.

248 2872 419 2929 Vens.
464 2873 552 2926 20.
597 2901 666 2910 ——
701 2892 724 2920 ι
778 2870 1025 2940 Spiritus
1074 2870 1190 2926 oris
1220 2869 1396 2925 nostri
1443 2870 1705 2926 Christus
1754 2870 1872 2927 Do-

183 2981 203 3007 ι
238 2961 433 3015 minus
454 2966 657 3029 captus
687 2966 770 3014 est
803 2960 856 3014 in
891 2959 1135 3028 peccatis
1173 2958 1401 3014 nostris.
1432 2958 1536 3014 Cui
1567 2959 1822 3015 diximus
1850 2973 1863 3013 ε

182 3046 204 3097 's
236 3048 302 3102 In
334 3048 541 3104 umbra
568 3056 668 3103 tua
694 3048 958 3102 vivemus
988 3046 1045 3101 in
1089 3046 1376 3115 gentibus.
1421 3066 1442 3094 ι
1497 3046 1628 3114 Res,
1657 3046 1870 3101 dicitur

173 3138 424 3204 spiritus.
469 3136 711 3204 Spiritus
753 3142 946 3190 autem
979 3135 1089 3188 oris
1136 3136 1328 3197 nostri,
1364 3131 1741 3204 intelligentia
1784 3141 1869 3189 est

174 3225 360 3279 cordis
410 3223 609 3279 nostri.
653 3224 723 3278 0s
777 3224 927 3278 enim
974 3236 1074 3292 pro
1122 3221 1280 3275 corde
1326 3220 1580 3290 ponitur,
1626 3230 1690 3276 ut
1734 3230 1863 3277 est:

178 3333 199 3360 ε
229 3311 303 3368 Os
326 3313 467 3383 justi
494 3311 864 3367 meditabitur
888 3309 1227 3379 sapientiam
1251 3309 1420 3379 (Psal.
1454 3323 1650 3368 xxxvr,
1685 3308 1806 3379 30);
1842 3330 1862 3358 ι

171 3407 269 3456 et:
336 3422 357 3448 ι
410 3399 750 3456 Voluntaria
823 3399 939 3454 oris
989 3397 1095 3452 mei
1145 3396 1498 3466 beneplacita
1555 3396 1643 3451 fac
1695 3396 1863 3464 (Psal.

172 3503 362 3556 cxvui,
412 3490 555 3556 108).
610 3509 631 3537 ι
684 3489 813 3556 Ipse
862 3488 1102 3555 Spiritus
1152 3485 1413 3541 Christus
1458 3483 1741 3540 Dominus
1791 3487 1868 3541 di-

171 3578 339 3645 citur,
388 3576 527 3647 quia
568 3585 623 3633 et
674 3576 814 3646 ungi
849 3588 881 3631 a
929 3576 1042 3630 Deo
1071 3574 1120 3629 ei
1166 3572 1487 3643 specialiter
1531 3573 1754 3639 attinet,
1812 3582 1866 3629 et

1084 176 1147 233 v.
1186 158 1523 236 (ΗΠΒΕῆτί
1571 181 1863 237 ABBATIS
1900 183 1955 238 s.
2000 183 2243 239 usum
2283 185 2372 240 na
2414 184 2806 242 NOVIGENTO

1920 321 1969 373 Α
1996 329 2276 386 propera:
2335 317 2459 373 Non
2502 318 2656 373 enim
2707 317 3002 374 invenitur
3046 318 3120 375 ab
3164 318 3432 389 Apostolo
3477 319 3534 375 in
3580 321 3701 376 hac

3584 191 3702 245 484

1997 413 2167 473 terra,
2216 405 2272 460 id
2302 413 2385 461 est
2415 419 2586 461 carne
2638 406 2852 462 bonum
2884 405 3061 477 (Rem.
3108 422 3205 475 vn,
3245 407 3354 478 18).
3406 408 3490 464 Ad
3538 409 3699 464 hanc

1995 508 2229 564 quoque
2279 495 2538 564 pervenit
2583 496 2752 557 calix,
2801 495 2943 566 quia
2971 495 3120 552 sicut
3161 496 3463 564 rationem,
3510 497 3589 553 ita
3633 504 3699 552 et

1993 580 2261 638 affectum
2289 596 2358 638 ex
2401 583 2618 652 pudore
2666 584 2882 652 peccati
2913 584 3196 640 sententia
3235 584 3398 640 bona;
3436 585 3694 654 respira-

1994 671 2163 726 tionis
2208 671 2512 741 intercipit.
2564 671 2909 737 Inebriatur,
2953 687 3084 728 cum
3117 687 3152 728 a
3194 681 3454 730 veterum
3498 673 3695 729 malo-

1991 771 2123 813 rum
2172 759 2519 814 conscientia
2571 766 2626 814 et
2671 759 3087 816 consuetudine
3131 760 3489 816 absentatur.
3548 761 3686 818 Nu-

1990 845 2181 914 datur,
2215 860 2344 902 cum
2374 848 2481 916 pize
2507 845 2875 903 confessionis
2905 847 3145 904 veritate
3170 848 3466 918 retegitur.

2737 968 2935 1008 THAU.

2061 1040 2228 1097 Vens.
2280 1039 2366 1095 22.
2424 1070 2487 1080 -—
2549 1062 2569 1089 ι
2619 1039 2912 1111 Completa
2949 1047 3033 1096 est
3078 1040 3356 1110 iniquitas
3391 1047 3513 1109 tua,
3564 1040 3689 1097 ﬁlia

1994 1150 2015 1178 ι
2050 1128 2203 1194 Sion,
2236 1143 2351 1183 non
2400 1128 2567 1185 addet
2597 1127 2750 1185 ultra
2780 1137 2844 1185 ut
2888 1129 3256 1200 transmigret
3287 1136 3359 1185 te.
3415 1128 3688 1185 Visitavit

1998 1238 2017 1269 ι
2051 1217 2411 1288 iniquitatem
2465 1225 2646 1285 tuam,
2698 1218 2814 1273 ﬁlia
2862 1218 3067 1287 Edom,
3112 1217 3497 1288 discooperuit
3542 1231 3687 1287 pec-

1991 1327 2013 1355 ι
2046 1313 2174 1361 cata
2219 1313 2334 1362 tua.
2391 1326 2411 1353 ι
2462 1305 2648 1371 Thau,
2700 1307 3112 1376 interpretatur
3140 1308 3366 1373 erravit,
3413 1305 3501 1362 vel
3552 1322 3684 1360 con-

1985 1397 2298 1449 summavit.
2344 1393 2519 1449 Error
2542 1395 2695 1449 enim
2731 1408 2861 1450 vere
2890 1401 3349 1461 consummatur,
3389 1408 3520 1450 cum
3560 1394 3686 1464 ipse

1985 1483 2157 1537 etiam
2200 1480 2458 1550 affectus,
2494 1484 2593 1552 qui
2625 1482 2695 1536 ad
2731 1482 2947 1537 malum
2981 1481 3292 1552 proclivior
3331 1488 3433 1549 est,
3476 1482 3544 1537 de
3574 1496 3685 1538 suo

1987 1584 2179 1626 errore
2227 1568 2604 1625 suffunditur.
2669 1569 2811 1627 Cum
2864 1584 3004 1640 ergo
3064 1569 3321 1637 affectus,
3373 1571 3497 1632 ﬁlia
3549 1571 3686 1626 Sion

1988 1659 2286 1728 nimirum,
2323 1658 2871 1715 intellectualitatem
2917 1674 3031 1714 non
3064 1659 3456 1729 lransmigrat,
3508 1659 3566 1714 id
3595 1668 3686 1715 est

1986 1763 2021 1803 a
2064 1756 2217 1804 recto
2247 1756 2401 1803 statu
2446 1762 2565 1803 non
2596 1744 2882 1814 distrahit,
2935 1747 3226 1817 iniquitati
3257 1747 3507 1817 profecto
3553 1746 3685 1818 ejus

1986 1839 2155 1892 finem
2191 1836 2351 1892 indit.
2385 1837 2736 1904 Iniquitatem
2767 1836 2893 1906 ejus
2915 1838 3034 1904 ﬁlia.
3063 1837 3243 1890 Edam
3284 1834 3497 1902 visitat,
3530 1840 3676 1890 τοι

1985 1939 2116 1980 eum
2150 1939 2224 1979 ex
2262 1940 2327 1979 eo
2371 1913 2524 1993 quod
2557 1924 2858 1979 interiores
2895 1932 3085 1979 motus
3116 1939 3231 1980 non
3261 1938 3427 1994 teque
3465 1921 3685 1993 dijudi-

1985 2020 2096 2079 cat,
2147 2013 2319 2067 etiam
2366 2012 2661 2067 fastidium
2710 2012 2959 2067 carnalis
2999 2012 3286 2082 appetitus
3323 2011 3487 2067 valde
3536 2010 3686 2066 insi-

1984 2101 2184 2156 mulat.
2238 2101 2359 2156 Nisi
2413 2100 2569 2155 enim
2620 2100 2898 2158 fastidiret
2943 2109 3175 2171 peccata
3220 2114 3347 2168 sua,
3409 2108 3467 2157 et
3525 2099 3686 2155 illius

1984 2202 2099 2242 non
2125 2187 2546 2259 discooperiret.

2280 2310 2544 2367 ORATIO
2581 2310 2915 2368 JEREMIIE
2954 2308 3373 2366 PROPHETJE.

2053 2435 2224 2492 Vsus.
2278 2438 2327 2489 ί.
2373 2463 2446 2476 -
2481 2455 2500 2482 α
2548 2434 2884 2502 Recordare,
2917 2433 3174 2500 Domine,
3212 2433 3355 2504 quid
3406 2432 3681 2491 acciderit

1987 2547 2008 2574 ›
2043 2524 2228 2589 nobis,
2281 2522 2502 2579 intuere
2548 2530 2601 2579 et
2634 2522 2851 2592 respice
2899 2520 3274 2592 opprobrium
3325 2529 3609 2578 nostrum.
3647 2543 3672 2571 ι

1982 2613 2335 2670 Recordatur
2365 2612 2517 2667 Deus
2549 2611 2686 2681 quid
2729 2612 2883 2664 nobis
2912 2610 3201 2676 acciderit,
3242 2624 3376 2666 cum
3402 2609 3676 2679 lapsuum

1980 2709 2308 2758 nostrorum
2362 2700 2652 2756 recordari
2683 2713 2789 2755 nos
2818 2698 2970 2754 facit.
3027 2699 3390 2767 Opprobrium
3430 2704 3678 2754 nostrum

1980 2789 2260 2856 intuetur,
2311 2801 2444 2843 cum
2478 2786 2640 2854 illud,
2674 2801 2790 2855 quo
2841 2785 3031 2855 majus
3061 2785 3203 2840 nihil
3236 2793 3338 2850 est,
3388 2786 3675 2841 defectum

1908 2909 1946 2965 ρ
1978 2885 2240 2934 nostrum
2299 2890 2333 2931 a
2394 2876 2506 2930 Deo
2554 2874 2902 2944 perpendere
2969 2882 3071 2929 aut
3126 2874 3319 2930 dolere
3384 2874 3674 2929 hortatur.

1984 2966 2144 3024 Unde
2172 2972 2227 3021 et
2251 2971 2463 3033 septem
2498 2963 2764 3018 mulieres
2793 2964 2852 3017 in
2883 2963 3068 3017 Isaia:
3108 2984 3128 3011 ι
3155 2961 3350 3031 Aufer,
3374 2961 3672 3031 inquiunt,

1978 3053 2353 3124 opprobrium
2386 3059 2648 3108 nostrum
2692 3052 2844 3121 (1εαί.
2878 3066 2954 3118 IV,
2993 3050 3063 3121 l).
3097 3071 3125 3101 ι
3172 3050 3364 3121 (VERS.
3409 3050 3463 3120 2)
3500 3072 3522 3099 ι
3557 3051 3678 3105 Ηίθ-

1981 3159 2003 3188 ι
2038 3138 2252 3193 reditas
2283 3143 2480 3192 nostra
2507 3149 2676 3191 versa
2700 3143 2784 3190 est
2814 3135 2886 3189 ad
2929 3134 3158 3199 alienos,
3203 3135 3409 3190 domus
3461 3141 3674 3189 nostra;

1981 3248 2002 3275 ι
2045 3226 2116 3282 ad
2145 3233 2470 3282 extraneos.
2521 3243 2539 3274 ι
2589 3224 2893 3278 Hereditas
2937 3229 3148 3287 nostra,
3192 3235 3433 3292 corpora
3477 3228 3674 3277 nostra

1974 3317 2112 3365 sunt
2149 3324 2280 3379 quae
2310 3310 2545 3367 mitibus
2574 3311 2685 3366 sub
2714 3311 2901 3380 specie
2947 3318 3115 3366 terrae
3151 3312 3208 3366 in
3256 3310 3671 3380 possessionem

1974 3399 2256 3467 promissa
2286 3406 2438 3454 sunt.
2473 3399 2606 3455 Haec
2630 3399 2704 3452 ad
2746 3400 2951 3453 alienos
2981 3397 3246 3465 vertitur,
3279 3412 3410 3453 cum
3459 3397 3669 3453 vitium

1973 3485 2268 3555 quodlibet
2314 3500 2382 3541 ea
2423 3486 2702 3542 abutitur.
2756 3490 2950 3541 Domus
2996 3491 3194 3540 nostra?
3240 3485 3312 3540 ad
3360 3492 3670 3542 extraneos

1971 3581 2304 3639 vertuntur,
2330 3588 2463 3629 cum
2492 3582 2711 3631 nostrae
2745 3574 3104 3630 conscientiae
3136 3574 3205 3629 ad
3243 3587 3360 3639 eos,
3391 3573 3496 3643 qui
3526 3574 3671 3630 nihil

169 3666 454 3723 dominari
488 3680 621 3722 cum
648 3680 761 3721 non
788 3666 981 3720 minus
1007 3664 1184 3719 decet.
1218 3663 1273 3718 Is
1311 3666 1371 3716 in
1400 3654 1601 3717 nostris
1627 3666 1865 3731 peccatis
1967 3661 2118 3732 juris
2158 3661 2219 3717 in
2246 3662 2430 3729 nobis,
2461 3662 2571 3717 nisi
2600 3677 2675 3718 ex
2703 3670 2899 3718 nostra
2928 3661 3248 3732 proditione
3276 3661 3512 3730 habent,
3558 3662 3667 3718 sci-

169 3755 414 3824 capitur,
468 3769 602 3810 cum
631 3768 831 3809 eorum
863 3752 1305 3822 superveniente
1336 3750 1568 3806 servitio
1600 3750 1672 3806 ab
1703 3751 1861 3806 arbi-

170 3843 260 3897 trii
303 3843 394 3898 sui
441 3842 697 3897 libertate
727 3842 1012 3910 privatur.
1047 3840 1160 3893 Cui
1205 3838 1458 3905 dicimus,
1518 3837 1573 3892 id
1601 3845 1706 3903 est,
1761 3850 1860 3892 as-

168 3931 447 3986 crihimus
489 3930 644 3999 quod
689 3929 798 3984 sub
831 3929 1039 3984 umbra
1081 3928 1207 3997 ejus
1236 3928 1428 3982 virere
1477 3926 1761 3995 possimus
1802 3927 1862 3978 in

168 4020 438 4087 gentibus,
487 4018 641 4086 quod
673 4017 935 4072 videlicet
976 4016 1086 4071 sub
1130 4015 1379 4085 imagine
1424 4013 1685 4080 rationis,
1743 4026 1861 4069 non

170 4107 229 4160 in
268 4106 484 4175 azymis
513 4104 873 4171 sinceritatis,
907 4101 1171 4160 saeculari
1203 4102 1467 4157 videlicet
1498 4101 1614 4167 illa,
1646 4100 1716 4155 de
1742 4113 1863 4170 qua

1973 3749 2102 3805 licet
2133 3750 2440 3817 daemones,
2467 3750 2896 3821 intorquentur.

2043 3838 2214 3895 VERS.
2265 3840 2403 3892 3.—
2444 3861 2461 3887 α
2511 3838 2742 3908 Pupulli
2794 3838 2927 3894 facti
2973 3853 3175 3895 sumus
3222 3840 3440 3908 absque
3482 3846 3664 3908 patre,

1976 3948 1999 3975 ι
2030 3934 2243 3982 matres
2293 3934 2501 3982 nostrae
2532 3941 2706 3997 quam
2752 3927 2961 3983 vidum.
3004 3948 3025 3977 ι
3080 3928 3298 3997 Absque
3344 3932 3505 3997 patre
3555 3926 3667 3983 fui-

1971 4028 2121 4082 mus,
2154 4015 2253 4084 qui
2283 4013 2596 4082 diabolum,
2628 4016 2729 4085 qui
2759 4015 3079 4071 secundum
3127 4029 3321 4071 veram
3360 4015 3666 4071 essentiam

1969 4114 2089 4157 esse
2131 4100 2319 4168 desiit,
2355 4108 2575 4170 patrem
2605 4101 2937 4158 habuimus.
2971 4104 3046 4159 De
3077 4103 3197 4173 ipso
3224 4103 3377 4158 enim
3408 4102 3622 4174 legitur
3648 4117 3662 4156 :

168 4207 346 4264 supra
410 4192 685 4258 diximus,
756 4192 980 4248 cautela
1053 4204 1156 4246 nos
1210 4190 1357 4245 inter
1410 4188 1552 4243 vitia
1625 4187 1860 4257 palliare
1898 4188 1942 4241 D
1979 4210 1999 4236 ε
2035 4188 2306 4244 Habitent
2352 4187 2412 4243 in
2443 4188 2817 4246 tabernaculo
2860 4190 2988 4260 ejus
3036 4190 3173 4246 socii
3201 4190 3347 4261 ejus,
3402 4190 3505 4260 qui
3550 4204 3664 4247 non

168 4298 204 4354 q
213 4295 472 4339 ueamus.

956 4383 1087 4422 SlN.

237 4459 409 4517 Vnus.
442 4459 533 4512 2i.
589 4486 649 4496 —
688 4477 715 4506 ω
750 4456 947 4512 Gaude
980 4462 1036 4510 et
1067 4454 1279 4523 laetare,
1307 4453 1428 4508 tilia
1475 4452 1678 4520 Edom,
1730 4466 1863 4523 quae

172 4568 194 4597 ι
228 4546 455 4602 habitas
509 4545 567 4600 in
630 4551 783 4600 terra
835 4544 978 4599 Hus.
1033 4543 1116 4597 Ad
1169 4550 1223 4598 te
1279 4556 1513 4612 quoque
1571 4541 1864 4611 perveniet

174 4657 194 4684 ι
228 4635 399 4702 calix,
450 4633 847 4700 inebriaberis,
899 4640 1073 4701 atque
1123 4630 1454 4685 nudaberis.
1518 4648 1542 4682 ι
1599 4629 1717 4698 Sin,
1769 4629 1862 4685 di-

166 4724 318 4779 citur
348 4725 483 4777 vita.
524 4721 785 4777 Gaudere
823 4733 959 4790 ergo
988 4726 1043 4775 et
1078 4718 1258 4774 laetari
1288 4718 1404 4773 lilia
1433 4718 1611 4774 Edom
1656 4718 1861 4788 praeci-

168 4812 344 4882 pitur,
377 4811 517 4866 dum
549 4816 777 4865 terrena
809 4822 969 4863 mens
999 4809 1056 4862 in
1088 4808 1385 4877 praeputio,
1418 4814 1474 4863 et
1500 4808 1694 4864 carnis
1741 4821 1862 4863 suae

168 4899 393 4969 sepulta
421 4896 641 4954 delictis
670 4894 951 4951 viciniora
975 4894 1180 4950 salutis
1205 4893 1461 4961 offendit,
1493 4902 1548 4950 et
1578 4894 1650 4950 ad
1681 4894 1861 4959 vitam,

168 4986 486 5056 respirandi
543 4983 795 5054 corporis
850 4991 905 5038 et
969 4983 1195 5048 animae,
1268 4997 1371 5053 pro
1429 4996 1546 5052 quo
1611 4990 1862 5052 utroque

170 5075 424 5145 gaudere
463 5080 518 5129 et
561 5073 743 5129 laetari
775 5071 1027 5142 iubetur,
1069 5084 1273 5127 causas
1306 5072 1525 5137 incidit,
1570 5084 1703 5126 cum
1755 5082 1861 5124 ve-

168 5162 333 5217 niens
361 5162 433 5217 ad
463 5161 817 5233 Babylonem
867 5158 943 5215 ibi
976 5158 1206 5215 liberari
1238 5160 1467 5241 incipit;
1487 5158 1668 5214 Edom
1704 5157 1860 5213 enim

167 5256 411 5306 terrenus
441 5248 671 5304 dicitur.
726 5246 906 5303 Edom
948 5253 1140 5302 autem
1176 5248 1295 5316 ﬁlia
1339 5243 1562 5301 aﬂ‘ectio
1614 5250 1698 5300 est
1726 5257 1860 5300 car-

164 5339 284 5393 nali
341 5344 529 5393 mente
580 5337 903 5407 progenita,
963 5334 1086 5390 hzec
1132 5333 1356 5390 habitat
1401 5335 1461 5386 in
1508 5336 1657 5386 terra
1703 5330 1855 5399 Hus,

164 5441 297 5498 qua)
344 5426 758 5495 interpretatur
783 5426 1010 5491 festina,
1045 5436 1112 5478 ac
1138 5428 1437 5491 peccatum
1470 5418 1672 5490 utique
1718 5431 1861 5488 prte-

1972 4285 2056 4333 est
2105 4277 2244 4345 (Job.
2290 4291 2451 4341 xvm,
2508 4276 2615 4347 i5).
2675 4299 2696 4326 ι
2745 4280 2946 4333 Matres
3002 4285 3200 4334 nostra
3249 4281 3412 4349 quasi
3462 4279 3660 4347 viduae,

1972 4365 2110 4431 Deo,
2142 4365 2245 4435 qui
2273 4378 2405 4421 vere
2433 4365 2589 4422 solus
2618 4373 2723 4435 est,
2753 4375 3014 4423 carentes
3038 4367 3305 4440 conjuge.

2043 4452 2212 4510 VEBS.
2240 4453 2294 4506 4.
2326 4484 2395 4492 -
2430 4476 2449 4503 ι
2485 4456 2709 4523 Aquam
2744 4462 2996 4511 nostram
3030 4457 3278 4526 pecunia
3307 4455 3579 4525 bibimus,
3607 4463 3662 4513 et

1978 4563 1999 4590 μ
2031 4540 2189 4612 ligna
2235 4548 2430 4596 nostra
2460 4541 2637 4611 pretio
2670 4536 3153 4612 comparavimus.
3191 4566 3211 4593 ι
3248 4546 3467 4614 Aquam
3495 4558 3661 4601 suam

1969 4632 2200 4699 pecunia
2246 4628 2411 4694 bibit,
2446 4630 2549 4700 qui
2587 4630 2862 4700 vapidum
2902 4638 3113 4688 statum
3153 4646 3348 4701 suum,
3398 4640 3454 4689 et
3494 4633 3662 4703 spiri-

1972 4716 2288 4774 tualis-vini
2317 4716 2504 4774 calore
2533 4718 2787 4775 alienum
2816 4717 3074 4789 impensa
3105 4721 3327 4790 pecuali
3356 4721 3663 4777 stoliditate

1970 4805 2192 4863 coemit.
2226 4805 2477 4862 Pecunia
2506 4807 2659 4863 enim
2703 4823 2737 4861 a
2778 4808 3063 4877 pecoribus
3092 4808 3245 4865 dicta
3279 4817 3383 4877 est,
3424 4809 3565 4880 quia
3593 4809 3664 4866 de

1970 4907 2242 4966 pecorum
2286 4894 2410 4950 ﬁeri
2438 4894 2655 4951 solebat
2696 4896 3040 4967 tergoribus.
3075 4896 3257 4967 Ligna
3286 4905 3486 4953 nostra
3528 4911 3664 4967 pre-

1971 4983 2046 5037 tio
2074 4983 2558 5051 comparavimus,
2593 4996 2727 5039 cum
2760 4983 3276 5050 insensibilitatem,
3307 4991 3362 5039 et
3401 4983 3665 5040 merubi-

1970 5069 2072 5125 dos
2118 5068 2295 5124 animi
2350 5077 2406 5124 et
2457 5071 2712 5139 corporis
2767 5070 3001 5127 habitus
3056 5071 3189 5128 dato
3248 5071 3429 5141 pretio
3491 5072 3664 5128 totius

1970 5155 2374 5211 rationalitatis
2403 5157 2781 5227 acquirimus.

2040 5242 2211 5299 Vsus.
2249 5246 2301 5299 5.
2335 5274 2403 5285 —
2438 5266 2460 5294 ι
2509 5244 2843 5301 Cervicibus
2886 5244 3281 5313 minabamur,
3332 5244 3498 5301 lassis
3544 5259 3660 5300 non

1974 5351 1996 5378 ι
2044 5330 2295 5387 dabatur
2329 5333 2575 5403 requies.
2624 5353 2653 5383 ι
2685 5332 3220 5401 Cerviceminatur,
3252 5332 3349 5388 cui
3384 5332 3663 5402 superbia

1969 5419 2319 5476 dominatur.
2353 5421 2680 5478 Cervicosos
2705 5421 2857 5479 enim
2900 5420 3179 5491 superbos
3208 5419 3472 5477 dicimus.
3518 5422 3661 5476 Las-
