  <div class='ocr_page' id='page_1' title='image "/cluster/home/n/w/nwhite01/storage/ocr_20150623/156/hvd.32044054760145/248.png"; bbox 0 0 3934 6086; ppageno 0'>
   <div class='ocr_carea' id='block_1_1' title="bbox 145 246 256 300">
    <p class='ocr_par' dir='ltr' id='par_1_1' title="bbox 145 246 256 300">
     <span class='ocr_line' id='line_1_1' title="bbox 145 246 256 300; baseline 0 0"><span class='ocrx_word' id='word_1_1' title='bbox 145 246 256 300; x_wconf 79' lang='grc'><strong>485</strong></span> 
     </span>
    </p>
   </div>
   <div class='ocr_carea' id='block_1_2' title="bbox 893 242 2909 311">
    <p class='ocr_par' dir='ltr' id='par_1_2' title="bbox 893 242 2909 311">
     <span class='ocr_line' id='line_1_2' title="bbox 893 242 2909 311; baseline -0.002 -10"><span class='ocrx_word' id='word_1_2' title='bbox 893 242 1356 303; x_wconf 69' lang='lat' dir='ltr'><strong>TROPOLOGI/E</strong></span> <span class='ocrx_word' id='word_1_3' title='bbox 1395 246 1463 301; x_wconf 83' lang='lat' dir='ltr'><strong>IN</strong></span> <span class='ocrx_word' id='word_1_4' title='bbox 1501 244 1930 311; x_wconf 78' lang='lat' dir='ltr'><strong>OSEE,&#39;AMOS</strong></span> <span class='ocrx_word' id='word_1_5' title='bbox 1973 246 2053 300; x_wconf 79' lang='grc' dir='ltr'><strong>ΕΤ</strong></span> <span class='ocrx_word' id='word_1_6' title='bbox 2089 243 2234 299; x_wconf 86' lang='lat' dir='ltr'><strong>JER.</strong></span> <span class='ocrx_word' id='word_1_7' title='bbox 2271 273 2338 283; x_wconf 91' lang='lat'><strong>-—</strong></span> <span class='ocrx_word' id='word_1_8' title='bbox 2381 244 2509 298; x_wconf 87' lang='lat' dir='ltr'><strong>LIB.</strong></span> <span class='ocrx_word' id='word_1_9' title='bbox 2554 245 2615 298; x_wconf 86' lang='lat' dir='ltr'><strong>V.</strong></span> <span class='ocrx_word' id='word_1_10' title='bbox 2660 245 2909 300; x_wconf 79' lang='lat' dir='ltr'><strong>lN-JEB.</strong></span> 
     </span>
    </p>
   </div>
   <div class='ocr_carea' id='block_1_3' title="bbox 3551 247 3654 301">
    <p class='ocr_par' dir='ltr' id='par_1_3' title="bbox 3551 247 3654 301">
     <span class='ocr_line' id='line_1_3' title="bbox 3551 247 3654 301; baseline 0.019 -2"><span class='ocrx_word' id='word_1_11' title='bbox 3551 247 3654 301; x_wconf 81' lang='grc'><strong>486</strong></span> 
     </span>
    </p>
   </div>
   <div class='ocr_carea' id='block_1_4' title="bbox 145 374 3652 447">
    <p class='ocr_par' dir='ltr' id='par_1_4' title="bbox 145 374 3652 447">
     <span class='ocr_line' id='line_1_4' title="bbox 145 374 3652 447; baseline -0 -14"><span class='ocrx_word' id='word_1_12' title='bbox 145 382 228 433; x_wconf 91' lang='lat' dir='ltr'><strong>sis</strong></span> <span class='ocrx_word' id='word_1_13' title='bbox 254 381 470 447; x_wconf 77' lang='lat' dir='ltr'><strong>requies</strong></span> <span class='ocrx_word' id='word_1_14' title='bbox 495 393 605 432; x_wconf 90' lang='lat' dir='ltr'><strong>non</strong></span> <span class='ocrx_word' id='word_1_15' title='bbox 631 378 826 444; x_wconf 90' lang='lat' dir='ltr'><strong>datur,</strong></span> <span class='ocrx_word' id='word_1_16' title='bbox 853 391 988 433; x_wconf 90' lang='lat' dir='ltr'><strong>cum</strong></span> <span class='ocrx_word' id='word_1_17' title='bbox 1015 377 1431 444; x_wconf 78' lang='lat' dir='ltr'><strong>laborantibus,</strong></span> <span class='ocrx_word' id='word_1_18' title='bbox 1451 378 1625 447; x_wconf 87' lang='lat' dir='ltr'><strong>juxta</strong></span> <span class='ocrx_word' id='word_1_19' title='bbox 1652 376 1852 431; x_wconf 91' lang='lat' dir='ltr'><strong>Evan—</strong></span> <span class='ocrx_word' id='word_1_20' title='bbox 1888 384 1936 435; x_wconf 85' lang='lat' dir='ltr'><strong>A</strong></span> <span class='ocrx_word' id='word_1_21' title='bbox 1964 389 2096 431; x_wconf 90' lang='lat' dir='ltr'><strong>cum</strong></span> <span class='ocrx_word' id='word_1_22' title='bbox 2127 375 2467 431; x_wconf 77' lang='lat' dir='ltr'><strong>maturiores</strong></span> <span class='ocrx_word' id='word_1_23' title='bbox 2495 374 2671 435; x_wconf 88' lang='lat' dir='ltr'><strong>animi</strong></span> <span class='ocrx_word' id='word_1_24' title='bbox 2706 375 2954 443; x_wconf 87' lang='lat' dir='ltr'><strong>habitus,</strong></span> <span class='ocrx_word' id='word_1_25' title='bbox 2987 376 3090 446; x_wconf 88' lang='lat' dir='ltr'><strong>qui</strong></span> <span class='ocrx_word' id='word_1_26' title='bbox 3121 375 3429 447; x_wconf 84' lang='lat' dir='ltr'><strong>aliquoties</strong></span> <span class='ocrx_word' id='word_1_27' title='bbox 3472 377 3652 445; x_wconf 89' lang='lat' dir='ltr'><strong>pudo-</strong></span> 
     </span>
    </p>
   </div>
   <div class='ocr_carea' id='block_1_5' title="bbox 148 463 1852 537">
    <p class='ocr_par' dir='ltr' id='par_1_5' title="bbox 148 463 1852 537">
     <span class='ocr_line' id='line_1_5' title="bbox 148 463 1852 537; baseline -0.003 -15"><span class='ocrx_word' id='word_1_28' title='bbox 148 467 388 537; x_wconf 87' lang='lat' dir='ltr'><strong>gelium,</strong></span> <span class='ocrx_word' id='word_1_29' title='bbox 429 475 484 522; x_wconf 92' lang='lat' dir='ltr'><strong>et</strong></span> <span class='ocrx_word' id='word_1_30' title='bbox 539 465 791 521; x_wconf 85' lang='lat' dir='ltr'><strong>oneratis</strong></span> <span class='ocrx_word' id='word_1_31' title='bbox 841 465 1071 521; x_wconf 87' lang='lat' dir='ltr'><strong>refectio</strong></span> <span class='ocrx_word' id='word_1_32' title='bbox 1124 466 1364 520; x_wconf 57' lang='lat' dir='ltr'><strong>interna</strong></span> <span class='ocrx_word' id='word_1_33' title='bbox 1415 464 1630 534; x_wconf 86' lang='lat' dir='ltr'><strong>requiei</strong></span> <span class='ocrx_word' id='word_1_34' title='bbox 1692 463 1852 519; x_wconf 90' lang='lat' dir='ltr'><strong>nulla</strong></span> 
     </span>
    </p>
   </div>
   <div class='ocr_carea' id='block_1_6' title="bbox 147 554 1010 623">
    <p class='ocr_par' dir='ltr' id='par_1_6' title="bbox 147 554 1010 623">
     <span class='ocr_line' id='line_1_6' title="bbox 147 554 1010 623; baseline -0.007 -12"><span class='ocrx_word' id='word_1_35' title='bbox 147 555 488 611; x_wconf 85' lang='lat' dir='ltr'><strong>conceditur</strong></span> <span class='ocrx_word' id='word_1_36' title='bbox 518 554 747 623; x_wconf 77' lang='lat' dir='ltr'><strong>(Matth.</strong></span> <span class='ocrx_word' id='word_1_37' title='bbox 787 568 867 621; x_wconf 74' lang='grc' dir='ltr'><strong>χι,</strong></span> <span class='ocrx_word' id='word_1_38' title='bbox 901 554 1010 623; x_wconf 90' lang='grc'>28).</span> 
     </span>
    </p>
   </div>
   <div class='ocr_carea' id='block_1_7' title="bbox 220 640 1854 712">
    <p class='ocr_par' dir='ltr' id='par_1_7' title="bbox 220 640 1854 712">
     <span class='ocr_line' id='line_1_7' title="bbox 220 640 1854 712; baseline -0.004 -12"><span class='ocrx_word' id='word_1_39' title='bbox 220 644 396 701; x_wconf 71' lang='lat' dir='ltr'><strong>Vsus.</strong></span> <span class='ocrx_word' id='word_1_40' title='bbox 430 647 480 697; x_wconf 91' lang='lat'><strong>6.</strong></span> <span class='ocrx_word' id='word_1_41' title='bbox 534 672 604 682; x_wconf 91' lang='lat'><strong><em>—</em></strong></span> <span class='ocrx_word' id='word_1_42' title='bbox 659 664 681 691; x_wconf 74' lang='grc' dir='ltr'>ι</span> <span class='ocrx_word' id='word_1_43' title='bbox 732 642 978 712; x_wconf 66' lang='lat' dir='ltr'><strong>Egypto</strong></span> <span class='ocrx_word' id='word_1_44' title='bbox 1027 641 1291 697; x_wconf 87' lang='lat' dir='ltr'><strong>dedimus</strong></span> <span class='ocrx_word' id='word_1_45' title='bbox 1339 654 1598 707; x_wconf 89' lang='lat' dir='ltr'><strong>manum,</strong></span> <span class='ocrx_word' id='word_1_46' title='bbox 1654 647 1708 695; x_wconf 92' lang='lat' dir='ltr'><strong>et</strong></span> <span class='ocrx_word' id='word_1_47' title='bbox 1754 640 1854 695; x_wconf 81' lang='lat' dir='ltr'><strong>As-</strong></span> 
     </span>
    </p>
   </div>
   <div class='ocr_carea' id='block_1_8' title="bbox 153 729 1850 801">
    <p class='ocr_par' dir='ltr' id='par_1_8' title="bbox 153 729 1850 801">
     <span class='ocr_line' id='line_1_8' title="bbox 153 729 1850 801; baseline -0.004 -14"><span class='ocrx_word' id='word_1_48' title='bbox 153 754 176 779; x_wconf 76' lang='grc' dir='ltr'><strong>ι</strong></span> <span class='ocrx_word' id='word_1_49' title='bbox 203 732 395 801; x_wconf 86' lang='lat' dir='ltr'><strong>syriis,</strong></span> <span class='ocrx_word' id='word_1_50' title='bbox 434 739 497 787; x_wconf 91' lang='lat' dir='ltr'><strong>ut</strong></span> <span class='ocrx_word' id='word_1_51' title='bbox 528 738 930 787; x_wconf 89' lang='lat' dir='ltr'><strong>saturaremur</strong></span> <span class='ocrx_word' id='word_1_52' title='bbox 965 743 1131 799; x_wconf 90' lang='lat' dir='ltr'><strong>pane.</strong></span> <span class='ocrx_word' id='word_1_53' title='bbox 1163 748 1191 780; x_wconf 67' lang='grc' dir='ltr'><strong>η</strong></span> <span class='ocrx_word' id='word_1_54' title='bbox 1230 732 1466 799; x_wconf 69' lang='lat' dir='ltr'><strong>Egypto</strong></span> <span class='ocrx_word' id='word_1_55' title='bbox 1485 729 1581 784; x_wconf 90' lang='lat' dir='ltr'><strong>dat</strong></span> <span class='ocrx_word' id='word_1_56' title='bbox 1610 743 1850 795; x_wconf 89' lang='lat' dir='ltr'><strong>manum,</strong></span> 
     </span>
    </p>
   </div>
   <div class='ocr_carea' id='block_1_9' title="bbox 150 817 1854 891">
    <p class='ocr_par' dir='ltr' id='par_1_9' title="bbox 150 817 1854 891">
     <span class='ocr_line' id='line_1_9' title="bbox 150 817 1854 891; baseline -0.004 -15"><span class='ocrx_word' id='word_1_57' title='bbox 150 820 255 891; x_wconf 89' lang='lat' dir='ltr'><strong>qui</strong></span> <span class='ocrx_word' id='word_1_58' title='bbox 286 820 505 876; x_wconf 89' lang='lat' dir='ltr'><strong>mundo</strong></span> <span class='ocrx_word' id='word_1_59' title='bbox 535 818 800 875; x_wconf 83' lang='lat' dir='ltr'><strong>attribuit</strong></span> <span class='ocrx_word' id='word_1_60' title='bbox 831 819 1178 887; x_wconf 85' lang='lat' dir='ltr'><strong>operationis</strong></span> <span class='ocrx_word' id='word_1_61' title='bbox 1206 832 1326 873; x_wconf 63' lang='lat' dir='ltr'><strong>suae</strong></span> <span class='ocrx_word' id='word_1_62' title='bbox 1354 817 1632 873; x_wconf 89' lang='lat' dir='ltr'><strong>studium.</strong></span> <span class='ocrx_word' id='word_1_63' title='bbox 1675 819 1854 884; x_wconf 87' lang='lat' dir='ltr'><strong>Assy-</strong></span> 
     </span>
    </p>
   </div>
   <div class='ocr_carea' id='block_1_10' title="bbox 148 905 1853 977">
    <p class='ocr_par' dir='ltr' id='par_1_10' title="bbox 148 905 1853 977">
     <span class='ocr_line' id='line_1_10' title="bbox 148 905 1853 977; baseline -0.002 -15"><span class='ocrx_word' id='word_1_64' title='bbox 148 911 254 964; x_wconf 87' lang='lat' dir='ltr'><strong>riis</strong></span> <span class='ocrx_word' id='word_1_65' title='bbox 290 910 442 964; x_wconf 90' lang='lat' dir='ltr'><strong>idem</strong></span> <span class='ocrx_word' id='word_1_66' title='bbox 473 908 590 972; x_wconf 91' lang='lat' dir='ltr'><strong>dat,</strong></span> <span class='ocrx_word' id='word_1_67' title='bbox 621 907 723 977; x_wconf 89' lang='lat' dir='ltr'><strong>qui</strong></span> <span class='ocrx_word' id='word_1_68' title='bbox 772 906 1144 973; x_wconf 91' lang='lat' dir='ltr'><strong>curialitates,</strong></span> <span class='ocrx_word' id='word_1_69' title='bbox 1189 913 1244 961; x_wconf 90' lang='lat' dir='ltr'><strong>et</strong></span> <span class='ocrx_word' id='word_1_70' title='bbox 1290 906 1524 960; x_wconf 90' lang='lat' dir='ltr'><strong>nomina</strong></span> <span class='ocrx_word' id='word_1_71' title='bbox 1553 918 1707 960; x_wconf 90' lang='lat' dir='ltr'><strong>vana</strong></span> <span class='ocrx_word' id='word_1_72' title='bbox 1746 905 1853 960; x_wconf 90' lang='lat' dir='ltr'><strong>sibi</strong></span> 
     </span>
    </p>
   </div>
   <div class='ocr_carea' id='block_1_11' title="bbox 150 993 1855 1066">
    <p class='ocr_par' dir='ltr' id='par_1_11' title="bbox 150 993 1855 1066">
     <span class='ocr_line' id='line_1_11' title="bbox 150 993 1855 1066; baseline -0.002 -14"><span class='ocrx_word' id='word_1_73' title='bbox 150 996 458 1066; x_wconf 86' lang='lat' dir='ltr'><strong>conciliat;</strong></span> <span class='ocrx_word' id='word_1_74' title='bbox 484 997 593 1051; x_wconf 89' lang='lat' dir='ltr'><strong>hoc</strong></span> <span class='ocrx_word' id='word_1_75' title='bbox 620 996 773 1051; x_wconf 88' lang='lat' dir='ltr'><strong>enim</strong></span> <span class='ocrx_word' id='word_1_76' title='bbox 822 996 1024 1061; x_wconf 88' lang='lat' dir='ltr'><strong>Assur,</strong></span> <span class='ocrx_word' id='word_1_77' title='bbox 1078 994 1180 1064; x_wconf 89' lang='lat' dir='ltr'><strong>qui</strong></span> <span class='ocrx_word' id='word_1_78' title='bbox 1208 995 1339 1048; x_wconf 89' lang='lat' dir='ltr'><strong>aula</strong></span> <span class='ocrx_word' id='word_1_79' title='bbox 1367 993 1596 1060; x_wconf 91' lang='lat' dir='ltr'><strong>dicitur,</strong></span> <span class='ocrx_word' id='word_1_80' title='bbox 1631 1007 1703 1049; x_wconf 89' lang='lat' dir='ltr'><strong>ex</strong></span> <span class='ocrx_word' id='word_1_81' title='bbox 1747 993 1855 1048; x_wconf 89' lang='lat' dir='ltr'><strong>ho-</strong></span> 
     </span>
    </p>
   </div>
   <div class='ocr_carea' id='block_1_12' title="bbox 149 1081 1857 1153">
    <p class='ocr_par' dir='ltr' id='par_1_12' title="bbox 149 1081 1857 1153">
     <span class='ocr_line' id='line_1_12' title="bbox 149 1081 1857 1153; baseline -0.004 -13"><span class='ocrx_word' id='word_1_82' title='bbox 149 1098 368 1140; x_wconf 92' lang='lat' dir='ltr'><strong>norum</strong></span> <span class='ocrx_word' id='word_1_83' title='bbox 398 1084 723 1139; x_wconf 87' lang='lat' dir='ltr'><strong>aulicorum</strong></span> <span class='ocrx_word' id='word_1_84' title='bbox 758 1083 909 1138; x_wconf 83' lang='lat' dir='ltr'><strong>fasce</strong></span> <span class='ocrx_word' id='word_1_85' title='bbox 939 1082 1220 1153; x_wconf 87' lang='lat' dir='ltr'><strong>designat.</strong></span> <span class='ocrx_word' id='word_1_86' title='bbox 1254 1083 1325 1136; x_wconf 87' lang='lat' dir='ltr'><strong>Et</strong></span> <span class='ocrx_word' id='word_1_87' title='bbox 1364 1082 1472 1136; x_wconf 85' lang='lat' dir='ltr'><strong>hoc</strong></span> <span class='ocrx_word' id='word_1_88' title='bbox 1501 1081 1591 1150; x_wconf 87' lang='lat' dir='ltr'><strong>sit,</strong></span> <span class='ocrx_word' id='word_1_89' title='bbox 1625 1087 1685 1135; x_wconf 88' lang='lat' dir='ltr'><strong>ut</strong></span> <span class='ocrx_word' id='word_1_90' title='bbox 1712 1096 1857 1150; x_wconf 90' lang='lat' dir='ltr'><strong>pane</strong></span> 
     </span>
    </p>
   </div>
   <div class='ocr_carea' id='block_1_13' title="bbox 149 1170 1859 1247">
    <p class='ocr_par' dir='ltr' id='par_1_13' title="bbox 149 1170 1859 1247">
     <span class='ocr_line' id='line_1_13' title="bbox 149 1170 1859 1247; baseline -0.002 -18"><span class='ocrx_word' id='word_1_91' title='bbox 149 1179 515 1241; x_wconf 90' lang='lat' dir='ltr'><strong>saturentur,</strong></span> <span class='ocrx_word' id='word_1_92' title='bbox 551 1180 779 1229; x_wconf 89' lang='lat' dir='ltr'><strong>terrena</strong></span> <span class='ocrx_word' id='word_1_93' title='bbox 829 1171 1094 1227; x_wconf 85' lang='lat' dir='ltr'><strong>videlicet</strong></span> <span class='ocrx_word' id='word_1_94' title='bbox 1138 1170 1213 1225; x_wconf 94' lang='lat' dir='ltr'><strong>ad</strong></span> <span class='ocrx_word' id='word_1_95' title='bbox 1253 1177 1476 1238; x_wconf 89' lang='lat' dir='ltr'><strong>tempus</strong></span> <span class='ocrx_word' id='word_1_96' title='bbox 1499 1171 1859 1247; x_wconf 89' lang='lat' dir='ltr'><strong>jocunditate</strong></span> 
     </span>
    </p>
   </div>
   <div class='ocr_carea' id='block_1_14' title="bbox 150 1262 455 1318">
    <p class='ocr_par' dir='ltr' id='par_1_14' title="bbox 150 1262 455 1318">
     <span class='ocr_line' id='line_1_14' title="bbox 150 1262 455 1318; baseline -0.01 0"><span class='ocrx_word' id='word_1_97' title='bbox 150 1262 455 1318; x_wconf 80' lang='lat' dir='ltr'><strong>laetentur.</strong></span> 
     </span>
    </p>
   </div>
   <div class='ocr_carea' id='block_1_15' title="bbox 236 1348 1859 1416">
    <p class='ocr_par' dir='ltr' id='par_1_15' title="bbox 236 1348 1859 1416">
     <span class='ocr_line' id='line_1_15' title="bbox 236 1348 1859 1416; baseline -0.004 -10"><span class='ocrx_word' id='word_1_98' title='bbox 236 1350 408 1406; x_wconf 73' lang='lat' dir='ltr'><strong>Vnus.</strong></span> <span class='ocrx_word' id='word_1_99' title='bbox 441 1354 495 1402; x_wconf 93' lang='lat'><strong>7.</strong></span> <span class='ocrx_word' id='word_1_100' title='bbox 534 1378 601 1389; x_wconf 91' lang='lat'><strong><em>—</em></strong></span> <span class='ocrx_word' id='word_1_101' title='bbox 652 1369 674 1397; x_wconf 74' lang='grc' dir='ltr'>ι</span> <span class='ocrx_word' id='word_1_102' title='bbox 726 1348 922 1404; x_wconf 86' lang='lat' dir='ltr'><strong>Patres</strong></span> <span class='ocrx_word' id='word_1_103' title='bbox 970 1349 1151 1403; x_wconf 86' lang='lat' dir='ltr'><strong>nostri</strong></span> <span class='ocrx_word' id='word_1_104' title='bbox 1193 1354 1596 1416; x_wconf 86' lang='lat' dir='ltr'><strong>peccaverunt,</strong></span> <span class='ocrx_word' id='word_1_105' title='bbox 1645 1353 1702 1402; x_wconf 91' lang='lat' dir='ltr'><strong>et</strong></span> <span class='ocrx_word' id='word_1_106' title='bbox 1742 1359 1859 1401; x_wconf 87' lang='lat' dir='ltr'><strong>non</strong></span> 
     </span>
    </p>
   </div>
   <div class='ocr_carea' id='block_1_16' title="bbox 162 1434 1858 1506">
    <p class='ocr_par' dir='ltr' id='par_1_16' title="bbox 162 1434 1858 1506">
     <span class='ocr_line' id='line_1_16' title="bbox 162 1434 1858 1506; baseline -0.004 -13"><span class='ocrx_word' id='word_1_107' title='bbox 162 1459 185 1486; x_wconf 75' lang='grc' dir='ltr'><strong>ι</strong></span> <span class='ocrx_word' id='word_1_108' title='bbox 223 1445 403 1504; x_wconf 86' lang='lat' dir='ltr'><strong>sunt;</strong></span> <span class='ocrx_word' id='word_1_109' title='bbox 450 1444 507 1493; x_wconf 87' lang='lat' dir='ltr'><strong>et</strong></span> <span class='ocrx_word' id='word_1_110' title='bbox 535 1450 639 1492; x_wconf 92' lang='lat' dir='ltr'><strong>nos</strong></span> <span class='ocrx_word' id='word_1_111' title='bbox 681 1436 1015 1506; x_wconf 86' lang='lat' dir='ltr'><strong>iniquitates</strong></span> <span class='ocrx_word' id='word_1_112' title='bbox 1043 1449 1239 1490; x_wconf 90' lang='lat' dir='ltr'><strong>eorum</strong></span> <span class='ocrx_word' id='word_1_113' title='bbox 1287 1434 1714 1503; x_wconf 85' lang='lat' dir='ltr'><strong>portavimus.»</strong></span> <span class='ocrx_word' id='word_1_114' title='bbox 1747 1436 1858 1488; x_wconf 87' lang='grc' dir='ltr'><strong>Ρα-</strong></span> 
     </span>
    </p>
   </div>
   <div class='ocr_carea' id='block_1_17' title="bbox 158 1521 1859 1594">
    <p class='ocr_par' dir='ltr' id='par_1_17' title="bbox 158 1521 1859 1594">
     <span class='ocr_line' id='line_1_17' title="bbox 158 1521 1859 1594; baseline -0.002 -15"><span class='ocrx_word' id='word_1_115' title='bbox 158 1530 274 1580; x_wconf 84' lang='lat' dir='ltr'><strong>tres</strong></span> <span class='ocrx_word' id='word_1_116' title='bbox 315 1527 493 1580; x_wconf 81' lang='lat' dir='ltr'><strong>nostri</strong></span> <span class='ocrx_word' id='word_1_117' title='bbox 542 1532 698 1593; x_wconf 90' lang='lat' dir='ltr'><strong>sunt,</strong></span> <span class='ocrx_word' id='word_1_118' title='bbox 753 1538 1005 1594; x_wconf 88' lang='lat' dir='ltr'><strong>quorum</strong></span> <span class='ocrx_word' id='word_1_119' title='bbox 1077 1523 1372 1579; x_wconf 87' lang='lat' dir='ltr'><strong>imitamur</strong></span> <span class='ocrx_word' id='word_1_120' title='bbox 1425 1522 1707 1592; x_wconf 86' lang='lat' dir='ltr'><strong>exempla,</strong></span> <span class='ocrx_word' id='word_1_121' title='bbox 1757 1521 1859 1591; x_wconf 88' lang='lat' dir='ltr'><strong>qui</strong></span> 
     </span>
    </p>
   </div>
   <div class='ocr_carea' id='block_1_18' title="bbox 156 1609 1860 1684">
    <p class='ocr_par' dir='ltr' id='par_1_18' title="bbox 156 1609 1860 1684">
     <span class='ocr_line' id='line_1_18' title="bbox 156 1609 1860 1684; baseline -0.004 -15"><span class='ocrx_word' id='word_1_122' title='bbox 156 1621 423 1684; x_wconf 88' lang='lat' dir='ltr'><strong>peccant,</strong></span> <span class='ocrx_word' id='word_1_123' title='bbox 465 1620 519 1669; x_wconf 90' lang='lat' dir='ltr'><strong>et</strong></span> <span class='ocrx_word' id='word_1_124' title='bbox 551 1613 674 1669; x_wconf 91' lang='lat' dir='ltr'><strong>ideo</strong></span> <span class='ocrx_word' id='word_1_125' title='bbox 703 1627 820 1668; x_wconf 91' lang='lat' dir='ltr'><strong>non</strong></span> <span class='ocrx_word' id='word_1_126' title='bbox 855 1620 1011 1679; x_wconf 91' lang='lat' dir='ltr'><strong>sunt,</strong></span> <span class='ocrx_word' id='word_1_127' title='bbox 1061 1612 1200 1682; x_wconf 92' lang='lat' dir='ltr'><strong>quia</strong></span> <span class='ocrx_word' id='word_1_128' title='bbox 1230 1625 1265 1666; x_wconf 89' lang='lat' dir='ltr'><strong>a</strong></span> <span class='ocrx_word' id='word_1_129' title='bbox 1297 1624 1433 1667; x_wconf 93' lang='lat' dir='ltr'><strong>vera</strong></span> <span class='ocrx_word' id='word_1_130' title='bbox 1461 1609 1860 1667; x_wconf 89' lang='lat' dir='ltr'><strong>exterminan-</strong></span> 
     </span>
    </p>
   </div>
   <div class='ocr_carea' id='block_1_19' title="bbox 157 1694 1862 1771">
    <p class='ocr_par' dir='ltr' id='par_1_19' title="bbox 157 1694 1862 1771">
     <span class='ocr_line' id='line_1_19' title="bbox 157 1694 1862 1771; baseline -0.004 -13"><span class='ocrx_word' id='word_1_131' title='bbox 157 1711 261 1758; x_wconf 90' lang='lat' dir='ltr'><strong>tur</strong></span> <span class='ocrx_word' id='word_1_132' title='bbox 287 1700 552 1757; x_wconf 88' lang='lat' dir='ltr'><strong>essentia.</strong></span> <span class='ocrx_word' id='word_1_133' title='bbox 584 1694 699 1757; x_wconf 86' lang='lat' dir='ltr'><strong>Nos</strong></span> <span class='ocrx_word' id='word_1_134' title='bbox 728 1700 1067 1771; x_wconf 88' lang='lat' dir='ltr'><strong>iniquitates</strong></span> <span class='ocrx_word' id='word_1_135' title='bbox 1113 1714 1314 1756; x_wconf 90' lang='lat' dir='ltr'><strong>eorum</strong></span> <span class='ocrx_word' id='word_1_136' title='bbox 1361 1711 1675 1769; x_wconf 89' lang='lat' dir='ltr'><strong>portamus,</strong></span> <span class='ocrx_word' id='word_1_137' title='bbox 1721 1697 1862 1767; x_wconf 91' lang='lat' dir='ltr'><strong>quia</strong></span> 
     </span>
    </p>
   </div>
   <div class='ocr_carea' id='block_1_20' title="bbox 158 1785 1860 1861">
    <p class='ocr_par' dir='ltr' id='par_1_20' title="bbox 158 1785 1860 1861">
     <span class='ocr_line' id='line_1_20' title="bbox 158 1785 1860 1861; baseline -0.003 -16"><span class='ocrx_word' id='word_1_138' title='bbox 158 1790 329 1861; x_wconf 84' lang='lat' dir='ltr'><strong>gravi</strong></span> <span class='ocrx_word' id='word_1_139' title='bbox 356 1788 574 1845; x_wconf 90' lang='lat' dir='ltr'><strong>ultione</strong></span> <span class='ocrx_word' id='word_1_140' title='bbox 608 1788 869 1855; x_wconf 90' lang='lat' dir='ltr'><strong>ferimur,</strong></span> <span class='ocrx_word' id='word_1_141' title='bbox 904 1789 1004 1858; x_wconf 89' lang='lat' dir='ltr'><strong>qui</strong></span> <span class='ocrx_word' id='word_1_142' title='bbox 1036 1802 1411 1858; x_wconf 86' lang='lat' dir='ltr'><strong>nequaquam</strong></span> <span class='ocrx_word' id='word_1_143' title='bbox 1444 1786 1654 1857; x_wconf 90' lang='lat' dir='ltr'><strong>peccati</strong></span> <span class='ocrx_word' id='word_1_144' title='bbox 1688 1785 1860 1841; x_wconf 91' lang='lat' dir='ltr'><strong>alieni</strong></span> 
     </span>
    </p>
   </div>
   <div class='ocr_carea' id='block_1_21' title="bbox 158 1864 1861 1947">
    <p class='ocr_par' dir='ltr' id='par_1_21' title="bbox 158 1864 1861 1947">
     <span class='ocr_line' id='line_1_21' title="bbox 158 1864 1861 1947; baseline -0.002 -16"><span class='ocrx_word' id='word_1_145' title='bbox 158 1890 334 1947; x_wconf 59' lang='lat' dir='ltr'><strong>paena</strong></span> <span class='ocrx_word' id='word_1_146' title='bbox 376 1864 740 1947; x_wconf 72' lang='lat' dir='ltr'><strong>corrigimur.</strong></span> <span class='ocrx_word' id='word_1_147' title='bbox 783 1897 812 1926; x_wconf 83' lang='lat'><strong>«</strong></span> <span class='ocrx_word' id='word_1_148' title='bbox 857 1875 1068 1945; x_wconf 88' lang='lat' dir='ltr'><strong>Septies</strong></span> <span class='ocrx_word' id='word_1_149' title='bbox 1117 1876 1271 1931; x_wconf 92' lang='lat' dir='ltr'><strong>enim</strong></span> <span class='ocrx_word' id='word_1_150' title='bbox 1320 1877 1463 1931; x_wconf 89' lang='lat' dir='ltr'><strong>ultio</strong></span> <span class='ocrx_word' id='word_1_151' title='bbox 1513 1874 1746 1931; x_wconf 85' lang='lat' dir='ltr'><strong>dabitur</strong></span> <span class='ocrx_word' id='word_1_152' title='bbox 1791 1874 1861 1929; x_wconf 90' lang='lat' dir='ltr'><strong>de</strong></span> 
     </span>
    </p>
   </div>
   <div class='ocr_carea' id='block_1_22' title="bbox 156 1963 1859 2035">
    <p class='ocr_par' dir='ltr' id='par_1_22' title="bbox 156 1963 1859 2035">
     <span class='ocr_line' id='line_1_22' title="bbox 156 1963 1859 2035; baseline -0.001 -15"><span class='ocrx_word' id='word_1_153' title='bbox 156 1966 325 2032; x_wconf 83' lang='lat' dir='ltr'><strong>Cain,</strong></span> <span class='ocrx_word' id='word_1_154' title='bbox 367 1965 438 2020; x_wconf 90' lang='lat' dir='ltr'><strong>de</strong></span> <span class='ocrx_word' id='word_1_155' title='bbox 483 1964 728 2021; x_wconf 82' lang='lat' dir='ltr'><strong>Lamech</strong></span> <span class='ocrx_word' id='word_1_156' title='bbox 772 1979 907 2020; x_wconf 91' lang='lat' dir='ltr'><strong>vero</strong></span> <span class='ocrx_word' id='word_1_157' title='bbox 957 1964 1284 2035; x_wconf 89' lang='lat' dir='ltr'><strong>septuagies</strong></span> <span class='ocrx_word' id='word_1_158' title='bbox 1333 1964 1540 2034; x_wconf 89' lang='lat' dir='ltr'><strong>septies</strong></span> <span class='ocrx_word' id='word_1_159' title='bbox 1589 1963 1747 2034; x_wconf 84' lang='lat' dir='ltr'><strong>(Gen.</strong></span> <span class='ocrx_word' id='word_1_160' title='bbox 1779 1977 1859 2031; x_wconf 87' lang='lat' dir='ltr'><strong>1v,</strong></span> 
     </span>
    </p>
   </div>
   <div class='ocr_carea' id='block_1_23' title="bbox 153 2052 1860 2124">
    <p class='ocr_par' dir='ltr' id='par_1_23' title="bbox 153 2052 1860 2124">
     <span class='ocr_line' id='line_1_23' title="bbox 153 2052 1860 2124; baseline -0.002 -15"><span class='ocrx_word' id='word_1_161' title='bbox 153 2054 271 2124; x_wconf 72' lang='grc'>24).</span> <span class='ocrx_word' id='word_1_162' title='bbox 296 2072 326 2104; x_wconf 72' lang='grc' dir='ltr'><strong>ι»</strong></span> <span class='ocrx_word' id='word_1_163' title='bbox 361 2053 556 2124; x_wconf 81' lang='lat' dir='ltr'><strong>(VERS.</strong></span> <span class='ocrx_word' id='word_1_164' title='bbox 588 2052 645 2122; x_wconf 90' lang='lat'>8)</span> <span class='ocrx_word' id='word_1_165' title='bbox 682 2075 703 2101; x_wconf 83' lang='grc' dir='ltr'>ι</span> <span class='ocrx_word' id='word_1_166' title='bbox 740 2052 903 2109; x_wconf 85' lang='lat' dir='ltr'><strong>Servi</strong></span> <span class='ocrx_word' id='word_1_167' title='bbox 931 2053 1208 2108; x_wconf 90' lang='lat' dir='ltr'><strong>dominati</strong></span> <span class='ocrx_word' id='word_1_168' title='bbox 1240 2060 1376 2108; x_wconf 93' lang='lat' dir='ltr'><strong>sunt</strong></span> <span class='ocrx_word' id='word_1_169' title='bbox 1416 2054 1613 2120; x_wconf 88' lang='lat' dir='ltr'><strong>nostri,</strong></span> <span class='ocrx_word' id='word_1_170' title='bbox 1655 2059 1711 2108; x_wconf 90' lang='lat' dir='ltr'><strong>et</strong></span> <span class='ocrx_word' id='word_1_171' title='bbox 1743 2065 1860 2106; x_wconf 89' lang='lat' dir='ltr'><strong>non</strong></span> 
     </span>
    </p>
   </div>
   <div class='ocr_carea' id='block_1_24' title="bbox 162 2139 1862 2213">
    <p class='ocr_par' dir='ltr' id='par_1_24' title="bbox 162 2139 1862 2213">
     <span class='ocr_line' id='line_1_24' title="bbox 162 2139 1862 2213; baseline -0.002 -15"><span class='ocrx_word' id='word_1_172' title='bbox 162 2164 184 2189; x_wconf 76' lang='grc' dir='ltr'><strong><em>ι</em></strong></span> <span class='ocrx_word' id='word_1_173' title='bbox 222 2142 335 2198; x_wconf 88' lang='lat' dir='ltr'><strong>fuit</strong></span> <span class='ocrx_word' id='word_1_174' title='bbox 362 2143 464 2213; x_wconf 91' lang='lat' dir='ltr'><strong>qui</strong></span> <span class='ocrx_word' id='word_1_175' title='bbox 495 2141 800 2198; x_wconf 88' lang='lat' dir='ltr'><strong>redimeret</strong></span> <span class='ocrx_word' id='word_1_176' title='bbox 844 2142 913 2197; x_wconf 90' lang='lat' dir='ltr'><strong>de</strong></span> <span class='ocrx_word' id='word_1_177' title='bbox 960 2154 1139 2197; x_wconf 89' lang='lat' dir='ltr'><strong>manu</strong></span> <span class='ocrx_word' id='word_1_178' title='bbox 1181 2155 1402 2197; x_wconf 91' lang='lat' dir='ltr'><strong>eorum.</strong></span> <span class='ocrx_word' id='word_1_179' title='bbox 1441 2163 1461 2189; x_wconf 76' lang='grc' dir='ltr'><strong><em>ι</em></strong></span> <span class='ocrx_word' id='word_1_180' title='bbox 1513 2140 1670 2196; x_wconf 86' lang='lat' dir='ltr'><strong>Servi</strong></span> <span class='ocrx_word' id='word_1_181' title='bbox 1720 2139 1862 2196; x_wconf 90' lang='lat' dir='ltr'><strong>vitia</strong></span> 
     </span>
    </p>
   </div>
   <div class='ocr_carea' id='block_1_25' title="bbox 156 2228 1862 2300">
    <p class='ocr_par' dir='ltr' id='par_1_25' title="bbox 156 2228 1862 2300">
     <span class='ocr_line' id='line_1_25' title="bbox 156 2228 1862 2300; baseline -0.002 -14"><span class='ocrx_word' id='word_1_182' title='bbox 156 2238 319 2297; x_wconf 90' lang='lat' dir='ltr'><strong>sunt,</strong></span> <span class='ocrx_word' id='word_1_183' title='bbox 349 2230 395 2286; x_wconf 90' lang='lat' dir='ltr'><strong>si</strong></span> <span class='ocrx_word' id='word_1_184' title='bbox 435 2243 611 2286; x_wconf 89' lang='lat' dir='ltr'><strong>causa</strong></span> <span class='ocrx_word' id='word_1_185' title='bbox 640 2243 743 2300; x_wconf 93' lang='lat' dir='ltr'><strong>pro</strong></span> <span class='ocrx_word' id='word_1_186' title='bbox 793 2228 998 2285; x_wconf 85' lang='lat' dir='ltr'><strong>effectu</strong></span> <span class='ocrx_word' id='word_1_187' title='bbox 1045 2237 1312 2299; x_wconf 89' lang='lat' dir='ltr'><strong>ponatur,</strong></span> <span class='ocrx_word' id='word_1_188' title='bbox 1359 2231 1500 2299; x_wconf 90' lang='lat' dir='ltr'><strong>quia</strong></span> <span class='ocrx_word' id='word_1_189' title='bbox 1531 2243 1725 2284; x_wconf 90' lang='lat' dir='ltr'><strong>servos</strong></span> <span class='ocrx_word' id='word_1_190' title='bbox 1757 2243 1862 2283; x_wconf 91' lang='lat' dir='ltr'><strong>nos</strong></span> 
     </span>
    </p>
   </div>
   <div class='ocr_carea' id='block_1_26' title="bbox 157 2316 1859 2386">
    <p class='ocr_par' dir='ltr' id='par_1_26' title="bbox 157 2316 1859 2386">
     <span class='ocr_line' id='line_1_26' title="bbox 157 2316 1859 2386; baseline -0.001 -13"><span class='ocrx_word' id='word_1_191' title='bbox 157 2318 405 2373; x_wconf 89' lang='lat' dir='ltr'><strong>faciunt.</strong></span> <span class='ocrx_word' id='word_1_192' title='bbox 441 2338 463 2366; x_wconf 79' lang='grc' dir='ltr'><strong><em>ι</em></strong></span> <span class='ocrx_word' id='word_1_193' title='bbox 500 2316 605 2383; x_wconf 86' lang='lat' dir='ltr'><strong>Qui</strong></span> <span class='ocrx_word' id='word_1_194' title='bbox 637 2317 792 2372; x_wconf 91' lang='lat' dir='ltr'><strong>enim</strong></span> <span class='ocrx_word' id='word_1_195' title='bbox 833 2317 967 2372; x_wconf 81' lang='lat' dir='ltr'><strong>facit</strong></span> <span class='ocrx_word' id='word_1_196' title='bbox 1016 2325 1335 2386; x_wconf 87' lang='lat' dir='ltr'><strong>peccatum,</strong></span> <span class='ocrx_word' id='word_1_197' title='bbox 1377 2330 1581 2373; x_wconf 91' lang='lat' dir='ltr'><strong>servus</strong></span> <span class='ocrx_word' id='word_1_198' title='bbox 1617 2323 1702 2371; x_wconf 90' lang='lat' dir='ltr'><strong>est</strong></span> <span class='ocrx_word' id='word_1_199' title='bbox 1732 2330 1859 2386; x_wconf 90' lang='lat' dir='ltr'><strong>pec-</strong></span> 
     </span>
    </p>
   </div>
   <div class='ocr_carea' id='block_1_27' title="bbox 157 2405 1863 2477">
    <p class='ocr_par' dir='ltr' id='par_1_27' title="bbox 157 2405 1863 2477">
     <span class='ocr_line' id='line_1_27' title="bbox 157 2405 1863 2477; baseline -0.002 -15"><span class='ocrx_word' id='word_1_200' title='bbox 157 2407 277 2463; x_wconf 86' lang='lat' dir='ltr'><strong>cati</strong></span> <span class='ocrx_word' id='word_1_201' title='bbox 324 2406 521 2477; x_wconf 84' lang='lat' dir='ltr'><strong>(Joan.</strong></span> <span class='ocrx_word' id='word_1_202' title='bbox 570 2420 692 2470; x_wconf 80' lang='lat' dir='ltr'><strong>vui,</strong></span> <span class='ocrx_word' id='word_1_203' title='bbox 745 2407 853 2473; x_wconf 84' lang='lat'><strong>34).</strong></span> <span class='ocrx_word' id='word_1_204' title='bbox 904 2426 933 2455; x_wconf 87' lang='grc'><strong>››</strong></span> <span class='ocrx_word' id='word_1_205' title='bbox 986 2407 1101 2461; x_wconf 86' lang='grc' dir='ltr'><strong>Νοη</strong></span> <span class='ocrx_word' id='word_1_206' title='bbox 1147 2408 1263 2472; x_wconf 82' lang='lat' dir='ltr'><strong>fuit</strong></span> <span class='ocrx_word' id='word_1_207' title='bbox 1307 2408 1405 2475; x_wconf 85' lang='lat' dir='ltr'><strong>qui</strong></span> <span class='ocrx_word' id='word_1_208' title='bbox 1454 2405 1742 2459; x_wconf 76' lang='lat' dir='ltr'><strong>redimeret</strong></span> <span class='ocrx_word' id='word_1_209' title='bbox 1796 2405 1863 2459; x_wconf 87' lang='lat' dir='ltr'><strong>de</strong></span> 
     </span>
    </p>
   </div>
   <div class='ocr_carea' id='block_1_28' title="bbox 158 2493 1860 2564">
    <p class='ocr_par' dir='ltr' id='par_1_28' title="bbox 158 2493 1860 2564">
     <span class='ocr_line' id='line_1_28' title="bbox 158 2493 1860 2564; baseline 0 -16"><span class='ocrx_word' id='word_1_210' title='bbox 158 2510 334 2549; x_wconf 88' lang='lat' dir='ltr'><strong>manu</strong></span> <span class='ocrx_word' id='word_1_211' title='bbox 374 2509 578 2562; x_wconf 87' lang='lat' dir='ltr'><strong>eorum,</strong></span> <span class='ocrx_word' id='word_1_212' title='bbox 610 2494 751 2564; x_wconf 89' lang='lat' dir='ltr'><strong>quia</strong></span> <span class='ocrx_word' id='word_1_213' title='bbox 796 2508 1000 2549; x_wconf 91' lang='lat' dir='ltr'><strong>verum</strong></span> <span class='ocrx_word' id='word_1_214' title='bbox 1031 2508 1151 2550; x_wconf 89' lang='lat' dir='ltr'><strong>esse</strong></span> <span class='ocrx_word' id='word_1_215' title='bbox 1185 2508 1298 2548; x_wconf 91' lang='lat' dir='ltr'><strong>non</strong></span> <span class='ocrx_word' id='word_1_216' title='bbox 1343 2494 1564 2561; x_wconf 88' lang='lat' dir='ltr'><strong>habuit,</strong></span> <span class='ocrx_word' id='word_1_217' title='bbox 1606 2502 1660 2549; x_wconf 92' lang='lat' dir='ltr'><strong>et</strong></span> <span class='ocrx_word' id='word_1_218' title='bbox 1693 2493 1860 2563; x_wconf 87' lang='lat' dir='ltr'><strong>quasi</strong></span> 
     </span>
    </p>
   </div>
   <div class='ocr_carea' id='block_1_29' title="bbox 160 2581 1861 2652">
    <p class='ocr_par' dir='ltr' id='par_1_29' title="bbox 160 2581 1861 2652">
     <span class='ocr_line' id='line_1_29' title="bbox 160 2581 1861 2652; baseline -0.001 -14"><span class='ocrx_word' id='word_1_219' title='bbox 160 2583 264 2638; x_wconf 87' lang='lat' dir='ltr'><strong>Dei</strong></span> <span class='ocrx_word' id='word_1_220' title='bbox 300 2582 454 2638; x_wconf 90' lang='lat' dir='ltr'><strong>intra</strong></span> <span class='ocrx_word' id='word_1_221' title='bbox 482 2597 542 2638; x_wconf 91' lang='lat' dir='ltr'><strong>se</strong></span> <span class='ocrx_word' id='word_1_222' title='bbox 570 2582 939 2638; x_wconf 89' lang='lat' dir='ltr'><strong>subsistentia</strong></span> <span class='ocrx_word' id='word_1_223' title='bbox 981 2581 1169 2637; x_wconf 84' lang='lat' dir='ltr'><strong>caruit</strong></span> <span class='ocrx_word' id='word_1_224' title='bbox 1211 2582 1687 2649; x_wconf 84' lang='lat' dir='ltr'><strong>intellectualitas,</strong></span> <span class='ocrx_word' id='word_1_225' title='bbox 1730 2596 1861 2652; x_wconf 60' lang='lat' dir='ltr'><strong>qua;</strong></span> 
     </span>
    </p>
   </div>
   <div class='ocr_carea' id='block_1_30' title="bbox 160 2668 1211 2740">
    <p class='ocr_par' dir='ltr' id='par_1_30' title="bbox 160 2668 1211 2740">
     <span class='ocr_line' id='line_1_30' title="bbox 160 2668 1211 2740; baseline -0.003 -15"><span class='ocrx_word' id='word_1_226' title='bbox 160 2671 375 2727; x_wconf 90' lang='lat' dir='ltr'><strong>liberos</strong></span> <span class='ocrx_word' id='word_1_227' title='bbox 404 2669 614 2726; x_wconf 80' lang='lat' dir='ltr'><strong>exinde</strong></span> <span class='ocrx_word' id='word_1_228' title='bbox 638 2668 825 2726; x_wconf 79' lang='lat' dir='ltr'><strong>facere</strong></span> <span class='ocrx_word' id='word_1_229' title='bbox 854 2684 970 2725; x_wconf 89' lang='lat' dir='ltr'><strong>non</strong></span> <span class='ocrx_word' id='word_1_230' title='bbox 1006 2670 1211 2740; x_wconf 90' lang='lat' dir='ltr'><strong>potuit.</strong></span> 
     </span>
    </p>
   </div>
   <div class='ocr_carea' id='block_1_31' title="bbox 232 2757 1864 2828">
    <p class='ocr_par' dir='ltr' id='par_1_31' title="bbox 232 2757 1864 2828">
     <span class='ocr_line' id='line_1_31' title="bbox 232 2757 1864 2828; baseline -0.001 -13"><span class='ocrx_word' id='word_1_231' title='bbox 232 2758 409 2816; x_wconf 70' lang='lat' dir='ltr'><strong>Vens.</strong></span> <span class='ocrx_word' id='word_1_232' title='bbox 443 2761 494 2813; x_wconf 93' lang='lat'><strong>9.</strong></span> <span class='ocrx_word' id='word_1_233' title='bbox 527 2788 596 2799; x_wconf 90' lang='lat'>—</span> <span class='ocrx_word' id='word_1_234' title='bbox 633 2780 655 2807; x_wconf 72' lang='grc' dir='ltr'>ι</span> <span class='ocrx_word' id='word_1_235' title='bbox 693 2759 758 2813; x_wconf 92' lang='lat' dir='ltr'><strong>In</strong></span> <span class='ocrx_word' id='word_1_236' title='bbox 790 2758 1060 2815; x_wconf 90' lang='lat' dir='ltr'><strong>manibus</strong></span> <span class='ocrx_word' id='word_1_237' title='bbox 1086 2758 1296 2814; x_wconf 89' lang='lat' dir='ltr'><strong>nostris</strong></span> <span class='ocrx_word' id='word_1_238' title='bbox 1338 2757 1718 2815; x_wconf 72' lang='lat' dir='ltr'><strong>alierebamus</strong></span> <span class='ocrx_word' id='word_1_239' title='bbox 1756 2772 1864 2828; x_wconf 89' lang='lat' dir='ltr'><strong>pa--</strong></span> 
     </span>
    </p>
   </div>
   <div class='ocr_carea' id='block_1_32' title="bbox 164 2847 1862 2918">
    <p class='ocr_par' dir='ltr' id='par_1_32' title="bbox 164 2847 1862 2918">
     <span class='ocr_line' id='line_1_32' title="bbox 164 2847 1862 2918; baseline -0.002 -14"><span class='ocrx_word' id='word_1_240' title='bbox 164 2870 188 2897; x_wconf 70' lang='grc' dir='ltr'><strong><em>ι</em></strong></span> <span class='ocrx_word' id='word_1_241' title='bbox 225 2862 360 2904; x_wconf 90' lang='lat' dir='ltr'><strong>nem</strong></span> <span class='ocrx_word' id='word_1_242' title='bbox 389 2847 574 2915; x_wconf 90' lang='lat' dir='ltr'><strong>nobis,</strong></span> <span class='ocrx_word' id='word_1_243' title='bbox 619 2860 653 2902; x_wconf 91' lang='lat' dir='ltr'><strong>a</strong></span> <span class='ocrx_word' id='word_1_244' title='bbox 695 2847 837 2903; x_wconf 91' lang='lat' dir='ltr'><strong>facie</strong></span> <span class='ocrx_word' id='word_1_245' title='bbox 868 2847 1043 2918; x_wconf 85' lang='lat' dir='ltr'><strong>gladii</strong></span> <span class='ocrx_word' id='word_1_246' title='bbox 1094 2847 1151 2902; x_wconf 93' lang='lat' dir='ltr'><strong>in</strong></span> <span class='ocrx_word' id='word_1_247' title='bbox 1195 2848 1430 2904; x_wconf 88' lang='lat' dir='ltr'><strong>deserto.</strong></span> <span class='ocrx_word' id='word_1_248' title='bbox 1473 2879 1543 2888; x_wconf 90' lang='lat'><strong><em>—</em></strong></span> <span class='ocrx_word' id='word_1_249' title='bbox 1590 2849 1653 2903; x_wconf 87' lang='lat' dir='ltr'><strong>In</strong></span> <span class='ocrx_word' id='word_1_250' title='bbox 1682 2850 1862 2901; x_wconf 87' lang='lat' dir='ltr'><strong>mani-</strong></span> 
     </span>
    </p>
   </div>
   <div class='ocr_carea' id='block_1_33' title="bbox 1898 1663 1939 1718">
    <p class='ocr_par' dir='ltr' id='par_1_33' title="bbox 1898 1663 1939 1718">
     <span class='ocr_line' id='line_1_33' title="bbox 1898 1663 1939 1718; baseline 0 0"><span class='ocrx_word' id='word_1_251' title='bbox 1898 1663 1939 1718; x_wconf 91' lang='grc' dir='ltr'><strong>Β</strong></span> 
     </span>
    </p>
   </div>
   <div class='ocr_carea' id='block_1_34' title="bbox 1960 463 3657 532">
    <p class='ocr_par' dir='ltr' id='par_1_34' title="bbox 1960 463 3657 532">
     <span class='ocr_line' id='line_1_34' title="bbox 1960 463 3657 532; baseline 0 -15"><span class='ocrx_word' id='word_1_252' title='bbox 1960 463 2142 517; x_wconf 90' lang='lat' dir='ltr'><strong>ratius</strong></span> <span class='ocrx_word' id='word_1_253' title='bbox 2170 463 2445 528; x_wconf 89' lang='lat' dir='ltr'><strong>sentiunt,</strong></span> <span class='ocrx_word' id='word_1_254' title='bbox 2487 476 2765 518; x_wconf 90' lang='lat' dir='ltr'><strong>sensuum</strong></span> <span class='ocrx_word' id='word_1_255' title='bbox 2797 463 3053 519; x_wconf 88' lang='lat' dir='ltr'><strong>levitates</strong></span> <span class='ocrx_word' id='word_1_256' title='bbox 3077 463 3427 532; x_wconf 89' lang='lat' dir='ltr'><strong>irrumpunt.</strong></span> <span class='ocrx_word' id='word_1_257' title='bbox 3461 463 3657 518; x_wconf 91' lang='lat' dir='ltr'><strong>Facies</strong></span> 
     </span>
    </p>
   </div>
   <div class='ocr_carea' id='block_1_35' title="bbox 1959 551 3657 622">
    <p class='ocr_par' dir='ltr' id='par_1_35' title="bbox 1959 551 3657 622">
     <span class='ocr_line' id='line_1_35' title="bbox 1959 551 3657 622; baseline 0.001 -17"><span class='ocrx_word' id='word_1_258' title='bbox 1959 558 2151 606; x_wconf 90' lang='lat' dir='ltr'><strong>autem</strong></span> <span class='ocrx_word' id='word_1_259' title='bbox 2182 564 2283 620; x_wconf 88' lang='lat' dir='ltr'><strong>pro</strong></span> <span class='ocrx_word' id='word_1_260' title='bbox 2322 552 2624 620; x_wconf 67' lang='lat' dir='ltr'><strong>praesentia</strong></span> <span class='ocrx_word' id='word_1_261' title='bbox 2654 552 2740 606; x_wconf 87' lang='lat' dir='ltr'><strong>vel</strong></span> <span class='ocrx_word' id='word_1_262' title='bbox 2771 551 3099 622; x_wconf 82' lang='lat' dir='ltr'><strong>cognitione</strong></span> <span class='ocrx_word' id='word_1_263' title='bbox 3128 551 3185 607; x_wconf 89' lang='lat' dir='ltr'><strong>in</strong></span> <span class='ocrx_word' id='word_1_264' title='bbox 3218 551 3531 621; x_wconf 89' lang='lat' dir='ltr'><strong>Scripturis</strong></span> <span class='ocrx_word' id='word_1_265' title='bbox 3571 565 3657 606; x_wconf 89' lang='lat' dir='ltr'><strong>so-</strong></span> 
     </span>
    </p>
   </div>
   <div class='ocr_carea' id='block_1_36' title="bbox 1960 638 2859 707">
    <p class='ocr_par' dir='ltr' id='par_1_36' title="bbox 1960 638 2859 707">
     <span class='ocr_line' id='line_1_36' title="bbox 1960 638 2859 707; baseline -0.001 -13"><span class='ocrx_word' id='word_1_266' title='bbox 1960 639 2073 694; x_wconf 88' lang='lat' dir='ltr'><strong>lere</strong></span> <span class='ocrx_word' id='word_1_267' title='bbox 2105 639 2284 707; x_wconf 86' lang='lat' dir='ltr'><strong>accipi</strong></span> <span class='ocrx_word' id='word_1_268' title='bbox 2309 638 2454 693; x_wconf 89' lang='lat' dir='ltr'><strong>nulli</strong></span> <span class='ocrx_word' id='word_1_269' title='bbox 2487 639 2731 695; x_wconf 89' lang='lat' dir='ltr'><strong>dubium</strong></span> <span class='ocrx_word' id='word_1_270' title='bbox 2754 646 2859 694; x_wconf 89' lang='lat' dir='ltr'><strong>est.</strong></span> 
     </span>
    </p>
   </div>
   <div class='ocr_carea' id='block_1_37' title="bbox 2030 726 3651 797">
    <p class='ocr_par' dir='ltr' id='par_1_37' title="bbox 2030 726 3651 797">
     <span class='ocr_line' id='line_1_37' title="bbox 2030 726 3651 797; baseline 0.002 -17"><span class='ocrx_word' id='word_1_271' title='bbox 2030 728 2196 783; x_wconf 72' lang='lat' dir='ltr'><strong>Vnus.</strong></span> <span class='ocrx_word' id='word_1_272' title='bbox 2236 729 2319 781; x_wconf 85' lang='lat' dir='ltr'><strong>l3.</strong></span> <span class='ocrx_word' id='word_1_273' title='bbox 2372 756 2431 766; x_wconf 90' lang='lat'><strong>-</strong></span> <span class='ocrx_word' id='word_1_274' title='bbox 2473 749 2494 775; x_wconf 73' lang='grc' dir='ltr'>ι</span> <span class='ocrx_word' id='word_1_275' title='bbox 2547 726 3019 783; x_wconf 84' lang='lat' dir='ltr'><strong>Adolescentibus</strong></span> <span class='ocrx_word' id='word_1_276' title='bbox 3064 727 3234 797; x_wconf 91' lang='lat' dir='ltr'><strong>impie</strong></span> <span class='ocrx_word' id='word_1_277' title='bbox 3290 726 3457 782; x_wconf 62' lang='lat' dir='ltr'><strong>abusi</strong></span> <span class='ocrx_word' id='word_1_278' title='bbox 3494 733 3651 795; x_wconf 91' lang='lat' dir='ltr'><strong>sunt,</strong></span> 
     </span>
    </p>
   </div>
   <div class='ocr_carea' id='block_1_38' title="bbox 1962 814 3657 885">
    <p class='ocr_par' dir='ltr' id='par_1_38' title="bbox 1962 814 3657 885">
     <span class='ocr_line' id='line_1_38' title="bbox 1962 814 3657 885; baseline 0.001 -15"><span class='ocrx_word' id='word_1_279' title='bbox 1962 837 1990 865; x_wconf 69' lang='grc' dir='ltr'>π</span> <span class='ocrx_word' id='word_1_280' title='bbox 2022 822 2077 870; x_wconf 90' lang='lat' dir='ltr'><strong>et</strong></span> <span class='ocrx_word' id='word_1_281' title='bbox 2106 815 2268 883; x_wconf 89' lang='lat' dir='ltr'><strong>pueri</strong></span> <span class='ocrx_word' id='word_1_282' title='bbox 2297 815 2356 869; x_wconf 91' lang='lat' dir='ltr'><strong>in</strong></span> <span class='ocrx_word' id='word_1_283' title='bbox 2388 815 2543 885; x_wconf 91' lang='lat' dir='ltr'><strong>ligno</strong></span> <span class='ocrx_word' id='word_1_284' title='bbox 2590 823 2950 871; x_wconf 87' lang='lat' dir='ltr'><strong>corruerunt.</strong></span> <span class='ocrx_word' id='word_1_285' title='bbox 2992 837 3012 863; x_wconf 77' lang='grc' dir='ltr'><strong><em>ι</em></strong></span> <span class='ocrx_word' id='word_1_286' title='bbox 3066 816 3228 871; x_wconf 89' lang='lat' dir='ltr'><strong>Tunc</strong></span> <span class='ocrx_word' id='word_1_287' title='bbox 3257 814 3657 885; x_wconf 90' lang='lat' dir='ltr'><strong>adolescimus,</strong></span> 
     </span>
    </p>
   </div>
   <div class='ocr_carea' id='block_1_39' title="bbox 1962 903 3659 973">
    <p class='ocr_par' dir='ltr' id='par_1_39' title="bbox 1962 903 3659 973">
     <span class='ocr_line' id='line_1_39' title="bbox 1962 903 3659 973; baseline 0.001 -16"><span class='ocrx_word' id='word_1_288' title='bbox 1962 917 2095 959; x_wconf 92' lang='lat' dir='ltr'><strong>cum</strong></span> <span class='ocrx_word' id='word_1_289' title='bbox 2123 904 2196 957; x_wconf 86' lang='lat' dir='ltr'><strong>ad</strong></span> <span class='ocrx_word' id='word_1_290' title='bbox 2238 903 2461 973; x_wconf 88' lang='lat' dir='ltr'><strong>aliquot</strong></span> <span class='ocrx_word' id='word_1_291' title='bbox 2502 905 2708 959; x_wconf 90' lang='lat' dir='ltr'><strong>mentis</strong></span> <span class='ocrx_word' id='word_1_292' title='bbox 2751 904 2931 959; x_wconf 91' lang='lat' dir='ltr'><strong>robur</strong></span> <span class='ocrx_word' id='word_1_293' title='bbox 2967 903 3371 959; x_wconf 85' lang='lat' dir='ltr'><strong>excrescimus.</strong></span> <span class='ocrx_word' id='word_1_294' title='bbox 3406 903 3513 960; x_wconf 89' lang='lat' dir='ltr'><strong>Sed</strong></span> <span class='ocrx_word' id='word_1_295' title='bbox 3550 904 3659 959; x_wconf 92' lang='lat' dir='ltr'><strong>hac</strong></span> 
     </span>
    </p>
   </div>
   <div class='ocr_carea' id='block_1_40' title="bbox 1961 990 3657 1060">
    <p class='ocr_par' dir='ltr' id='par_1_40' title="bbox 1961 990 3657 1060">
     <span class='ocr_line' id='line_1_40' title="bbox 1961 990 3657 1060; baseline 0.001 -15"><span class='ocrx_word' id='word_1_296' title='bbox 1961 990 2341 1046; x_wconf 86' lang='lat' dir='ltr'><strong>adolescentia</strong></span> <span class='ocrx_word' id='word_1_297' title='bbox 2401 991 2687 1060; x_wconf 89' lang='lat' dir='ltr'><strong>impudice</strong></span> <span class='ocrx_word' id='word_1_298' title='bbox 2760 991 3078 1055; x_wconf 83' lang='lat' dir='ltr'><strong>abutimur,</strong></span> <span class='ocrx_word' id='word_1_299' title='bbox 3162 1005 3295 1047; x_wconf 90' lang='lat' dir='ltr'><strong>cum</strong></span> <span class='ocrx_word' id='word_1_300' title='bbox 3367 991 3657 1048; x_wconf 89' lang='lat' dir='ltr'><strong>bonarum</strong></span> 
     </span>
    </p>
   </div>
   <div class='ocr_carea' id='block_1_41' title="bbox 1963 1078 3658 1136">
    <p class='ocr_par' dir='ltr' id='par_1_41' title="bbox 1963 1078 3658 1136">
     <span class='ocr_line' id='line_1_41' title="bbox 1963 1078 3658 1136; baseline 0.002 -4"><span class='ocrx_word' id='word_1_301' title='bbox 1963 1078 2175 1134; x_wconf 87' lang='lat' dir='ltr'><strong>artium</strong></span> <span class='ocrx_word' id='word_1_302' title='bbox 2209 1079 2593 1135; x_wconf 86' lang='lat' dir='ltr'><strong>valetudinem</strong></span> <span class='ocrx_word' id='word_1_303' title='bbox 2643 1081 2701 1134; x_wconf 91' lang='lat' dir='ltr'><strong>in</strong></span> <span class='ocrx_word' id='word_1_304' title='bbox 2745 1081 3060 1136; x_wconf 88' lang='lat' dir='ltr'><strong>contrarias</strong></span> <span class='ocrx_word' id='word_1_305' title='bbox 3101 1085 3248 1134; x_wconf 69' lang='grc' dir='ltr'><strong>ἐιη</strong></span> <span class='ocrx_word' id='word_1_306' title='bbox 3292 1078 3658 1136; x_wconf 86' lang='lat' dir='ltr'><strong>fortitudines</strong></span> 
     </span>
    </p>
   </div>
   <div class='ocr_carea' id='block_1_42' title="bbox 1962 1167 3657 1239">
    <p class='ocr_par' dir='ltr' id='par_1_42' title="bbox 1962 1167 3657 1239">
     <span class='ocr_line' id='line_1_42' title="bbox 1962 1167 3657 1239; baseline 0.001 -16"><span class='ocrx_word' id='word_1_307' title='bbox 1962 1174 2403 1223; x_wconf 76' lang='lat' dir='ltr'><strong>commutemus.</strong></span> <span class='ocrx_word' id='word_1_308' title='bbox 2454 1167 2615 1233; x_wconf 88' lang='lat' dir='ltr'><strong>Quod</strong></span> <span class='ocrx_word' id='word_1_309' title='bbox 2655 1169 2865 1236; x_wconf 61' lang='lat' dir='ltr'><strong>saepius</strong></span> <span class='ocrx_word' id='word_1_310' title='bbox 2915 1169 3268 1237; x_wconf 81' lang='lat' dir='ltr'><strong>experimur,</strong></span> <span class='ocrx_word' id='word_1_311' title='bbox 3323 1169 3463 1224; x_wconf 93' lang='lat' dir='ltr'><strong>dum</strong></span> <span class='ocrx_word' id='word_1_312' title='bbox 3511 1183 3657 1239; x_wconf 89' lang='lat' dir='ltr'><strong>quos</strong></span> 
     </span>
    </p>
   </div>
   <div class='ocr_carea' id='block_1_43' title="bbox 1968 1255 3654 1327">
    <p class='ocr_par' dir='ltr' id='par_1_43' title="bbox 1968 1255 3654 1327">
     <span class='ocr_line' id='line_1_43' title="bbox 1968 1255 3654 1327; baseline 0.001 -17"><span class='ocrx_word' id='word_1_313' title='bbox 1968 1256 2322 1327; x_wconf 81' lang='lat' dir='ltr'><strong>perspicaces</strong></span> <span class='ocrx_word' id='word_1_314' title='bbox 2353 1255 2487 1310; x_wconf 86' lang='lat' dir='ltr'><strong>olim</strong></span> <span class='ocrx_word' id='word_1_315' title='bbox 2530 1256 2643 1311; x_wconf 92' lang='lat' dir='ltr'><strong>Deo</strong></span> <span class='ocrx_word' id='word_1_316' title='bbox 2673 1256 3070 1326; x_wconf 87' lang='lat' dir='ltr'><strong>cognovimus,</strong></span> <span class='ocrx_word' id='word_1_317' title='bbox 3115 1256 3420 1312; x_wconf 87' lang='lat' dir='ltr'><strong>astutiores</strong></span> <span class='ocrx_word' id='word_1_318' title='bbox 3446 1258 3654 1313; x_wconf 73' lang='lat' dir='ltr'><strong>saeculo</strong></span> 
     </span>
    </p>
   </div>
   <div class='ocr_carea' id='block_1_44' title="bbox 1966 1342 3661 1413">
    <p class='ocr_par' dir='ltr' id='par_1_44' title="bbox 1966 1342 3661 1413">
     <span class='ocr_line' id='line_1_44' title="bbox 1966 1342 3661 1413; baseline 0.002 -15"><span class='ocrx_word' id='word_1_319' title='bbox 1966 1343 2459 1412; x_wconf 89' lang='lat' dir='ltr'><strong>impudentissime</strong></span> <span class='ocrx_word' id='word_1_320' title='bbox 2508 1342 2629 1413; x_wconf 89' lang='lat' dir='ltr'><strong>jam</strong></span> <span class='ocrx_word' id='word_1_321' title='bbox 2687 1344 2975 1400; x_wconf 86' lang='lat' dir='ltr'><strong>videmus.</strong></span> <span class='ocrx_word' id='word_1_322' title='bbox 3030 1347 3193 1399; x_wconf 86' lang='lat' dir='ltr'><strong>Pueri</strong></span> <span class='ocrx_word' id='word_1_323' title='bbox 3241 1348 3302 1399; x_wconf 89' lang='lat' dir='ltr'><strong>in</strong></span> <span class='ocrx_word' id='word_1_324' title='bbox 3356 1347 3501 1413; x_wconf 89' lang='lat' dir='ltr'><strong>ligno</strong></span> <span class='ocrx_word' id='word_1_325' title='bbox 3546 1360 3661 1401; x_wconf 91' lang='lat' dir='ltr'><strong>cor-</strong></span> 
     </span>
    </p>
   </div>
   <div class='ocr_carea' id='block_1_45' title="bbox 1967 1431 3658 1502">
    <p class='ocr_par' dir='ltr' id='par_1_45' title="bbox 1967 1431 3658 1502">
     <span class='ocr_line' id='line_1_45' title="bbox 1967 1431 3658 1502; baseline 0.002 -17"><span class='ocrx_word' id='word_1_326' title='bbox 1967 1439 2167 1498; x_wconf 89' lang='lat' dir='ltr'><strong>runnt,</strong></span> <span class='ocrx_word' id='word_1_327' title='bbox 2201 1446 2335 1487; x_wconf 89' lang='lat' dir='ltr'><strong>cum</strong></span> <span class='ocrx_word' id='word_1_328' title='bbox 2377 1432 2457 1499; x_wconf 89' lang='lat' dir='ltr'><strong>bi,</strong></span> <span class='ocrx_word' id='word_1_329' title='bbox 2500 1432 2600 1502; x_wconf 87' lang='lat' dir='ltr'><strong>qui</strong></span> <span class='ocrx_word' id='word_1_330' title='bbox 2634 1431 2775 1487; x_wconf 84' lang='lat' dir='ltr'><strong>nihil</strong></span> <span class='ocrx_word' id='word_1_331' title='bbox 2808 1432 3017 1488; x_wconf 86' lang='lat' dir='ltr'><strong>virium</strong></span> <span class='ocrx_word' id='word_1_332' title='bbox 3058 1440 3112 1488; x_wconf 91' lang='lat' dir='ltr'><strong>et</strong></span> <span class='ocrx_word' id='word_1_333' title='bbox 3159 1433 3492 1489; x_wconf 87' lang='lat' dir='ltr'><strong>subtilitatis</strong></span> <span class='ocrx_word' id='word_1_334' title='bbox 3520 1434 3658 1488; x_wconf 85' lang='lat' dir='ltr'><strong>atti-</strong></span> 
     </span>
    </p>
   </div>
   <div class='ocr_carea' id='block_1_46' title="bbox 1966 1520 3661 1591">
    <p class='ocr_par' dir='ltr' id='par_1_46' title="bbox 1966 1520 3661 1591">
     <span class='ocr_line' id='line_1_46' title="bbox 1966 1520 3661 1591; baseline 0.002 -17"><span class='ocrx_word' id='word_1_335' title='bbox 1966 1527 2188 1590; x_wconf 90' lang='lat' dir='ltr'><strong>gerant,</strong></span> <span class='ocrx_word' id='word_1_336' title='bbox 2224 1520 2401 1575; x_wconf 89' lang='lat' dir='ltr'><strong>nimio</strong></span> <span class='ocrx_word' id='word_1_337' title='bbox 2441 1520 2790 1591; x_wconf 85' lang='lat' dir='ltr'><strong>ﬂagitiorum</strong></span> <span class='ocrx_word' id='word_1_338' title='bbox 2827 1535 2936 1577; x_wconf 89' lang='lat' dir='ltr'><strong>usu</strong></span> <span class='ocrx_word' id='word_1_339' title='bbox 2979 1521 3348 1590; x_wconf 76' lang='lat' dir='ltr'><strong>impudentiae</strong></span> <span class='ocrx_word' id='word_1_340' title='bbox 3379 1528 3433 1576; x_wconf 91' lang='lat' dir='ltr'><strong>et</strong></span> <span class='ocrx_word' id='word_1_341' title='bbox 3462 1521 3661 1577; x_wconf 90' lang='lat' dir='ltr'><strong>insen-</strong></span> 
     </span>
    </p>
   </div>
   <div class='ocr_carea' id='block_1_47' title="bbox 1966 1608 2701 1664">
    <p class='ocr_par' dir='ltr' id='par_1_47' title="bbox 1966 1608 2701 1664">
     <span class='ocr_line' id='line_1_47' title="bbox 1966 1608 2701 1664; baseline -0.003 0"><span class='ocrx_word' id='word_1_342' title='bbox 1966 1608 2220 1664; x_wconf 89' lang='lat' dir='ltr'><strong>sibilitati</strong></span> <span class='ocrx_word' id='word_1_343' title='bbox 2252 1623 2370 1664; x_wconf 89' lang='lat' dir='ltr'><strong>sese</strong></span> <span class='ocrx_word' id='word_1_344' title='bbox 2407 1608 2701 1664; x_wconf 90' lang='lat' dir='ltr'><strong>addicunt.</strong></span> 
     </span>
    </p>
   </div>
   <div class='ocr_carea' id='block_1_48' title="bbox 2040 1696 3663 1767">
    <p class='ocr_par' dir='ltr' id='par_1_48' title="bbox 2040 1696 3663 1767">
     <span class='ocr_line' id='line_1_48' title="bbox 2040 1696 3663 1767; baseline -0.001 -13"><span class='ocrx_word' id='word_1_345' title='bbox 2040 1697 2212 1754; x_wconf 72' lang='lat' dir='ltr'><strong>Vnus.</strong></span> <span class='ocrx_word' id='word_1_346' title='bbox 2251 1698 2335 1751; x_wconf 79' lang='grc'><strong>14.</strong></span> <span class='ocrx_word' id='word_1_347' title='bbox 2391 1719 2411 1745; x_wconf 80' lang='grc' dir='ltr'>ι</span> <span class='ocrx_word' id='word_1_348' title='bbox 2476 1697 2649 1753; x_wconf 85' lang='lat' dir='ltr'><strong>Senes</strong></span> <span class='ocrx_word' id='word_1_349' title='bbox 2695 1698 2763 1753; x_wconf 91' lang='lat' dir='ltr'><strong>de</strong></span> <span class='ocrx_word' id='word_1_350' title='bbox 2834 1698 3010 1766; x_wconf 88' lang='lat' dir='ltr'><strong>portis</strong></span> <span class='ocrx_word' id='word_1_351' title='bbox 3076 1696 3424 1765; x_wconf 90' lang='lat' dir='ltr'><strong>defecerunt,</strong></span> <span class='ocrx_word' id='word_1_352' title='bbox 3485 1698 3663 1767; x_wconf 88' lang='lat' dir='ltr'><strong>juve—</strong></span> 
     </span>
    </p>
   </div>
   <div class='ocr_carea' id='block_1_49' title="bbox 1971 1784 3663 1854">
    <p class='ocr_par' dir='ltr' id='par_1_49' title="bbox 1971 1784 3663 1854">
     <span class='ocr_line' id='line_1_49' title="bbox 1971 1784 3663 1854; baseline 0.001 -17"><span class='ocrx_word' id='word_1_353' title='bbox 1971 1804 1998 1837; x_wconf 83' lang='grc'><strong>››</strong></span> <span class='ocrx_word' id='word_1_354' title='bbox 2027 1799 2127 1841; x_wconf 90' lang='lat' dir='ltr'><strong>nes</strong></span> <span class='ocrx_word' id='word_1_355' title='bbox 2156 1784 2225 1840; x_wconf 91' lang='lat' dir='ltr'><strong>de</strong></span> <span class='ocrx_word' id='word_1_356' title='bbox 2263 1785 2436 1841; x_wconf 89' lang='lat' dir='ltr'><strong>choro</strong></span> <span class='ocrx_word' id='word_1_357' title='bbox 2484 1784 2876 1854; x_wconf 84' lang='lat' dir='ltr'><strong>psallentium.</strong></span> <span class='ocrx_word' id='word_1_358' title='bbox 2924 1805 2944 1832; x_wconf 76' lang='grc' dir='ltr'>ι</span> <span class='ocrx_word' id='word_1_359' title='bbox 2979 1785 3140 1839; x_wconf 87' lang='lat' dir='ltr'><strong>Senes</strong></span> <span class='ocrx_word' id='word_1_360' title='bbox 3185 1785 3250 1839; x_wconf 84' lang='lat' dir='ltr'><strong>de</strong></span> <span class='ocrx_word' id='word_1_361' title='bbox 3296 1787 3469 1853; x_wconf 85' lang='lat' dir='ltr'><strong>portis</strong></span> <span class='ocrx_word' id='word_1_362' title='bbox 3516 1785 3663 1841; x_wconf 84' lang='lat' dir='ltr'><strong>deti-</strong></span> 
     </span>
    </p>
   </div>
   <div class='ocr_carea' id='block_1_50' title="bbox 1967 1872 3663 1943">
    <p class='ocr_par' dir='ltr' id='par_1_50' title="bbox 1967 1872 3663 1943">
     <span class='ocr_line' id='line_1_50' title="bbox 1967 1872 3663 1943; baseline 0.001 -16"><span class='ocrx_word' id='word_1_363' title='bbox 1967 1874 2146 1937; x_wconf 90' lang='lat' dir='ltr'><strong>ciunt,</strong></span> <span class='ocrx_word' id='word_1_364' title='bbox 2192 1886 2326 1929; x_wconf 91' lang='lat' dir='ltr'><strong>cum</strong></span> <span class='ocrx_word' id='word_1_365' title='bbox 2386 1872 2902 1929; x_wconf 87' lang='lat' dir='ltr'><strong>intellectualitates</strong></span> <span class='ocrx_word' id='word_1_366' title='bbox 2960 1873 3176 1942; x_wconf 90' lang='lat' dir='ltr'><strong>quibus</strong></span> <span class='ocrx_word' id='word_1_367' title='bbox 3227 1872 3531 1943; x_wconf 88' lang='lat' dir='ltr'><strong>descriptio</strong></span> <span class='ocrx_word' id='word_1_368' title='bbox 3578 1880 3663 1928; x_wconf 90' lang='lat' dir='ltr'><strong>est</strong></span> 
     </span>
    </p>
   </div>
   <div class='ocr_carea' id='block_1_51' title="bbox 1967 1960 3662 2028">
    <p class='ocr_par' dir='ltr' id='par_1_51' title="bbox 1967 1960 3662 2028">
     <span class='ocr_line' id='line_1_51' title="bbox 1967 1960 3662 2028; baseline 0.001 -13"><span class='ocrx_word' id='word_1_369' title='bbox 1967 1961 2139 2017; x_wconf 89' lang='lat' dir='ltr'><strong>insita</strong></span> <span class='ocrx_word' id='word_1_370' title='bbox 2168 1960 2517 2028; x_wconf 89' lang='lat' dir='ltr'><strong>animorum,</strong></span> <span class='ocrx_word' id='word_1_371' title='bbox 2566 1962 2623 2016; x_wconf 90' lang='lat' dir='ltr'><strong>in</strong></span> <span class='ocrx_word' id='word_1_372' title='bbox 2671 1960 2881 2016; x_wconf 87' lang='lat' dir='ltr'><strong>interni</strong></span> <span class='ocrx_word' id='word_1_373' title='bbox 2928 1960 3213 2015; x_wconf 82' lang='lat' dir='ltr'><strong>examinis</strong></span> <span class='ocrx_word' id='word_1_374' title='bbox 3258 1975 3503 2017; x_wconf 89' lang='lat' dir='ltr'><strong>censura</strong></span> <span class='ocrx_word' id='word_1_375' title='bbox 3530 1975 3662 2016; x_wconf 91' lang='lat' dir='ltr'><strong>suc-</strong></span> 
     </span>
    </p>
   </div>
   <div class='ocr_carea' id='block_1_52' title="bbox 1967 2048 3664 2119">
    <p class='ocr_par' dir='ltr' id='par_1_52' title="bbox 1967 2048 3664 2119">
     <span class='ocr_line' id='line_1_52' title="bbox 1967 2048 3664 2119; baseline -0.001 -14"><span class='ocrx_word' id='word_1_376' title='bbox 1967 2050 2269 2106; x_wconf 91' lang='lat' dir='ltr'><strong>cumbunt.</strong></span> <span class='ocrx_word' id='word_1_377' title='bbox 2326 2051 2387 2104; x_wconf 93' lang='lat' dir='ltr'><strong>[n</strong></span> <span class='ocrx_word' id='word_1_378' title='bbox 2438 2050 2618 2119; x_wconf 90' lang='lat' dir='ltr'><strong>portis</strong></span> <span class='ocrx_word' id='word_1_379' title='bbox 2678 2049 2831 2104; x_wconf 90' lang='lat' dir='ltr'><strong>enim</strong></span> <span class='ocrx_word' id='word_1_380' title='bbox 2876 2049 3109 2104; x_wconf 90' lang='lat' dir='ltr'><strong>urbium</strong></span> <span class='ocrx_word' id='word_1_381' title='bbox 3151 2048 3399 2104; x_wconf 82' lang='lat' dir='ltr'><strong>exerceri</strong></span> <span class='ocrx_word' id='word_1_382' title='bbox 3447 2048 3664 2105; x_wconf 84' lang='lat' dir='ltr'><strong>solebat</strong></span> 
     </span>
    </p>
   </div>
   <div class='ocr_carea' id='block_1_53' title="bbox 1967 2136 3665 2208">
    <p class='ocr_par' dir='ltr' id='par_1_53' title="bbox 1967 2136 3665 2208">
     <span class='ocr_line' id='line_1_53' title="bbox 1967 2136 3665 2208; baseline -0.002 -14"><span class='ocrx_word' id='word_1_383' title='bbox 1967 2138 2298 2208; x_wconf 67' lang='lat' dir='ltr'><strong>reipublicae</strong></span> <span class='ocrx_word' id='word_1_384' title='bbox 2339 2138 2590 2193; x_wconf 88' lang='lat' dir='ltr'><strong>solemne</strong></span> <span class='ocrx_word' id='word_1_385' title='bbox 2620 2136 2929 2207; x_wconf 89' lang='lat' dir='ltr'><strong>judicium.</strong></span> <span class='ocrx_word' id='word_1_386' title='bbox 2970 2136 3200 2191; x_wconf 73' lang='lat' dir='ltr'><strong>Iuvenes</strong></span> <span class='ocrx_word' id='word_1_387' title='bbox 3241 2136 3308 2191; x_wconf 84' lang='lat' dir='ltr'><strong>de</strong></span> <span class='ocrx_word' id='word_1_388' title='bbox 3334 2138 3491 2191; x_wconf 84' lang='lat' dir='ltr'><strong>choro</strong></span> <span class='ocrx_word' id='word_1_389' title='bbox 3515 2138 3665 2206; x_wconf 84' lang='lat' dir='ltr'><strong>psal-</strong></span> 
     </span>
    </p>
   </div>
   <div class='ocr_carea' id='block_1_54' title="bbox 1968 2225 3661 2296">
    <p class='ocr_par' dir='ltr' id='par_1_54' title="bbox 1968 2225 3661 2296">
     <span class='ocr_line' id='line_1_54' title="bbox 1968 2225 3661 2296; baseline -0.001 -15"><span class='ocrx_word' id='word_1_390' title='bbox 1968 2228 2189 2281; x_wconf 85' lang='lat' dir='ltr'><strong>lentium</strong></span> <span class='ocrx_word' id='word_1_391' title='bbox 2221 2233 2482 2295; x_wconf 90' lang='lat' dir='ltr'><strong>pereunt,</strong></span> <span class='ocrx_word' id='word_1_392' title='bbox 2513 2239 2643 2281; x_wconf 94' lang='lat' dir='ltr'><strong>cum</strong></span> <span class='ocrx_word' id='word_1_393' title='bbox 2681 2226 2909 2281; x_wconf 89' lang='lat' dir='ltr'><strong>vivaces</strong></span> <span class='ocrx_word' id='word_1_394' title='bbox 2937 2225 3177 2281; x_wconf 63' lang='lat' dir='ltr'><strong>solertiae</strong></span> <span class='ocrx_word' id='word_1_395' title='bbox 3206 2239 3239 2280; x_wconf 90' lang='lat' dir='ltr'><strong>a</strong></span> <span class='ocrx_word' id='word_1_396' title='bbox 3280 2225 3424 2281; x_wconf 90' lang='lat' dir='ltr'><strong>bene</strong></span> <span class='ocrx_word' id='word_1_397' title='bbox 3455 2225 3661 2296; x_wconf 87' lang='lat' dir='ltr'><strong>agendi</strong></span> 
     </span>
    </p>
   </div>
   <div class='ocr_carea' id='block_1_55' title="bbox 1969 2313 2722 2371">
    <p class='ocr_par' dir='ltr' id='par_1_55' title="bbox 1969 2313 2722 2371">
     <span class='ocr_line' id='line_1_55' title="bbox 1969 2313 2722 2371; baseline -0.003 -1"><span class='ocrx_word' id='word_1_398' title='bbox 1969 2314 2351 2371; x_wconf 89' lang='lat' dir='ltr'><strong>unanimitate</strong></span> <span class='ocrx_word' id='word_1_399' title='bbox 2377 2313 2722 2369; x_wconf 90' lang='lat' dir='ltr'><strong>desciscunt.</strong></span> 
     </span>
    </p>
   </div>
   <div class='ocr_carea' id='block_1_56' title="bbox 2041 2401 3661 2472">
    <p class='ocr_par' dir='ltr' id='par_1_56' title="bbox 2041 2401 3661 2472">
     <span class='ocr_line' id='line_1_56' title="bbox 2041 2401 3661 2472; baseline -0.002 -12"><span class='ocrx_word' id='word_1_400' title='bbox 2041 2402 2214 2460; x_wconf 72' lang='lat' dir='ltr'><strong>Vnus.</strong></span> <span class='ocrx_word' id='word_1_401' title='bbox 2275 2404 2357 2457; x_wconf 86' lang='lat' dir='ltr'><strong>l5.</strong></span> <span class='ocrx_word' id='word_1_402' title='bbox 2397 2430 2470 2443; x_wconf 90' lang='lat'><strong>—</strong></span> <span class='ocrx_word' id='word_1_403' title='bbox 2529 2425 2550 2451; x_wconf 83' lang='grc' dir='ltr'>ι</span> <span class='ocrx_word' id='word_1_404' title='bbox 2615 2401 2826 2457; x_wconf 89' lang='lat' dir='ltr'><strong>Defecit</strong></span> <span class='ocrx_word' id='word_1_405' title='bbox 2886 2401 3165 2472; x_wconf 90' lang='lat' dir='ltr'><strong>gaudium</strong></span> <span class='ocrx_word' id='word_1_406' title='bbox 3221 2401 3410 2457; x_wconf 86' lang='lat' dir='ltr'><strong>cordis</strong></span> <span class='ocrx_word' id='word_1_407' title='bbox 3460 2401 3661 2469; x_wconf 90' lang='lat' dir='ltr'><strong>nostri,</strong></span> 
     </span>
    </p>
   </div>
   <div class='ocr_carea' id='block_1_57' title="bbox 1976 2490 3664 2547">
    <p class='ocr_par' dir='ltr' id='par_1_57' title="bbox 1976 2490 3664 2547">
     <span class='ocr_line' id='line_1_57' title="bbox 1976 2490 3664 2547; baseline -0.002 0"><span class='ocrx_word' id='word_1_408' title='bbox 1976 2512 1996 2539; x_wconf 75' lang='grc' dir='ltr'><strong><em>ι</em></strong></span> <span class='ocrx_word' id='word_1_409' title='bbox 2030 2505 2233 2547; x_wconf 89' lang='lat' dir='ltr'><strong>versus</strong></span> <span class='ocrx_word' id='word_1_410' title='bbox 2277 2499 2361 2547; x_wconf 90' lang='lat' dir='ltr'><strong>est</strong></span> <span class='ocrx_word' id='word_1_411' title='bbox 2416 2490 2476 2546; x_wconf 91' lang='lat' dir='ltr'><strong>in</strong></span> <span class='ocrx_word' id='word_1_412' title='bbox 2524 2491 2743 2546; x_wconf 90' lang='lat' dir='ltr'><strong>luctum</strong></span> <span class='ocrx_word' id='word_1_413' title='bbox 2809 2490 3020 2545; x_wconf 89' lang='lat' dir='ltr'><strong>chorus</strong></span> <span class='ocrx_word' id='word_1_414' title='bbox 3072 2497 3281 2545; x_wconf 88' lang='lat' dir='ltr'><strong>noster.</strong></span> <span class='ocrx_word' id='word_1_415' title='bbox 3312 2510 3334 2539; x_wconf 76' lang='grc' dir='ltr'>ι</span> <span class='ocrx_word' id='word_1_416' title='bbox 3384 2490 3664 2544; x_wconf 80' lang='lat' dir='ltr'><strong>Gaudium</strong></span> 
     </span>
    </p>
   </div>
   <div class='ocr_carea' id='block_1_58' title="bbox 1970 2577 3659 2651">
    <p class='ocr_par' dir='ltr' id='par_1_58' title="bbox 1970 2577 3659 2651">
     <span class='ocr_line' id='line_1_58' title="bbox 1970 2577 3659 2651; baseline -0.001 -17"><span class='ocrx_word' id='word_1_417' title='bbox 1970 2580 2146 2642; x_wconf 78' lang='lat' dir='ltr'><strong>cordis</strong></span> <span class='ocrx_word' id='word_1_418' title='bbox 2197 2582 2372 2634; x_wconf 81' lang='lat' dir='ltr'><strong>nostri</strong></span> <span class='ocrx_word' id='word_1_419' title='bbox 2418 2580 2626 2646; x_wconf 85' lang='lat' dir='ltr'><strong>deﬁcit,</strong></span> <span class='ocrx_word' id='word_1_420' title='bbox 2668 2594 2802 2635; x_wconf 91' lang='lat' dir='ltr'><strong>cum</strong></span> <span class='ocrx_word' id='word_1_421' title='bbox 2861 2577 3659 2651; x_wconf 67' lang='lat' dir='ltr'><strong>testimoniumconscientiaa,</strong></span> 
     </span>
    </p>
   </div>
   <div class='ocr_carea' id='block_1_59' title="bbox 1971 2667 3664 2740">
    <p class='ocr_par' dir='ltr' id='par_1_59' title="bbox 1971 2667 3664 2740">
     <span class='ocr_line' id='line_1_59' title="bbox 1971 2667 3664 2740; baseline -0.001 -15"><span class='ocrx_word' id='word_1_422' title='bbox 1971 2670 2126 2740; x_wconf 91' lang='lat' dir='ltr'><strong>quod</strong></span> <span class='ocrx_word' id='word_1_423' title='bbox 2155 2677 2241 2724; x_wconf 85' lang='lat' dir='ltr'><strong>est</strong></span> <span class='ocrx_word' id='word_1_424' title='bbox 2271 2668 2455 2738; x_wconf 91' lang='lat' dir='ltr'><strong>gloria</strong></span> <span class='ocrx_word' id='word_1_425' title='bbox 2500 2675 2696 2723; x_wconf 89' lang='lat' dir='ltr'><strong>nostra</strong></span> <span class='ocrx_word' id='word_1_426' title='bbox 2744 2667 2835 2737; x_wconf 87' lang='lat' dir='ltr'><strong>(II</strong></span> <span class='ocrx_word' id='word_1_427' title='bbox 2870 2669 2988 2724; x_wconf 86' lang='lat' dir='ltr'><strong>Cor.</strong></span> <span class='ocrx_word' id='word_1_428' title='bbox 3036 2682 3073 2733; x_wconf 78' lang='grc' dir='ltr'><strong>ι,</strong></span> <span class='ocrx_word' id='word_1_429' title='bbox 3126 2670 3232 2734; x_wconf 86' lang='grc'>12),</span> <span class='ocrx_word' id='word_1_430' title='bbox 3285 2667 3344 2722; x_wconf 93' lang='lat' dir='ltr'><strong>in</strong></span> <span class='ocrx_word' id='word_1_431' title='bbox 3378 2668 3540 2723; x_wconf 92' lang='lat' dir='ltr'><strong>nobis</strong></span> <span class='ocrx_word' id='word_1_432' title='bbox 3567 2668 3664 2723; x_wconf 90' lang='lat' dir='ltr'><strong>ob—</strong></span> 
     </span>
    </p>
   </div>
   <div class='ocr_carea' id='block_1_60' title="bbox 1972 2756 3665 2824">
    <p class='ocr_par' dir='ltr' id='par_1_60' title="bbox 1972 2756 3665 2824">
     <span class='ocr_line' id='line_1_60' title="bbox 1972 2756 3665 2824; baseline -0.001 -11"><span class='ocrx_word' id='word_1_433' title='bbox 1972 2757 2268 2813; x_wconf 89' lang='lat' dir='ltr'><strong>surdescit.</strong></span> <span class='ocrx_word' id='word_1_434' title='bbox 2323 2758 2527 2812; x_wconf 84' lang='lat' dir='ltr'><strong>Chorus</strong></span> <span class='ocrx_word' id='word_1_435' title='bbox 2610 2760 2792 2810; x_wconf 89' lang='lat' dir='ltr'><strong>noster</strong></span> <span class='ocrx_word' id='word_1_436' title='bbox 2839 2758 2897 2809; x_wconf 91' lang='lat' dir='ltr'><strong>in</strong></span> <span class='ocrx_word' id='word_1_437' title='bbox 2957 2757 3158 2810; x_wconf 86' lang='lat' dir='ltr'><strong>luctum</strong></span> <span class='ocrx_word' id='word_1_438' title='bbox 3214 2756 3478 2824; x_wconf 89' lang='lat' dir='ltr'><strong>vertitur,</strong></span> <span class='ocrx_word' id='word_1_439' title='bbox 3530 2770 3665 2812; x_wconf 89' lang='lat' dir='ltr'><strong>cum</strong></span> 
     </span>
    </p>
   </div>
   <div class='ocr_carea' id='block_1_61' title="bbox 1971 2843 3665 2915">
    <p class='ocr_par' dir='ltr' id='par_1_61' title="bbox 1971 2843 3665 2915">
     <span class='ocr_line' id='line_1_61' title="bbox 1971 2843 3665 2915; baseline -0.001 -15"><span class='ocrx_word' id='word_1_440' title='bbox 1971 2844 2370 2901; x_wconf 89' lang='lat' dir='ltr'><strong>benevolentia</strong></span> <span class='ocrx_word' id='word_1_441' title='bbox 2415 2844 2592 2899; x_wconf 91' lang='lat' dir='ltr'><strong>animi</strong></span> <span class='ocrx_word' id='word_1_442' title='bbox 2640 2844 2749 2900; x_wconf 90' lang='lat' dir='ltr'><strong>sibi</strong></span> <span class='ocrx_word' id='word_1_443' title='bbox 2790 2858 3027 2900; x_wconf 89' lang='lat' dir='ltr'><strong>concors</strong></span> <span class='ocrx_word' id='word_1_444' title='bbox 3058 2844 3331 2915; x_wconf 88' lang='lat' dir='ltr'><strong>operibus</strong></span> <span class='ocrx_word' id='word_1_445' title='bbox 3370 2843 3535 2900; x_wconf 91' lang='lat' dir='ltr'><strong>luctu</strong></span> <span class='ocrx_word' id='word_1_446' title='bbox 3577 2844 3665 2899; x_wconf 88' lang='lat' dir='ltr'><strong>di-</strong></span> 
     </span>
    </p>
   </div>
   <div class='ocr_carea' id='block_1_62' title="bbox 160 2932 2470 3011">
    <p class='ocr_par' dir='ltr' id='par_1_62' title="bbox 160 2932 2470 3011">
     <span class='ocr_line' id='line_1_62' title="bbox 160 2932 2470 3011; baseline -0.001 -21"><span class='ocrx_word' id='word_1_447' title='bbox 160 2937 262 2991; x_wconf 88' lang='lat' dir='ltr'><strong>bus</strong></span> <span class='ocrx_word' id='word_1_448' title='bbox 301 2939 506 2991; x_wconf 77' lang='lat' dir='ltr'><strong>nostris</strong></span> <span class='ocrx_word' id='word_1_449' title='bbox 554 2951 751 3007; x_wconf 84' lang='lat' dir='ltr'><strong>panem</strong></span> <span class='ocrx_word' id='word_1_450' title='bbox 797 2936 950 2990; x_wconf 88' lang='lat' dir='ltr'><strong>nobis</strong></span> <span class='ocrx_word' id='word_1_451' title='bbox 998 2934 1312 3003; x_wconf 79' lang='lat' dir='ltr'><strong>afferimus,</strong></span> <span class='ocrx_word' id='word_1_452' title='bbox 1360 2950 1492 2992; x_wconf 93' lang='lat' dir='ltr'><strong>cum</strong></span> <span class='ocrx_word' id='word_1_453' title='bbox 1523 2949 1593 2992; x_wconf 82' lang='lat' dir='ltr'><strong>ex</strong></span> <span class='ocrx_word' id='word_1_454' title='bbox 1620 2949 1862 3005; x_wconf 91' lang='lat' dir='ltr'><strong>operum</strong></span> <span class='ocrx_word' id='word_1_455' title='bbox 1902 2956 1941 3011; x_wconf 70' lang='grc' dir='ltr'><strong>ρ</strong></span> <span class='ocrx_word' id='word_1_456' title='bbox 1972 2933 2100 3004; x_wconf 90' lang='lat' dir='ltr'><strong>guis</strong></span> <span class='ocrx_word' id='word_1_457' title='bbox 2130 2932 2470 2988; x_wconf 85' lang='lat' dir='ltr'><strong>involvitur.</strong></span> 
     </span>
    </p>
   </div>
   <div class='ocr_carea' id='block_1_63' title="bbox 158 3024 1863 3095">
    <p class='ocr_par' dir='ltr' id='par_1_63' title="bbox 158 3024 1863 3095">
     <span class='ocr_line' id='line_1_63' title="bbox 158 3024 1863 3095; baseline -0.001 -15"><span class='ocrx_word' id='word_1_458' title='bbox 158 3031 496 3080; x_wconf 88' lang='lat' dir='ltr'><strong>nostrorum</strong></span> <span class='ocrx_word' id='word_1_459' title='bbox 524 3024 729 3080; x_wconf 88' lang='lat' dir='ltr'><strong>studiis</strong></span> <span class='ocrx_word' id='word_1_460' title='bbox 760 3024 1037 3094; x_wconf 89' lang='lat' dir='ltr'><strong>pabulum</strong></span> <span class='ocrx_word' id='word_1_461' title='bbox 1064 3024 1232 3079; x_wconf 89' lang='lat' dir='ltr'><strong>nobis</strong></span> <span class='ocrx_word' id='word_1_462' title='bbox 1270 3024 1522 3095; x_wconf 84' lang='lat' dir='ltr'><strong>alicujus</strong></span> <span class='ocrx_word' id='word_1_463' title='bbox 1552 3025 1863 3080; x_wconf 66' lang='lat' dir='ltr'><strong>mundanas</strong></span> 
     </span>
    </p>
   </div>
   <div class='ocr_carea' id='block_1_64' title="bbox 157 3112 1862 3183">
    <p class='ocr_par' dir='ltr' id='par_1_64' title="bbox 157 3112 1862 3183">
     <span class='ocr_line' id='line_1_64' title="bbox 157 3112 1862 3183; baseline -0.002 -14"><span class='ocrx_word' id='word_1_464' title='bbox 157 3112 559 3183; x_wconf 88' lang='lat' dir='ltr'><strong>prosperitatis</strong></span> <span class='ocrx_word' id='word_1_465' title='bbox 587 3112 896 3183; x_wconf 87' lang='lat' dir='ltr'><strong>exigimus.</strong></span> <span class='ocrx_word' id='word_1_466' title='bbox 948 3113 1018 3169; x_wconf 92' lang='lat' dir='ltr'><strong>Et</strong></span> <span class='ocrx_word' id='word_1_467' title='bbox 1061 3114 1165 3168; x_wconf 92' lang='lat' dir='ltr'><strong>hoc</strong></span> <span class='ocrx_word' id='word_1_468' title='bbox 1202 3129 1237 3167; x_wconf 89' lang='lat' dir='ltr'><strong>a</strong></span> <span class='ocrx_word' id='word_1_469' title='bbox 1285 3114 1429 3180; x_wconf 82' lang='lat' dir='ltr'><strong>facie</strong></span> <span class='ocrx_word' id='word_1_470' title='bbox 1458 3114 1637 3181; x_wconf 83' lang='lat' dir='ltr'><strong>gladii</strong></span> <span class='ocrx_word' id='word_1_471' title='bbox 1675 3115 1736 3166; x_wconf 84' lang='lat' dir='ltr'><strong>in</strong></span> <span class='ocrx_word' id='word_1_472' title='bbox 1764 3113 1862 3167; x_wconf 86' lang='lat' dir='ltr'><strong>de-</strong></span> 
     </span>
    </p>
   </div>
   <div class='ocr_carea' id='block_1_65' title="bbox 157 3201 1862 3272">
    <p class='ocr_par' dir='ltr' id='par_1_65' title="bbox 157 3201 1862 3272">
     <span class='ocr_line' id='line_1_65' title="bbox 157 3201 1862 3272; baseline -0.001 -16"><span class='ocrx_word' id='word_1_473' title='bbox 157 3208 325 3268; x_wconf 85' lang='lat' dir='ltr'><strong>serto,</strong></span> <span class='ocrx_word' id='word_1_474' title='bbox 361 3201 415 3256; x_wconf 91' lang='lat' dir='ltr'><strong>id</strong></span> <span class='ocrx_word' id='word_1_475' title='bbox 439 3208 524 3256; x_wconf 90' lang='lat' dir='ltr'><strong>est</strong></span> <span class='ocrx_word' id='word_1_476' title='bbox 570 3208 811 3272; x_wconf 88' lang='lat' dir='ltr'><strong>urgente</strong></span> <span class='ocrx_word' id='word_1_477' title='bbox 855 3201 1189 3257; x_wconf 88' lang='lat' dir='ltr'><strong>necessitate</strong></span> <span class='ocrx_word' id='word_1_478' title='bbox 1229 3203 1462 3271; x_wconf 90' lang='lat' dir='ltr'><strong>peccati,</strong></span> <span class='ocrx_word' id='word_1_479' title='bbox 1506 3201 1564 3256; x_wconf 92' lang='lat' dir='ltr'><strong>in</strong></span> <span class='ocrx_word' id='word_1_480' title='bbox 1592 3215 1708 3271; x_wconf 88' lang='lat' dir='ltr'><strong>quo</strong></span> <span class='ocrx_word' id='word_1_481' title='bbox 1736 3201 1862 3270; x_wconf 87' lang='lat' dir='ltr'><strong>ejus</strong></span> 
     </span>
    </p>
   </div>
   <div class='ocr_carea' id='block_1_66' title="bbox 158 3288 1865 3345">
    <p class='ocr_par' dir='ltr' id='par_1_66' title="bbox 158 3288 1865 3345">
     <span class='ocr_line' id='line_1_66' title="bbox 158 3288 1865 3345; baseline -0.001 0"><span class='ocrx_word' id='word_1_482' title='bbox 158 3289 471 3345; x_wconf 79' lang='lat' dir='ltr'><strong>refectione</strong></span> <span class='ocrx_word' id='word_1_483' title='bbox 513 3289 812 3345; x_wconf 89' lang='lat' dir='ltr'><strong>subtracta</strong></span> <span class='ocrx_word' id='word_1_484' title='bbox 867 3289 1190 3345; x_wconf 89' lang='lat' dir='ltr'><strong>deserimur</strong></span> <span class='ocrx_word' id='word_1_485' title='bbox 1239 3304 1274 3345; x_wconf 92' lang='lat' dir='ltr'><strong>a</strong></span> <span class='ocrx_word' id='word_1_486' title='bbox 1317 3290 1576 3345; x_wconf 90' lang='lat' dir='ltr'><strong>Domino.</strong></span> <span class='ocrx_word' id='word_1_487' title='bbox 1627 3288 1865 3344; x_wconf 89' lang='lat' dir='ltr'><strong>Gladius</strong></span> 
     </span>
    </p>
   </div>
   <div class='ocr_carea' id='block_1_67' title="bbox 158 3378 782 3447">
    <p class='ocr_par' dir='ltr' id='par_1_67' title="bbox 158 3378 782 3447">
     <span class='ocr_line' id='line_1_67' title="bbox 158 3378 782 3447; baseline -0.005 -13"><span class='ocrx_word' id='word_1_488' title='bbox 158 3378 319 3435; x_wconf 89' lang='lat' dir='ltr'><strong>enim</strong></span> <span class='ocrx_word' id='word_1_489' title='bbox 352 3384 648 3447; x_wconf 89' lang='lat' dir='ltr'><strong>peccatum</strong></span> <span class='ocrx_word' id='word_1_490' title='bbox 677 3384 782 3433; x_wconf 90' lang='lat' dir='ltr'><strong>est.</strong></span> 
     </span>
    </p>
   </div>
   <div class='ocr_carea' id='block_1_68' title="bbox 234 3463 1865 3535">
    <p class='ocr_par' dir='ltr' id='par_1_68' title="bbox 234 3463 1865 3535">
     <span class='ocr_line' id='line_1_68' title="bbox 234 3463 1865 3535; baseline 0.001 -19"><span class='ocrx_word' id='word_1_491' title='bbox 234 3465 405 3520; x_wconf 73' lang='lat' dir='ltr'><strong>Vnus.</strong></span> <span class='ocrx_word' id='word_1_492' title='bbox 446 3466 529 3518; x_wconf 90' lang='grc'><strong>10.</strong></span> <span class='ocrx_word' id='word_1_493' title='bbox 562 3493 630 3503; x_wconf 88' lang='grc'><strong><em>-</em></strong></span> <span class='ocrx_word' id='word_1_494' title='bbox 663 3482 691 3514; x_wconf 74' lang='grc' dir='ltr'><strong><em>α</em></strong></span> <span class='ocrx_word' id='word_1_495' title='bbox 727 3463 892 3519; x_wconf 90' lang='lat' dir='ltr'><strong>Pellis</strong></span> <span class='ocrx_word' id='word_1_496' title='bbox 926 3471 1123 3519; x_wconf 89' lang='lat' dir='ltr'><strong>nostra</strong></span> <span class='ocrx_word' id='word_1_497' title='bbox 1153 3464 1321 3535; x_wconf 91' lang='lat' dir='ltr'><strong>quasi</strong></span> <span class='ocrx_word' id='word_1_498' title='bbox 1351 3464 1614 3519; x_wconf 88' lang='lat' dir='ltr'><strong>clibanus</strong></span> <span class='ocrx_word' id='word_1_499' title='bbox 1656 3472 1865 3520; x_wconf 88' lang='lat' dir='ltr'><strong>exusta</strong></span> 
     </span>
    </p>
   </div>
   <div class='ocr_carea' id='block_1_69' title="bbox 168 3550 1865 3621">
    <p class='ocr_par' dir='ltr' id='par_1_69' title="bbox 168 3550 1865 3621">
     <span class='ocr_line' id='line_1_69' title="bbox 168 3550 1865 3621; baseline -0.001 -13"><span class='ocrx_word' id='word_1_500' title='bbox 168 3575 191 3601; x_wconf 79' lang='grc' dir='ltr'><strong>ι</strong></span> <span class='ocrx_word' id='word_1_501' title='bbox 230 3559 318 3609; x_wconf 88' lang='lat' dir='ltr'><strong>est</strong></span> <span class='ocrx_word' id='word_1_502' title='bbox 347 3566 382 3606; x_wconf 91' lang='lat' dir='ltr'><strong>a</strong></span> <span class='ocrx_word' id='word_1_503' title='bbox 422 3551 565 3607; x_wconf 89' lang='lat' dir='ltr'><strong>facie</strong></span> <span class='ocrx_word' id='word_1_504' title='bbox 593 3551 939 3621; x_wconf 88' lang='lat' dir='ltr'><strong>tempestatis</strong></span> <span class='ocrx_word' id='word_1_505' title='bbox 981 3551 1173 3607; x_wconf 86' lang='lat' dir='ltr'><strong>famis.</strong></span> <span class='ocrx_word' id='word_1_506' title='bbox 1213 3572 1241 3602; x_wconf 85' lang='grc'><strong>››</strong></span> <span class='ocrx_word' id='word_1_507' title='bbox 1285 3553 1448 3607; x_wconf 84' lang='lat' dir='ltr'><strong>Pellis</strong></span> <span class='ocrx_word' id='word_1_508' title='bbox 1492 3557 1681 3606; x_wconf 89' lang='lat' dir='ltr'><strong>nostra</strong></span> <span class='ocrx_word' id='word_1_509' title='bbox 1721 3550 1865 3608; x_wconf 78' lang='lat' dir='ltr'><strong>affe-</strong></span> 
     </span>
    </p>
   </div>
   <div class='ocr_carea' id='block_1_70' title="bbox 162 3640 1866 3710">
    <p class='ocr_par' dir='ltr' id='par_1_70' title="bbox 162 3640 1866 3710">
     <span class='ocr_line' id='line_1_70' title="bbox 162 3640 1866 3710; baseline -0.001 -12"><span class='ocrx_word' id='word_1_510' title='bbox 162 3649 298 3698; x_wconf 88' lang='lat' dir='ltr'><strong>ctus</strong></span> <span class='ocrx_word' id='word_1_511' title='bbox 325 3648 518 3697; x_wconf 91' lang='lat' dir='ltr'><strong>noster</strong></span> <span class='ocrx_word' id='word_1_512' title='bbox 542 3648 646 3707; x_wconf 89' lang='lat' dir='ltr'><strong>est,</strong></span> <span class='ocrx_word' id='word_1_513' title='bbox 697 3641 851 3710; x_wconf 91' lang='lat' dir='ltr'><strong>quod</strong></span> <span class='ocrx_word' id='word_1_514' title='bbox 901 3640 1051 3697; x_wconf 91' lang='lat' dir='ltr'><strong>sicut</strong></span> <span class='ocrx_word' id='word_1_515' title='bbox 1097 3641 1247 3696; x_wconf 90' lang='lat' dir='ltr'><strong>cutis</strong></span> <span class='ocrx_word' id='word_1_516' title='bbox 1293 3641 1351 3695; x_wconf 92' lang='lat' dir='ltr'><strong>in</strong></span> <span class='ocrx_word' id='word_1_517' title='bbox 1393 3654 1647 3710; x_wconf 90' lang='lat' dir='ltr'><strong>corpore,</strong></span> <span class='ocrx_word' id='word_1_518' title='bbox 1696 3641 1866 3696; x_wconf 89' lang='lat' dir='ltr'><strong>citius</strong></span> 
     </span>
    </p>
   </div>
   <div class='ocr_carea' id='block_1_71' title="bbox 164 3731 1861 3799">
    <p class='ocr_par' dir='ltr' id='par_1_71' title="bbox 164 3731 1861 3799">
     <span class='ocr_line' id='line_1_71' title="bbox 164 3731 1861 3799; baseline -0.002 -10"><span class='ocrx_word' id='word_1_519' title='bbox 164 3733 415 3789; x_wconf 72' lang='lat' dir='ltr'><strong>laedatur</strong></span> <span class='ocrx_word' id='word_1_520' title='bbox 436 3732 493 3786; x_wconf 92' lang='lat' dir='ltr'><strong>in</strong></span> <span class='ocrx_word' id='word_1_521' title='bbox 539 3737 745 3787; x_wconf 90' lang='lat' dir='ltr'><strong>mente.</strong></span> <span class='ocrx_word' id='word_1_522' title='bbox 797 3731 876 3797; x_wconf 92' lang='lat' dir='ltr'><strong>De</strong></span> <span class='ocrx_word' id='word_1_523' title='bbox 907 3731 1104 3786; x_wconf 88' lang='lat' dir='ltr'><strong>multis</strong></span> <span class='ocrx_word' id='word_1_524' title='bbox 1146 3731 1300 3786; x_wconf 90' lang='lat' dir='ltr'><strong>enim</strong></span> <span class='ocrx_word' id='word_1_525' title='bbox 1343 3731 1513 3786; x_wconf 89' lang='lat' dir='ltr'><strong>malis</strong></span> <span class='ocrx_word' id='word_1_526' title='bbox 1554 3731 1861 3799; x_wconf 80' lang='lat' dir='ltr'><strong>aflicimur,</strong></span> 
     </span>
    </p>
   </div>
   <div class='ocr_carea' id='block_1_72' title="bbox 163 3820 1866 3892">
    <p class='ocr_par' dir='ltr' id='par_1_72' title="bbox 163 3820 1866 3892">
     <span class='ocr_line' id='line_1_72' title="bbox 163 3820 1866 3892; baseline -0.002 -15"><span class='ocrx_word' id='word_1_527' title='bbox 163 3836 300 3892; x_wconf 64' lang='lat' dir='ltr'><strong>quaeI</strong></span> <span class='ocrx_word' id='word_1_528' title='bbox 343 3820 641 3876; x_wconf 85' lang='lat' dir='ltr'><strong>voluntate</strong></span> <span class='ocrx_word' id='word_1_529' title='bbox 688 3821 1093 3888; x_wconf 89' lang='lat' dir='ltr'><strong>horrescimus,</strong></span> <span class='ocrx_word' id='word_1_530' title='bbox 1138 3820 1219 3875; x_wconf 92' lang='lat' dir='ltr'><strong>sic</strong></span> <span class='ocrx_word' id='word_1_531' title='bbox 1260 3820 1414 3875; x_wconf 92' lang='lat' dir='ltr'><strong>enim</strong></span> <span class='ocrx_word' id='word_1_532' title='bbox 1463 3820 1585 3875; x_wconf 73' lang='lat' dir='ltr'><strong>haec</strong></span> <span class='ocrx_word' id='word_1_533' title='bbox 1628 3820 1743 3876; x_wconf 92' lang='lat' dir='ltr'><strong>duo</strong></span> <span class='ocrx_word' id='word_1_534' title='bbox 1772 3820 1866 3875; x_wconf 81' lang='lat' dir='ltr'><strong>di-</strong></span> 
     </span>
    </p>
   </div>
   <div class='ocr_carea' id='block_1_73' title="bbox 162 3908 1862 3979">
    <p class='ocr_par' dir='ltr' id='par_1_73' title="bbox 162 3908 1862 3979">
     <span class='ocr_line' id='line_1_73' title="bbox 162 3908 1862 3979; baseline -0.002 -13"><span class='ocrx_word' id='word_1_535' title='bbox 162 3910 509 3975; x_wconf 88' lang='lat' dir='ltr'><strong>scernimus,</strong></span> <span class='ocrx_word' id='word_1_536' title='bbox 542 3910 682 3979; x_wconf 88' lang='lat' dir='ltr'><strong>quia</strong></span> <span class='ocrx_word' id='word_1_537' title='bbox 709 3916 763 3965; x_wconf 89' lang='lat' dir='ltr'><strong>et</strong></span> <span class='ocrx_word' id='word_1_538' title='bbox 804 3909 951 3964; x_wconf 91' lang='lat' dir='ltr'><strong>bona</strong></span> <span class='ocrx_word' id='word_1_539' title='bbox 969 3922 1042 3964; x_wconf 84' lang='lat' dir='ltr'><strong>ex</strong></span> <span class='ocrx_word' id='word_1_540' title='bbox 1072 3909 1294 3965; x_wconf 91' lang='lat' dir='ltr'><strong>ratione</strong></span> <span class='ocrx_word' id='word_1_541' title='bbox 1314 3908 1604 3977; x_wconf 90' lang='lat' dir='ltr'><strong>volumus,</strong></span> <span class='ocrx_word' id='word_1_542' title='bbox 1633 3909 1702 3965; x_wconf 93' lang='lat' dir='ltr'><strong>de</strong></span> <span class='ocrx_word' id='word_1_543' title='bbox 1732 3908 1862 3978; x_wconf 91' lang='lat' dir='ltr'><strong>qui-</strong></span> 
     </span>
    </p>
   </div>
   <div class='ocr_carea' id='block_1_74' title="bbox 166 3996 1861 4065">
    <p class='ocr_par' dir='ltr' id='par_1_74' title="bbox 166 3996 1861 4065">
     <span class='ocr_line' id='line_1_74' title="bbox 166 3996 1861 4065; baseline -0.001 -12"><span class='ocrx_word' id='word_1_544' title='bbox 166 3997 282 4053; x_wconf 89' lang='lat' dir='ltr'><strong>bus</strong></span> <span class='ocrx_word' id='word_1_545' title='bbox 314 4011 430 4052; x_wconf 92' lang='lat' dir='ltr'><strong>non</strong></span> <span class='ocrx_word' id='word_1_546' title='bbox 463 3996 767 4052; x_wconf 87' lang='lat' dir='ltr'><strong>afﬁcimur.</strong></span> <span class='ocrx_word' id='word_1_547' title='bbox 808 3997 940 4051; x_wconf 68' lang='lat' dir='ltr'><strong>Haec</strong></span> <span class='ocrx_word' id='word_1_548' title='bbox 981 3997 1141 4065; x_wconf 84' lang='lat' dir='ltr'><strong>pellis</strong></span> <span class='ocrx_word' id='word_1_549' title='bbox 1171 3998 1333 4065; x_wconf 88' lang='lat' dir='ltr'><strong>quasi</strong></span> <span class='ocrx_word' id='word_1_550' title='bbox 1379 3997 1625 4051; x_wconf 82' lang='lat' dir='ltr'><strong>clibanus</strong></span> <span class='ocrx_word' id='word_1_551' title='bbox 1667 3997 1861 4052; x_wconf 83' lang='lat' dir='ltr'><strong>exuri-</strong></span> 
     </span>
    </p>
   </div>
   <div class='ocr_carea' id='block_1_75' title="bbox 164 4082 1866 4153">
    <p class='ocr_par' dir='ltr' id='par_1_75' title="bbox 164 4082 1866 4153">
     <span class='ocr_line' id='line_1_75' title="bbox 164 4082 1866 4153; baseline -0.002 -12"><span class='ocrx_word' id='word_1_552' title='bbox 164 4092 285 4151; x_wconf 89' lang='lat' dir='ltr'><strong>tur,</strong></span> <span class='ocrx_word' id='word_1_553' title='bbox 314 4091 475 4140; x_wconf 89' lang='lat' dir='ltr'><strong>tanto</strong></span> <span class='ocrx_word' id='word_1_554' title='bbox 505 4083 761 4139; x_wconf 84' lang='lat' dir='ltr'><strong>furiosus</strong></span> <span class='ocrx_word' id='word_1_555' title='bbox 789 4085 996 4139; x_wconf 89' lang='lat' dir='ltr'><strong>ardens</strong></span> <span class='ocrx_word' id='word_1_556' title='bbox 1024 4091 1242 4153; x_wconf 89' lang='lat' dir='ltr'><strong>quanto</strong></span> <span class='ocrx_word' id='word_1_557' title='bbox 1289 4082 1349 4137; x_wconf 91' lang='lat' dir='ltr'><strong>in</strong></span> <span class='ocrx_word' id='word_1_558' title='bbox 1394 4098 1608 4140; x_wconf 87' lang='lat' dir='ltr'><strong>morem</strong></span> <span class='ocrx_word' id='word_1_559' title='bbox 1655 4083 1866 4141; x_wconf 91' lang='lat' dir='ltr'><strong>clibani</strong></span> 
     </span>
    </p>
   </div>
   <div class='ocr_carea' id='block_1_76' title="bbox 165 4171 1862 4243">
    <p class='ocr_par' dir='ltr' id='par_1_76' title="bbox 165 4171 1862 4243">
     <span class='ocr_line' id='line_1_76' title="bbox 165 4171 1862 4243; baseline 0 -15"><span class='ocrx_word' id='word_1_560' title='bbox 165 4172 356 4243; x_wconf 89' lang='lat' dir='ltr'><strong>magis</strong></span> <span class='ocrx_word' id='word_1_561' title='bbox 380 4172 723 4227; x_wconf 88' lang='lat' dir='ltr'><strong>occluditur.</strong></span> <span class='ocrx_word' id='word_1_562' title='bbox 765 4173 816 4226; x_wconf 85' lang='lat' dir='ltr'><strong><em>A</em></strong></span> <span class='ocrx_word' id='word_1_563' title='bbox 847 4174 989 4238; x_wconf 80' lang='lat' dir='ltr'><strong>facie</strong></span> <span class='ocrx_word' id='word_1_564' title='bbox 1022 4174 1357 4240; x_wconf 79' lang='lat' dir='ltr'><strong>tempestatis</strong></span> <span class='ocrx_word' id='word_1_565' title='bbox 1374 4173 1545 4238; x_wconf 83' lang='lat' dir='ltr'><strong>famis</strong></span> <span class='ocrx_word' id='word_1_566' title='bbox 1573 4171 1862 4241; x_wconf 80' lang='lat' dir='ltr'><strong>exuritur,</strong></span> 
     </span>
    </p>
   </div>
   <div class='ocr_carea' id='block_1_77' title="bbox 2041 3018 3662 3093">
    <p class='ocr_par' dir='ltr' id='par_1_77' title="bbox 2041 3018 3662 3093">
     <span class='ocr_line' id='line_1_77' title="bbox 2041 3018 3662 3093; baseline -0.001 -16"><span class='ocrx_word' id='word_1_567' title='bbox 2041 3021 2211 3077; x_wconf 73' lang='lat' dir='ltr'><strong>Vnus.</strong></span> <span class='ocrx_word' id='word_1_568' title='bbox 2249 3023 2333 3075; x_wconf 89' lang='grc'>16.</span> <span class='ocrx_word' id='word_1_569' title='bbox 2364 3050 2438 3062; x_wconf 95' lang='grc'><strong>-</strong></span> <span class='ocrx_word' id='word_1_570' title='bbox 2470 3043 2489 3070; x_wconf 76' lang='grc' dir='ltr'>ι</span> <span class='ocrx_word' id='word_1_571' title='bbox 2548 3020 2761 3077; x_wconf 88' lang='lat' dir='ltr'><strong>Cecidit</strong></span> <span class='ocrx_word' id='word_1_572' title='bbox 2818 3035 3027 3077; x_wconf 90' lang='lat' dir='ltr'><strong>corona</strong></span> <span class='ocrx_word' id='word_1_573' title='bbox 3075 3020 3277 3091; x_wconf 90' lang='lat' dir='ltr'><strong>capitis</strong></span> <span class='ocrx_word' id='word_1_574' title='bbox 3315 3019 3514 3076; x_wconf 89' lang='lat' dir='ltr'><strong>nostri.</strong></span> <span class='ocrx_word' id='word_1_575' title='bbox 3561 3018 3662 3093; x_wconf 64' lang='lat' dir='ltr'><strong>Vae</strong></span> 
     </span>
    </p>
   </div>
   <div class='ocr_carea' id='block_1_78' title="bbox 1976 3109 3665 3179">
    <p class='ocr_par' dir='ltr' id='par_1_78' title="bbox 1976 3109 3665 3179">
     <span class='ocr_line' id='line_1_78' title="bbox 1976 3109 3665 3179; baseline -0.002 -14"><span class='ocrx_word' id='word_1_576' title='bbox 1976 3132 1996 3158; x_wconf 77' lang='grc' dir='ltr'><strong><em>ι</em></strong></span> <span class='ocrx_word' id='word_1_577' title='bbox 2035 3110 2217 3177; x_wconf 92' lang='lat' dir='ltr'><strong>nobis,</strong></span> <span class='ocrx_word' id='word_1_578' title='bbox 2266 3109 2407 3179; x_wconf 91' lang='lat' dir='ltr'><strong>quia</strong></span> <span class='ocrx_word' id='word_1_579' title='bbox 2450 3109 2851 3179; x_wconf 89' lang='lat' dir='ltr'><strong>peccavimus!</strong></span> <span class='ocrx_word' id='word_1_580' title='bbox 2891 3130 2912 3157; x_wconf 71' lang='grc' dir='ltr'><strong><em>ι</em></strong></span> <span class='ocrx_word' id='word_1_581' title='bbox 2973 3110 3181 3166; x_wconf 89' lang='lat' dir='ltr'><strong>Corona</strong></span> <span class='ocrx_word' id='word_1_582' title='bbox 3227 3111 3426 3177; x_wconf 76' lang='lat' dir='ltr'><strong>capitis</strong></span> <span class='ocrx_word' id='word_1_583' title='bbox 3488 3110 3665 3163; x_wconf 82' lang='lat' dir='ltr'><strong>nostri</strong></span> 
     </span>
    </p>
   </div>
   <div class='ocr_carea' id='block_1_79' title="bbox 1970 3197 3666 3268">
    <p class='ocr_par' dir='ltr' id='par_1_79' title="bbox 1970 3197 3666 3268">
     <span class='ocr_line' id='line_1_79' title="bbox 1970 3197 3666 3268; baseline -0.002 -14"><span class='ocrx_word' id='word_1_584' title='bbox 1970 3198 2141 3266; x_wconf 87' lang='lat' dir='ltr'><strong>cadit,</strong></span> <span class='ocrx_word' id='word_1_585' title='bbox 2170 3213 2304 3254; x_wconf 91' lang='lat' dir='ltr'><strong>cum</strong></span> <span class='ocrx_word' id='word_1_586' title='bbox 2337 3199 2508 3254; x_wconf 88' lang='lat' dir='ltr'><strong>totius</strong></span> <span class='ocrx_word' id='word_1_587' title='bbox 2556 3198 2737 3253; x_wconf 90' lang='lat' dir='ltr'><strong>nostri</strong></span> <span class='ocrx_word' id='word_1_588' title='bbox 2783 3198 3005 3268; x_wconf 64' lang='lat' dir='ltr'><strong>prwmii</strong></span> <span class='ocrx_word' id='word_1_589' title='bbox 3046 3212 3194 3267; x_wconf 90' lang='lat' dir='ltr'><strong>spes,</strong></span> <span class='ocrx_word' id='word_1_590' title='bbox 3246 3197 3291 3252; x_wconf 89' lang='lat' dir='ltr'><strong>si</strong></span> <span class='ocrx_word' id='word_1_591' title='bbox 3323 3211 3443 3267; x_wconf 85' lang='lat' dir='ltr'><strong>qua</strong></span> <span class='ocrx_word' id='word_1_592' title='bbox 3471 3210 3666 3267; x_wconf 91' lang='lat' dir='ltr'><strong>quon—</strong></span> 
     </span>
    </p>
   </div>
   <div class='ocr_carea' id='block_1_80' title="bbox 1971 3284 3666 3352">
    <p class='ocr_par' dir='ltr' id='par_1_80' title="bbox 1971 3284 3666 3352">
     <span class='ocr_line' id='line_1_80' title="bbox 1971 3284 3666 3352; baseline -0.002 -10"><span class='ocrx_word' id='word_1_593' title='bbox 1971 3287 2102 3342; x_wconf 90' lang='lat' dir='ltr'><strong>dam</strong></span> <span class='ocrx_word' id='word_1_594' title='bbox 2141 3286 2292 3342; x_wconf 91' lang='lat' dir='ltr'><strong>bona</strong></span> <span class='ocrx_word' id='word_1_595' title='bbox 2322 3285 2580 3352; x_wconf 90' lang='lat' dir='ltr'><strong>fecimus,</strong></span> <span class='ocrx_word' id='word_1_596' title='bbox 2614 3285 2909 3342; x_wconf 88' lang='lat' dir='ltr'><strong>inanescit.</strong></span> <span class='ocrx_word' id='word_1_597' title='bbox 2944 3286 3273 3342; x_wconf 86' lang='lat' dir='ltr'><strong>Victoribus</strong></span> <span class='ocrx_word' id='word_1_598' title='bbox 3315 3286 3470 3341; x_wconf 92' lang='lat' dir='ltr'><strong>enim</strong></span> <span class='ocrx_word' id='word_1_599' title='bbox 3516 3284 3666 3340; x_wconf 87' lang='lat' dir='ltr'><strong>anti-</strong></span> 
     </span>
    </p>
   </div>
   <div class='ocr_carea' id='block_1_81' title="bbox 1971 3374 3667 3445">
    <p class='ocr_par' dir='ltr' id='par_1_81' title="bbox 1971 3374 3667 3445">
     <span class='ocr_line' id='line_1_81' title="bbox 1971 3374 3667 3445; baseline -0.001 -14"><span class='ocrx_word' id='word_1_600' title='bbox 1971 3376 2171 3445; x_wconf 90' lang='lat' dir='ltr'><strong>quitus</strong></span> <span class='ocrx_word' id='word_1_601' title='bbox 2207 3388 2419 3430; x_wconf 90' lang='lat' dir='ltr'><strong>corona</strong></span> <span class='ocrx_word' id='word_1_602' title='bbox 2463 3375 2733 3444; x_wconf 90' lang='lat' dir='ltr'><strong>dabatur,</strong></span> <span class='ocrx_word' id='word_1_603' title='bbox 2777 3374 2875 3431; x_wconf 91' lang='lat' dir='ltr'><strong>sed</strong></span> <span class='ocrx_word' id='word_1_604' title='bbox 2924 3375 3165 3430; x_wconf 87' lang='lat' dir='ltr'><strong>victoria</strong></span> <span class='ocrx_word' id='word_1_605' title='bbox 3194 3374 3356 3430; x_wconf 88' lang='lat' dir='ltr'><strong>nulla</strong></span> <span class='ocrx_word' id='word_1_606' title='bbox 3398 3377 3500 3440; x_wconf 86' lang='lat' dir='ltr'><strong>est,</strong></span> <span class='ocrx_word' id='word_1_607' title='bbox 3535 3387 3667 3443; x_wconf 76' lang='lat' dir='ltr'><strong>quae</strong></span> 
     </span>
    </p>
   </div>
   <div class='ocr_carea' id='block_1_82' title="bbox 1970 3464 2569 3537">
    <p class='ocr_par' dir='ltr' id='par_1_82' title="bbox 1970 3464 2569 3537">
     <span class='ocr_line' id='line_1_82' title="bbox 1970 3464 2569 3537; baseline -0.002 -17"><span class='ocrx_word' id='word_1_608' title='bbox 1970 3464 2193 3520; x_wconf 88' lang='lat' dir='ltr'><strong>defectu</strong></span> <span class='ocrx_word' id='word_1_609' title='bbox 2213 3472 2437 3520; x_wconf 86' lang='lat' dir='ltr'><strong>cassata</strong></span> <span class='ocrx_word' id='word_1_610' title='bbox 2465 3471 2569 3537; x_wconf 85' lang='lat' dir='ltr'><strong>est.</strong></span> 
     </span>
    </p>
   </div>
   <div class='ocr_carea' id='block_1_83' title="bbox 2042 3550 3668 3620">
    <p class='ocr_par' dir='ltr' id='par_1_83' title="bbox 2042 3550 3668 3620">
     <span class='ocr_line' id='line_1_83' title="bbox 2042 3550 3668 3620; baseline -0.001 -13"><span class='ocrx_word' id='word_1_611' title='bbox 2042 3552 2214 3608; x_wconf 72' lang='lat' dir='ltr'><strong>Vens.</strong></span> <span class='ocrx_word' id='word_1_612' title='bbox 2249 3553 2332 3618; x_wconf 85' lang='grc'>17,</span> <span class='ocrx_word' id='word_1_613' title='bbox 2372 3554 2454 3606; x_wconf 88' lang='grc'><strong>18.</strong></span> <span class='ocrx_word' id='word_1_614' title='bbox 2488 3580 2559 3593; x_wconf 94' lang='grc'><strong><em>-</em></strong></span> <span class='ocrx_word' id='word_1_615' title='bbox 2610 3574 2631 3600; x_wconf 79' lang='grc' dir='ltr'>ι</span> <span class='ocrx_word' id='word_1_616' title='bbox 2676 3552 2983 3620; x_wconf 91' lang='lat' dir='ltr'><strong>Propterea</strong></span> <span class='ocrx_word' id='word_1_617' title='bbox 3015 3558 3284 3606; x_wconf 67' lang='lat' dir='ltr'><strong>maestum</strong></span> <span class='ocrx_word' id='word_1_618' title='bbox 3328 3550 3542 3606; x_wconf 90' lang='lat' dir='ltr'><strong>factum</strong></span> <span class='ocrx_word' id='word_1_619' title='bbox 3582 3557 3668 3606; x_wconf 89' lang='lat' dir='ltr'><strong>est</strong></span> 
     </span>
    </p>
   </div>
   <div class='ocr_carea' id='block_1_84' title="bbox 1976 3638 3665 3706">
    <p class='ocr_par' dir='ltr' id='par_1_84' title="bbox 1976 3638 3665 3706">
     <span class='ocr_line' id='line_1_84' title="bbox 1976 3638 3665 3706; baseline -0.001 -12"><span class='ocrx_word' id='word_1_620' title='bbox 1976 3661 1996 3687; x_wconf 79' lang='grc' dir='ltr'><strong><em>ι</em></strong></span> <span class='ocrx_word' id='word_1_621' title='bbox 2033 3640 2091 3693; x_wconf 92' lang='lat' dir='ltr'><strong>in</strong></span> <span class='ocrx_word' id='word_1_622' title='bbox 2143 3638 2336 3694; x_wconf 89' lang='lat' dir='ltr'><strong>dolore</strong></span> <span class='ocrx_word' id='word_1_623' title='bbox 2408 3653 2507 3694; x_wconf 89' lang='lat' dir='ltr'><strong>cor</strong></span> <span class='ocrx_word' id='word_1_624' title='bbox 2561 3646 2844 3706; x_wconf 91' lang='lat' dir='ltr'><strong>nostrum,</strong></span> <span class='ocrx_word' id='word_1_625' title='bbox 2906 3638 3030 3693; x_wconf 90' lang='lat' dir='ltr'><strong>ideo</strong></span> <span class='ocrx_word' id='word_1_626' title='bbox 3080 3638 3472 3693; x_wconf 85' lang='lat' dir='ltr'><strong>contenebrati</strong></span> <span class='ocrx_word' id='word_1_627' title='bbox 3527 3644 3665 3693; x_wconf 89' lang='lat' dir='ltr'><strong>sunt</strong></span> 
     </span>
    </p>
   </div>
   <div class='ocr_carea' id='block_1_85' title="bbox 1977 3723 3664 3795">
    <p class='ocr_par' dir='ltr' id='par_1_85' title="bbox 1977 3723 3664 3795">
     <span class='ocr_line' id='line_1_85' title="bbox 1977 3723 3664 3795; baseline -0.002 -12"><span class='ocrx_word' id='word_1_628' title='bbox 1977 3749 1998 3776; x_wconf 74' lang='grc' dir='ltr'><strong><em>ι</em></strong></span> <span class='ocrx_word' id='word_1_629' title='bbox 2031 3726 2184 3783; x_wconf 88' lang='lat' dir='ltr'><strong>oculi</strong></span> <span class='ocrx_word' id='word_1_630' title='bbox 2212 3726 2411 3782; x_wconf 90' lang='lat' dir='ltr'><strong>nostri.</strong></span> <span class='ocrx_word' id='word_1_631' title='bbox 2463 3727 2699 3795; x_wconf 90' lang='lat' dir='ltr'><strong>Propter</strong></span> <span class='ocrx_word' id='word_1_632' title='bbox 2745 3732 2994 3781; x_wconf 90' lang='lat' dir='ltr'><strong>montem</strong></span> <span class='ocrx_word' id='word_1_633' title='bbox 3023 3724 3152 3780; x_wconf 92' lang='lat' dir='ltr'><strong>Sion</strong></span> <span class='ocrx_word' id='word_1_634' title='bbox 3204 3726 3344 3795; x_wconf 89' lang='lat' dir='ltr'><strong>quia</strong></span> <span class='ocrx_word' id='word_1_635' title='bbox 3387 3723 3664 3793; x_wconf 87' lang='lat' dir='ltr'><strong>disperiit,</strong></span> 
     </span>
    </p>
   </div>
   <div class='ocr_carea' id='block_1_86' title="bbox 1978 3811 3665 3883">
    <p class='ocr_par' dir='ltr' id='par_1_86' title="bbox 1978 3811 3665 3883">
     <span class='ocr_line' id='line_1_86' title="bbox 1978 3811 3665 3883; baseline -0.002 -14"><span class='ocrx_word' id='word_1_636' title='bbox 1978 3834 1999 3863; x_wconf 76' lang='grc' dir='ltr'><strong><em>ι</em></strong></span> <span class='ocrx_word' id='word_1_637' title='bbox 2032 3814 2234 3883; x_wconf 90' lang='lat' dir='ltr'><strong>vulpes</strong></span> <span class='ocrx_word' id='word_1_638' title='bbox 2288 3813 2738 3870; x_wconf 89' lang='lat' dir='ltr'><strong>ambulaverunt</strong></span> <span class='ocrx_word' id='word_1_639' title='bbox 2792 3814 2849 3868; x_wconf 91' lang='lat' dir='ltr'><strong>in</strong></span> <span class='ocrx_word' id='word_1_640' title='bbox 2894 3828 2981 3868; x_wconf 91' lang='lat' dir='ltr'><strong>eo.</strong></span> <span class='ocrx_word' id='word_1_641' title='bbox 3034 3833 3062 3864; x_wconf 88' lang='lat'><strong>»</strong></span> <span class='ocrx_word' id='word_1_642' title='bbox 3105 3811 3265 3878; x_wconf 90' lang='lat' dir='ltr'><strong>Quod</strong></span> <span class='ocrx_word' id='word_1_643' title='bbox 3313 3820 3396 3868; x_wconf 91' lang='lat' dir='ltr'><strong>est</strong></span> <span class='ocrx_word' id='word_1_644' title='bbox 3439 3812 3665 3867; x_wconf 88' lang='lat' dir='ltr'><strong>dicere:</strong></span> 
     </span>
    </p>
   </div>
   <div class='ocr_carea' id='block_1_87' title="bbox 1973 3899 3670 3971">
    <p class='ocr_par' dir='ltr' id='par_1_87' title="bbox 1973 3899 3670 3971">
     <span class='ocr_line' id='line_1_87' title="bbox 1973 3899 3670 3971; baseline -0.001 -14"><span class='ocrx_word' id='word_1_645' title='bbox 1973 3902 2117 3966; x_wconf 91' lang='lat' dir='ltr'><strong>Quia</strong></span> <span class='ocrx_word' id='word_1_646' title='bbox 2148 3916 2183 3957; x_wconf 92' lang='lat' dir='ltr'><strong>a</strong></span> <span class='ocrx_word' id='word_1_647' title='bbox 2223 3915 2434 3958; x_wconf 87' lang='lat' dir='ltr'><strong>corona</strong></span> <span class='ocrx_word' id='word_1_648' title='bbox 2483 3901 2822 3969; x_wconf 90' lang='lat' dir='ltr'><strong>destitimus,</strong></span> <span class='ocrx_word' id='word_1_649' title='bbox 2869 3911 2923 3957; x_wconf 91' lang='lat' dir='ltr'><strong>et</strong></span> <span class='ocrx_word' id='word_1_650' title='bbox 2953 3901 3024 3956; x_wconf 88' lang='lat' dir='ltr'><strong>ad</strong></span> <span class='ocrx_word' id='word_1_651' title='bbox 3066 3916 3153 3957; x_wconf 61' lang='lat' dir='ltr'><strong>va</strong></span> <span class='ocrx_word' id='word_1_652' title='bbox 3191 3901 3262 3957; x_wconf 94' lang='lat' dir='ltr'><strong>ob</strong></span> <span class='ocrx_word' id='word_1_653' title='bbox 3305 3907 3536 3971; x_wconf 89' lang='lat' dir='ltr'><strong>peccata</strong></span> <span class='ocrx_word' id='word_1_654' title='bbox 3565 3899 3670 3955; x_wconf 89' lang='lat' dir='ltr'><strong>de-</strong></span> 
     </span>
    </p>
   </div>
   <div class='ocr_carea' id='block_1_88' title="bbox 1973 3988 3670 4060">
    <p class='ocr_par' dir='ltr' id='par_1_88' title="bbox 1973 3988 3670 4060">
     <span class='ocr_line' id='line_1_88' title="bbox 1973 3988 3670 4060; baseline -0.002 -14"><span class='ocrx_word' id='word_1_655' title='bbox 1973 3989 2260 4057; x_wconf 89' lang='lat' dir='ltr'><strong>venimus,</strong></span> <span class='ocrx_word' id='word_1_656' title='bbox 2297 3998 2600 4060; x_wconf 88' lang='lat' dir='ltr'><strong>propterea</strong></span> <span class='ocrx_word' id='word_1_657' title='bbox 2645 3991 2973 4045; x_wconf 75' lang='lat' dir='ltr'><strong>mcestitiam</strong></span> <span class='ocrx_word' id='word_1_658' title='bbox 3022 4005 3088 4045; x_wconf 84' lang='lat' dir='ltr'><strong>ex</strong></span> <span class='ocrx_word' id='word_1_659' title='bbox 3135 3988 3455 4059; x_wconf 87' lang='lat' dir='ltr'><strong>quotidiani</strong></span> <span class='ocrx_word' id='word_1_660' title='bbox 3500 4001 3670 4043; x_wconf 90' lang='lat' dir='ltr'><strong>casus</strong></span> 
     </span>
    </p>
   </div>
   <div class='ocr_carea' id='block_1_89' title="bbox 1976 4076 3670 4148">
    <p class='ocr_par' dir='ltr' id='par_1_89' title="bbox 1976 4076 3670 4148">
     <span class='ocr_line' id='line_1_89' title="bbox 1976 4076 3670 4148; baseline -0.001 -14"><span class='ocrx_word' id='word_1_661' title='bbox 1976 4078 2231 4135; x_wconf 91' lang='lat' dir='ltr'><strong>mordaci</strong></span> <span class='ocrx_word' id='word_1_662' title='bbox 2264 4080 2587 4148; x_wconf 90' lang='lat' dir='ltr'><strong>suspicione</strong></span> <span class='ocrx_word' id='word_1_663' title='bbox 2632 4078 3004 4143; x_wconf 86' lang='lat' dir='ltr'><strong>incurrimus,</strong></span> <span class='ocrx_word' id='word_1_664' title='bbox 3037 4077 3158 4134; x_wconf 90' lang='lat' dir='ltr'><strong>ideo</strong></span> <span class='ocrx_word' id='word_1_665' title='bbox 3190 4078 3263 4133; x_wconf 91' lang='lat' dir='ltr'><strong>ad</strong></span> <span class='ocrx_word' id='word_1_666' title='bbox 3291 4077 3542 4147; x_wconf 88' lang='lat' dir='ltr'><strong>alicujus</strong></span> <span class='ocrx_word' id='word_1_667' title='bbox 3571 4076 3670 4132; x_wconf 79' lang='lat' dir='ltr'><strong>fu-</strong></span> 
     </span>
    </p>
   </div>
   <div class='ocr_carea' id='block_1_90' title="bbox 1976 4167 3673 4238">
    <p class='ocr_par' dir='ltr' id='par_1_90' title="bbox 1976 4167 3673 4238">
     <span class='ocr_line' id='line_1_90' title="bbox 1976 4167 3673 4238; baseline -0.001 -15"><span class='ocrx_word' id='word_1_668' title='bbox 1976 4168 2091 4223; x_wconf 88' lang='lat' dir='ltr'><strong>turi</strong></span> <span class='ocrx_word' id='word_1_669' title='bbox 2119 4167 2255 4224; x_wconf 89' lang='lat' dir='ltr'><strong>boni</strong></span> <span class='ocrx_word' id='word_1_670' title='bbox 2312 4167 2741 4238; x_wconf 89' lang='lat' dir='ltr'><strong>prognosticum</strong></span> <span class='ocrx_word' id='word_1_671' title='bbox 2800 4167 3253 4237; x_wconf 85' lang='lat' dir='ltr'><strong>exspectationes</strong></span> <span class='ocrx_word' id='word_1_672' title='bbox 3311 4172 3520 4222; x_wconf 71' lang='lat' dir='ltr'><strong>nostrze</strong></span> <span class='ocrx_word' id='word_1_673' title='bbox 3565 4180 3673 4221; x_wconf 70' lang='lat' dir='ltr'><strong>cte-</strong></span> 
     </span>
    </p>
   </div>
   <div class='ocr_carea' id='block_1_91' title="bbox 164 4249 3671 4331">
    <p class='ocr_par' dir='ltr' id='par_1_91' title="bbox 164 4249 3671 4331">
     <span class='ocr_line' id='line_1_91' title="bbox 164 4249 3671 4331; baseline -0.002 -14"><span class='ocrx_word' id='word_1_674' title='bbox 164 4275 301 4317; x_wconf 88' lang='lat' dir='ltr'><strong>cum</strong></span> <span class='ocrx_word' id='word_1_675' title='bbox 346 4260 418 4316; x_wconf 93' lang='lat' dir='ltr'><strong>ab</strong></span> <span class='ocrx_word' id='word_1_676' title='bbox 463 4260 737 4317; x_wconf 89' lang='lat' dir='ltr'><strong>instantia</strong></span> <span class='ocrx_word' id='word_1_677' title='bbox 786 4261 1026 4316; x_wconf 70' lang='lat' dir='ltr'><strong>internae</strong></span> <span class='ocrx_word' id='word_1_678' title='bbox 1072 4259 1447 4329; x_wconf 89' lang='lat' dir='ltr'><strong>intemperiei,</strong></span> <span class='ocrx_word' id='word_1_679' title='bbox 1498 4275 1629 4331; x_wconf 70' lang='lat' dir='ltr'><strong>quae</strong></span> <span class='ocrx_word' id='word_1_680' title='bbox 1658 4261 1865 4316; x_wconf 81' lang='lat' dir='ltr'><strong>famem</strong></span> <span class='ocrx_word' id='word_1_681' title='bbox 1906 4249 2225 4320; x_wconf 87' lang='lat' dir='ltr'><strong>Dcutiunt,</strong></span> <span class='ocrx_word' id='word_1_682' title='bbox 2257 4256 2394 4312; x_wconf 91' lang='lat' dir='ltr'><strong>dum</strong></span> <span class='ocrx_word' id='word_1_683' title='bbox 2428 4270 2486 4311; x_wconf 90' lang='lat' dir='ltr'><strong>se</strong></span> <span class='ocrx_word' id='word_1_684' title='bbox 2519 4256 2595 4325; x_wconf 92' lang='lat' dir='ltr'><strong>pii</strong></span> <span class='ocrx_word' id='word_1_685' title='bbox 2644 4256 2830 4311; x_wconf 90' lang='lat' dir='ltr'><strong>meriti</strong></span> <span class='ocrx_word' id='word_1_686' title='bbox 2877 4270 3003 4324; x_wconf 85' lang='lat' dir='ltr'><strong>spes</strong></span> <span class='ocrx_word' id='word_1_687' title='bbox 3051 4255 3226 4310; x_wconf 84' lang='lat' dir='ltr'><strong>nullae</strong></span> <span class='ocrx_word' id='word_1_688' title='bbox 3272 4255 3573 4326; x_wconf 88' lang='lat' dir='ltr'><strong>objiciunt.</strong></span> <span class='ocrx_word' id='word_1_689' title='bbox 3604 4256 3671 4311; x_wconf 90' lang='lat' dir='ltr'><strong>Et</strong></span> 
     </span>
    </p>
   </div>
   <div class='ocr_carea' id='block_1_92' title="bbox 166 4348 1210 4419">
    <p class='ocr_par' dir='ltr' id='par_1_92' title="bbox 166 4348 1210 4419">
     <span class='ocr_line' id='line_1_92' title="bbox 166 4348 1210 4419; baseline -0.003 -14"><span class='ocrx_word' id='word_1_690' title='bbox 166 4348 333 4405; x_wconf 80' lang='lat' dir='ltr'><strong>verbi</strong></span> <span class='ocrx_word' id='word_1_691' title='bbox 361 4349 460 4405; x_wconf 90' lang='lat' dir='ltr'><strong>Dei</strong></span> <span class='ocrx_word' id='word_1_692' title='bbox 490 4350 760 4419; x_wconf 89' lang='lat' dir='ltr'><strong>parturit,</strong></span> <span class='ocrx_word' id='word_1_693' title='bbox 797 4348 1210 4419; x_wconf 86' lang='lat' dir='ltr'><strong>conflagratur.</strong></span> 
     </span>
    </p>
   </div>
   <div class='ocr_carea' id='block_1_93' title="bbox 240 4436 1864 4505">
    <p class='ocr_par' dir='ltr' id='par_1_93' title="bbox 240 4436 1864 4505">
     <span class='ocr_line' id='line_1_93' title="bbox 240 4436 1864 4505; baseline -0.001 -11"><span class='ocrx_word' id='word_1_694' title='bbox 240 4438 417 4494; x_wconf 74' lang='lat' dir='ltr'><strong>Vens.</strong></span> <span class='ocrx_word' id='word_1_695' title='bbox 461 4441 543 4491; x_wconf 91' lang='grc'><strong>11.</strong></span> <span class='ocrx_word' id='word_1_696' title='bbox 585 4468 656 4477; x_wconf 91' lang='lat'><strong>—-</strong></span> <span class='ocrx_word' id='word_1_697' title='bbox 708 4458 737 4485; x_wconf 84' lang='lat'><strong>«</strong></span> <span class='ocrx_word' id='word_1_698' title='bbox 786 4437 1053 4493; x_wconf 85' lang='lat' dir='ltr'><strong>Mulieres</strong></span> <span class='ocrx_word' id='word_1_699' title='bbox 1101 4436 1159 4492; x_wconf 93' lang='lat' dir='ltr'><strong>in</strong></span> <span class='ocrx_word' id='word_1_700' title='bbox 1206 4436 1338 4492; x_wconf 92' lang='lat' dir='ltr'><strong>Sion</strong></span> <span class='ocrx_word' id='word_1_701' title='bbox 1386 4436 1864 4505; x_wconf 89' lang='lat' dir='ltr'><strong>hnmiliaverunt,</strong></span> 
     </span>
    </p>
   </div>
   <div class='ocr_carea' id='block_1_94' title="bbox 172 4518 1869 4597">
    <p class='ocr_par' dir='ltr' id='par_1_94' title="bbox 172 4518 1869 4597">
     <span class='ocr_line' id='line_1_94' title="bbox 172 4518 1869 4597; baseline -0.001 -15"><span class='ocrx_word' id='word_1_702' title='bbox 172 4548 195 4575; x_wconf 75' lang='grc' dir='ltr'><strong><em>ι</em></strong></span> <span class='ocrx_word' id='word_1_703' title='bbox 234 4534 294 4582; x_wconf 88' lang='lat' dir='ltr'><strong>et</strong></span> <span class='ocrx_word' id='word_1_704' title='bbox 322 4526 576 4597; x_wconf 84' lang='lat' dir='ltr'><strong>virgines</strong></span> <span class='ocrx_word' id='word_1_705' title='bbox 616 4518 683 4580; x_wconf 89' lang='lat' dir='ltr'><strong>in</strong></span> <span class='ocrx_word' id='word_1_706' title='bbox 715 4525 1047 4581; x_wconf 90' lang='lat' dir='ltr'><strong>civitatibus</strong></span> <span class='ocrx_word' id='word_1_707' title='bbox 1095 4524 1263 4581; x_wconf 85' lang='lat' dir='ltr'><strong>Juda.</strong></span> <span class='ocrx_word' id='word_1_708' title='bbox 1307 4545 1328 4572; x_wconf 77' lang='grc' dir='ltr'><strong><em>ι</em></strong></span> <span class='ocrx_word' id='word_1_709' title='bbox 1372 4526 1622 4579; x_wconf 84' lang='lat' dir='ltr'><strong>Mulieres</strong></span> <span class='ocrx_word' id='word_1_710' title='bbox 1654 4527 1712 4579; x_wconf 88' lang='lat' dir='ltr'><strong>in</strong></span> <span class='ocrx_word' id='word_1_711' title='bbox 1739 4526 1869 4581; x_wconf 88' lang='lat' dir='ltr'><strong>Sion</strong></span> 
     </span>
    </p>
   </div>
   <div class='ocr_carea' id='block_1_95' title="bbox 168 4612 1867 4683">
    <p class='ocr_par' dir='ltr' id='par_1_95' title="bbox 168 4612 1867 4683">
     <span class='ocr_line' id='line_1_95' title="bbox 168 4612 1867 4683; baseline -0.001 -12"><span class='ocrx_word' id='word_1_712' title='bbox 168 4613 501 4679; x_wconf 86' lang='lat' dir='ltr'><strong>humiliant,</strong></span> <span class='ocrx_word' id='word_1_713' title='bbox 535 4628 666 4670; x_wconf 90' lang='lat' dir='ltr'><strong>cum</strong></span> <span class='ocrx_word' id='word_1_714' title='bbox 700 4612 800 4669; x_wconf 90' lang='lat' dir='ltr'><strong>ubi</strong></span> <span class='ocrx_word' id='word_1_715' title='bbox 832 4612 997 4669; x_wconf 63' lang='lat' dir='ltr'><strong>bona;</strong></span> <span class='ocrx_word' id='word_1_716' title='bbox 1030 4612 1344 4669; x_wconf 88' lang='lat' dir='ltr'><strong>voluntatis</strong></span> <span class='ocrx_word' id='word_1_717' title='bbox 1370 4613 1565 4683; x_wconf 89' lang='lat' dir='ltr'><strong>aliqua</strong></span> <span class='ocrx_word' id='word_1_718' title='bbox 1611 4612 1867 4669; x_wconf 84' lang='lat' dir='ltr'><strong>fecundi-</strong></span> 
     </span>
    </p>
   </div>
   <div class='ocr_carea' id='block_1_96' title="bbox 168 4701 1869 4772">
    <p class='ocr_par' dir='ltr' id='par_1_96' title="bbox 168 4701 1869 4772">
     <span class='ocr_line' id='line_1_96' title="bbox 168 4701 1869 4772; baseline -0.001 -14"><span class='ocrx_word' id='word_1_719' title='bbox 168 4709 259 4758; x_wconf 90' lang='lat' dir='ltr'><strong>tas</strong></span> <span class='ocrx_word' id='word_1_720' title='bbox 289 4701 601 4768; x_wconf 89' lang='lat' dir='ltr'><strong>arridebat,</strong></span> <span class='ocrx_word' id='word_1_721' title='bbox 635 4709 821 4758; x_wconf 91' lang='lat' dir='ltr'><strong>status</strong></span> <span class='ocrx_word' id='word_1_722' title='bbox 847 4701 1210 4757; x_wconf 75' lang='lat' dir='ltr'><strong>conscientiae</strong></span> <span class='ocrx_word' id='word_1_723' title='bbox 1241 4701 1577 4772; x_wconf 83' lang='lat' dir='ltr'><strong>subjugant.</strong></span> <span class='ocrx_word' id='word_1_724' title='bbox 1620 4704 1869 4770; x_wconf 86' lang='lat' dir='ltr'><strong>Virgines</strong></span> 
     </span>
    </p>
   </div>
   <div class='ocr_carea' id='block_1_97' title="bbox 168 4780 1867 4860">
    <p class='ocr_par' dir='ltr' id='par_1_97' title="bbox 168 4780 1867 4860">
     <span class='ocr_line' id='line_1_97' title="bbox 168 4780 1867 4860; baseline 0.001 -15"><span class='ocrx_word' id='word_1_725' title='bbox 168 4795 229 4846; x_wconf 88' lang='lat' dir='ltr'><strong>in</strong></span> <span class='ocrx_word' id='word_1_726' title='bbox 258 4791 576 4845; x_wconf 83' lang='lat' dir='ltr'><strong>civitatibus</strong></span> <span class='ocrx_word' id='word_1_727' title='bbox 594 4791 741 4845; x_wconf 76' lang='lat' dir='ltr'><strong>Iuda</strong></span> <span class='ocrx_word' id='word_1_728' title='bbox 766 4790 981 4860; x_wconf 90' lang='lat' dir='ltr'><strong>pariter</strong></span> <span class='ocrx_word' id='word_1_729' title='bbox 1000 4780 1407 4857; x_wconf 85' lang='lat' dir='ltr'><strong>humiliantur,</strong></span> <span class='ocrx_word' id='word_1_730' title='bbox 1431 4804 1564 4845; x_wconf 91' lang='lat' dir='ltr'><strong>cum</strong></span> <span class='ocrx_word' id='word_1_731' title='bbox 1593 4789 1709 4855; x_wconf 90' lang='lat' dir='ltr'><strong>illa,</strong></span> <span class='ocrx_word' id='word_1_732' title='bbox 1735 4805 1867 4860; x_wconf 64' lang='lat' dir='ltr'><strong>quae</strong></span> 
     </span>
    </p>
   </div>
   <div class='ocr_carea' id='block_1_98' title="bbox 167 4877 1869 4949">
    <p class='ocr_par' dir='ltr' id='par_1_98' title="bbox 167 4877 1869 4949">
     <span class='ocr_line' id='line_1_98' title="bbox 167 4877 1869 4949; baseline -0.002 -14"><span class='ocrx_word' id='word_1_733' title='bbox 167 4886 296 4949; x_wconf 85' lang='lat' dir='ltr'><strong>post</strong></span> <span class='ocrx_word' id='word_1_734' title='bbox 328 4886 625 4948; x_wconf 89' lang='lat' dir='ltr'><strong>peccatum</strong></span> <span class='ocrx_word' id='word_1_735' title='bbox 665 4878 784 4933; x_wconf 88' lang='lat' dir='ltr'><strong>sola</strong></span> <span class='ocrx_word' id='word_1_736' title='bbox 840 4878 1047 4934; x_wconf 90' lang='lat' dir='ltr'><strong>residet</strong></span> <span class='ocrx_word' id='word_1_737' title='bbox 1094 4877 1395 4945; x_wconf 89' lang='lat' dir='ltr'><strong>medicina,</strong></span> <span class='ocrx_word' id='word_1_738' title='bbox 1439 4877 1715 4933; x_wconf 81' lang='lat' dir='ltr'><strong>confessio</strong></span> <span class='ocrx_word' id='word_1_739' title='bbox 1753 4878 1869 4934; x_wconf 89' lang='lat' dir='ltr'><strong>sci-</strong></span> 
     </span>
    </p>
   </div>
   <div class='ocr_carea' id='block_1_99' title="bbox 167 4965 1868 5036">
    <p class='ocr_par' dir='ltr' id='par_1_99' title="bbox 167 4965 1868 5036">
     <span class='ocr_line' id='line_1_99' title="bbox 167 4965 1868 5036; baseline 0 -14"><span class='ocrx_word' id='word_1_740' title='bbox 167 4967 317 5033; x_wconf 88' lang='lat' dir='ltr'><strong>licet,</strong></span> <span class='ocrx_word' id='word_1_741' title='bbox 395 4967 547 5022; x_wconf 90' lang='lat' dir='ltr'><strong>intra</strong></span> <span class='ocrx_word' id='word_1_742' title='bbox 619 4966 1028 5036; x_wconf 90' lang='lat' dir='ltr'><strong>conceptacula</strong></span> <span class='ocrx_word' id='word_1_743' title='bbox 1083 4965 1307 5032; x_wconf 89' lang='lat' dir='ltr'><strong>mentis,</strong></span> <span class='ocrx_word' id='word_1_744' title='bbox 1367 4965 1663 5023; x_wconf 89' lang='lat' dir='ltr'><strong>sterilitate</strong></span> <span class='ocrx_word' id='word_1_745' title='bbox 1705 4966 1868 5023; x_wconf 87' lang='lat' dir='ltr'><strong>dam-</strong></span> 
     </span>
    </p>
   </div>
   <div class='ocr_carea' id='block_1_100' title="bbox 166 5063 368 5111">
    <p class='ocr_par' dir='ltr' id='par_1_100' title="bbox 166 5063 368 5111">
     <span class='ocr_line' id='line_1_100' title="bbox 166 5063 368 5111; baseline -0.005 -1"><span class='ocrx_word' id='word_1_746' title='bbox 166 5063 368 5111; x_wconf 88' lang='lat' dir='ltr'><strong>natur.</strong></span> 
     </span>
    </p>
   </div>
   <div class='ocr_carea' id='block_1_101' title="bbox 238 5142 1865 5214">
    <p class='ocr_par' dir='ltr' id='par_1_101' title="bbox 238 5142 1865 5214">
     <span class='ocr_line' id='line_1_101' title="bbox 238 5142 1865 5214; baseline 0 -16"><span class='ocrx_word' id='word_1_747' title='bbox 238 5142 424 5199; x_wconf 71' lang='lat' dir='ltr'><strong>Vnus.</strong></span> <span class='ocrx_word' id='word_1_748' title='bbox 463 5145 545 5196; x_wconf 88' lang='grc'><strong>12.</strong></span> <span class='ocrx_word' id='word_1_749' title='bbox 576 5172 653 5186; x_wconf 86' lang='grc'><strong>-</strong></span> <span class='ocrx_word' id='word_1_750' title='bbox 676 5165 698 5192; x_wconf 78' lang='grc' dir='ltr'>ι</span> <span class='ocrx_word' id='word_1_751' title='bbox 743 5142 1038 5212; x_wconf 88' lang='lat' dir='ltr'><strong>Principes</strong></span> <span class='ocrx_word' id='word_1_752' title='bbox 1080 5156 1260 5198; x_wconf 89' lang='lat' dir='ltr'><strong>manu</strong></span> <span class='ocrx_word' id='word_1_753' title='bbox 1299 5144 1562 5214; x_wconf 88' lang='lat' dir='ltr'><strong>suspensi</strong></span> <span class='ocrx_word' id='word_1_754' title='bbox 1596 5150 1751 5209; x_wconf 90' lang='lat' dir='ltr'><strong>sunt,</strong></span> <span class='ocrx_word' id='word_1_755' title='bbox 1785 5143 1865 5198; x_wconf 91' lang='lat' dir='ltr'><strong>fa-</strong></span> 
     </span>
    </p>
   </div>
   <div class='ocr_carea' id='block_1_102' title="bbox 171 5218 1870 5299">
    <p class='ocr_par' dir='ltr' id='par_1_102' title="bbox 171 5218 1870 5299">
     <span class='ocr_line' id='line_1_102' title="bbox 171 5218 1870 5299; baseline -0.001 -13"><span class='ocrx_word' id='word_1_756' title='bbox 171 5253 193 5281; x_wconf 76' lang='grc'><strong>»</strong></span> <span class='ocrx_word' id='word_1_757' title='bbox 228 5230 343 5287; x_wconf 89' lang='lat' dir='ltr'><strong>cies</strong></span> <span class='ocrx_word' id='word_1_758' title='bbox 396 5244 604 5286; x_wconf 89' lang='lat' dir='ltr'><strong>senum</strong></span> <span class='ocrx_word' id='word_1_759' title='bbox 656 5245 773 5288; x_wconf 91' lang='lat' dir='ltr'><strong>non</strong></span> <span class='ocrx_word' id='word_1_760' title='bbox 833 5218 1216 5287; x_wconf 82' lang='lat' dir='ltr'><strong>erubuerunt.</strong></span> <span class='ocrx_word' id='word_1_761' title='bbox 1274 5251 1296 5279; x_wconf 76' lang='grc' dir='ltr'><strong>ι</strong></span> <span class='ocrx_word' id='word_1_762' title='bbox 1361 5231 1649 5299; x_wconf 84' lang='lat' dir='ltr'><strong>Principes</strong></span> <span class='ocrx_word' id='word_1_763' title='bbox 1702 5246 1870 5286; x_wconf 86' lang='lat' dir='ltr'><strong>manu</strong></span> 
     </span>
    </p>
   </div>
   <div class='ocr_carea' id='block_1_103' title="bbox 167 5318 1867 5389">
    <p class='ocr_par' dir='ltr' id='par_1_103' title="bbox 167 5318 1867 5389">
     <span class='ocr_line' id='line_1_103' title="bbox 167 5318 1867 5389; baseline 0.001 -16"><span class='ocrx_word' id='word_1_764' title='bbox 167 5319 631 5389; x_wconf 89' lang='lat' dir='ltr'><strong>suspenduntur,</strong></span> <span class='ocrx_word' id='word_1_765' title='bbox 683 5333 815 5375; x_wconf 92' lang='lat' dir='ltr'><strong>cum</strong></span> <span class='ocrx_word' id='word_1_766' title='bbox 868 5318 1274 5374; x_wconf 85' lang='lat' dir='ltr'><strong>sensualitates</strong></span> <span class='ocrx_word' id='word_1_767' title='bbox 1317 5326 1528 5374; x_wconf 63' lang='lat' dir='ltr'><strong>nostrae</strong></span> <span class='ocrx_word' id='word_1_768' title='bbox 1567 5332 1602 5373; x_wconf 93' lang='lat' dir='ltr'><strong>a</strong></span> <span class='ocrx_word' id='word_1_769' title='bbox 1650 5333 1867 5375; x_wconf 91' lang='lat' dir='ltr'><strong>concu-</strong></span> 
     </span>
    </p>
   </div>
   <div class='ocr_carea' id='block_1_104' title="bbox 168 5405 1869 5476">
    <p class='ocr_par' dir='ltr' id='par_1_104' title="bbox 168 5405 1869 5476">
     <span class='ocr_line' id='line_1_104' title="bbox 168 5405 1869 5476; baseline 0 -15"><span class='ocrx_word' id='word_1_770' title='bbox 168 5406 463 5476; x_wconf 74' lang='lat' dir='ltr'><strong>piscentiae</strong></span> <span class='ocrx_word' id='word_1_771' title='bbox 494 5406 742 5462; x_wconf 89' lang='lat' dir='ltr'><strong>carnalis</strong></span> <span class='ocrx_word' id='word_1_772' title='bbox 781 5405 1007 5474; x_wconf 74' lang='lat' dir='ltr'><strong>effectu,</strong></span> <span class='ocrx_word' id='word_1_773' title='bbox 1044 5420 1158 5462; x_wconf 92' lang='lat' dir='ltr'><strong>non</strong></span> <span class='ocrx_word' id='word_1_774' title='bbox 1191 5406 1495 5473; x_wconf 91' lang='lat' dir='ltr'><strong>desiderio,</strong></span> <span class='ocrx_word' id='word_1_775' title='bbox 1547 5406 1645 5462; x_wconf 88' lang='lat' dir='ltr'><strong>sed</strong></span> <span class='ocrx_word' id='word_1_776' title='bbox 1677 5406 1869 5476; x_wconf 86' lang='lat' dir='ltr'><strong>inopia</strong></span> 
     </span>
    </p>
   </div>
   <div class='ocr_carea' id='block_1_105' title="bbox 172 5493 1867 5565">
    <p class='ocr_par' dir='ltr' id='par_1_105' title="bbox 172 5493 1867 5565">
     <span class='ocr_line' id='line_1_105' title="bbox 172 5493 1867 5565; baseline 0.001 -15"><span class='ocrx_word' id='word_1_777' title='bbox 172 5493 572 5565; x_wconf 89' lang='lat' dir='ltr'><strong>possibilitatis</strong></span> <span class='ocrx_word' id='word_1_778' title='bbox 597 5502 889 5551; x_wconf 89' lang='lat' dir='ltr'><strong>arcentur.</strong></span> <span class='ocrx_word' id='word_1_779' title='bbox 920 5496 1110 5550; x_wconf 86' lang='lat' dir='ltr'><strong>Facies</strong></span> <span class='ocrx_word' id='word_1_780' title='bbox 1132 5509 1311 5550; x_wconf 86' lang='lat' dir='ltr'><strong>secum</strong></span> <span class='ocrx_word' id='word_1_781' title='bbox 1342 5509 1449 5549; x_wconf 86' lang='lat' dir='ltr'><strong>non</strong></span> <span class='ocrx_word' id='word_1_782' title='bbox 1496 5494 1867 5564; x_wconf 91' lang='lat' dir='ltr'><strong>erubescunt,</strong></span> 
     </span>
    </p>
   </div>
   <div class='ocr_carea' id='block_1_106' title="bbox 1977 4343 3672 4414">
    <p class='ocr_par' dir='ltr' id='par_1_106' title="bbox 1977 4343 3672 4414">
     <span class='ocr_line' id='line_1_106' title="bbox 1977 4343 3672 4414; baseline -0.001 -15"><span class='ocrx_word' id='word_1_783' title='bbox 1977 4344 2087 4400; x_wconf 92' lang='lat' dir='ltr'><strong>hoc</strong></span> <span class='ocrx_word' id='word_1_784' title='bbox 2109 4344 2170 4400; x_wconf 86' lang='lat' dir='ltr'><strong>fit</strong></span> <span class='ocrx_word' id='word_1_785' title='bbox 2201 4350 2426 4414; x_wconf 82' lang='lat' dir='ltr'><strong>propter</strong></span> <span class='ocrx_word' id='word_1_786' title='bbox 2462 4350 2689 4399; x_wconf 88' lang='lat' dir='ltr'><strong>montem</strong></span> <span class='ocrx_word' id='word_1_787' title='bbox 2736 4345 2885 4411; x_wconf 86' lang='lat' dir='ltr'><strong>Sion,</strong></span> <span class='ocrx_word' id='word_1_788' title='bbox 2934 4343 3073 4414; x_wconf 84' lang='lat' dir='ltr'><strong>quia</strong></span> <span class='ocrx_word' id='word_1_789' title='bbox 3108 4344 3387 4413; x_wconf 89' lang='lat' dir='ltr'><strong>disperiit,</strong></span> <span class='ocrx_word' id='word_1_790' title='bbox 3435 4351 3672 4413; x_wconf 91' lang='lat' dir='ltr'><strong>propter</strong></span> 
     </span>
    </p>
   </div>
   <div class='ocr_carea' id='block_1_107' title="bbox 1974 4432 3671 4503">
    <p class='ocr_par' dir='ltr' id='par_1_107' title="bbox 1974 4432 3671 4503">
     <span class='ocr_line' id='line_1_107' title="bbox 1974 4432 3671 4503; baseline -0.001 -15"><span class='ocrx_word' id='word_1_791' title='bbox 1974 4432 2374 4489; x_wconf 84' lang='lat' dir='ltr'><strong>excellentiam</strong></span> <span class='ocrx_word' id='word_1_792' title='bbox 2405 4432 2686 4499; x_wconf 90' lang='lat' dir='ltr'><strong>videlicet,</strong></span> <span class='ocrx_word' id='word_1_793' title='bbox 2725 4447 2844 4503; x_wconf 90' lang='lat' dir='ltr'><strong>qua</strong></span> <span class='ocrx_word' id='word_1_794' title='bbox 2871 4433 3007 4489; x_wconf 87' lang='lat' dir='ltr'><strong>olim</strong></span> <span class='ocrx_word' id='word_1_795' title='bbox 3039 4433 3258 4488; x_wconf 90' lang='lat' dir='ltr'><strong>imbuta</strong></span> <span class='ocrx_word' id='word_1_796' title='bbox 3292 4444 3456 4488; x_wconf 90' lang='lat' dir='ltr'><strong>mens</strong></span> <span class='ocrx_word' id='word_1_797' title='bbox 3482 4432 3671 4488; x_wconf 90' lang='lat' dir='ltr'><strong>fuerat</strong></span> 
     </span>
    </p>
   </div>
   <div class='ocr_carea' id='block_1_108' title="bbox 1975 4517 3670 4589">
    <p class='ocr_par' dir='ltr' id='par_1_108' title="bbox 1975 4517 3670 4589">
     <span class='ocr_line' id='line_1_108' title="bbox 1975 4517 3670 4589; baseline -0.001 -16"><span class='ocrx_word' id='word_1_798' title='bbox 1975 4518 2187 4574; x_wconf 80' lang='lat' dir='ltr'><strong>divinae</strong></span> <span class='ocrx_word' id='word_1_799' title='bbox 2231 4519 2655 4588; x_wconf 87' lang='lat' dir='ltr'><strong>speculationis,</strong></span> <span class='ocrx_word' id='word_1_800' title='bbox 2689 4533 2820 4589; x_wconf 73' lang='lat' dir='ltr'><strong>quze</strong></span> <span class='ocrx_word' id='word_1_801' title='bbox 2863 4527 3091 4589; x_wconf 90' lang='lat' dir='ltr'><strong>propter</strong></span> <span class='ocrx_word' id='word_1_802' title='bbox 3123 4517 3453 4588; x_wconf 90' lang='lat' dir='ltr'><strong>ingruentia</strong></span> <span class='ocrx_word' id='word_1_803' title='bbox 3491 4518 3670 4573; x_wconf 90' lang='lat' dir='ltr'><strong>menti</strong></span> 
     </span>
    </p>
   </div>
   <div class='ocr_carea' id='block_1_109' title="bbox 1974 4606 3668 4675">
    <p class='ocr_par' dir='ltr' id='par_1_109' title="bbox 1974 4606 3668 4675">
     <span class='ocr_line' id='line_1_109' title="bbox 1974 4606 3668 4675; baseline -0.002 -14"><span class='ocrx_word' id='word_1_804' title='bbox 1974 4607 2117 4661; x_wconf 89' lang='lat' dir='ltr'><strong>vitia</strong></span> <span class='ocrx_word' id='word_1_805' title='bbox 2145 4607 2458 4663; x_wconf 88' lang='lat' dir='ltr'><strong>oblitterari</strong></span> <span class='ocrx_word' id='word_1_806' title='bbox 2500 4607 2858 4663; x_wconf 90' lang='lat' dir='ltr'><strong>commeruit.</strong></span> <span class='ocrx_word' id='word_1_807' title='bbox 2912 4608 3046 4663; x_wconf 88' lang='lat' dir='ltr'><strong>Sion</strong></span> <span class='ocrx_word' id='word_1_808' title='bbox 3103 4607 3255 4662; x_wconf 90' lang='lat' dir='ltr'><strong>enim</strong></span> <span class='ocrx_word' id='word_1_809' title='bbox 3307 4609 3367 4661; x_wconf 88' lang='lat' dir='ltr'><strong>in</strong></span> <span class='ocrx_word' id='word_1_810' title='bbox 3394 4606 3668 4675; x_wconf 85' lang='lat' dir='ltr'><strong>speculam</strong></span> 
     </span>
    </p>
   </div>
   <div class='ocr_carea' id='block_1_110' title="bbox 1975 4693 3671 4766">
    <p class='ocr_par' dir='ltr' id='par_1_110' title="bbox 1975 4693 3671 4766">
     <span class='ocr_line' id='line_1_110' title="bbox 1975 4693 3671 4766; baseline -0.001 -16"><span class='ocrx_word' id='word_1_811' title='bbox 1975 4696 2241 4751; x_wconf 89' lang='lat' dir='ltr'><strong>vertitur.</strong></span> <span class='ocrx_word' id='word_1_812' title='bbox 2278 4696 2344 4750; x_wconf 94' lang='lat' dir='ltr'><strong>In</strong></span> <span class='ocrx_word' id='word_1_813' title='bbox 2376 4696 2481 4751; x_wconf 90' lang='lat' dir='ltr'><strong>hoc</strong></span> <span class='ocrx_word' id='word_1_814' title='bbox 2509 4704 2698 4752; x_wconf 84' lang='lat' dir='ltr'><strong>monte</strong></span> <span class='ocrx_word' id='word_1_815' title='bbox 2737 4697 2922 4766; x_wconf 80' lang='lat' dir='ltr'><strong>vulpes</strong></span> <span class='ocrx_word' id='word_1_816' title='bbox 2966 4695 3285 4761; x_wconf 88' lang='lat' dir='ltr'><strong>ambulant,</strong></span> <span class='ocrx_word' id='word_1_817' title='bbox 3332 4694 3472 4764; x_wconf 92' lang='lat' dir='ltr'><strong>quia</strong></span> <span class='ocrx_word' id='word_1_818' title='bbox 3501 4693 3671 4749; x_wconf 90' lang='lat' dir='ltr'><strong>istam</strong></span> 
     </span>
    </p>
   </div>
   <div class='ocr_carea' id='block_1_111' title="bbox 1977 4782 3673 4853">
    <p class='ocr_par' dir='ltr' id='par_1_111' title="bbox 1977 4782 3673 4853">
     <span class='ocr_line' id='line_1_111' title="bbox 1977 4782 3673 4853; baseline 0 -15"><span class='ocrx_word' id='word_1_819' title='bbox 1977 4784 2426 4853; x_wconf 88' lang='lat' dir='ltr'><strong>perfunctoriam</strong></span> <span class='ocrx_word' id='word_1_820' title='bbox 2473 4786 2828 4841; x_wconf 84' lang='lat' dir='ltr'><strong>sonctitatem</strong></span> <span class='ocrx_word' id='word_1_821' title='bbox 2869 4786 3194 4841; x_wconf 70' lang='lat' dir='ltr'><strong>daemonum</strong></span> <span class='ocrx_word' id='word_1_822' title='bbox 3241 4782 3577 4839; x_wconf 88' lang='lat' dir='ltr'><strong>calliditates</strong></span> <span class='ocrx_word' id='word_1_823' title='bbox 3616 4790 3673 4838; x_wconf 90' lang='lat' dir='ltr'><strong>et</strong></span> 
     </span>
    </p>
   </div>
   <div class='ocr_carea' id='block_1_112' title="bbox 1977 4870 3671 4929">
    <p class='ocr_par' dir='ltr' id='par_1_112' title="bbox 1977 4870 3671 4929">
     <span class='ocr_line' id='line_1_112' title="bbox 1977 4870 3671 4929; baseline 0 -2"><span class='ocrx_word' id='word_1_824' title='bbox 1977 4871 2344 4927; x_wconf 89' lang='lat' dir='ltr'><strong>tenebrarum</strong></span> <span class='ocrx_word' id='word_1_825' title='bbox 2396 4873 2543 4928; x_wconf 90' lang='lat' dir='ltr'><strong>facta</strong></span> <span class='ocrx_word' id='word_1_826' title='bbox 2587 4873 2948 4929; x_wconf 89' lang='lat' dir='ltr'><strong>conculcant.</strong></span> <span class='ocrx_word' id='word_1_827' title='bbox 2991 4872 3220 4929; x_wconf 81' lang='lat' dir='ltr'><strong>Animal</strong></span> <span class='ocrx_word' id='word_1_828' title='bbox 3262 4871 3415 4928; x_wconf 90' lang='lat' dir='ltr'><strong>enim</strong></span> <span class='ocrx_word' id='word_1_829' title='bbox 3448 4870 3671 4927; x_wconf 90' lang='lat' dir='ltr'><strong>subdo-</strong></span> 
     </span>
    </p>
   </div>
   <div class='ocr_carea' id='block_1_113' title="bbox 1978 4959 3183 5031">
    <p class='ocr_par' dir='ltr' id='par_1_113' title="bbox 1978 4959 3183 5031">
     <span class='ocr_line' id='line_1_113' title="bbox 1978 4959 3183 5031; baseline 0 -16"><span class='ocrx_word' id='word_1_830' title='bbox 1978 4959 2097 5015; x_wconf 91' lang='lat' dir='ltr'><strong>lum</strong></span> <span class='ocrx_word' id='word_1_831' title='bbox 2121 4968 2223 5022; x_wconf 85' lang='lat' dir='ltr'><strong>est,</strong></span> <span class='ocrx_word' id='word_1_832' title='bbox 2251 4967 2307 5016; x_wconf 92' lang='lat' dir='ltr'><strong>et</strong></span> <span class='ocrx_word' id='word_1_833' title='bbox 2344 4960 2500 5031; x_wconf 92' lang='lat' dir='ltr'><strong>quod</strong></span> <span class='ocrx_word' id='word_1_834' title='bbox 2530 4961 2817 5017; x_wconf 91' lang='lat' dir='ltr'><strong>cuniculis</strong></span> <span class='ocrx_word' id='word_1_835' title='bbox 2848 4962 3183 5018; x_wconf 87' lang='lat' dir='ltr'><strong>delectetur.</strong></span> 
     </span>
    </p>
   </div>
   <div class='ocr_carea' id='block_1_114' title="bbox 2047 5046 3669 5115">
    <p class='ocr_par' dir='ltr' id='par_1_114' title="bbox 2047 5046 3669 5115">
     <span class='ocr_line' id='line_1_114' title="bbox 2047 5046 3669 5115; baseline -0.002 -10"><span class='ocrx_word' id='word_1_836' title='bbox 2047 5047 2219 5105; x_wconf 71' lang='lat' dir='ltr'><strong>Vens.</strong></span> <span class='ocrx_word' id='word_1_837' title='bbox 2257 5050 2340 5102; x_wconf 89' lang='lat' dir='ltr'><strong>l9.</strong></span> <span class='ocrx_word' id='word_1_838' title='bbox 2370 5079 2440 5088; x_wconf 90' lang='lat'><strong><em>—</em></strong></span> <span class='ocrx_word' id='word_1_839' title='bbox 2495 5070 2515 5096; x_wconf 77' lang='grc' dir='ltr'>ι</span> <span class='ocrx_word' id='word_1_840' title='bbox 2577 5048 2664 5103; x_wconf 89' lang='lat' dir='ltr'><strong>Tu</strong></span> <span class='ocrx_word' id='word_1_841' title='bbox 2712 5055 2926 5113; x_wconf 90' lang='lat' dir='ltr'><strong>autem,</strong></span> <span class='ocrx_word' id='word_1_842' title='bbox 2976 5048 3232 5115; x_wconf 86' lang='lat' dir='ltr'><strong>Domine,</strong></span> <span class='ocrx_word' id='word_1_843' title='bbox 3281 5046 3340 5103; x_wconf 91' lang='lat' dir='ltr'><strong>in</strong></span> <span class='ocrx_word' id='word_1_844' title='bbox 3387 5054 3669 5103; x_wconf 62' lang='lat' dir='ltr'><strong>aeternum</strong></span> 
     </span>
    </p>
   </div>
   <div class='ocr_carea' id='block_1_115' title="bbox 1983 5136 3669 5206">
    <p class='ocr_par' dir='ltr' id='par_1_115' title="bbox 1983 5136 3669 5206">
     <span class='ocr_line' id='line_1_115' title="bbox 1983 5136 3669 5206; baseline 0.004 -20"><span class='ocrx_word' id='word_1_845' title='bbox 1983 5158 2003 5185; x_wconf 74' lang='grc' dir='ltr'><strong><em>ι</em></strong></span> <span class='ocrx_word' id='word_1_846' title='bbox 2043 5150 2363 5206; x_wconf 88' lang='lat' dir='ltr'><strong>permanes,</strong></span> <span class='ocrx_word' id='word_1_847' title='bbox 2396 5137 2602 5192; x_wconf 90' lang='lat' dir='ltr'><strong>solium</strong></span> <span class='ocrx_word' id='word_1_848' title='bbox 2635 5143 2801 5192; x_wconf 91' lang='lat' dir='ltr'><strong>tuum</strong></span> <span class='ocrx_word' id='word_1_849' title='bbox 2849 5136 2909 5190; x_wconf 92' lang='lat' dir='ltr'><strong>in</strong></span> <span class='ocrx_word' id='word_1_850' title='bbox 2952 5137 3317 5206; x_wconf 84' lang='lat' dir='ltr'><strong>generatione</strong></span> <span class='ocrx_word' id='word_1_851' title='bbox 3344 5143 3399 5192; x_wconf 92' lang='lat' dir='ltr'><strong>et</strong></span> <span class='ocrx_word' id='word_1_852' title='bbox 3427 5149 3669 5206; x_wconf 88' lang='lat' dir='ltr'><strong>genera-</strong></span> 
     </span>
    </p>
   </div>
   <div class='ocr_carea' id='block_1_116' title="bbox 1981 5223 3672 5280">
    <p class='ocr_par' dir='ltr' id='par_1_116' title="bbox 1981 5223 3672 5280">
     <span class='ocr_line' id='line_1_116' title="bbox 1981 5223 3672 5280; baseline 0 -2"><span class='ocrx_word' id='word_1_853' title='bbox 1981 5243 2003 5269; x_wconf 77' lang='grc'><strong>»</strong></span> <span class='ocrx_word' id='word_1_854' title='bbox 2042 5224 2273 5278; x_wconf 90' lang='lat' dir='ltr'><strong>tionem.</strong></span> <span class='ocrx_word' id='word_1_855' title='bbox 2312 5244 2333 5272; x_wconf 75' lang='grc' dir='ltr'><strong>ι</strong></span> <span class='ocrx_word' id='word_1_856' title='bbox 2372 5224 2455 5278; x_wconf 85' lang='lat' dir='ltr'><strong>Ac</strong></span> <span class='ocrx_word' id='word_1_857' title='bbox 2501 5223 2549 5277; x_wconf 89' lang='lat' dir='ltr'><strong>si</strong></span> <span class='ocrx_word' id='word_1_858' title='bbox 2592 5223 2743 5277; x_wconf 88' lang='lat' dir='ltr'><strong>dicat</strong></span> <span class='ocrx_word' id='word_1_859' title='bbox 2774 5238 2786 5276; x_wconf 92' lang='lat'><strong>:</strong></span> <span class='ocrx_word' id='word_1_860' title='bbox 2836 5223 3053 5278; x_wconf 87' lang='lat' dir='ltr'><strong>Horum</strong></span> <span class='ocrx_word' id='word_1_861' title='bbox 3102 5231 3503 5280; x_wconf 90' lang='lat' dir='ltr'><strong>momentanea</strong></span> <span class='ocrx_word' id='word_1_862' title='bbox 3541 5237 3672 5279; x_wconf 80' lang='lat' dir='ltr'><strong>san-</strong></span> 
     </span>
    </p>
   </div>
   <div class='ocr_carea' id='block_1_117' title="bbox 1977 5310 3671 5378">
    <p class='ocr_par' dir='ltr' id='par_1_117' title="bbox 1977 5310 3671 5378">
     <span class='ocr_line' id='line_1_117' title="bbox 1977 5310 3671 5378; baseline 0 -12"><span class='ocrx_word' id='word_1_863' title='bbox 1977 5310 2144 5366; x_wconf 90' lang='lat' dir='ltr'><strong>ctitas</strong></span> <span class='ocrx_word' id='word_1_864' title='bbox 2170 5311 2428 5378; x_wconf 90' lang='lat' dir='ltr'><strong>evanuit,</strong></span> <span class='ocrx_word' id='word_1_865' title='bbox 2464 5310 2561 5365; x_wconf 89' lang='lat' dir='ltr'><strong>sed</strong></span> <span class='ocrx_word' id='word_1_866' title='bbox 2594 5315 2671 5375; x_wconf 82' lang='lat' dir='ltr'><strong>tu,</strong></span> <span class='ocrx_word' id='word_1_867' title='bbox 2707 5311 2761 5365; x_wconf 90' lang='lat' dir='ltr'><strong>id</strong></span> <span class='ocrx_word' id='word_1_868' title='bbox 2783 5319 2867 5366; x_wconf 90' lang='lat' dir='ltr'><strong>est</strong></span> <span class='ocrx_word' id='word_1_869' title='bbox 2907 5310 3009 5377; x_wconf 90' lang='lat' dir='ltr'><strong>tui,</strong></span> <span class='ocrx_word' id='word_1_870' title='bbox 3050 5311 3150 5365; x_wconf 89' lang='lat' dir='ltr'><strong>tibi</strong></span> <span class='ocrx_word' id='word_1_871' title='bbox 3185 5311 3443 5367; x_wconf 88' lang='lat' dir='ltr'><strong>videlicet</strong></span> <span class='ocrx_word' id='word_1_872' title='bbox 3476 5311 3671 5366; x_wconf 91' lang='lat' dir='ltr'><strong>incor-</strong></span> 
     </span>
    </p>
   </div>
   <div class='ocr_carea' id='block_1_118' title="bbox 1976 5406 3673 5476">
    <p class='ocr_par' dir='ltr' id='par_1_118' title="bbox 1976 5406 3673 5476">
     <span class='ocr_line' id='line_1_118' title="bbox 1976 5406 3673 5476; baseline 0.001 -14"><span class='ocrx_word' id='word_1_873' title='bbox 1976 5406 2181 5476; x_wconf 83' lang='lat' dir='ltr'><strong>porati.</strong></span> <span class='ocrx_word' id='word_1_874' title='bbox 2209 5421 2323 5463; x_wconf 91' lang='lat' dir='ltr'><strong>non</strong></span> <span class='ocrx_word' id='word_1_875' title='bbox 2354 5406 2716 5476; x_wconf 90' lang='lat' dir='ltr'><strong>temporarie,</strong></span> <span class='ocrx_word' id='word_1_876' title='bbox 2752 5407 2850 5463; x_wconf 91' lang='lat' dir='ltr'><strong>sed</strong></span> <span class='ocrx_word' id='word_1_877' title='bbox 2879 5406 3229 5463; x_wconf 68' lang='lat' dir='ltr'><strong>mternaliter</strong></span> <span class='ocrx_word' id='word_1_878' title='bbox 3257 5407 3357 5463; x_wconf 90' lang='lat' dir='ltr'><strong>tibi</strong></span> <span class='ocrx_word' id='word_1_879' title='bbox 3382 5407 3673 5463; x_wconf 88' lang='lat' dir='ltr'><strong>obsecun-</strong></span> 
     </span>
    </p>
   </div>
   <div class='ocr_carea' id='block_1_119' title="bbox 1976 5494 3676 5567">
    <p class='ocr_par' dir='ltr' id='par_1_119' title="bbox 1976 5494 3676 5567">
     <span class='ocr_line' id='line_1_119' title="bbox 1976 5494 3676 5567; baseline 0.001 -17"><span class='ocrx_word' id='word_1_880' title='bbox 1976 5495 2115 5551; x_wconf 90' lang='lat' dir='ltr'><strong>dare</strong></span> <span class='ocrx_word' id='word_1_881' title='bbox 2143 5494 2482 5563; x_wconf 88' lang='lat' dir='ltr'><strong>deliberant,</strong></span> <span class='ocrx_word' id='word_1_882' title='bbox 2514 5502 2569 5551; x_wconf 90' lang='lat' dir='ltr'><strong>et</strong></span> <span class='ocrx_word' id='word_1_883' title='bbox 2593 5494 2672 5562; x_wconf 88' lang='lat' dir='ltr'><strong>hi,</strong></span> <span class='ocrx_word' id='word_1_884' title='bbox 2705 5496 2919 5567; x_wconf 90' lang='lat' dir='ltr'><strong>quibus</strong></span> <span class='ocrx_word' id='word_1_885' title='bbox 2948 5509 3014 5551; x_wconf 93' lang='lat' dir='ltr'><strong>ac</strong></span> <span class='ocrx_word' id='word_1_886' title='bbox 3042 5494 3087 5550; x_wconf 89' lang='lat' dir='ltr'><strong>si</strong></span> <span class='ocrx_word' id='word_1_887' title='bbox 3120 5495 3179 5551; x_wconf 92' lang='lat' dir='ltr'><strong>in</strong></span> <span class='ocrx_word' id='word_1_888' title='bbox 3210 5495 3349 5552; x_wconf 87' lang='lat' dir='ltr'><strong>solio</strong></span> <span class='ocrx_word' id='word_1_889' title='bbox 3374 5494 3676 5565; x_wconf 68' lang='lat' dir='ltr'><strong>praesidere</strong></span> 
     </span>
    </p>
   </div>
  </div>
