  <div class='ocr_page' id='page_1' title='image "/cluster/home/n/w/nwhite01/storage/ocr_20150623/156/hvd.32044054760145/249.png"; bbox 0 0 3928 6070; ppageno 0'>
   <div class='ocr_carea' id='block_1_1' title="bbox 241 174 1932 232">
    <p class='ocr_par' dir='ltr' id='par_1_1' title="bbox 241 174 1910 230">
     <span class='ocr_line' id='line_1_1' title="bbox 241 174 1910 230; baseline 0.002 -4"><span class='ocrx_word' id='word_1_1' title='bbox 241 175 344 229; x_wconf 78' lang='grc'><strong>487</strong></span> <span class='ocrx_word' id='word_1_2' title='bbox 1143 175 1204 228; x_wconf 77' lang='grc' dir='ltr'><strong>ν.</strong></span> <span class='ocrx_word' id='word_1_3' title='bbox 1246 174 1577 230; x_wconf 79' lang='lat' dir='ltr'><strong>GUIBERTI</strong></span> <span class='ocrx_word' id='word_1_4' title='bbox 1621 175 1910 230; x_wconf 81' lang='lat' dir='ltr'><strong>ABBATIS</strong></span> 
     </span>
    </p>
   </div>
   <div class='ocr_carea' id='block_1_2' title="bbox 2088 174 2839 232">
    <p class='ocr_par' dir='ltr' id='par_1_2' title="bbox 2088 175 2839 232">
     <span class='ocr_line' id='line_1_2' title="bbox 2088 175 2839 232; baseline 0.003 -2"><span class='ocrx_word' id='word_1_5' title='bbox 2088 175 2282 231; x_wconf 64' lang='lat' dir='ltr'><strong>{ARUE</strong></span> <span class='ocrx_word' id='word_1_6' title='bbox 2322 175 2410 230; x_wconf 83' lang='lat' dir='ltr'><strong>DE</strong></span> <span class='ocrx_word' id='word_1_7' title='bbox 2450 175 2839 232; x_wconf 82' lang='lat' dir='ltr'><strong>NOVIGENTO</strong></span> 
     </span>
    </p>
   </div>
   <div class='ocr_carea' id='block_1_3' title="bbox 3626 178 3736 231">
    <p class='ocr_par' dir='ltr' id='par_1_3' title="bbox 3626 178 3736 231">
     <span class='ocr_line' id='line_1_3' title="bbox 3626 178 3736 231; baseline 0.009 -1"><span class='ocrx_word' id='word_1_8' title='bbox 3626 178 3736 231; x_wconf 85' lang='grc'><strong>488</strong></span> 
     </span>
    </p>
   </div>
   <div class='ocr_carea' id='block_1_4' title="bbox 242 301 3740 376">
    <p class='ocr_par' dir='ltr' id='par_1_4' title="bbox 242 301 3740 376">
     <span class='ocr_line' id='line_1_4' title="bbox 242 301 3740 376; baseline 0 -15"><span class='ocrx_word' id='word_1_9' title='bbox 242 312 298 361; x_wconf 91' lang='lat' dir='ltr'><strong>et</strong></span> <span class='ocrx_word' id='word_1_10' title='bbox 318 319 562 376; x_wconf 88' lang='lat' dir='ltr'><strong>regnare</strong></span> <span class='ocrx_word' id='word_1_11' title='bbox 590 304 868 376; x_wconf 87' lang='lat' dir='ltr'><strong>dignaris,</strong></span> <span class='ocrx_word' id='word_1_12' title='bbox 896 317 1012 360; x_wconf 91' lang='lat' dir='ltr'><strong>non</strong></span> <span class='ocrx_word' id='word_1_13' title='bbox 1041 301 1222 358; x_wconf 92' lang='lat' dir='ltr'><strong>solum</strong></span> <span class='ocrx_word' id='word_1_14' title='bbox 1258 303 1315 358; x_wconf 92' lang='lat' dir='ltr'><strong>in</strong></span> <span class='ocrx_word' id='word_1_15' title='bbox 1359 304 1485 370; x_wconf 87' lang='lat' dir='ltr'><strong>hac,</strong></span> <span class='ocrx_word' id='word_1_16' title='bbox 1534 318 1652 373; x_wconf 91' lang='lat' dir='ltr'><strong>qua</strong></span> <span class='ocrx_word' id='word_1_17' title='bbox 1695 304 1794 360; x_wconf 82' lang='lat' dir='ltr'><strong>tibi</strong></span> <span class='ocrx_word' id='word_1_18' title='bbox 1832 318 1930 360; x_wconf 92' lang='lat' dir='ltr'><strong>na-</strong></span> <span class='ocrx_word' id='word_1_19' title='bbox 1970 309 2016 360; x_wconf 83' lang='lat' dir='ltr'><strong>A</strong></span> <span class='ocrx_word' id='word_1_20' title='bbox 2045 305 2336 374; x_wconf 91' lang='lat' dir='ltr'><strong>quondam</strong></span> <span class='ocrx_word' id='word_1_21' title='bbox 2378 312 2628 374; x_wconf 77' lang='lat' dir='ltr'><strong>expertae</strong></span> <span class='ocrx_word' id='word_1_22' title='bbox 2655 304 2950 375; x_wconf 89' lang='lat' dir='ltr'><strong>principia.</strong></span> <span class='ocrx_word' id='word_1_23' title='bbox 3012 304 3116 361; x_wconf 91' lang='lat' dir='ltr'><strong>Sed</strong></span> <span class='ocrx_word' id='word_1_24' title='bbox 3162 312 3226 362; x_wconf 91' lang='lat' dir='ltr'><strong>tu</strong></span> <span class='ocrx_word' id='word_1_25' title='bbox 3269 320 3368 375; x_wconf 93' lang='lat' dir='ltr'><strong>per</strong></span> <span class='ocrx_word' id='word_1_26' title='bbox 3404 306 3740 362; x_wconf 90' lang='lat' dir='ltr'><strong>obstinatio-</strong></span> 
     </span>
    </p>
   </div>
   <div class='ocr_carea' id='block_1_5' title="bbox 244 393 1936 464">
    <p class='ocr_par' dir='ltr' id='par_1_5' title="bbox 244 393 1936 464">
     <span class='ocr_line' id='line_1_5' title="bbox 244 393 1936 464; baseline 0 -14"><span class='ocrx_word' id='word_1_27' title='bbox 244 403 489 452; x_wconf 89' lang='lat' dir='ltr'><strong>scuntur</strong></span> <span class='ocrx_word' id='word_1_28' title='bbox 533 393 799 464; x_wconf 73' lang='lat' dir='ltr'><strong>praesenti</strong></span> <span class='ocrx_word' id='word_1_29' title='bbox 881 393 1266 463; x_wconf 76' lang='lat' dir='ltr'><strong>generatione,</strong></span> <span class='ocrx_word' id='word_1_30' title='bbox 1337 393 1435 448; x_wconf 90' lang='lat' dir='ltr'><strong>sed</strong></span> <span class='ocrx_word' id='word_1_31' title='bbox 1497 393 1667 448; x_wconf 91' lang='lat' dir='ltr'><strong>etiam</strong></span> <span class='ocrx_word' id='word_1_32' title='bbox 1730 394 1786 448; x_wconf 92' lang='lat' dir='ltr'><strong>in</strong></span> <span class='ocrx_word' id='word_1_33' title='bbox 1839 395 1936 451; x_wconf 89' lang='lat' dir='ltr'><strong>illa</strong></span> 
     </span>
    </p>
   </div>
   <div class='ocr_carea' id='block_1_6' title="bbox 244 482 1933 554">
    <p class='ocr_par' dir='ltr' id='par_1_6' title="bbox 244 482 1933 554">
     <span class='ocr_line' id='line_1_6' title="bbox 244 482 1933 554; baseline 0.001 -15"><span class='ocrx_word' id='word_1_34' title='bbox 244 484 422 554; x_wconf 87' lang='lat' dir='ltr'><strong>hujus</strong></span> <span class='ocrx_word' id='word_1_35' title='bbox 451 483 643 540; x_wconf 62' lang='lat' dir='ltr'><strong>saeculi</strong></span> <span class='ocrx_word' id='word_1_36' title='bbox 699 483 1068 539; x_wconf 90' lang='lat' dir='ltr'><strong>subsecutiva</strong></span> <span class='ocrx_word' id='word_1_37' title='bbox 1109 484 1558 554; x_wconf 90' lang='lat' dir='ltr'><strong>regeneratione,</strong></span> <span class='ocrx_word' id='word_1_38' title='bbox 1589 482 1933 540; x_wconf 80' lang='lat' dir='ltr'><strong>famulatum</strong></span> 
     </span>
    </p>
   </div>
   <div class='ocr_carea' id='block_1_7' title="bbox 243 579 605 642">
    <p class='ocr_par' dir='ltr' id='par_1_7' title="bbox 243 579 605 642">
     <span class='ocr_line' id='line_1_7' title="bbox 243 579 605 642; baseline -0.003 -15"><span class='ocrx_word' id='word_1_39' title='bbox 243 579 605 642; x_wconf 91' lang='lat' dir='ltr'><strong>perpetuant.</strong></span> 
     </span>
    </p>
   </div>
   <div class='ocr_carea' id='block_1_8' title="bbox 313 659 1934 730">
    <p class='ocr_par' dir='ltr' id='par_1_8' title="bbox 313 659 1934 730">
     <span class='ocr_line' id='line_1_8' title="bbox 313 659 1934 730; baseline -0.002 -14"><span class='ocrx_word' id='word_1_40' title='bbox 313 661 482 716; x_wconf 73' lang='lat' dir='ltr'><strong>Vens.</strong></span> <span class='ocrx_word' id='word_1_41' title='bbox 516 662 603 714; x_wconf 82' lang='lat'><strong>20.</strong></span> <span class='ocrx_word' id='word_1_42' title='bbox 638 689 706 699; x_wconf 87' lang='lat'><strong>—-</strong></span> <span class='ocrx_word' id='word_1_43' title='bbox 761 681 781 708; x_wconf 77' lang='grc' dir='ltr'>ι</span> <span class='ocrx_word' id='word_1_44' title='bbox 843 659 1032 726; x_wconf 84' lang='lat' dir='ltr'><strong>Quare</strong></span> <span class='ocrx_word' id='word_1_45' title='bbox 1079 659 1140 715; x_wconf 92' lang='lat' dir='ltr'><strong>in</strong></span> <span class='ocrx_word' id='word_1_46' title='bbox 1195 667 1530 730; x_wconf 88' lang='lat' dir='ltr'><strong>perpetuum</strong></span> <span class='ocrx_word' id='word_1_47' title='bbox 1583 660 1934 716; x_wconf 71' lang='lat' dir='ltr'><strong>Oblivisceris</strong></span> 
     </span>
    </p>
   </div>
   <div class='ocr_carea' id='block_1_9' title="bbox 246 747 1926 818">
    <p class='ocr_par' dir='ltr' id='par_1_9' title="bbox 246 747 1926 818">
     <span class='ocr_line' id='line_1_9' title="bbox 246 747 1926 818; baseline 0 -16"><span class='ocrx_word' id='word_1_48' title='bbox 246 770 268 798; x_wconf 76' lang='grc' dir='ltr'>ι</span> <span class='ocrx_word' id='word_1_49' title='bbox 303 748 502 816; x_wconf 80' lang='lat' dir='ltr'><strong>nostri,</strong></span> <span class='ocrx_word' id='word_1_50' title='bbox 534 748 896 816; x_wconf 91' lang='lat' dir='ltr'><strong>derelinques</strong></span> <span class='ocrx_word' id='word_1_51' title='bbox 927 762 1028 802; x_wconf 91' lang='lat' dir='ltr'><strong>nos</strong></span> <span class='ocrx_word' id='word_1_52' title='bbox 1057 748 1114 801; x_wconf 91' lang='lat' dir='ltr'><strong>in</strong></span> <span class='ocrx_word' id='word_1_53' title='bbox 1146 747 1567 818; x_wconf 82' lang='lat' dir='ltr'><strong>longitudinem</strong></span> <span class='ocrx_word' id='word_1_54' title='bbox 1599 749 1821 804; x_wconf 91' lang='lat' dir='ltr'><strong>dierum</strong></span> <span class='ocrx_word' id='word_1_55' title='bbox 1844 749 1871 802; x_wconf 86' lang='lat'><strong><em>?</em></strong></span> <span class='ocrx_word' id='word_1_56' title='bbox 1907 771 1926 796; x_wconf 68' lang='lat' dir='ltr'><strong>n</strong></span> 
     </span>
    </p>
   </div>
   <div class='ocr_carea' id='block_1_10' title="bbox 241 835 1931 905">
    <p class='ocr_par' dir='ltr' id='par_1_10' title="bbox 241 835 1931 905">
     <span class='ocr_line' id='line_1_10' title="bbox 241 835 1931 905; baseline 0.001 -14"><span class='ocrx_word' id='word_1_57' title='bbox 241 835 295 891; x_wconf 90' lang='lat' dir='ltr'><strong>Si</strong></span> <span class='ocrx_word' id='word_1_58' title='bbox 327 843 409 903; x_wconf 92' lang='lat' dir='ltr'><strong>tu,</strong></span> <span class='ocrx_word' id='word_1_59' title='bbox 445 835 651 905; x_wconf 89' lang='lat' dir='ltr'><strong>inquit,</strong></span> <span class='ocrx_word' id='word_1_60' title='bbox 687 837 801 891; x_wconf 91' lang='lat' dir='ltr'><strong>tuis</strong></span> <span class='ocrx_word' id='word_1_61' title='bbox 833 837 953 891; x_wconf 75' lang='lat' dir='ltr'><strong>haec</strong></span> <span class='ocrx_word' id='word_1_62' title='bbox 982 835 1290 905; x_wconf 89' lang='lat' dir='ltr'><strong>impertiris</strong></span> <span class='ocrx_word' id='word_1_63' title='bbox 1315 835 1521 902; x_wconf 89' lang='lat' dir='ltr'><strong>electis,</strong></span> <span class='ocrx_word' id='word_1_64' title='bbox 1557 844 1619 891; x_wconf 93' lang='lat' dir='ltr'><strong>ut</strong></span> <span class='ocrx_word' id='word_1_65' title='bbox 1669 836 1762 891; x_wconf 92' lang='lat' dir='ltr'><strong>hic</strong></span> <span class='ocrx_word' id='word_1_66' title='bbox 1793 845 1846 892; x_wconf 91' lang='lat' dir='ltr'><strong>et</strong></span> <span class='ocrx_word' id='word_1_67' title='bbox 1876 837 1931 893; x_wconf 91' lang='lat' dir='ltr'><strong>in</strong></span> 
     </span>
    </p>
   </div>
   <div class='ocr_carea' id='block_1_11' title="bbox 241 924 1932 996">
    <p class='ocr_par' dir='ltr' id='par_1_11' title="bbox 241 924 1932 996">
     <span class='ocr_line' id='line_1_11' title="bbox 241 924 1932 996; baseline 0.002 -18"><span class='ocrx_word' id='word_1_68' title='bbox 241 931 530 994; x_wconf 91' lang='lat' dir='ltr'><strong>posterum</strong></span> <span class='ocrx_word' id='word_1_69' title='bbox 562 925 644 980; x_wconf 89' lang='lat' dir='ltr'><strong>tui</strong></span> <span class='ocrx_word' id='word_1_70' title='bbox 674 925 756 980; x_wconf 92' lang='lat' dir='ltr'><strong>eis</strong></span> <span class='ocrx_word' id='word_1_71' title='bbox 787 925 1296 980; x_wconf 85' lang='lat' dir='ltr'><strong>indivisibilitatem</strong></span> <span class='ocrx_word' id='word_1_72' title='bbox 1322 924 1605 994; x_wconf 87' lang='lat' dir='ltr'><strong>largiaris,</strong></span> <span class='ocrx_word' id='word_1_73' title='bbox 1631 939 1754 992; x_wconf 90' lang='lat' dir='ltr'><strong>nos,</strong></span> <span class='ocrx_word' id='word_1_74' title='bbox 1787 940 1932 996; x_wconf 90' lang='lat' dir='ltr'><strong>quos</strong></span> 
     </span>
    </p>
   </div>
   <div class='ocr_carea' id='block_1_12' title="bbox 240 1013 1927 1084">
    <p class='ocr_par' dir='ltr' id='par_1_12' title="bbox 240 1013 1927 1084">
     <span class='ocr_line' id='line_1_12' title="bbox 240 1013 1927 1084; baseline 0.001 -17"><span class='ocrx_word' id='word_1_75' title='bbox 240 1020 368 1068; x_wconf 92' lang='lat' dir='ltr'><strong>ate</strong></span> <span class='ocrx_word' id='word_1_76' title='bbox 423 1013 675 1082; x_wconf 87' lang='lat' dir='ltr'><strong>desipere</strong></span> <span class='ocrx_word' id='word_1_77' title='bbox 747 1013 920 1078; x_wconf 89' lang='lat' dir='ltr'><strong>vides,</strong></span> <span class='ocrx_word' id='word_1_78' title='bbox 984 1021 1038 1068; x_wconf 90' lang='lat' dir='ltr'><strong>et</strong></span> <span class='ocrx_word' id='word_1_79' title='bbox 1094 1013 1427 1082; x_wconf 87' lang='lat' dir='ltr'><strong>resipiscere</strong></span> <span class='ocrx_word' id='word_1_80' title='bbox 1493 1014 1677 1069; x_wconf 84' lang='lat' dir='ltr'><strong>facere</strong></span> <span class='ocrx_word' id='word_1_81' title='bbox 1751 1022 1927 1084; x_wconf 91' lang='lat' dir='ltr'><strong>potes,</strong></span> 
     </span>
    </p>
   </div>
   <div class='ocr_carea' id='block_1_13' title="bbox 240 1101 1933 1171">
    <p class='ocr_par' dir='ltr' id='par_1_13' title="bbox 240 1101 1933 1171">
     <span class='ocr_line' id='line_1_13' title="bbox 240 1101 1933 1171; baseline 0.002 -16"><span class='ocrx_word' id='word_1_82' title='bbox 240 1114 421 1169; x_wconf 91' lang='lat' dir='ltr'><strong>quare</strong></span> <span class='ocrx_word' id='word_1_83' title='bbox 453 1101 544 1156; x_wconf 88' lang='lat' dir='ltr'><strong>hic</strong></span> <span class='ocrx_word' id='word_1_84' title='bbox 573 1109 911 1171; x_wconf 90' lang='lat' dir='ltr'><strong>perpetuum</strong></span> <span class='ocrx_word' id='word_1_85' title='bbox 950 1101 1050 1156; x_wconf 89' lang='lat' dir='ltr'><strong>tibi</strong></span> <span class='ocrx_word' id='word_1_86' title='bbox 1081 1101 1363 1156; x_wconf 84' lang='lat' dir='ltr'><strong>serviendi</strong></span> <span class='ocrx_word' id='word_1_87' title='bbox 1397 1101 1685 1170; x_wconf 72' lang='lat' dir='ltr'><strong>allectum,</strong></span> <span class='ocrx_word' id='word_1_88' title='bbox 1730 1110 1783 1158; x_wconf 91' lang='lat' dir='ltr'><strong>et</strong></span> <span class='ocrx_word' id='word_1_89' title='bbox 1817 1103 1933 1158; x_wconf 90' lang='lat' dir='ltr'><strong>illic</strong></span> 
     </span>
    </p>
   </div>
   <div class='ocr_carea' id='block_1_14' title="bbox 239 1188 1929 1259">
    <p class='ocr_par' dir='ltr' id='par_1_14' title="bbox 239 1188 1929 1259">
     <span class='ocr_line' id='line_1_14' title="bbox 239 1188 1929 1259; baseline 0.002 -15"><span class='ocrx_word' id='word_1_90' title='bbox 239 1188 676 1244; x_wconf 89' lang='lat' dir='ltr'><strong>diuturnitatem</strong></span> <span class='ocrx_word' id='word_1_91' title='bbox 715 1189 1072 1259; x_wconf 86' lang='lat' dir='ltr'><strong>inexplebilis</strong></span> <span class='ocrx_word' id='word_1_92' title='bbox 1112 1189 1256 1246; x_wconf 89' lang='lat' dir='ltr'><strong>lucis</strong></span> <span class='ocrx_word' id='word_1_93' title='bbox 1302 1191 1539 1245; x_wconf 80' lang='lat' dir='ltr'><strong>aufers?</strong></span> <span class='ocrx_word' id='word_1_94' title='bbox 1568 1191 1692 1247; x_wconf 87' lang='lat' dir='ltr'><strong>Vox</strong></span> <span class='ocrx_word' id='word_1_95' title='bbox 1722 1198 1806 1246; x_wconf 91' lang='lat' dir='ltr'><strong>est</strong></span> <span class='ocrx_word' id='word_1_96' title='bbox 1833 1206 1929 1247; x_wconf 90' lang='lat' dir='ltr'><strong>eo-</strong></span> 
     </span>
    </p>
   </div>
   <div class='ocr_carea' id='block_1_15' title="bbox 239 1278 1260 1346">
    <p class='ocr_par' dir='ltr' id='par_1_15' title="bbox 239 1278 1260 1346">
     <span class='ocr_line' id='line_1_15' title="bbox 239 1278 1260 1346; baseline -0.002 -12"><span class='ocrx_word' id='word_1_97' title='bbox 239 1291 372 1334; x_wconf 90' lang='lat' dir='ltr'><strong>rum</strong></span> <span class='ocrx_word' id='word_1_98' title='bbox 402 1279 499 1346; x_wconf 91' lang='lat' dir='ltr'><strong>qui</strong></span> <span class='ocrx_word' id='word_1_99' title='bbox 534 1278 602 1333; x_wconf 91' lang='lat' dir='ltr'><strong>de</strong></span> <span class='ocrx_word' id='word_1_100' title='bbox 631 1293 736 1333; x_wconf 89' lang='lat' dir='ltr'><strong>sua</strong></span> <span class='ocrx_word' id='word_1_101' title='bbox 769 1279 951 1334; x_wconf 88' lang='lat' dir='ltr'><strong>salute</strong></span> <span class='ocrx_word' id='word_1_102' title='bbox 975 1279 1260 1334; x_wconf 65' lang='lat' dir='ltr'><strong>haesitant.</strong></span> 
     </span>
    </p>
   </div>
   <div class='ocr_carea' id='block_1_16' title="bbox 310 1367 1932 1436">
    <p class='ocr_par' dir='ltr' id='par_1_16' title="bbox 310 1367 1932 1436">
     <span class='ocr_line' id='line_1_16' title="bbox 310 1367 1932 1436; baseline 0 -14"><span class='ocrx_word' id='word_1_103' title='bbox 310 1367 480 1423; x_wconf 69' lang='lat' dir='ltr'><strong>Vens.</strong></span> <span class='ocrx_word' id='word_1_104' title='bbox 515 1370 600 1421; x_wconf 83' lang='lat' dir='ltr'><strong>2t.</strong></span> <span class='ocrx_word' id='word_1_105' title='bbox 636 1399 703 1406; x_wconf 94' lang='lat'><strong><em>—</em></strong></span> <span class='ocrx_word' id='word_1_106' title='bbox 742 1389 761 1416; x_wconf 72' lang='grc' dir='ltr'>α</span> <span class='ocrx_word' id='word_1_107' title='bbox 823 1367 1100 1423; x_wconf 87' lang='lat' dir='ltr'><strong>Converte</strong></span> <span class='ocrx_word' id='word_1_108' title='bbox 1156 1381 1276 1432; x_wconf 93' lang='lat' dir='ltr'><strong>nos,</strong></span> <span class='ocrx_word' id='word_1_109' title='bbox 1334 1367 1586 1434; x_wconf 89' lang='lat' dir='ltr'><strong>Domine,</strong></span> <span class='ocrx_word' id='word_1_110' title='bbox 1642 1367 1713 1421; x_wconf 88' lang='lat' dir='ltr'><strong>ad</strong></span> <span class='ocrx_word' id='word_1_111' title='bbox 1757 1375 1830 1436; x_wconf 87' lang='lat' dir='ltr'><strong>te,</strong></span> <span class='ocrx_word' id='word_1_112' title='bbox 1878 1375 1932 1422; x_wconf 89' lang='lat' dir='ltr'><strong>et</strong></span> 
     </span>
    </p>
   </div>
   <div class='ocr_carea' id='block_1_17' title="bbox 245 1455 1932 1525">
    <p class='ocr_par' dir='ltr' id='par_1_17' title="bbox 245 1455 1932 1525">
     <span class='ocr_line' id='line_1_17' title="bbox 245 1455 1932 1525; baseline 0.001 -16"><span class='ocrx_word' id='word_1_113' title='bbox 245 1476 265 1502; x_wconf 74' lang='grc' dir='ltr'><strong><em>ι</em></strong></span> <span class='ocrx_word' id='word_1_114' title='bbox 300 1463 723 1522; x_wconf 87' lang='lat' dir='ltr'><strong>convertemur,</strong></span> <span class='ocrx_word' id='word_1_115' title='bbox 762 1457 971 1510; x_wconf 86' lang='lat' dir='ltr'><strong>innova</strong></span> <span class='ocrx_word' id='word_1_116' title='bbox 1005 1455 1124 1511; x_wconf 89' lang='lat' dir='ltr'><strong>dies</strong></span> <span class='ocrx_word' id='word_1_117' title='bbox 1171 1464 1395 1511; x_wconf 90' lang='lat' dir='ltr'><strong>nostros</strong></span> <span class='ocrx_word' id='word_1_118' title='bbox 1451 1457 1598 1512; x_wconf 86' lang='lat' dir='ltr'><strong>sicut</strong></span> <span class='ocrx_word' id='word_1_119' title='bbox 1629 1470 1661 1510; x_wconf 89' lang='lat' dir='ltr'><strong>a</strong></span> <span class='ocrx_word' id='word_1_120' title='bbox 1714 1455 1932 1525; x_wconf 90' lang='lat' dir='ltr'><strong>princi-</strong></span> 
     </span>
    </p>
   </div>
   <div class='ocr_carea' id='block_1_18' title="bbox 236 1543 1931 1615">
    <p class='ocr_par' dir='ltr' id='par_1_18' title="bbox 236 1543 1931 1615">
     <span class='ocr_line' id='line_1_18' title="bbox 236 1543 1931 1615; baseline 0.003 -20"><span class='ocrx_word' id='word_1_121' title='bbox 236 1563 266 1591; x_wconf 83' lang='lat'><strong>»</strong></span> <span class='ocrx_word' id='word_1_122' title='bbox 303 1543 412 1611; x_wconf 89' lang='lat' dir='ltr'><strong>pio.</strong></span> <span class='ocrx_word' id='word_1_123' title='bbox 471 1545 650 1610; x_wconf 88' lang='lat' dir='ltr'><strong>Certe,</strong></span> <span class='ocrx_word' id='word_1_124' title='bbox 713 1545 920 1614; x_wconf 86' lang='lat' dir='ltr'><strong>inquit,</strong></span> <span class='ocrx_word' id='word_1_125' title='bbox 1003 1545 1045 1599; x_wconf 91' lang='lat' dir='ltr'><strong>si</strong></span> <span class='ocrx_word' id='word_1_126' title='bbox 1105 1552 1167 1599; x_wconf 91' lang='lat' dir='ltr'><strong>tu</strong></span> <span class='ocrx_word' id='word_1_127' title='bbox 1238 1546 1479 1615; x_wconf 78' lang='lat' dir='ltr'><strong>gratiam</strong></span> <span class='ocrx_word' id='word_1_128' title='bbox 1543 1545 1931 1601; x_wconf 88' lang='lat' dir='ltr'><strong>conversionis</strong></span> 
     </span>
    </p>
   </div>
   <div class='ocr_carea' id='block_1_19' title="bbox 2047 394 3740 463">
    <p class='ocr_par' dir='ltr' id='par_1_19' title="bbox 2047 394 3740 463">
     <span class='ocr_line' id='line_1_19' title="bbox 2047 394 3740 463; baseline 0.002 -15"><span class='ocrx_word' id='word_1_129' title='bbox 2047 407 2175 448; x_wconf 90' lang='lat' dir='ltr'><strong>nem</strong></span> <span class='ocrx_word' id='word_1_130' title='bbox 2234 409 2338 449; x_wconf 91' lang='lat' dir='ltr'><strong>nos</strong></span> <span class='ocrx_word' id='word_1_131' title='bbox 2391 395 2639 463; x_wconf 88' lang='lat' dir='ltr'><strong>repellis,</strong></span> <span class='ocrx_word' id='word_1_132' title='bbox 2704 402 2759 450; x_wconf 92' lang='lat' dir='ltr'><strong>et</strong></span> <span class='ocrx_word' id='word_1_133' title='bbox 2838 402 2891 450; x_wconf 91' lang='lat' dir='ltr'><strong>te</strong></span> <span class='ocrx_word' id='word_1_134' title='bbox 2957 394 3169 450; x_wconf 90' lang='lat' dir='ltr'><strong>iratum</strong></span> <span class='ocrx_word' id='word_1_135' title='bbox 3243 395 3740 452; x_wconf 89' lang='lat' dir='ltr'><strong>irremediabiliter</strong></span> 
     </span>
    </p>
   </div>
   <div class='ocr_carea' id='block_1_20' title="bbox 2044 483 2307 537">
    <p class='ocr_par' dir='ltr' id='par_1_20' title="bbox 2044 483 2307 537">
     <span class='ocr_line' id='line_1_20' title="bbox 2044 483 2307 537; baseline -0.004 -1"><span class='ocrx_word' id='word_1_136' title='bbox 2044 483 2307 537; x_wconf 91' lang='lat' dir='ltr'><strong>ostendit.</strong></span> 
     </span>
    </p>
   </div>
   <div class='ocr_carea' id='block_1_21' title="bbox 2111 569 3740 641">
    <p class='ocr_par' dir='ltr' id='par_1_21' title="bbox 2111 569 3740 641">
     <span class='ocr_line' id='line_1_21' title="bbox 2111 569 3740 641; baseline -0.001 -15"><span class='ocrx_word' id='word_1_137' title='bbox 2111 570 2394 636; x_wconf 90' lang='lat' dir='ltr'><strong>Quoniam</strong></span> <span class='ocrx_word' id='word_1_138' title='bbox 2452 571 2682 626; x_wconf 86' lang='lat' dir='ltr'><strong>tandem</strong></span> <span class='ocrx_word' id='word_1_139' title='bbox 2744 586 2974 627; x_wconf 92' lang='lat' dir='ltr'><strong>emenso</strong></span> <span class='ocrx_word' id='word_1_140' title='bbox 3032 571 3463 641; x_wconf 90' lang='lat' dir='ltr'><strong>pertimescendi</strong></span> <span class='ocrx_word' id='word_1_141' title='bbox 3520 569 3740 626; x_wconf 90' lang='lat' dir='ltr'><strong>laboris</strong></span> 
     </span>
    </p>
   </div>
   <div class='ocr_carea' id='block_1_22' title="bbox 2043 658 3740 730">
    <p class='ocr_par' dir='ltr' id='par_1_22' title="bbox 2043 658 3740 730">
     <span class='ocr_line' id='line_1_22' title="bbox 2043 658 3740 730; baseline 0.001 -19"><span class='ocrx_word' id='word_1_142' title='bbox 2043 658 2319 727; x_wconf 90' lang='lat' dir='ltr'><strong>opusculo</strong></span> <span class='ocrx_word' id='word_1_143' title='bbox 2343 673 2442 727; x_wconf 91' lang='lat' dir='ltr'><strong>per</strong></span> <span class='ocrx_word' id='word_1_144' title='bbox 2488 659 2796 715; x_wconf 90' lang='lat' dir='ltr'><strong>immensas</strong></span> <span class='ocrx_word' id='word_1_145' title='bbox 2837 661 3242 728; x_wconf 84' lang='lat' dir='ltr'><strong>mysteriorum</strong></span> <span class='ocrx_word' id='word_1_146' title='bbox 3292 659 3594 730; x_wconf 86' lang='lat' dir='ltr'><strong>voragines</strong></span> <span class='ocrx_word' id='word_1_147' title='bbox 3618 671 3740 713; x_wconf 88' lang='lat' dir='ltr'><strong>ser-</strong></span> 
     </span>
    </p>
   </div>
   <div class='ocr_carea' id='block_1_23' title="bbox 2045 745 3740 817">
    <p class='ocr_par' dir='ltr' id='par_1_23' title="bbox 2045 745 3740 817">
     <span class='ocr_line' id='line_1_23' title="bbox 2045 745 3740 817; baseline -0.001 -16"><span class='ocrx_word' id='word_1_148' title='bbox 2045 761 2138 802; x_wconf 93' lang='lat' dir='ltr'><strong>mo</strong></span> <span class='ocrx_word' id='word_1_149' title='bbox 2169 756 2361 802; x_wconf 86' lang='lat' dir='ltr'><strong>noster</strong></span> <span class='ocrx_word' id='word_1_150' title='bbox 2389 748 2664 814; x_wconf 83' lang='lat' dir='ltr'><strong>enatavit,</strong></span> <span class='ocrx_word' id='word_1_151' title='bbox 2694 748 3084 804; x_wconf 88' lang='lat' dir='ltr'><strong>securrissimo</strong></span> <span class='ocrx_word' id='word_1_152' title='bbox 3106 763 3256 804; x_wconf 91' lang='lat' dir='ltr'><strong>ausu</strong></span> <span class='ocrx_word' id='word_1_153' title='bbox 3276 748 3463 803; x_wconf 89' lang='lat' dir='ltr'><strong>dicam</strong></span> <span class='ocrx_word' id='word_1_154' title='bbox 3493 746 3652 817; x_wconf 86' lang='lat' dir='ltr'><strong>quia,</strong></span> <span class='ocrx_word' id='word_1_155' title='bbox 3675 745 3740 801; x_wconf 90' lang='lat' dir='ltr'><strong>in</strong></span> 
     </span>
    </p>
   </div>
   <div class='ocr_carea' id='block_1_24' title="bbox 2041 835 3742 902">
    <p class='ocr_par' dir='ltr' id='par_1_24' title="bbox 2041 835 3742 902">
     <span class='ocr_line' id='line_1_24' title="bbox 2041 835 3742 902; baseline -0.001 -13"><span class='ocrx_word' id='word_1_156' title='bbox 2041 838 2158 889; x_wconf 91' lang='lat' dir='ltr'><strong>tam</strong></span> <span class='ocrx_word' id='word_1_157' title='bbox 2186 835 2454 890; x_wconf 89' lang='lat' dir='ltr'><strong>horrendi</strong></span> <span class='ocrx_word' id='word_1_158' title='bbox 2496 835 2924 891; x_wconf 89' lang='lat' dir='ltr'><strong>transmissione</strong></span> <span class='ocrx_word' id='word_1_159' title='bbox 2964 836 3090 902; x_wconf 87' lang='lat' dir='ltr'><strong>sali,</strong></span> <span class='ocrx_word' id='word_1_160' title='bbox 3140 835 3328 891; x_wconf 89' lang='lat' dir='ltr'><strong>solum</strong></span> <span class='ocrx_word' id='word_1_161' title='bbox 3357 836 3538 890; x_wconf 91' lang='lat' dir='ltr'><strong>Deum</strong></span> <span class='ocrx_word' id='word_1_162' title='bbox 3570 835 3742 890; x_wconf 88' lang='lat' dir='ltr'><strong>remi-</strong></span> 
     </span>
    </p>
   </div>
   <div class='ocr_carea' id='block_1_25' title="bbox 2044 924 3736 992">
    <p class='ocr_par' dir='ltr' id='par_1_25' title="bbox 2044 924 3736 992">
     <span class='ocr_line' id='line_1_25' title="bbox 2044 924 3736 992; baseline -0.001 -14"><span class='ocrx_word' id='word_1_163' title='bbox 2044 937 2169 991; x_wconf 84' lang='lat' dir='ltr'><strong>gem</strong></span> <span class='ocrx_word' id='word_1_164' title='bbox 2219 932 2272 978; x_wconf 91' lang='lat' dir='ltr'><strong>et</strong></span> <span class='ocrx_word' id='word_1_165' title='bbox 2323 924 2658 980; x_wconf 88' lang='lat' dir='ltr'><strong>nauclerum</strong></span> <span class='ocrx_word' id='word_1_166' title='bbox 2711 925 3028 980; x_wconf 87' lang='lat' dir='ltr'><strong>habuerim.</strong></span> <span class='ocrx_word' id='word_1_167' title='bbox 3071 925 3267 980; x_wconf 92' lang='lat' dir='ltr'><strong>Testor</strong></span> <span class='ocrx_word' id='word_1_168' title='bbox 3320 924 3473 979; x_wconf 90' lang='lat' dir='ltr'><strong>enim</strong></span> <span class='ocrx_word' id='word_1_169' title='bbox 3520 925 3736 992; x_wconf 92' lang='lat' dir='ltr'><strong>ipsum,</strong></span> 
     </span>
    </p>
   </div>
   <div class='ocr_carea' id='block_1_26' title="bbox 2042 1012 3741 1083">
    <p class='ocr_par' dir='ltr' id='par_1_26' title="bbox 2042 1012 3741 1083">
     <span class='ocr_line' id='line_1_26' title="bbox 2042 1012 3741 1083; baseline 0 -17"><span class='ocrx_word' id='word_1_170' title='bbox 2042 1012 2196 1066; x_wconf 90' lang='lat' dir='ltr'><strong>intra</strong></span> <span class='ocrx_word' id='word_1_171' title='bbox 2225 1012 2396 1083; x_wconf 89' lang='lat' dir='ltr'><strong>cujus</strong></span> <span class='ocrx_word' id='word_1_172' title='bbox 2425 1021 2624 1082; x_wconf 91' lang='lat' dir='ltr'><strong>portus</strong></span> <span class='ocrx_word' id='word_1_173' title='bbox 2669 1015 2978 1069; x_wconf 87' lang='lat' dir='ltr'><strong>anchoram</strong></span> <span class='ocrx_word' id='word_1_174' title='bbox 3016 1028 3153 1069; x_wconf 64' lang='lat' dir='ltr'><strong>mea;</strong></span> <span class='ocrx_word' id='word_1_175' title='bbox 3189 1013 3518 1069; x_wconf 89' lang='lat' dir='ltr'><strong>intentionis</strong></span> <span class='ocrx_word' id='word_1_176' title='bbox 3545 1026 3741 1081; x_wconf 91' lang='lat' dir='ltr'><strong>appu—</strong></span> 
     </span>
    </p>
   </div>
   <div class='ocr_carea' id='block_1_27' title="bbox 2041 1100 3740 1172">
    <p class='ocr_par' dir='ltr' id='par_1_27' title="bbox 2041 1100 3740 1172">
     <span class='ocr_line' id='line_1_27' title="bbox 2041 1100 3740 1172; baseline -0.001 -16"><span class='ocrx_word' id='word_1_177' title='bbox 2041 1100 2228 1167; x_wconf 90' lang='lat' dir='ltr'><strong>lerim,</strong></span> <span class='ocrx_word' id='word_1_178' title='bbox 2273 1101 2426 1171; x_wconf 91' lang='lat' dir='ltr'><strong>quod</strong></span> <span class='ocrx_word' id='word_1_179' title='bbox 2476 1101 2549 1156; x_wconf 90' lang='lat' dir='ltr'><strong>ab</strong></span> <span class='ocrx_word' id='word_1_180' title='bbox 2602 1103 2722 1171; x_wconf 91' lang='lat' dir='ltr'><strong>ipso</strong></span> <span class='ocrx_word' id='word_1_181' title='bbox 2759 1102 2994 1158; x_wconf 92' lang='lat' dir='ltr'><strong>exordio</strong></span> <span class='ocrx_word' id='word_1_182' title='bbox 3042 1103 3215 1158; x_wconf 88' lang='lat' dir='ltr'><strong>totius</strong></span> <span class='ocrx_word' id='word_1_183' title='bbox 3264 1102 3440 1172; x_wconf 84' lang='lat' dir='ltr'><strong>hujus</strong></span> <span class='ocrx_word' id='word_1_184' title='bbox 3477 1102 3643 1156; x_wconf 91' lang='lat' dir='ltr'><strong>stadii</strong></span> <span class='ocrx_word' id='word_1_185' title='bbox 3676 1100 3740 1154; x_wconf 91' lang='lat' dir='ltr'><strong>in</strong></span> 
     </span>
    </p>
   </div>
   <div class='ocr_carea' id='block_1_28' title="bbox 2041 1189 3739 1260">
    <p class='ocr_par' dir='ltr' id='par_1_28' title="bbox 2041 1189 3739 1260">
     <span class='ocr_line' id='line_1_28' title="bbox 2041 1189 3739 1260; baseline -0.001 -15"><span class='ocrx_word' id='word_1_186' title='bbox 2041 1197 2268 1245; x_wconf 90' lang='lat' dir='ltr'><strong>tantum</strong></span> <span class='ocrx_word' id='word_1_187' title='bbox 2297 1190 2508 1260; x_wconf 88' lang='lat' dir='ltr'><strong>ingenii</strong></span> <span class='ocrx_word' id='word_1_188' title='bbox 2542 1191 2651 1246; x_wconf 89' lang='lat' dir='ltr'><strong>mei</strong></span> <span class='ocrx_word' id='word_1_189' title='bbox 2695 1204 2938 1246; x_wconf 90' lang='lat' dir='ltr'><strong>acumen</strong></span> <span class='ocrx_word' id='word_1_190' title='bbox 2987 1191 3252 1246; x_wconf 87' lang='lat' dir='ltr'><strong>habuerit</strong></span> <span class='ocrx_word' id='word_1_191' title='bbox 3291 1189 3514 1260; x_wconf 90' lang='lat' dir='ltr'><strong>quoties</strong></span> <span class='ocrx_word' id='word_1_192' title='bbox 3553 1189 3739 1244; x_wconf 89' lang='lat' dir='ltr'><strong>aciem</strong></span> 
     </span>
    </p>
   </div>
   <div class='ocr_carea' id='block_1_29' title="bbox 2043 1277 3738 1349">
    <p class='ocr_par' dir='ltr' id='par_1_29' title="bbox 2043 1277 3738 1349">
     <span class='ocr_line' id='line_1_29' title="bbox 2043 1277 3738 1349; baseline -0.001 -17"><span class='ocrx_word' id='word_1_193' title='bbox 2043 1279 2218 1333; x_wconf 91' lang='lat' dir='ltr'><strong>animi</strong></span> <span class='ocrx_word' id='word_1_194' title='bbox 2278 1279 2347 1334; x_wconf 91' lang='lat' dir='ltr'><strong>ad</strong></span> <span class='ocrx_word' id='word_1_195' title='bbox 2398 1280 2517 1334; x_wconf 71' lang='lat' dir='ltr'><strong>haec</strong></span> <span class='ocrx_word' id='word_1_196' title='bbox 2557 1279 2895 1349; x_wconf 84' lang='lat' dir='ltr'><strong>vestiganda</strong></span> <span class='ocrx_word' id='word_1_197' title='bbox 2959 1278 3330 1334; x_wconf 89' lang='lat' dir='ltr'><strong>tetenderim:</strong></span> <span class='ocrx_word' id='word_1_198' title='bbox 3386 1285 3449 1333; x_wconf 90' lang='lat' dir='ltr'><strong>ut</strong></span> <span class='ocrx_word' id='word_1_199' title='bbox 3494 1277 3605 1332; x_wconf 88' lang='lat' dir='ltr'><strong>nisi</strong></span> <span class='ocrx_word' id='word_1_200' title='bbox 3663 1277 3738 1332; x_wconf 89' lang='lat' dir='ltr'><strong>ad</strong></span> 
     </span>
    </p>
   </div>
   <div class='ocr_carea' id='block_1_30' title="bbox 2043 1366 3742 1438">
    <p class='ocr_par' dir='ltr' id='par_1_30' title="bbox 2043 1366 3742 1438">
     <span class='ocr_line' id='line_1_30' title="bbox 2043 1366 3742 1438; baseline -0.001 -16"><span class='ocrx_word' id='word_1_201' title='bbox 2043 1367 2252 1436; x_wconf 90' lang='lat' dir='ltr'><strong>ipsum,</strong></span> <span class='ocrx_word' id='word_1_202' title='bbox 2288 1369 2457 1438; x_wconf 90' lang='lat' dir='ltr'><strong>cujus</strong></span> <span class='ocrx_word' id='word_1_203' title='bbox 2501 1368 2699 1423; x_wconf 89' lang='lat' dir='ltr'><strong>vultus</strong></span> <span class='ocrx_word' id='word_1_204' title='bbox 2747 1369 2940 1423; x_wconf 89' lang='lat' dir='ltr'><strong>lumen</strong></span> <span class='ocrx_word' id='word_1_205' title='bbox 2983 1366 3140 1424; x_wconf 91' lang='lat' dir='ltr'><strong>cordi</strong></span> <span class='ocrx_word' id='word_1_206' title='bbox 3187 1376 3384 1423; x_wconf 67' lang='lat' dir='ltr'><strong>nostro</strong></span> <span class='ocrx_word' id='word_1_207' title='bbox 3427 1366 3742 1436; x_wconf 88' lang='lat' dir='ltr'><strong>insignitur</strong></span> 
     </span>
    </p>
   </div>
   <div class='ocr_carea' id='block_1_31' title="bbox 2043 1455 3737 1526">
    <p class='ocr_par' dir='ltr' id='par_1_31' title="bbox 2043 1455 3737 1526">
     <span class='ocr_line' id='line_1_31' title="bbox 2043 1455 3737 1526; baseline -0.001 -16"><span class='ocrx_word' id='word_1_208' title='bbox 2043 1455 2474 1512; x_wconf 89' lang='lat' dir='ltr'><strong>lacrimabiliter</strong></span> <span class='ocrx_word' id='word_1_209' title='bbox 2529 1464 2902 1526; x_wconf 83' lang='lat' dir='ltr'><strong>respectarem</strong></span> <span class='ocrx_word' id='word_1_210' title='bbox 2969 1456 3204 1526; x_wconf 87' lang='lat' dir='ltr'><strong>(quippe</strong></span> <span class='ocrx_word' id='word_1_211' title='bbox 3250 1456 3350 1526; x_wconf 90' lang='lat' dir='ltr'><strong>qui</strong></span> <span class='ocrx_word' id='word_1_212' title='bbox 3402 1455 3554 1510; x_wconf 90' lang='lat' dir='ltr'><strong>bona</strong></span> <span class='ocrx_word' id='word_1_213' title='bbox 3600 1468 3737 1509; x_wconf 90' lang='lat' dir='ltr'><strong>con-</strong></span> 
     </span>
    </p>
   </div>
   <div class='ocr_carea' id='block_1_32' title="bbox 2043 1544 3742 1615">
    <p class='ocr_par' dir='ltr' id='par_1_32' title="bbox 2043 1544 3742 1615">
     <span class='ocr_line' id='line_1_32' title="bbox 2043 1544 3742 1615; baseline -0.001 -17"><span class='ocrx_word' id='word_1_214' title='bbox 2043 1544 2279 1600; x_wconf 89' lang='lat' dir='ltr'><strong>scientia</strong></span> <span class='ocrx_word' id='word_1_215' title='bbox 2313 1545 2364 1599; x_wconf 94' lang='lat' dir='ltr'><strong>id</strong></span> <span class='ocrx_word' id='word_1_216' title='bbox 2407 1559 2497 1600; x_wconf 91' lang='lat' dir='ltr'><strong>me</strong></span> <span class='ocrx_word' id='word_1_217' title='bbox 2543 1545 2856 1614; x_wconf 88' lang='lat' dir='ltr'><strong>arripuisse</strong></span> <span class='ocrx_word' id='word_1_218' title='bbox 2893 1545 3315 1615; x_wconf 88' lang='lat' dir='ltr'><strong>cognoscerem)</strong></span> <span class='ocrx_word' id='word_1_219' title='bbox 3349 1557 3484 1599; x_wconf 90' lang='lat' dir='ltr'><strong>cum</strong></span> <span class='ocrx_word' id='word_1_220' title='bbox 3521 1556 3742 1613; x_wconf 88' lang='lat' dir='ltr'><strong>magna</strong></span> 
     </span>
    </p>
   </div>
   <div class='ocr_carea' id='block_1_33' title="bbox 238 1631 3740 1704">
    <p class='ocr_par' dir='ltr' id='par_1_33' title="bbox 238 1631 3740 1704">
     <span class='ocr_line' id='line_1_33' title="bbox 238 1631 3740 1704; baseline -0 -18"><span class='ocrx_word' id='word_1_221' title='bbox 238 1632 403 1686; x_wconf 90' lang='lat' dir='ltr'><strong>nobis</strong></span> <span class='ocrx_word' id='word_1_222' title='bbox 429 1631 756 1701; x_wconf 91' lang='lat' dir='ltr'><strong>inspirares,</strong></span> <span class='ocrx_word' id='word_1_223' title='bbox 803 1633 999 1702; x_wconf 90' lang='lat' dir='ltr'><strong>procul</strong></span> <span class='ocrx_word' id='word_1_224' title='bbox 1049 1633 1226 1688; x_wconf 89' lang='lat' dir='ltr'><strong>dubio</strong></span> <span class='ocrx_word' id='word_1_225' title='bbox 1266 1634 1346 1688; x_wconf 89' lang='lat' dir='ltr'><strong>nil</strong></span> <span class='ocrx_word' id='word_1_226' title='bbox 1379 1648 1671 1702; x_wconf 89' lang='lat' dir='ltr'><strong>possemus</strong></span> <span class='ocrx_word' id='word_1_227' title='bbox 1717 1633 1828 1688; x_wconf 91' lang='lat' dir='ltr'><strong>nisi</strong></span> <span class='ocrx_word' id='word_1_228' title='bbox 1859 1634 1930 1688; x_wconf 92' lang='lat' dir='ltr'><strong>ad</strong></span> <span class='ocrx_word' id='word_1_229' title='bbox 1971 1651 2010 1704; x_wconf 78' lang='grc' dir='ltr'>Β</span> <span class='ocrx_word' id='word_1_230' title='bbox 2042 1634 2241 1702; x_wconf 85' lang='lat' dir='ltr'><strong>procul</strong></span> <span class='ocrx_word' id='word_1_231' title='bbox 2273 1634 2447 1689; x_wconf 93' lang='lat' dir='ltr'><strong>dubio</strong></span> <span class='ocrx_word' id='word_1_232' title='bbox 2480 1635 2550 1688; x_wconf 89' lang='lat' dir='ltr'><strong>ab</strong></span> <span class='ocrx_word' id='word_1_233' title='bbox 2581 1649 2646 1689; x_wconf 90' lang='lat' dir='ltr'><strong>eo</strong></span> <span class='ocrx_word' id='word_1_234' title='bbox 2697 1633 2849 1704; x_wconf 92' lang='lat' dir='ltr'><strong>quod</strong></span> <span class='ocrx_word' id='word_1_235' title='bbox 2894 1647 3174 1702; x_wconf 76' lang='lat' dir='ltr'><strong>coeperam</strong></span> <span class='ocrx_word' id='word_1_236' title='bbox 3219 1631 3549 1687; x_wconf 84' lang='lat' dir='ltr'><strong>confusione</strong></span> <span class='ocrx_word' id='word_1_237' title='bbox 3584 1631 3740 1686; x_wconf 88' lang='lat' dir='ltr'><strong>desi-</strong></span> 
     </span>
    </p>
   </div>
   <div class='ocr_carea' id='block_1_34' title="bbox 238 1719 1935 1792">
    <p class='ocr_par' dir='ltr' id='par_1_34' title="bbox 238 1719 1935 1792">
     <span class='ocr_line' id='line_1_34' title="bbox 238 1719 1935 1792; baseline 0.001 -17"><span class='ocrx_word' id='word_1_238' title='bbox 238 1726 292 1775; x_wconf 90' lang='lat' dir='ltr'><strong>te</strong></span> <span class='ocrx_word' id='word_1_239' title='bbox 321 1719 468 1775; x_wconf 90' lang='lat' dir='ltr'><strong>sicut</strong></span> <span class='ocrx_word' id='word_1_240' title='bbox 495 1727 550 1775; x_wconf 92' lang='lat' dir='ltr'><strong>et</strong></span> <span class='ocrx_word' id='word_1_241' title='bbox 582 1719 659 1774; x_wconf 91' lang='lat' dir='ltr'><strong>illi</strong></span> <span class='ocrx_word' id='word_1_242' title='bbox 707 1721 980 1776; x_wconf 86' lang='lat' dir='ltr'><strong>converti.</strong></span> <span class='ocrx_word' id='word_1_243' title='bbox 1027 1724 1236 1777; x_wconf 82' lang='lat' dir='ltr'><strong>Innova</strong></span> <span class='ocrx_word' id='word_1_244' title='bbox 1273 1736 1408 1792; x_wconf 93' lang='lat' dir='ltr'><strong>ergo</strong></span> <span class='ocrx_word' id='word_1_245' title='bbox 1454 1723 1568 1776; x_wconf 73' lang='lat' dir='ltr'><strong>dies</strong></span> <span class='ocrx_word' id='word_1_246' title='bbox 1613 1727 1822 1777; x_wconf 76' lang='lat' dir='ltr'><strong>nostros</strong></span> <span class='ocrx_word' id='word_1_247' title='bbox 1850 1725 1935 1776; x_wconf 78' lang='lat' dir='ltr'><strong>si-</strong></span> 
     </span>
    </p>
   </div>
   <div class='ocr_carea' id='block_1_35' title="bbox 238 1808 1933 1880">
    <p class='ocr_par' dir='ltr' id='par_1_35' title="bbox 238 1808 1933 1880">
     <span class='ocr_line' id='line_1_35' title="bbox 238 1808 1933 1880; baseline 0.002 -20"><span class='ocrx_word' id='word_1_248' title='bbox 238 1811 705 1876; x_wconf 76' lang='lat' dir='ltr'><strong>cutaprincipz‘o,</strong></span> <span class='ocrx_word' id='word_1_249' title='bbox 741 1808 793 1862; x_wconf 89' lang='lat' dir='ltr'><strong>id</strong></span> <span class='ocrx_word' id='word_1_250' title='bbox 848 1817 931 1863; x_wconf 89' lang='lat' dir='ltr'><strong>est</strong></span> <span class='ocrx_word' id='word_1_251' title='bbox 977 1824 1100 1864; x_wconf 90' lang='lat' dir='ltr'><strong>eam</strong></span> <span class='ocrx_word' id='word_1_252' title='bbox 1152 1810 1466 1865; x_wconf 83' lang='lat' dir='ltr'><strong>claritatem</strong></span> <span class='ocrx_word' id='word_1_253' title='bbox 1522 1811 1600 1880; x_wconf 92' lang='lat' dir='ltr'><strong>pii</strong></span> <span class='ocrx_word' id='word_1_254' title='bbox 1647 1810 1933 1878; x_wconf 83' lang='lat' dir='ltr'><strong>desiderii,</strong></span> 
     </span>
    </p>
   </div>
   <div class='ocr_carea' id='block_1_36' title="bbox 238 1896 1936 1968">
    <p class='ocr_par' dir='ltr' id='par_1_36' title="bbox 238 1896 1936 1968">
     <span class='ocr_line' id='line_1_36' title="bbox 238 1896 1936 1968; baseline 0.002 -18"><span class='ocrx_word' id='word_1_255' title='bbox 238 1910 368 1965; x_wconf 55' lang='lat' dir='ltr'><strong>quae</strong></span> <span class='ocrx_word' id='word_1_256' title='bbox 395 1896 512 1966; x_wconf 91' lang='lat' dir='ltr'><strong>jam</strong></span> <span class='ocrx_word' id='word_1_257' title='bbox 567 1897 975 1952; x_wconf 85' lang='lat' dir='ltr'><strong>deambulacra</strong></span> <span class='ocrx_word' id='word_1_258' title='bbox 1012 1898 1275 1968; x_wconf 89' lang='lat' dir='ltr'><strong>vulpium</strong></span> <span class='ocrx_word' id='word_1_259' title='bbox 1334 1899 1478 1954; x_wconf 83' lang='lat' dir='ltr'><strong>facta</strong></span> <span class='ocrx_word' id='word_1_260' title='bbox 1521 1907 1623 1964; x_wconf 90' lang='lat' dir='ltr'><strong>est,</strong></span> <span class='ocrx_word' id='word_1_261' title='bbox 1681 1901 1737 1953; x_wconf 91' lang='lat' dir='ltr'><strong>in</strong></span> <span class='ocrx_word' id='word_1_262' title='bbox 1771 1899 1936 1954; x_wconf 88' lang='lat' dir='ltr'><strong>nobis</strong></span> 
     </span>
    </p>
   </div>
   <div class='ocr_carea' id='block_1_37' title="bbox 237 1984 1935 2056">
    <p class='ocr_par' dir='ltr' id='par_1_37' title="bbox 237 1984 1935 2056">
     <span class='ocr_line' id='line_1_37' title="bbox 237 1984 1935 2056; baseline 0.002 -18"><span class='ocrx_word' id='word_1_263' title='bbox 237 1997 465 2053; x_wconf 89' lang='lat' dir='ltr'><strong>repara,</strong></span> <span class='ocrx_word' id='word_1_264' title='bbox 498 1992 560 2040; x_wconf 91' lang='lat' dir='ltr'><strong>ut</strong></span> <span class='ocrx_word' id='word_1_265' title='bbox 593 1984 677 2040; x_wconf 85' lang='lat' dir='ltr'><strong>fas</strong></span> <span class='ocrx_word' id='word_1_266' title='bbox 705 1985 776 2040; x_wconf 92' lang='lat' dir='ltr'><strong>sit</strong></span> <span class='ocrx_word' id='word_1_267' title='bbox 827 1985 1014 2040; x_wconf 90' lang='lat' dir='ltr'><strong>redire</strong></span> <span class='ocrx_word' id='word_1_268' title='bbox 1043 1987 1113 2040; x_wconf 89' lang='lat' dir='ltr'><strong>ad</strong></span> <span class='ocrx_word' id='word_1_269' title='bbox 1162 1986 1481 2041; x_wconf 85' lang='lat' dir='ltr'><strong>dulcedinis</strong></span> <span class='ocrx_word' id='word_1_270' title='bbox 1515 1994 1689 2056; x_wconf 89' lang='lat' dir='ltr'><strong>atque</strong></span> <span class='ocrx_word' id='word_1_271' title='bbox 1728 1986 1935 2042; x_wconf 67' lang='lat' dir='ltr'><strong>laetitiae</strong></span> 
     </span>
    </p>
   </div>
   <div class='ocr_carea' id='block_1_38' title="bbox 2044 1720 3735 1792">
    <p class='ocr_par' dir='ltr' id='par_1_38' title="bbox 2044 1720 3735 1792">
     <span class='ocr_line' id='line_1_38' title="bbox 2044 1720 3735 1792; baseline -0.002 -15"><span class='ocrx_word' id='word_1_272' title='bbox 2044 1729 2268 1777; x_wconf 89' lang='lat' dir='ltr'><strong>sterem.</strong></span> <span class='ocrx_word' id='word_1_273' title='bbox 2305 1721 2407 1777; x_wconf 90' lang='lat' dir='ltr'><strong>Sed</strong></span> <span class='ocrx_word' id='word_1_274' title='bbox 2459 1722 2713 1784; x_wconf 85' lang='lat' dir='ltr'><strong>inﬁnitas</strong></span> <span class='ocrx_word' id='word_1_275' title='bbox 2758 1736 2932 1792; x_wconf 92' lang='lat' dir='ltr'><strong>super</strong></span> <span class='ocrx_word' id='word_1_276' title='bbox 2981 1721 3088 1776; x_wconf 91' lang='lat' dir='ltr'><strong>hac</strong></span> <span class='ocrx_word' id='word_1_277' title='bbox 3137 1720 3509 1790; x_wconf 78' lang='lat' dir='ltr'><strong>experientia,</strong></span> <span class='ocrx_word' id='word_1_278' title='bbox 3560 1720 3735 1786; x_wconf 86' lang='lat' dir='ltr'><strong>Deus,</strong></span> 
     </span>
    </p>
   </div>
   <div class='ocr_carea' id='block_1_39' title="bbox 2044 1807 3740 1879">
    <p class='ocr_par' dir='ltr' id='par_1_39' title="bbox 2044 1807 3740 1879">
     <span class='ocr_line' id='line_1_39' title="bbox 2044 1807 3740 1879; baseline -0.002 -15"><span class='ocrx_word' id='word_1_279' title='bbox 2044 1817 2252 1879; x_wconf 86' lang='lat' dir='ltr'><strong>grates,</strong></span> <span class='ocrx_word' id='word_1_280' title='bbox 2281 1811 2381 1879; x_wconf 90' lang='lat' dir='ltr'><strong>qui</strong></span> <span class='ocrx_word' id='word_1_281' title='bbox 2411 1810 2491 1865; x_wconf 89' lang='lat' dir='ltr'><strong>sic</strong></span> <span class='ocrx_word' id='word_1_282' title='bbox 2522 1825 2624 1865; x_wconf 91' lang='lat' dir='ltr'><strong>nos</strong></span> <span class='ocrx_word' id='word_1_283' title='bbox 2655 1818 2753 1866; x_wconf 90' lang='lat' dir='ltr'><strong>tuo</strong></span> <span class='ocrx_word' id='word_1_284' title='bbox 2785 1825 3022 1865; x_wconf 88' lang='lat' dir='ltr'><strong>munere</strong></span> <span class='ocrx_word' id='word_1_285' title='bbox 3071 1809 3298 1874; x_wconf 89' lang='lat' dir='ltr'><strong>imbuis,</strong></span> <span class='ocrx_word' id='word_1_286' title='bbox 3347 1816 3410 1864; x_wconf 93' lang='lat' dir='ltr'><strong>ut</strong></span> <span class='ocrx_word' id='word_1_287' title='bbox 3441 1822 3544 1863; x_wconf 91' lang='lat' dir='ltr'><strong>nos</strong></span> <span class='ocrx_word' id='word_1_288' title='bbox 3574 1807 3740 1863; x_wconf 91' lang='lat' dir='ltr'><strong>nullo</strong></span> 
     </span>
    </p>
   </div>
   <div class='ocr_carea' id='block_1_40' title="bbox 2043 1895 3590 1968">
    <p class='ocr_par' dir='ltr' id='par_1_40' title="bbox 2043 1895 3590 1968">
     <span class='ocr_line' id='line_1_40' title="bbox 2043 1895 3590 1968; baseline -0.003 -16"><span class='ocrx_word' id='word_1_289' title='bbox 2043 1897 2212 1953; x_wconf 90' lang='lat' dir='ltr'><strong>modo</strong></span> <span class='ocrx_word' id='word_1_290' title='bbox 2245 1899 2414 1954; x_wconf 89' lang='lat' dir='ltr'><strong>lateat</strong></span> <span class='ocrx_word' id='word_1_291' title='bbox 2445 1899 2587 1968; x_wconf 92' lang='lat' dir='ltr'><strong>quid</strong></span> <span class='ocrx_word' id='word_1_292' title='bbox 2607 1913 2679 1953; x_wconf 91' lang='lat' dir='ltr'><strong>ex</strong></span> <span class='ocrx_word' id='word_1_293' title='bbox 2711 1905 2783 1964; x_wconf 92' lang='lat' dir='ltr'><strong>te,</strong></span> <span class='ocrx_word' id='word_1_294' title='bbox 2817 1897 2958 1968; x_wconf 90' lang='lat' dir='ltr'><strong>quid</strong></span> <span class='ocrx_word' id='word_1_295' title='bbox 2988 1899 3279 1966; x_wconf 86' lang='lat' dir='ltr'><strong>sapiamus</strong></span> <span class='ocrx_word' id='word_1_296' title='bbox 3306 1911 3380 1952; x_wconf 88' lang='lat' dir='ltr'><strong>ex</strong></span> <span class='ocrx_word' id='word_1_297' title='bbox 3406 1895 3590 1951; x_wconf 90' lang='lat' dir='ltr'><strong>nobis.</strong></span> 
     </span>
    </p>
   </div>
   <div class='ocr_carea' id='block_1_41' title="bbox 1619 2284 2354 2391">
    <p class='ocr_par' dir='ltr' id='par_1_41' title="bbox 1619 2284 2354 2391">
     <span class='ocr_line' id='line_1_41' title="bbox 1619 2284 2354 2391; baseline 0.003 -3"><span class='ocrx_word' id='word_1_298' title='bbox 1619 2284 2354 2391; x_wconf 89' lang='lat' dir='ltr'><strong>EPILOGUS.</strong></span> 
     </span>
    </p>
   </div>
   <div class='ocr_carea' id='block_1_42' title="bbox 307 2593 1931 2666">
    <p class='ocr_par' dir='ltr' id='par_1_42' title="bbox 307 2593 1931 2666">
     <span class='ocr_line' id='line_1_42' title="bbox 307 2593 1931 2666; baseline -0.001 -16"><span class='ocrx_word' id='word_1_299' title='bbox 307 2594 591 2662; x_wconf 86' lang='lat' dir='ltr'><strong>Quoniam</strong></span> <span class='ocrx_word' id='word_1_300' title='bbox 619 2608 758 2664; x_wconf 89' lang='lat' dir='ltr'><strong>ergo</strong></span> <span class='ocrx_word' id='word_1_301' title='bbox 803 2593 980 2663; x_wconf 90' lang='lat' dir='ltr'><strong>hujus</strong></span> <span class='ocrx_word' id='word_1_302' title='bbox 1024 2594 1451 2650; x_wconf 65' lang='lat' dir='ltr'><strong>aestuantissimi</strong></span> <span class='ocrx_word' id='word_1_303' title='bbox 1499 2595 1626 2650; x_wconf 81' lang='lat' dir='ltr'><strong>freti</strong></span> <span class='ocrx_word' id='word_1_304' title='bbox 1674 2595 1931 2666; x_wconf 88' lang='lat' dir='ltr'><strong>qualem-</strong></span> 
     </span>
    </p>
   </div>
   <div class='ocr_carea' id='block_1_43' title="bbox 243 2682 1929 2753">
    <p class='ocr_par' dir='ltr' id='par_1_43' title="bbox 243 2682 1929 2753">
     <span class='ocr_line' id='line_1_43' title="bbox 243 2682 1929 2753; baseline -0.002 -13"><span class='ocrx_word' id='word_1_305' title='bbox 243 2699 477 2753; x_wconf 90' lang='lat' dir='ltr'><strong>cunque</strong></span> <span class='ocrx_word' id='word_1_306' title='bbox 524 2684 637 2737; x_wconf 92' lang='lat' dir='ltr'><strong>Deo</strong></span> <span class='ocrx_word' id='word_1_307' title='bbox 692 2682 927 2738; x_wconf 89' lang='lat' dir='ltr'><strong>ductore</strong></span> <span class='ocrx_word' id='word_1_308' title='bbox 968 2691 1197 2751; x_wconf 91' lang='lat' dir='ltr'><strong>portum</strong></span> <span class='ocrx_word' id='word_1_309' title='bbox 1253 2683 1566 2752; x_wconf 85' lang='lat' dir='ltr'><strong>attigimus,</strong></span> <span class='ocrx_word' id='word_1_310' title='bbox 1611 2683 1682 2738; x_wconf 89' lang='lat' dir='ltr'><strong>ad</strong></span> <span class='ocrx_word' id='word_1_311' title='bbox 1728 2691 1781 2738; x_wconf 91' lang='lat' dir='ltr'><strong>te</strong></span> <span class='ocrx_word' id='word_1_312' title='bbox 1819 2682 1929 2753; x_wconf 83' lang='grc'>(18)</span> 
     </span>
    </p>
   </div>
   <div class='ocr_carea' id='block_1_44' title="bbox 238 2770 1931 2841">
    <p class='ocr_par' dir='ltr' id='par_1_44' title="bbox 238 2770 1931 2841">
     <span class='ocr_line' id='line_1_44' title="bbox 238 2770 1931 2841; baseline -0.001 -13"><span class='ocrx_word' id='word_1_313' title='bbox 238 2773 470 2829; x_wconf 87' lang='lat' dir='ltr'><strong>tandem</strong></span> <span class='ocrx_word' id='word_1_314' title='bbox 499 2771 556 2824; x_wconf 91' lang='lat' dir='ltr'><strong>in</strong></span> <span class='ocrx_word' id='word_1_315' title='bbox 589 2784 704 2840; x_wconf 91' lang='lat' dir='ltr'><strong>quo</strong></span> <span class='ocrx_word' id='word_1_316' title='bbox 755 2770 926 2826; x_wconf 91' lang='lat' dir='ltr'><strong>totius</strong></span> <span class='ocrx_word' id='word_1_317' title='bbox 956 2772 1303 2826; x_wconf 86' lang='lat' dir='ltr'><strong>sinceritatis</strong></span> <span class='ocrx_word' id='word_1_318' title='bbox 1345 2771 1628 2841; x_wconf 90' lang='lat' dir='ltr'><strong>judicium</strong></span> <span class='ocrx_word' id='word_1_319' title='bbox 1663 2772 1931 2840; x_wconf 77' lang='lat' dir='ltr'><strong>przeemi—</strong></span> 
     </span>
    </p>
   </div>
   <div class='ocr_carea' id='block_1_45' title="bbox 238 2858 1932 2928">
    <p class='ocr_par' dir='ltr' id='par_1_45' title="bbox 238 2858 1932 2928">
     <span class='ocr_line' id='line_1_45' title="bbox 238 2858 1932 2928; baseline -0.001 -11"><span class='ocrx_word' id='word_1_320' title='bbox 238 2875 372 2917; x_wconf 89' lang='lat' dir='ltr'><strong>nere</strong></span> <span class='ocrx_word' id='word_1_321' title='bbox 403 2874 519 2915; x_wconf 90' lang='lat' dir='ltr'><strong>non</strong></span> <span class='ocrx_word' id='word_1_322' title='bbox 563 2858 814 2928; x_wconf 88' lang='lat' dir='ltr'><strong>ambigo,</strong></span> <span class='ocrx_word' id='word_1_323' title='bbox 868 2860 1034 2928; x_wconf 88' lang='lat' dir='ltr'><strong>quasi</strong></span> <span class='ocrx_word' id='word_1_324' title='bbox 1090 2860 1147 2914; x_wconf 92' lang='lat' dir='ltr'><strong>in</strong></span> <span class='ocrx_word' id='word_1_325' title='bbox 1188 2859 1526 2914; x_wconf 88' lang='lat' dir='ltr'><strong>solidissimo</strong></span> <span class='ocrx_word' id='word_1_326' title='bbox 1569 2859 1754 2915; x_wconf 89' lang='lat' dir='ltr'><strong>littore</strong></span> <span class='ocrx_word' id='word_1_327' title='bbox 1785 2875 1932 2915; x_wconf 88' lang='lat' dir='ltr'><strong>com-</strong></span> 
     </span>
    </p>
   </div>
   <div class='ocr_carea' id='block_1_46' title="bbox 238 2948 1931 3017">
    <p class='ocr_par' dir='ltr' id='par_1_46' title="bbox 238 2948 1931 3017">
     <span class='ocr_line' id='line_1_46' title="bbox 238 2948 1931 3017; baseline -0.003 -10"><span class='ocrx_word' id='word_1_328' title='bbox 238 2950 451 3007; x_wconf 85' lang='lat' dir='ltr'><strong>mercia</strong></span> <span class='ocrx_word' id='word_1_329' title='bbox 493 2956 708 3015; x_wconf 89' lang='lat' dir='ltr'><strong>nostra,</strong></span> <span class='ocrx_word' id='word_1_330' title='bbox 767 2949 992 3016; x_wconf 87' lang='lat' dir='ltr'><strong>magnis</strong></span> <span class='ocrx_word' id='word_1_331' title='bbox 1040 2948 1227 3004; x_wconf 90' lang='lat' dir='ltr'><strong>cordis</strong></span> <span class='ocrx_word' id='word_1_332' title='bbox 1268 2956 1323 3003; x_wconf 90' lang='lat' dir='ltr'><strong>et</strong></span> <span class='ocrx_word' id='word_1_333' title='bbox 1370 2949 1623 3016; x_wconf 88' lang='lat' dir='ltr'><strong>corporis</strong></span> <span class='ocrx_word' id='word_1_334' title='bbox 1671 2956 1931 3017; x_wconf 92' lang='lat' dir='ltr'><strong>coempta</strong></span> 
     </span>
    </p>
   </div>
   <div class='ocr_carea' id='block_1_47' title="bbox 237 3023 1933 3106">
    <p class='ocr_par' dir='ltr' id='par_1_47' title="bbox 237 3023 1933 3106">
     <span class='ocr_line' id='line_1_47' title="bbox 237 3023 1933 3106; baseline -0.002 -10"><span class='ocrx_word' id='word_1_335' title='bbox 237 3023 574 3098; x_wconf 85' lang='lat' dir='ltr'><strong>sudoribus,</strong></span> <span class='ocrx_word' id='word_1_336' title='bbox 634 3039 905 3106; x_wconf 87' lang='lat' dir='ltr'><strong>magister</strong></span> <span class='ocrx_word' id='word_1_337' title='bbox 987 3037 1322 3101; x_wconf 84' lang='lat' dir='ltr'><strong>reverende,</strong></span> <span class='ocrx_word' id='word_1_338' title='bbox 1403 3037 1759 3105; x_wconf 91' lang='lat' dir='ltr'><strong>deponimns.</strong></span> <span class='ocrx_word' id='word_1_339' title='bbox 1818 3037 1933 3092; x_wconf 91' lang='lat' dir='ltr'><strong>Nec</strong></span> 
     </span>
    </p>
   </div>
   <div class='ocr_carea' id='block_1_48' title="bbox 237 3125 1933 3201">
    <p class='ocr_par' dir='ltr' id='par_1_48' title="bbox 237 3125 1933 3201">
     <span class='ocr_line' id='line_1_48' title="bbox 237 3125 1933 3201; baseline -0.004 -17"><span class='ocrx_word' id='word_1_340' title='bbox 237 3131 390 3185; x_wconf 91' lang='lat' dir='ltr'><strong>enim</strong></span> <span class='ocrx_word' id='word_1_341' title='bbox 418 3137 470 3186; x_wconf 91' lang='lat' dir='ltr'><strong>te</strong></span> <span class='ocrx_word' id='word_1_342' title='bbox 503 3130 818 3201; x_wconf 89' lang='lat' dir='ltr'><strong>improvide</strong></span> <span class='ocrx_word' id='word_1_343' title='bbox 849 3127 1118 3197; x_wconf 90' lang='lat' dir='ltr'><strong>eligimus</strong></span> <span class='ocrx_word' id='word_1_344' title='bbox 1148 3126 1324 3195; x_wconf 91' lang='lat' dir='ltr'><strong>hujus</strong></span> <span class='ocrx_word' id='word_1_345' title='bbox 1370 3132 1576 3180; x_wconf 69' lang='lat' dir='ltr'><strong>nostrae</strong></span> <span class='ocrx_word' id='word_1_346' title='bbox 1616 3125 1933 3194; x_wconf 88' lang='lat' dir='ltr'><strong>supellecti-</strong></span> 
     </span>
    </p>
   </div>
   <div class='ocr_carea' id='block_1_49' title="bbox 235 3213 1933 3288">
    <p class='ocr_par' dir='ltr' id='par_1_49' title="bbox 235 3213 1933 3288">
     <span class='ocr_line' id='line_1_49' title="bbox 235 3213 1933 3288; baseline -0.002 -16"><span class='ocrx_word' id='word_1_347' title='bbox 235 3217 306 3272; x_wconf 91' lang='lat' dir='ltr'><strong>lis</strong></span> <span class='ocrx_word' id='word_1_348' title='bbox 354 3220 816 3288; x_wconf 87' lang='lat' dir='ltr'><strong>appretiatorem,</strong></span> <span class='ocrx_word' id='word_1_349' title='bbox 864 3216 1036 3270; x_wconf 90' lang='lat' dir='ltr'><strong>immo</strong></span> <span class='ocrx_word' id='word_1_350' title='bbox 1092 3213 1595 3283; x_wconf 84' lang='lat' dir='ltr'><strong>vigilantissimum</strong></span> <span class='ocrx_word' id='word_1_351' title='bbox 1654 3214 1933 3269; x_wconf 93' lang='lat' dir='ltr'><strong>discusso-</strong></span> 
     </span>
    </p>
   </div>
   <div class='ocr_carea' id='block_1_50' title="bbox 236 3301 1930 3376">
    <p class='ocr_par' dir='ltr' id='par_1_50' title="bbox 236 3301 1930 3376">
     <span class='ocr_line' id='line_1_50' title="bbox 236 3301 1930 3376; baseline -0.002 -16"><span class='ocrx_word' id='word_1_352' title='bbox 236 3319 376 3373; x_wconf 89' lang='lat' dir='ltr'><strong>rem,</strong></span> <span class='ocrx_word' id='word_1_353' title='bbox 433 3307 524 3362; x_wconf 91' lang='lat' dir='ltr'><strong>cui</strong></span> <span class='ocrx_word' id='word_1_354' title='bbox 586 3320 820 3376; x_wconf 85' lang='lat' dir='ltr'><strong>prorsus</strong></span> <span class='ocrx_word' id='word_1_355' title='bbox 875 3303 1161 3358; x_wconf 89' lang='lat' dir='ltr'><strong>insolitum</strong></span> <span class='ocrx_word' id='word_1_356' title='bbox 1223 3303 1358 3367; x_wconf 89' lang='lat' dir='ltr'><strong>scio,</strong></span> <span class='ocrx_word' id='word_1_357' title='bbox 1413 3301 1535 3356; x_wconf 88' lang='lat' dir='ltr'><strong>sine</strong></span> <span class='ocrx_word' id='word_1_358' title='bbox 1588 3301 1930 3356; x_wconf 65' lang='lat' dir='ltr'><strong>omnimodm</strong></span> 
     </span>
    </p>
   </div>
   <div class='ocr_carea' id='block_1_51' title="bbox 237 3389 1930 3463">
    <p class='ocr_par' dir='ltr' id='par_1_51' title="bbox 237 3389 1930 3463">
     <span class='ocr_line' id='line_1_51' title="bbox 237 3389 1930 3463; baseline -0.004 -14"><span class='ocrx_word' id='word_1_359' title='bbox 237 3394 524 3463; x_wconf 75' lang='lat' dir='ltr'><strong>aequitatis</strong></span> <span class='ocrx_word' id='word_1_360' title='bbox 577 3393 792 3449; x_wconf 90' lang='lat' dir='ltr'><strong>intuitu</strong></span> <span class='ocrx_word' id='word_1_361' title='bbox 849 3391 1106 3447; x_wconf 86' lang='lat' dir='ltr'><strong>censoria</strong></span> <span class='ocrx_word' id='word_1_362' title='bbox 1156 3389 1484 3459; x_wconf 88' lang='lat' dir='ltr'><strong>quempiam</strong></span> <span class='ocrx_word' id='word_1_363' title='bbox 1518 3390 1763 3458; x_wconf 88' lang='lat' dir='ltr'><strong>jaculari</strong></span> <span class='ocrx_word' id='word_1_364' title='bbox 1795 3403 1930 3444; x_wconf 91' lang='lat' dir='ltr'><strong>sen-</strong></span> 
     </span>
    </p>
   </div>
   <div class='ocr_carea' id='block_1_52' title="bbox 237 3477 1931 3552">
    <p class='ocr_par' dir='ltr' id='par_1_52' title="bbox 237 3477 1931 3552">
     <span class='ocr_line' id='line_1_52' title="bbox 237 3477 1931 3552; baseline -0.004 -14"><span class='ocrx_word' id='word_1_365' title='bbox 237 3483 437 3550; x_wconf 88' lang='lat' dir='ltr'><strong>tentia,</strong></span> <span class='ocrx_word' id='word_1_366' title='bbox 490 3483 658 3552; x_wconf 89' lang='lat' dir='ltr'><strong>cujus</strong></span> <span class='ocrx_word' id='word_1_367' title='bbox 710 3481 985 3536; x_wconf 90' lang='lat' dir='ltr'><strong>nimirum</strong></span> <span class='ocrx_word' id='word_1_368' title='bbox 1037 3478 1225 3547; x_wconf 89' lang='lat' dir='ltr'><strong>operis</strong></span> <span class='ocrx_word' id='word_1_369' title='bbox 1267 3491 1496 3546; x_wconf 88' lang='lat' dir='ltr'><strong>gressus</strong></span> <span class='ocrx_word' id='word_1_370' title='bbox 1551 3477 1931 3532; x_wconf 79' lang='lat' dir='ltr'><strong>indesinenter</strong></span> 
     </span>
    </p>
   </div>
   <div class='ocr_carea' id='block_1_53' title="bbox 237 3565 1924 3640">
    <p class='ocr_par' dir='ltr' id='par_1_53' title="bbox 237 3565 1924 3640">
     <span class='ocr_line' id='line_1_53' title="bbox 237 3565 1924 3640; baseline -0.005 -14"><span class='ocrx_word' id='word_1_371' title='bbox 237 3584 592 3640; x_wconf 75' lang='lat' dir='ltr'><strong>praecurrere</strong></span> <span class='ocrx_word' id='word_1_372' title='bbox 619 3569 916 3625; x_wconf 90' lang='lat' dir='ltr'><strong>consuevit</strong></span> <span class='ocrx_word' id='word_1_373' title='bbox 951 3566 1349 3622; x_wconf 89' lang='lat' dir='ltr'><strong>intellectualis</strong></span> <span class='ocrx_word' id='word_1_374' title='bbox 1385 3565 1606 3620; x_wconf 87' lang='lat' dir='ltr'><strong>consilii</strong></span> <span class='ocrx_word' id='word_1_375' title='bbox 1637 3565 1924 3634; x_wconf 88' lang='lat' dir='ltr'><strong>palpebra.</strong></span> 
     </span>
    </p>
   </div>
   <div class='ocr_carea' id='block_1_54' title="bbox 234 3653 1930 3727">
    <p class='ocr_par' dir='ltr' id='par_1_54' title="bbox 234 3653 1930 3727">
     <span class='ocr_line' id='line_1_54' title="bbox 234 3653 1930 3727; baseline -0.004 -13"><span class='ocrx_word' id='word_1_376' title='bbox 234 3658 362 3714; x_wconf 91' lang='lat' dir='ltr'><strong>Non</strong></span> <span class='ocrx_word' id='word_1_377' title='bbox 394 3660 664 3724; x_wconf 90' lang='lat' dir='ltr'><strong>absurde,</strong></span> <span class='ocrx_word' id='word_1_378' title='bbox 700 3658 958 3727; x_wconf 89' lang='lat' dir='ltr'><strong>inquam,</strong></span> <span class='ocrx_word' id='word_1_379' title='bbox 1001 3655 1114 3710; x_wconf 90' lang='lat' dir='ltr'><strong>tuis</strong></span> <span class='ocrx_word' id='word_1_380' title='bbox 1159 3668 1410 3723; x_wconf 73' lang='lat' dir='ltr'><strong>praesens</strong></span> <span class='ocrx_word' id='word_1_381' title='bbox 1438 3653 1783 3724; x_wconf 89' lang='lat' dir='ltr'><strong>opusculum</strong></span> <span class='ocrx_word' id='word_1_382' title='bbox 1811 3653 1930 3708; x_wconf 91' lang='lat' dir='ltr'><strong>dis-</strong></span> 
     </span>
    </p>
   </div>
   <div class='ocr_carea' id='block_1_55' title="bbox 238 3742 1928 3816">
    <p class='ocr_par' dir='ltr' id='par_1_55' title="bbox 238 3742 1928 3816">
     <span class='ocr_line' id='line_1_55' title="bbox 238 3742 1928 3816; baseline -0.004 -15"><span class='ocrx_word' id='word_1_383' title='bbox 238 3747 646 3816; x_wconf 90' lang='lat' dir='ltr'><strong>quisitionibus</strong></span> <span class='ocrx_word' id='word_1_384' title='bbox 685 3745 972 3815; x_wconf 86' lang='lat' dir='ltr'><strong>appulisse</strong></span> <span class='ocrx_word' id='word_1_385' title='bbox 1032 3742 1402 3808; x_wconf 88' lang='lat' dir='ltr'><strong>decreverim,</strong></span> <span class='ocrx_word' id='word_1_386' title='bbox 1441 3743 1752 3810; x_wconf 83' lang='lat' dir='ltr'><strong>praesertim</strong></span> <span class='ocrx_word' id='word_1_387' title='bbox 1795 3755 1928 3796; x_wconf 90' lang='lat' dir='ltr'><strong>cum</strong></span> 
     </span>
    </p>
   </div>
   <div class='ocr_carea' id='block_1_56' title="bbox 239 3827 1930 3903">
    <p class='ocr_par' dir='ltr' id='par_1_56' title="bbox 239 3827 1930 3903">
     <span class='ocr_line' id='line_1_56' title="bbox 239 3827 1930 3903; baseline -0.004 -15"><span class='ocrx_word' id='word_1_388' title='bbox 239 3835 632 3890; x_wconf 89' lang='lat' dir='ltr'><strong>indubitanter</strong></span> <span class='ocrx_word' id='word_1_389' title='bbox 697 3831 1030 3903; x_wconf 78' lang='lat' dir='ltr'><strong>agnoverim</strong></span> <span class='ocrx_word' id='word_1_390' title='bbox 1098 3831 1382 3884; x_wconf 90' lang='lat' dir='ltr'><strong>neminem</strong></span> <span class='ocrx_word' id='word_1_391' title='bbox 1428 3843 1601 3898; x_wconf 88' lang='lat' dir='ltr'><strong>super</strong></span> <span class='ocrx_word' id='word_1_392' title='bbox 1648 3827 1930 3883; x_wconf 92' lang='lat' dir='ltr'><strong>interioris</strong></span> 
     </span>
    </p>
   </div>
   <div class='ocr_carea' id='block_1_57' title="bbox 239 3917 1933 3987">
    <p class='ocr_par' dir='ltr' id='par_1_57' title="bbox 239 3917 1933 3987">
     <span class='ocr_line' id='line_1_57' title="bbox 239 3917 1933 3987; baseline -0.004 -10"><span class='ocrx_word' id='word_1_393' title='bbox 239 3929 391 3977; x_wconf 65' lang='lat'><strong>263</strong></span> <span class='ocrx_word' id='word_1_394' title='bbox 440 3922 685 3978; x_wconf 86' lang='lat' dir='ltr'><strong>hominis</strong></span> <span class='ocrx_word' id='word_1_395' title='bbox 718 3926 871 3976; x_wconf 90' lang='lat' dir='ltr'><strong>statu</strong></span> <span class='ocrx_word' id='word_1_396' title='bbox 923 3920 980 3973; x_wconf 92' lang='lat' dir='ltr'><strong>in</strong></span> <span class='ocrx_word' id='word_1_397' title='bbox 1026 3919 1250 3973; x_wconf 86' lang='lat' dir='ltr'><strong>cunctis</strong></span> <span class='ocrx_word' id='word_1_398' title='bbox 1296 3917 1459 3972; x_wconf 90' lang='lat' dir='ltr'><strong>nobis</strong></span> <span class='ocrx_word' id='word_1_399' title='bbox 1514 3917 1801 3987; x_wconf 85' lang='lat' dir='ltr'><strong>contiguis</strong></span> <span class='ocrx_word' id='word_1_400' title='bbox 1849 3930 1933 3971; x_wconf 90' lang='lat' dir='ltr'><strong>re-</strong></span> 
     </span>
    </p>
   </div>
   <div class='ocr_carea' id='block_1_58' title="bbox 240 4005 1930 4082">
    <p class='ocr_par' dir='ltr' id='par_1_58' title="bbox 240 4005 1930 4082">
     <span class='ocr_line' id='line_1_58' title="bbox 240 4005 1930 4082; baseline -0.003 -17"><span class='ocrx_word' id='word_1_401' title='bbox 240 4011 512 4082; x_wconf 88' lang='lat' dir='ltr'><strong>gionibus</strong></span> <span class='ocrx_word' id='word_1_402' title='bbox 553 4011 829 4080; x_wconf 89' lang='lat' dir='ltr'><strong>majorem</strong></span> <span class='ocrx_word' id='word_1_403' title='bbox 871 4006 1229 4062; x_wconf 84' lang='lat' dir='ltr'><strong>discretionis</strong></span> <span class='ocrx_word' id='word_1_404' title='bbox 1274 4005 1589 4060; x_wconf 89' lang='lat' dir='ltr'><strong>obtinuisse</strong></span> <span class='ocrx_word' id='word_1_405' title='bbox 1629 4005 1767 4060; x_wconf 92' lang='lat' dir='ltr'><strong>vim.</strong></span> <span class='ocrx_word' id='word_1_406' title='bbox 1816 4005 1930 4060; x_wconf 91' lang='lat' dir='ltr'><strong>Nec</strong></span> 
     </span>
    </p>
   </div>
   <div class='ocr_carea' id='block_1_59' title="bbox 241 4093 1929 4168">
    <p class='ocr_par' dir='ltr' id='par_1_59' title="bbox 241 4093 1929 4168">
     <span class='ocr_line' id='line_1_59' title="bbox 241 4093 1929 4168; baseline -0.003 -14"><span class='ocrx_word' id='word_1_407' title='bbox 241 4100 298 4155; x_wconf 91' lang='lat' dir='ltr'><strong>id</strong></span> <span class='ocrx_word' id='word_1_408' title='bbox 349 4098 584 4168; x_wconf 93' lang='lat' dir='ltr'><strong>injuria.</strong></span> <span class='ocrx_word' id='word_1_409' title='bbox 635 4097 795 4163; x_wconf 87' lang='lat' dir='ltr'><strong>Quod</strong></span> <span class='ocrx_word' id='word_1_410' title='bbox 834 4097 985 4152; x_wconf 91' lang='lat' dir='ltr'><strong>enim</strong></span> <span class='ocrx_word' id='word_1_411' title='bbox 1035 4093 1334 4164; x_wconf 91' lang='lat' dir='ltr'><strong>spirituale</strong></span> <span class='ocrx_word' id='word_1_412' title='bbox 1398 4093 1636 4160; x_wconf 88' lang='lat' dir='ltr'><strong>nescias,</strong></span> <span class='ocrx_word' id='word_1_413' title='bbox 1694 4108 1826 4149; x_wconf 91' lang='lat' dir='ltr'><strong>cum</strong></span> <span class='ocrx_word' id='word_1_414' title='bbox 1869 4095 1929 4149; x_wconf 93' lang='lat' dir='ltr'><strong>in</strong></span> 
     </span>
    </p>
   </div>
   <div class='ocr_carea' id='block_1_60' title="bbox 239 4181 1932 4257">
    <p class='ocr_par' dir='ltr' id='par_1_60' title="bbox 239 4181 1932 4257">
     <span class='ocr_line' id='line_1_60' title="bbox 239 4181 1932 4257; baseline -0.003 -14"><span class='ocrx_word' id='word_1_415' title='bbox 239 4187 418 4257; x_wconf 91' lang='lat' dir='ltr'><strong>hujus</strong></span> <span class='ocrx_word' id='word_1_416' title='bbox 449 4185 875 4242; x_wconf 80' lang='lat' dir='ltr'><strong>examinatione</strong></span> <span class='ocrx_word' id='word_1_417' title='bbox 907 4193 957 4239; x_wconf 89' lang='lat' dir='ltr'><strong>te</strong></span> <span class='ocrx_word' id='word_1_418' title='bbox 981 4183 1366 4238; x_wconf 90' lang='lat' dir='ltr'><strong>indesinenter</strong></span> <span class='ocrx_word' id='word_1_419' title='bbox 1403 4181 1716 4237; x_wconf 87' lang='lat' dir='ltr'><strong>exerceas?</strong></span> <span class='ocrx_word' id='word_1_420' title='bbox 1747 4184 1810 4236; x_wconf 91' lang='lat' dir='ltr'><strong>In</strong></span> <span class='ocrx_word' id='word_1_421' title='bbox 1843 4183 1932 4238; x_wconf 89' lang='lat' dir='ltr'><strong>his</strong></span> 
     </span>
    </p>
   </div>
   <div class='ocr_carea' id='block_1_61' title="bbox 237 4271 1929 4341">
    <p class='ocr_par' dir='ltr' id='par_1_61' title="bbox 237 4271 1929 4341">
     <span class='ocr_line' id='line_1_61' title="bbox 237 4271 1929 4341; baseline -0.004 -10"><span class='ocrx_word' id='word_1_422' title='bbox 237 4275 581 4332; x_wconf 89' lang='lat' dir='ltr'><strong>tractatibus</strong></span> <span class='ocrx_word' id='word_1_423' title='bbox 612 4281 831 4329; x_wconf 90' lang='lat' dir='ltr'><strong>noctem</strong></span> <span class='ocrx_word' id='word_1_424' title='bbox 864 4273 976 4327; x_wconf 91' lang='lat' dir='ltr'><strong>diei</strong></span> <span class='ocrx_word' id='word_1_425' title='bbox 1006 4274 1324 4337; x_wconf 90' lang='lat' dir='ltr'><strong>continuas,</strong></span> <span class='ocrx_word' id='word_1_426' title='bbox 1370 4271 1427 4325; x_wconf 91' lang='lat' dir='ltr'><strong>in</strong></span> <span class='ocrx_word' id='word_1_427' title='bbox 1471 4271 1647 4341; x_wconf 92' lang='lat' dir='ltr'><strong>hujus</strong></span> <span class='ocrx_word' id='word_1_428' title='bbox 1678 4279 1929 4326; x_wconf 90' lang='lat' dir='ltr'><strong>contem-</strong></span> 
     </span>
    </p>
   </div>
   <div class='ocr_carea' id='block_1_62' title="bbox 234 4360 1931 4435">
    <p class='ocr_par' dir='ltr' id='par_1_62' title="bbox 234 4360 1931 4435">
     <span class='ocr_line' id='line_1_62' title="bbox 234 4360 1931 4435; baseline -0.002 -15"><span class='ocrx_word' id='word_1_429' title='bbox 234 4363 504 4435; x_wconf 90' lang='lat' dir='ltr'><strong>plationis</strong></span> <span class='ocrx_word' id='word_1_430' title='bbox 549 4363 732 4431; x_wconf 90' lang='lat' dir='ltr'><strong>radio,</strong></span> <span class='ocrx_word' id='word_1_431' title='bbox 805 4361 980 4417; x_wconf 89' lang='lat' dir='ltr'><strong>totius</strong></span> <span class='ocrx_word' id='word_1_432' title='bbox 1031 4361 1240 4416; x_wconf 91' lang='lat' dir='ltr'><strong>interni</strong></span> <span class='ocrx_word' id='word_1_433' title='bbox 1286 4361 1518 4415; x_wconf 88' lang='lat' dir='ltr'><strong>habitus</strong></span> <span class='ocrx_word' id='word_1_434' title='bbox 1563 4360 1931 4416; x_wconf 89' lang='lat' dir='ltr'><strong>delectatione</strong></span> 
     </span>
    </p>
   </div>
   <div class='ocr_carea' id='block_1_63' title="bbox 237 4447 1931 4522">
    <p class='ocr_par' dir='ltr' id='par_1_63' title="bbox 237 4447 1931 4522">
     <span class='ocr_line' id='line_1_63' title="bbox 237 4447 1931 4522; baseline -0.003 -14"><span class='ocrx_word' id='word_1_435' title='bbox 237 4452 550 4522; x_wconf 90' lang='lat' dir='ltr'><strong>conspiras.</strong></span> <span class='ocrx_word' id='word_1_436' title='bbox 603 4450 764 4516; x_wconf 88' lang='lat' dir='ltr'><strong>Quod</strong></span> <span class='ocrx_word' id='word_1_437' title='bbox 817 4450 862 4505; x_wconf 91' lang='lat' dir='ltr'><strong>si</strong></span> <span class='ocrx_word' id='word_1_438' title='bbox 902 4450 974 4505; x_wconf 89' lang='lat' dir='ltr'><strong>ad</strong></span> <span class='ocrx_word' id='word_1_439' title='bbox 1020 4449 1314 4518; x_wconf 89' lang='lat' dir='ltr'><strong>animales,</strong></span> <span class='ocrx_word' id='word_1_440' title='bbox 1365 4462 1617 4519; x_wconf 89' lang='lat' dir='ltr'><strong>quorum</strong></span> <span class='ocrx_word' id='word_1_441' title='bbox 1657 4447 1820 4518; x_wconf 89' lang='lat' dir='ltr'><strong>copia</strong></span> <span class='ocrx_word' id='word_1_442' title='bbox 1848 4454 1931 4504; x_wconf 92' lang='lat' dir='ltr'><strong>est</strong></span> 
     </span>
    </p>
   </div>
   <div class='ocr_carea' id='block_1_64' title="bbox 309 4608 1484 4681">
    <p class='ocr_par' dir='ltr' id='par_1_64' title="bbox 309 4608 1484 4681">
     <span class='ocr_line' id='line_1_64' title="bbox 309 4608 1484 4681; baseline -0.004 -15"><span class='ocrx_word' id='word_1_443' title='bbox 309 4612 414 4681; x_wconf 84' lang='lat' dir='ltr'><strong>(l8)</strong></span> <span class='ocrx_word' id='word_1_444' title='bbox 447 4611 501 4667; x_wconf 92' lang='lat' dir='ltr'><strong>S.</strong></span> <span class='ocrx_word' id='word_1_445' title='bbox 530 4610 874 4668; x_wconf 89' lang='lat' dir='ltr'><strong>Norbertum</strong></span> <span class='ocrx_word' id='word_1_446' title='bbox 906 4609 1225 4679; x_wconf 88' lang='lat' dir='ltr'><strong>alloquitur</strong></span> <span class='ocrx_word' id='word_1_447' title='bbox 1249 4608 1484 4665; x_wconf 90' lang='lat' dir='ltr'><strong>Auctor.</strong></span> 
     </span>
    </p>
   </div>
   <div class='ocr_carea' id='block_1_65' title="bbox 2041 2593 3736 2665">
    <p class='ocr_par' dir='ltr' id='par_1_65' title="bbox 2041 2593 3736 2665">
     <span class='ocr_line' id='line_1_65' title="bbox 2041 2593 3736 2665; baseline 0.001 -17"><span class='ocrx_word' id='word_1_448' title='bbox 2041 2594 2283 2661; x_wconf 86' lang='lat' dir='ltr'><strong>inﬁnita,</strong></span> <span class='ocrx_word' id='word_1_449' title='bbox 2318 2595 2642 2665; x_wconf 89' lang='lat' dir='ltr'><strong>magistros,</strong></span> <span class='ocrx_word' id='word_1_450' title='bbox 2674 2601 2729 2650; x_wconf 91' lang='lat' dir='ltr'><strong>et</strong></span> <span class='ocrx_word' id='word_1_451' title='bbox 2758 2594 2861 2664; x_wconf 90' lang='lat' dir='ltr'><strong>qui</strong></span> <span class='ocrx_word' id='word_1_452' title='bbox 2895 2595 3015 2650; x_wconf 92' lang='lat' dir='ltr'><strong>suis</strong></span> <span class='ocrx_word' id='word_1_453' title='bbox 3047 2593 3470 2664; x_wconf 90' lang='lat' dir='ltr'><strong>dignoscuntur</strong></span> <span class='ocrx_word' id='word_1_454' title='bbox 3499 2607 3736 2650; x_wconf 88' lang='lat' dir='ltr'><strong>sensua-</strong></span> 
     </span>
    </p>
   </div>
   <div class='ocr_carea' id='block_1_66' title="bbox 2037 2681 3733 2752">
    <p class='ocr_par' dir='ltr' id='par_1_66' title="bbox 2037 2681 3733 2752">
     <span class='ocr_line' id='line_1_66' title="bbox 2037 2681 3733 2752; baseline 0 -14"><span class='ocrx_word' id='word_1_455' title='bbox 2037 2681 2298 2738; x_wconf 88' lang='lat' dir='ltr'><strong>litatibus</strong></span> <span class='ocrx_word' id='word_1_456' title='bbox 2332 2683 2552 2748; x_wconf 89' lang='lat' dir='ltr'><strong>irretiti,</strong></span> <span class='ocrx_word' id='word_1_457' title='bbox 2585 2682 2784 2752; x_wconf 88' lang='lat' dir='ltr'><strong>aliqua</strong></span> <span class='ocrx_word' id='word_1_458' title='bbox 2829 2682 3206 2752; x_wconf 91' lang='lat' dir='ltr'><strong>spiritualiter</strong></span> <span class='ocrx_word' id='word_1_459' title='bbox 3238 2696 3405 2738; x_wconf 89' lang='lat' dir='ltr'><strong>sensa</strong></span> <span class='ocrx_word' id='word_1_460' title='bbox 3452 2696 3733 2752; x_wconf 87' lang='lat' dir='ltr'><strong>propone-</strong></span> 
     </span>
    </p>
   </div>
   <div class='ocr_carea' id='block_1_67' title="bbox 2039 2771 3732 2840">
    <p class='ocr_par' dir='ltr' id='par_1_67' title="bbox 2039 2771 3732 2840">
     <span class='ocr_line' id='line_1_67' title="bbox 2039 2771 3732 2840; baseline -0.001 -14"><span class='ocrx_word' id='word_1_461' title='bbox 2039 2785 2178 2838; x_wconf 89' lang='lat' dir='ltr'><strong>rem,</strong></span> <span class='ocrx_word' id='word_1_462' title='bbox 2210 2771 2465 2827; x_wconf 90' lang='lat' dir='ltr'><strong>studium</strong></span> <span class='ocrx_word' id='word_1_463' title='bbox 2495 2771 2662 2840; x_wconf 90' lang='lat' dir='ltr'><strong>plane</strong></span> <span class='ocrx_word' id='word_1_464' title='bbox 2707 2785 2897 2826; x_wconf 90' lang='lat' dir='ltr'><strong>meum</strong></span> <span class='ocrx_word' id='word_1_465' title='bbox 2935 2785 3133 2826; x_wconf 90' lang='lat' dir='ltr'><strong>eorum</strong></span> <span class='ocrx_word' id='word_1_466' title='bbox 3175 2771 3515 2826; x_wconf 88' lang='lat' dir='ltr'><strong>lentitudine</strong></span> <span class='ocrx_word' id='word_1_467' title='bbox 3545 2771 3732 2826; x_wconf 91' lang='lat' dir='ltr'><strong>consi-</strong></span> 
     </span>
    </p>
   </div>
   <div class='ocr_carea' id='block_1_68' title="bbox 2039 2860 3041 2930">
    <p class='ocr_par' dir='ltr' id='par_1_68' title="bbox 2039 2860 3041 2930">
     <span class='ocr_line' id='line_1_68' title="bbox 2039 2860 3041 2930; baseline -0.002 -15"><span class='ocrx_word' id='word_1_468' title='bbox 2039 2861 2235 2916; x_wconf 88' lang='lat' dir='ltr'><strong>derata</strong></span> <span class='ocrx_word' id='word_1_469' title='bbox 2261 2860 2598 2930; x_wconf 85' lang='lat' dir='ltr'><strong>gravissime</strong></span> <span class='ocrx_word' id='word_1_470' title='bbox 2628 2860 3041 2914; x_wconf 84' lang='lat' dir='ltr'><strong>examinarem.</strong></span> 
     </span>
    </p>
   </div>
   <div class='ocr_carea' id='block_1_69' title="bbox 2110 2947 3736 3019">
    <p class='ocr_par' dir='ltr' id='par_1_69' title="bbox 2110 2947 3736 3019">
     <span class='ocr_line' id='line_1_69' title="bbox 2110 2947 3736 3019; baseline -0.001 -16"><span class='ocrx_word' id='word_1_471' title='bbox 2110 2949 2196 3003; x_wconf 85' lang='lat' dir='ltr'><strong>Ad</strong></span> <span class='ocrx_word' id='word_1_472' title='bbox 2229 2956 2280 3004; x_wconf 92' lang='lat' dir='ltr'><strong>te</strong></span> <span class='ocrx_word' id='word_1_473' title='bbox 2309 2949 2504 3019; x_wconf 87' lang='lat' dir='ltr'><strong>igitur,</strong></span> <span class='ocrx_word' id='word_1_474' title='bbox 2540 2948 2638 3018; x_wconf 85' lang='lat' dir='ltr'><strong>qui</strong></span> <span class='ocrx_word' id='word_1_475' title='bbox 2674 2948 3052 3017; x_wconf 90' lang='lat' dir='ltr'><strong>spiritualiter</strong></span> <span class='ocrx_word' id='word_1_476' title='bbox 3100 2954 3309 3003; x_wconf 87' lang='lat' dir='ltr'><strong>cuncta</strong></span> <span class='ocrx_word' id='word_1_477' title='bbox 3345 2947 3646 3003; x_wconf 90' lang='lat' dir='ltr'><strong>examinas</strong></span> <span class='ocrx_word' id='word_1_478' title='bbox 3675 2955 3736 3002; x_wconf 91' lang='lat' dir='ltr'><strong>et</strong></span> 
     </span>
    </p>
   </div>
   <div class='ocr_carea' id='block_1_70' title="bbox 2040 3034 3737 3106">
    <p class='ocr_par' dir='ltr' id='par_1_70' title="bbox 2040 3034 3737 3106">
     <span class='ocr_line' id='line_1_70' title="bbox 2040 3034 3737 3106; baseline 0 -16"><span class='ocrx_word' id='word_1_479' title='bbox 2040 3049 2070 3090; x_wconf 90' lang='lat' dir='ltr'><strong>a</strong></span> <span class='ocrx_word' id='word_1_480' title='bbox 2095 3036 2323 3091; x_wconf 91' lang='lat' dir='ltr'><strong>nemine</strong></span> <span class='ocrx_word' id='word_1_481' title='bbox 2364 3037 2663 3106; x_wconf 88' lang='lat' dir='ltr'><strong>judicaris,</strong></span> <span class='ocrx_word' id='word_1_482' title='bbox 2709 3051 2948 3092; x_wconf 90' lang='lat' dir='ltr'><strong>securus</strong></span> <span class='ocrx_word' id='word_1_483' title='bbox 2988 3037 3239 3104; x_wconf 90' lang='lat' dir='ltr'><strong>intendo,</strong></span> <span class='ocrx_word' id='word_1_484' title='bbox 3283 3034 3422 3106; x_wconf 84' lang='lat' dir='ltr'><strong>quia.</strong></span> <span class='ocrx_word' id='word_1_485' title='bbox 3461 3036 3532 3091; x_wconf 91' lang='lat' dir='ltr'><strong>ad</strong></span> <span class='ocrx_word' id='word_1_486' title='bbox 3568 3035 3737 3105; x_wconf 88' lang='lat' dir='ltr'><strong>liqui-</strong></span> 
     </span>
    </p>
   </div>
   <div class='ocr_carea' id='block_1_71' title="bbox 2041 3123 3732 3194">
    <p class='ocr_par' dir='ltr' id='par_1_71' title="bbox 2041 3123 3732 3194">
     <span class='ocr_line' id='line_1_71' title="bbox 2041 3123 3732 3194; baseline 0.001 -16"><span class='ocrx_word' id='word_1_487' title='bbox 2041 3123 2179 3178; x_wconf 92' lang='lat' dir='ltr'><strong>dum</strong></span> <span class='ocrx_word' id='word_1_488' title='bbox 2203 3125 2491 3190; x_wconf 90' lang='lat' dir='ltr'><strong>universa,</strong></span> <span class='ocrx_word' id='word_1_489' title='bbox 2526 3132 2580 3179; x_wconf 92' lang='lat' dir='ltr'><strong>et</strong></span> <span class='ocrx_word' id='word_1_490' title='bbox 2611 3125 2700 3180; x_wconf 89' lang='lat' dir='ltr'><strong>his</strong></span> <span class='ocrx_word' id='word_1_491' title='bbox 2730 3126 2951 3194; x_wconf 90' lang='lat' dir='ltr'><strong>majora</strong></span> <span class='ocrx_word' id='word_1_492' title='bbox 2993 3140 3107 3180; x_wconf 92' lang='lat' dir='ltr'><strong>non</strong></span> <span class='ocrx_word' id='word_1_493' title='bbox 3157 3133 3453 3194; x_wconf 90' lang='lat' dir='ltr'><strong>penetrare</strong></span> <span class='ocrx_word' id='word_1_494' title='bbox 3483 3140 3597 3180; x_wconf 92' lang='lat' dir='ltr'><strong>non</strong></span> <span class='ocrx_word' id='word_1_495' title='bbox 3630 3139 3732 3194; x_wconf 92' lang='lat' dir='ltr'><strong>po-</strong></span> 
     </span>
    </p>
   </div>
   <div class='ocr_carea' id='block_1_72' title="bbox 1971 3213 3734 3290">
    <p class='ocr_par' dir='ltr' id='par_1_72' title="bbox 1971 3213 3734 3290">
     <span class='ocr_line' id='line_1_72' title="bbox 1971 3213 3734 3290; baseline 0.001 -23"><span class='ocrx_word' id='word_1_496' title='bbox 1971 3236 2012 3290; x_wconf 70' lang='grc' dir='ltr'><strong>ρ</strong></span> <span class='ocrx_word' id='word_1_497' title='bbox 2043 3213 2175 3268; x_wconf 92' lang='lat' dir='ltr'><strong>teris</strong></span> <span class='ocrx_word' id='word_1_498' title='bbox 2203 3228 2218 3282; x_wconf 87' lang='lat'><strong>;</strong></span> <span class='ocrx_word' id='word_1_499' title='bbox 2249 3227 2381 3268; x_wconf 88' lang='lat' dir='ltr'><strong>cum</strong></span> <span class='ocrx_word' id='word_1_500' title='bbox 2414 3213 2558 3268; x_wconf 89' lang='lat' dir='ltr'><strong>nihil</strong></span> <span class='ocrx_word' id='word_1_501' title='bbox 2584 3213 2832 3269; x_wconf 92' lang='lat' dir='ltr'><strong>sitaliud</strong></span> <span class='ocrx_word' id='word_1_502' title='bbox 2852 3228 3026 3282; x_wconf 88' lang='lat' dir='ltr'><strong>quam</strong></span> <span class='ocrx_word' id='word_1_503' title='bbox 3055 3213 3319 3269; x_wconf 91' lang='lat' dir='ltr'><strong>divinum</strong></span> <span class='ocrx_word' id='word_1_504' title='bbox 3349 3222 3402 3270; x_wconf 91' lang='lat' dir='ltr'><strong>et</strong></span> <span class='ocrx_word' id='word_1_505' title='bbox 3431 3213 3734 3284; x_wconf 88' lang='lat' dir='ltr'><strong>spirituale</strong></span> 
     </span>
    </p>
   </div>
   <div class='ocr_carea' id='block_1_73' title="bbox 2042 3301 3732 3372">
    <p class='ocr_par' dir='ltr' id='par_1_73' title="bbox 2042 3301 3732 3372">
     <span class='ocr_line' id='line_1_73' title="bbox 2042 3301 3732 3372; baseline 0.001 -17"><span class='ocrx_word' id='word_1_506' title='bbox 2042 3301 2196 3370; x_wconf 88' lang='lat' dir='ltr'><strong>quod</strong></span> <span class='ocrx_word' id='word_1_507' title='bbox 2225 3301 2394 3356; x_wconf 88' lang='lat' dir='ltr'><strong>vivis.</strong></span> <span class='ocrx_word' id='word_1_508' title='bbox 2440 3301 2495 3356; x_wconf 90' lang='lat' dir='ltr'><strong>Si</strong></span> <span class='ocrx_word' id='word_1_509' title='bbox 2525 3316 2644 3371; x_wconf 88' lang='lat' dir='ltr'><strong>qua</strong></span> <span class='ocrx_word' id='word_1_510' title='bbox 2675 3317 2810 3371; x_wconf 89' lang='lat' dir='ltr'><strong>ergo</strong></span> <span class='ocrx_word' id='word_1_511' title='bbox 2855 3301 2978 3357; x_wconf 89' lang='lat' dir='ltr'><strong>istic</strong></span> <span class='ocrx_word' id='word_1_512' title='bbox 3025 3302 3362 3371; x_wconf 88' lang='lat' dir='ltr'><strong>corrigenda</strong></span> <span class='ocrx_word' id='word_1_513' title='bbox 3404 3302 3732 3372; x_wconf 90' lang='lat' dir='ltr'><strong>perpendis,</strong></span> 
     </span>
    </p>
   </div>
   <div class='ocr_carea' id='block_1_74' title="bbox 2039 3388 3732 3460">
    <p class='ocr_par' dir='ltr' id='par_1_74' title="bbox 2039 3388 3732 3460">
     <span class='ocr_line' id='line_1_74' title="bbox 2039 3388 3732 3460; baseline 0.001 -16"><span class='ocrx_word' id='word_1_514' title='bbox 2039 3388 2273 3444; x_wconf 90' lang='lat' dir='ltr'><strong>consilio</strong></span> <span class='ocrx_word' id='word_1_515' title='bbox 2303 3403 2436 3445; x_wconf 91' lang='lat' dir='ltr'><strong>cum</strong></span> <span class='ocrx_word' id='word_1_516' title='bbox 2469 3389 2798 3458; x_wconf 91' lang='lat' dir='ltr'><strong>Scripturis,</strong></span> <span class='ocrx_word' id='word_1_517' title='bbox 2833 3403 3085 3458; x_wconf 89' lang='lat' dir='ltr'><strong>quarum</strong></span> <span class='ocrx_word' id='word_1_518' title='bbox 3119 3390 3220 3445; x_wconf 89' lang='lat' dir='ltr'><strong>tibi</strong></span> <span class='ocrx_word' id='word_1_519' title='bbox 3251 3405 3362 3444; x_wconf 92' lang='lat' dir='ltr'><strong>non</strong></span> <span class='ocrx_word' id='word_1_520' title='bbox 3397 3391 3732 3460; x_wconf 80' lang='lat' dir='ltr'><strong>infrequens</strong></span> 
     </span>
    </p>
   </div>
   <div class='ocr_carea' id='block_1_75' title="bbox 2037 3478 3734 3548">
    <p class='ocr_par' dir='ltr' id='par_1_75' title="bbox 2037 3478 3734 3548">
     <span class='ocr_line' id='line_1_75' title="bbox 2037 3478 3734 3548; baseline 0.001 -16"><span class='ocrx_word' id='word_1_521' title='bbox 2037 3491 2181 3532; x_wconf 91' lang='lat' dir='ltr'><strong>usus</strong></span> <span class='ocrx_word' id='word_1_522' title='bbox 2226 3485 2431 3542; x_wconf 79' lang='lat' dir='ltr'><strong>exstat,</strong></span> <span class='ocrx_word' id='word_1_523' title='bbox 2487 3478 2928 3544; x_wconf 90' lang='lat' dir='ltr'><strong>communicato,</strong></span> <span class='ocrx_word' id='word_1_524' title='bbox 3007 3491 3379 3547; x_wconf 89' lang='lat' dir='ltr'><strong>nequaquam</strong></span> <span class='ocrx_word' id='word_1_525' title='bbox 3444 3478 3734 3548; x_wconf 89' lang='lat' dir='ltr'><strong>corrigere</strong></span> 
     </span>
    </p>
   </div>
   <div class='ocr_carea' id='block_1_76' title="bbox 2038 3565 3734 3636">
    <p class='ocr_par' dir='ltr' id='par_1_76' title="bbox 2038 3565 3734 3636">
     <span class='ocr_line' id='line_1_76' title="bbox 2038 3565 3734 3636; baseline 0.002 -18"><span class='ocrx_word' id='word_1_526' title='bbox 2038 3565 2381 3636; x_wconf 88' lang='lat' dir='ltr'><strong>dedigneris,</strong></span> <span class='ocrx_word' id='word_1_527' title='bbox 2431 3567 2616 3619; x_wconf 91' lang='lat' dir='ltr'><strong>sciens</strong></span> <span class='ocrx_word' id='word_1_528' title='bbox 2667 3565 2900 3620; x_wconf 90' lang='lat' dir='ltr'><strong>indubie</strong></span> <span class='ocrx_word' id='word_1_529' title='bbox 2944 3565 3084 3634; x_wconf 91' lang='lat' dir='ltr'><strong>quia</strong></span> <span class='ocrx_word' id='word_1_530' title='bbox 3135 3579 3248 3620; x_wconf 91' lang='lat' dir='ltr'><strong>non</strong></span> <span class='ocrx_word' id='word_1_531' title='bbox 3289 3565 3582 3635; x_wconf 88' lang='lat' dir='ltr'><strong>ingratum</strong></span> <span class='ocrx_word' id='word_1_532' title='bbox 3641 3580 3734 3621; x_wconf 89' lang='lat' dir='ltr'><strong>me</strong></span> 
     </span>
    </p>
   </div>
   <div class='ocr_carea' id='block_1_77' title="bbox 2041 3652 3732 3722">
    <p class='ocr_par' dir='ltr' id='par_1_77' title="bbox 2041 3652 3732 3722">
     <span class='ocr_line' id='line_1_77' title="bbox 2041 3652 3732 3722; baseline 0.001 -16"><span class='ocrx_word' id='word_1_533' title='bbox 2041 3653 2155 3708; x_wconf 89' lang='lat' dir='ltr'><strong>ullo</strong></span> <span class='ocrx_word' id='word_1_534' title='bbox 2207 3653 2376 3708; x_wconf 91' lang='lat' dir='ltr'><strong>modo</strong></span> <span class='ocrx_word' id='word_1_535' title='bbox 2424 3653 2688 3721; x_wconf 91' lang='lat' dir='ltr'><strong>reperies,</strong></span> <span class='ocrx_word' id='word_1_536' title='bbox 2745 3654 2791 3708; x_wconf 93' lang='lat' dir='ltr'><strong>si</strong></span> <span class='ocrx_word' id='word_1_537' title='bbox 2835 3667 2954 3722; x_wconf 86' lang='lat' dir='ltr'><strong>qua</strong></span> <span class='ocrx_word' id='word_1_538' title='bbox 3001 3653 3140 3708; x_wconf 90' lang='lat' dir='ltr'><strong>inibi</strong></span> <span class='ocrx_word' id='word_1_539' title='bbox 3190 3653 3590 3720; x_wconf 88' lang='lat' dir='ltr'><strong>oblitteranda,</strong></span> <span class='ocrx_word' id='word_1_540' title='bbox 3637 3652 3732 3708; x_wconf 86' lang='lat' dir='ltr'><strong>vel</strong></span> 
     </span>
    </p>
   </div>
   <div class='ocr_carea' id='block_1_78' title="bbox 2037 3741 3726 3810">
    <p class='ocr_par' dir='ltr' id='par_1_78' title="bbox 2037 3741 3726 3810">
     <span class='ocr_line' id='line_1_78' title="bbox 2037 3741 3726 3810; baseline 0 -14"><span class='ocrx_word' id='word_1_541' title='bbox 2037 3741 2225 3810; x_wconf 89' lang='lat' dir='ltr'><strong>potius</strong></span> <span class='ocrx_word' id='word_1_542' title='bbox 2273 3742 2630 3796; x_wconf 89' lang='lat' dir='ltr'><strong>immutanda</strong></span> <span class='ocrx_word' id='word_1_543' title='bbox 2681 3742 2984 3796; x_wconf 81' lang='lat' dir='ltr'><strong>notaveris.</strong></span> <span class='ocrx_word' id='word_1_544' title='bbox 3029 3745 3311 3797; x_wconf 72' lang='lat' dir='ltr'><strong>Caeterum</strong></span> <span class='ocrx_word' id='word_1_545' title='bbox 3361 3742 3435 3797; x_wconf 90' lang='lat' dir='ltr'><strong>ad</strong></span> <span class='ocrx_word' id='word_1_546' title='bbox 3483 3741 3726 3797; x_wconf 88' lang='lat' dir='ltr'><strong>litteram</strong></span> 
     </span>
    </p>
   </div>
   <div class='ocr_carea' id='block_1_79' title="bbox 2036 3829 3733 3900">
    <p class='ocr_par' dir='ltr' id='par_1_79' title="bbox 2036 3829 3733 3900">
     <span class='ocr_line' id='line_1_79' title="bbox 2036 3829 3733 3900; baseline 0.001 -17"><span class='ocrx_word' id='word_1_547' title='bbox 2036 3829 2178 3884; x_wconf 87' lang='lat' dir='ltr'><strong>nihil</strong></span> <span class='ocrx_word' id='word_1_548' title='bbox 2215 3844 2302 3884; x_wconf 93' lang='lat' dir='ltr'><strong>me</strong></span> <span class='ocrx_word' id='word_1_549' title='bbox 2324 3830 2533 3886; x_wconf 86' lang='lat' dir='ltr'><strong>dixisse</strong></span> <span class='ocrx_word' id='word_1_550' title='bbox 2563 3830 2692 3884; x_wconf 94' lang='lat' dir='ltr'><strong>nolo</strong></span> <span class='ocrx_word' id='word_1_551' title='bbox 2725 3829 2967 3896; x_wconf 89' lang='lat' dir='ltr'><strong>mireris,</strong></span> <span class='ocrx_word' id='word_1_552' title='bbox 3000 3830 3140 3900; x_wconf 88' lang='lat' dir='ltr'><strong>quia</strong></span> <span class='ocrx_word' id='word_1_553' title='bbox 3171 3829 3324 3900; x_wconf 92' lang='lat' dir='ltr'><strong>quod</strong></span> <span class='ocrx_word' id='word_1_554' title='bbox 3356 3831 3415 3885; x_wconf 92' lang='lat' dir='ltr'><strong>B.</strong></span> <span class='ocrx_word' id='word_1_555' title='bbox 3461 3830 3733 3898; x_wconf 80' lang='lat' dir='ltr'><strong>Hierony-</strong></span> 
     </span>
    </p>
   </div>
   <div class='ocr_carea' id='block_1_80' title="bbox 2038 3919 3730 3989">
    <p class='ocr_par' dir='ltr' id='par_1_80' title="bbox 2038 3919 3730 3989">
     <span class='ocr_line' id='line_1_80' title="bbox 2038 3919 3730 3989; baseline 0.001 -17"><span class='ocrx_word' id='word_1_556' title='bbox 2038 3932 2169 3973; x_wconf 91' lang='lat' dir='ltr'><strong>mus</strong></span> <span class='ocrx_word' id='word_1_557' title='bbox 2210 3919 2348 3973; x_wconf 87' lang='lat' dir='ltr'><strong>satis</strong></span> <span class='ocrx_word' id='word_1_558' title='bbox 2395 3932 2684 3989; x_wconf 91' lang='lat' dir='ltr'><strong>superque</strong></span> <span class='ocrx_word' id='word_1_559' title='bbox 2735 3919 3051 3974; x_wconf 90' lang='lat' dir='ltr'><strong>elucidasse</strong></span> <span class='ocrx_word' id='word_1_560' title='bbox 3092 3919 3147 3973; x_wconf 92' lang='lat' dir='ltr'><strong>in</strong></span> <span class='ocrx_word' id='word_1_561' title='bbox 3188 3927 3458 3988; x_wconf 90' lang='lat' dir='ltr'><strong>promptu</strong></span> <span class='ocrx_word' id='word_1_562' title='bbox 3496 3927 3596 3986; x_wconf 90' lang='lat' dir='ltr'><strong>est,</strong></span> <span class='ocrx_word' id='word_1_563' title='bbox 3643 3919 3730 3974; x_wconf 90' lang='lat' dir='ltr'><strong>id-</strong></span> 
     </span>
    </p>
   </div>
   <div class='ocr_carea' id='block_1_81' title="bbox 2038 4005 3728 4077">
    <p class='ocr_par' dir='ltr' id='par_1_81' title="bbox 2038 4005 3728 4077">
     <span class='ocr_line' id='line_1_81' title="bbox 2038 4005 3728 4077; baseline 0.001 -17"><span class='ocrx_word' id='word_1_564' title='bbox 2038 4005 2226 4076; x_wconf 91' lang='lat' dir='ltr'><strong>ipsum</strong></span> <span class='ocrx_word' id='word_1_565' title='bbox 2274 4008 2577 4076; x_wconf 91' lang='lat' dir='ltr'><strong>repetendo</strong></span> <span class='ocrx_word' id='word_1_566' title='bbox 2616 4007 2918 4063; x_wconf 90' lang='lat' dir='ltr'><strong>schedulas</strong></span> <span class='ocrx_word' id='word_1_567' title='bbox 2952 4007 3186 4076; x_wconf 89' lang='lat' dir='ltr'><strong>implere</strong></span> <span class='ocrx_word' id='word_1_568' title='bbox 3232 4021 3728 4077; x_wconf 89' lang='lat' dir='ltr'><strong>supervacaneum</strong></span> 
     </span>
    </p>
   </div>
   <div class='ocr_carea' id='block_1_82' title="bbox 2039 4095 3733 4167">
    <p class='ocr_par' dir='ltr' id='par_1_82' title="bbox 2039 4095 3733 4167">
     <span class='ocr_line' id='line_1_82' title="bbox 2039 4095 3733 4167; baseline 0.001 -17"><span class='ocrx_word' id='word_1_569' title='bbox 2039 4096 2236 4165; x_wconf 92' lang='lat' dir='ltr'><strong>procul</strong></span> <span class='ocrx_word' id='word_1_570' title='bbox 2265 4095 2440 4150; x_wconf 91' lang='lat' dir='ltr'><strong>dubio</strong></span> <span class='ocrx_word' id='word_1_571' title='bbox 2484 4095 2621 4150; x_wconf 89' lang='lat' dir='ltr'><strong>mihi</strong></span> <span class='ocrx_word' id='word_1_572' title='bbox 2665 4103 2766 4152; x_wconf 92' lang='lat' dir='ltr'><strong>est.</strong></span> <span class='ocrx_word' id='word_1_573' title='bbox 2808 4095 2946 4159; x_wconf 66' lang='lat' dir='ltr'><strong>Quae</strong></span> <span class='ocrx_word' id='word_1_574' title='bbox 2983 4111 3118 4167; x_wconf 88' lang='lat' dir='ltr'><strong>ergo</strong></span> <span class='ocrx_word' id='word_1_575' title='bbox 3159 4110 3260 4165; x_wconf 93' lang='lat' dir='ltr'><strong>pro</strong></span> <span class='ocrx_word' id='word_1_576' title='bbox 3289 4104 3463 4165; x_wconf 88' lang='lat' dir='ltr'><strong>captu</strong></span> <span class='ocrx_word' id='word_1_577' title='bbox 3502 4111 3644 4164; x_wconf 89' lang='lat' dir='ltr'><strong>meo,</strong></span> <span class='ocrx_word' id='word_1_578' title='bbox 3677 4103 3733 4152; x_wconf 89' lang='lat' dir='ltr'><strong>et</strong></span> 
     </span>
    </p>
   </div>
   <div class='ocr_carea' id='block_1_83' title="bbox 2038 4183 3732 4256">
    <p class='ocr_par' dir='ltr' id='par_1_83' title="bbox 2038 4183 3732 4256">
     <span class='ocr_line' id='line_1_83' title="bbox 2038 4183 3732 4256; baseline 0.003 -19"><span class='ocrx_word' id='word_1_579' title='bbox 2038 4183 2172 4251; x_wconf 91' lang='lat' dir='ltr'><strong>Deo,</strong></span> <span class='ocrx_word' id='word_1_580' title='bbox 2233 4192 2298 4240; x_wconf 92' lang='lat' dir='ltr'><strong>ut</strong></span> <span class='ocrx_word' id='word_1_581' title='bbox 2349 4185 2538 4253; x_wconf 89' lang='lat' dir='ltr'><strong>credo,</strong></span> <span class='ocrx_word' id='word_1_582' title='bbox 2599 4185 2837 4256; x_wconf 90' lang='lat' dir='ltr'><strong>indigno</strong></span> <span class='ocrx_word' id='word_1_583' title='bbox 2893 4188 3169 4254; x_wconf 92' lang='lat' dir='ltr'><strong>peccatori</strong></span> <span class='ocrx_word' id='word_1_584' title='bbox 3214 4185 3524 4254; x_wconf 89' lang='lat' dir='ltr'><strong>aspirante,</strong></span> <span class='ocrx_word' id='word_1_585' title='bbox 3582 4186 3732 4242; x_wconf 91' lang='lat' dir='ltr'><strong>bona</strong></span> 
     </span>
    </p>
   </div>
   <div class='ocr_carea' id='block_1_84' title="bbox 2041 4273 3734 4344">
    <p class='ocr_par' dir='ltr' id='par_1_84' title="bbox 2041 4273 3734 4344">
     <span class='ocr_line' id='line_1_84' title="bbox 2041 4273 3734 4344; baseline 0.002 -18"><span class='ocrx_word' id='word_1_586' title='bbox 2041 4273 2351 4328; x_wconf 91' lang='lat' dir='ltr'><strong>intentione</strong></span> <span class='ocrx_word' id='word_1_587' title='bbox 2399 4274 2682 4344; x_wconf 85' lang='lat' dir='ltr'><strong>peregisse</strong></span> <span class='ocrx_word' id='word_1_588' title='bbox 2739 4288 2828 4328; x_wconf 93' lang='lat' dir='ltr'><strong>me</strong></span> <span class='ocrx_word' id='word_1_589' title='bbox 2884 4274 3138 4341; x_wconf 90' lang='lat' dir='ltr'><strong>memini,</strong></span> <span class='ocrx_word' id='word_1_590' title='bbox 3193 4288 3308 4329; x_wconf 92' lang='lat' dir='ltr'><strong>non</strong></span> <span class='ocrx_word' id='word_1_591' title='bbox 3356 4281 3583 4330; x_wconf 87' lang='lat' dir='ltr'><strong>tantum</strong></span> <span class='ocrx_word' id='word_1_592' title='bbox 3630 4281 3734 4330; x_wconf 89' lang='lat' dir='ltr'><strong>tua</strong></span> 
     </span>
    </p>
   </div>
   <div class='ocr_carea' id='block_1_85' title="bbox 2041 4360 3733 4431">
    <p class='ocr_par' dir='ltr' id='par_1_85' title="bbox 2041 4360 3733 4431">
     <span class='ocr_line' id='line_1_85' title="bbox 2041 4360 3733 4431; baseline 0.001 -14"><span class='ocrx_word' id='word_1_593' title='bbox 2041 4360 2281 4417; x_wconf 91' lang='lat' dir='ltr'><strong>lectione</strong></span> <span class='ocrx_word' id='word_1_594' title='bbox 2338 4375 2514 4431; x_wconf 86' lang='lat' dir='ltr'><strong>quam</strong></span> <span class='ocrx_word' id='word_1_595' title='bbox 2574 4361 2830 4418; x_wconf 90' lang='lat' dir='ltr'><strong>oratione</strong></span> <span class='ocrx_word' id='word_1_596' title='bbox 2889 4361 3172 4418; x_wconf 83' lang='lat' dir='ltr'><strong>ﬁrmanda</strong></span> <span class='ocrx_word' id='word_1_597' title='bbox 3228 4371 3282 4418; x_wconf 94' lang='lat' dir='ltr'><strong>et</strong></span> <span class='ocrx_word' id='word_1_598' title='bbox 3328 4363 3733 4418; x_wconf 90' lang='lat' dir='ltr'><strong>auctorizanda</strong></span> 
     </span>
    </p>
   </div>
   <div class='ocr_carea' id='block_1_86' title="bbox 2043 4449 2351 4506">
    <p class='ocr_par' dir='ltr' id='par_1_86' title="bbox 2043 4449 2351 4506">
     <span class='ocr_line' id='line_1_86' title="bbox 2043 4449 2351 4506; baseline -0.01 0"><span class='ocrx_word' id='word_1_599' title='bbox 2043 4449 2351 4506; x_wconf 90' lang='lat' dir='ltr'><strong>transmisi.</strong></span> 
     </span>
    </p>
   </div>
   <div class='ocr_carea' id='block_1_87' title="bbox 1053 4877 2910 4931">
    <p class='ocr_par' dir='ltr' id='par_1_87' title="bbox 1053 4877 2910 4931">
     <span class='ocr_line' id='line_1_87' title="bbox 1053 4877 2910 4931; baseline 0.001 -7"><span class='ocrx_word' id='word_1_600' title='bbox 1053 4879 1338 4925; x_wconf 84' lang='lat' dir='ltr'><strong>EXPLICIT</strong></span> <span class='ocrx_word' id='word_1_601' title='bbox 1383 4877 1908 4923; x_wconf 78' lang='lat' dir='ltr'><strong>TROPOLOGIARUM</strong></span> <span class='ocrx_word' id='word_1_602' title='bbox 1956 4877 2136 4922; x_wconf 81' lang='lat' dir='ltr'><strong>LIBER</strong></span> <span class='ocrx_word' id='word_1_603' title='bbox 2182 4877 2448 4931; x_wconf 82' lang='lat' dir='ltr'><strong>QUINTUS</strong></span> <span class='ocrx_word' id='word_1_604' title='bbox 2496 4880 2572 4922; x_wconf 87' lang='lat' dir='ltr'><strong>ET</strong></span> <span class='ocrx_word' id='word_1_605' title='bbox 2619 4880 2910 4925; x_wconf 84' lang='lat' dir='ltr'><strong>ULTIMUS.</strong></span> 
     </span>
    </p>
   </div>
  </div>
