3934 6086
121 253 243 306 489

917 250 1168 308 TRACT.
1215 252 1305 308 DE
1349 251 1864 309 INCARNATIONE
1904 253 2177 310 CONTRA
2212 248 2517 310 JUDIEOST
2548 254 2774 311 —LIB.
2816 255 2859 309 Ι.

3534 258 3641 314 490

1114 503 1401 587 νεα.
1466 504 2058 589 GUIBERTI
2124 506 2672 590 ABBATIS

299 676 1472 826 TRACTATUS
1578 680 1832 825 DE
1969 681 3462 833 INCARNATIONE

1250 915 1822 1021 CONTRA
1881 918 2491 1024 JUDZEOS.

780 1204 1345 1293 AUCTOEIS
1415 1207 1971 1294 EPISTOLA
2046 1208 2979 1297 NUNCUPATOBIA.

196 1515 349 1564 £64
390 1508 543 1566 Patri
570 1517 626 1565 et
654 1509 889 1565 domino
917 1515 1129 1565 sancta
1179 1508 1599 1565 Suessionensis
1638 1508 1825 1565 Eccle-
1859 1510 1907 1563 A
1937 1507 1990 1565 Si
2054 1508 2208 1565 enim
2262 1509 2317 1565 id
2376 1508 2637 1576 facerem,
2698 1517 2752 1566 et
2806 1525 2896 1567 res

118 1599 225 1654 sia
250 1599 468 1655 decano
500 1599 803 1655 Bsnsaaoo‘
832 1598 1106 1669 indignus
1134 1598 1443 1654 admodum
1477 1597 1827 1669 pranomine

124 1701 259 1743 SllO.

196 1774 534 1831 Petitionem
597 1782 711 1832 tua
783 1774 1104 1831 sanctitatis
1163 1773 1393 1831 biennio
1448 1774 1665 1842 distuli,
1729 1773 1826 1829 sed

111 1862 245 1933 jam
299 1877 459 1919 nunc
506 1863 697 1919 nescio
752 1862 800 1919 si
852 1863 1024 1932 digne
1064 1862 1379 1932 paruerim.
1432 1861 1633 1916 Fateor
1672 1860 1825 1915 enim

118 1949 234 2007 tibi
290 1950 622 2018 Dominum,
677 1965 849 2021 quem
902 1964 1265 2006 communem
1328 1957 1514 2012 testor.
1577 1949 1826 2004 multum

117 2054 218 2095 me
266 2039 449 2109 hujus
505 2039 912 2110 postulationis
967 2037 1195 2108 puduit,
1255 2037 1392 2093 dum
1442 2045 1600 2092 tuam
1631 2037 1699 2092 de
1738 2051 1829 2092 me

114 2126 451 2196 opinionem
502 2127 774 2198 majorem
840 2127 1023 2183 sentio
1072 2140 1250 2197 quam
1302 2125 1506 2181 merui.
1568 2124 1827 2181 Scientia

117 2214 285 2269 enim
334 2214 777 2271 imbecillitatem
809 2228 1181 2285 expaveram,
1230 2223 1284 2269 et
1312 2213 1451 2269 dum
1504 2213 1823 2283 inexperta,

114 2308 174 2356 et
222 2316 357 2372 qua
389 2300 693 2374 Gregorios
740 2303 1234 2372 Hieronymosque
1279 2309 1492 2357 terrere
1541 2308 1823 2370 poterant,

118 2392 356 2463 exigor,
389 2393 500 2449 sub
538 2400 833 2463 assumpto
866 2392 1112 2463 turpiter
1161 2391 1311 2447 fasce
1344 2392 1565 2446 veritus
1602 2405 1823 2458 casum,

116 2486 416 2548 quantum
452 2479 631 2547 licuit,
690 2486 986 2550 urgentem
1027 2486 1078 2534 te
1108 2478 1480 2534 dilationibus
1523 2478 1827 2548 hucusque

115 2564 366 2637 suffugi.
413 2567 709 2623 Inauditas
757 2567 927 2637 plane
973 2575 1028 2622 et
1077 2566 1227 2621 male
1267 2566 1506 2622 subtiles
1546 2580 1678 2636 qua
1725 2580 1826 2621 no-

117 2661 257 2709 stra
303 2654 685 2711 intenduntur
732 2654 861 2709 fidei
912 2654 1332 2710 controversias
1378 2653 1650 2722 refellere,
1694 2668 1827 2723 per-

118 2740 501 2812 spicacissimi
550 2742 730 2798 animi
790 2743 1038 2813 postulat
1115 2742 1445 2813 puritatem.
1518 2742 1826 2797 Dominica

118 2843 383 2900 namque
430 2831 848 2886 Iucarnationis
896 2831 993 2886 illa
1039 2830 1338 2886 sinceritas
1376 2828 1542 2885 oculo
1594 2830 1830 2900 vestiga-
1867 2805 1908 2859 Β

119 2924 223 2973 tur
272 2917 502 2973 nonnisi
547 2933 581 2974 a
612 2919 965 2989 quibusdam
1016 2917 1528 2989 imaginationibus
1561 2918 1824 2985 lautiore,

120 3005 348 3076 quibus
376 3020 507 3062 cum
542 3020 632 3062 me
674 3006 935 3063 noverim
986 3006 1264 3062 acerrime
1309 3006 1706 3077 prapeditum,
1741 3006 1830 3061 ni-

121 3092 343 3149 mirum
388 3092 556 3149 valde
608 3108 741 3148 cum
793 3093 846 3149 id
900 3092 1140 3166 aggredi
1183 3106 1437 3164 cogerer,
1485 3093 1824 3150 astuabam.

2974 1512 3333 1584 vilipensioni
3400 1525 3634 1588 pateret,

1933 1596 2282 1667 (cogitabam
2340 1598 2655 1653 secundum
2711 1598 3019 1671 hominem)
3078 1601 3185 1657 hoc
3235 1603 3342 1659 mei
3405 1605 3638 1661 honoris

1935 1697 2097 1753 posse
2140 1684 2262 1739 fieri
2309 1679 2669 1753 detrimento,
2715 1686 2847 1753 imo,
2900 1688 3055 1757 quod
3105 1691 3289 1761 magis
3318 1693 3637 1749 verendum

1935 1779 2039 1838 est,
2069 1773 2251 1843 tepide
2283 1780 2527 1830 tractare
2577 1774 2647 1829 de
2695 1774 2909 1831 talibus
2956 1777 3225 1834 Ecclesia
3264 1780 3467 1849 poterit
3505 1781 3635 1837 ofﬁ-

1935 1874 2060 1917 cere
2111 1862 2474 1918 documento.
2523 1863 2792 1918 Attamen
2838 1878 3083 1933 pensans
3128 1868 3281 1936 quod
3343 1876 3637 1940 tantopere

1934 1948 2249 2005 orationem
2300 1949 2642 2019 pramittere
2692 1966 2781 2006 me
2810 1952 3046 2022 rogasti,
3086 1955 3159 2009 ad
3197 1969 3327 2010 eum
3362 1956 3465 2027 qui
3510 1973 3634 2013 om-

1934 2037 2032 2092 nia
2064 2051 2190 2092 mea
2222 2037 2500 2093 hactenus
2530 2046 2715 2108 capta
2734 2038 2995 2110 juvisset,
3017 2055 3115 2096 cor
3133 2042 3353 2112 appuli,
3379 2044 3636 2101 demum-

1935 2138 2069 2195 que,
2123 2123 2170 2179 si
2220 2138 2337 2195 qua
2382 2139 2622 2195 possem,
2679 2141 2855 2196 super
2899 2136 3000 2183 tuo
3058 2129 3282 2199 negotio
3336 2132 3632 2190 elaborare

1937 2212 2172 2269 tentavi.
2216 2212 2272 2268 Si
2304 2214 2443 2283 quid
2477 2214 2532 2269 in
2568 2228 2632 2269 eo
2663 2215 2803 2270 bene
2834 2215 3015 2285 potui,
3039 2215 3095 2271 in
3125 2216 3233 2274 hoc
3257 2219 3356 2274 tibi
3383 2221 3629 2291 ascribo,

1934 2301 2073 2372 quia
2104 2309 2218 2357 tua
2262 2315 2503 2358 summa
2537 2302 2849 2358 humilitati
2897 2303 3191 2361 humiliter
3232 2306 3629 2378 obtemperare

1936 2388 2226 2459 proposui.
2260 2389 2404 2446 Cum
2441 2404 2585 2460 puer
2616 2405 2796 2446 essem
2821 2399 2876 2447 et
2900 2392 3007 2447 sub
3035 2392 3345 2466 padagogo
3377 2409 3629 2467 agerem,

1935 2478 2141 2534 accidit
2185 2492 2275 2533 me
2322 2478 2605 2547 quasdam
2652 2478 2963 2535 admodum
2997 2481 3302 2538 saculares
3350 2482 3633 2542 litterulas

1936 2564 2220 2626 dictitasse
2243 2564 2383 2636 (t9);
2409 2566 2560 2635 quod
2584 2580 2714 2621 cum
2742 2567 3013 2637 magister
3044 2568 3189 2625 idem
3215 2584 3367 2641 agre
3390 2571 3628 2642 tulisset,

1935 2652 2237 2709 dormienti
2282 2652 2461 2708 astitit
2501 2666 2644 2708 cano
2691 2667 2933 2724 persona
2962 2655 3166 2725 capite,
3212 2657 3447 2714 dicens:
3490 2659 3631 2716 Volo

1935 2742 2074 2797 mihi
2126 2743 2404 2797 rationem
2450 2741 2518 2797 de
2574 2741 2776 2798 litteris
2804 2744 3028 2811 reddas,
3062 2753 3462 2803 verumtamen
3504 2763 3633 2804 ma-

1937 2843 2048 2885 nus
2075 2843 2205 2898 qua
2235 2829 2461 2898 scripsit
2492 2843 2605 2884 non
2637 2836 2720 2885 est
2758 2829 2913 2887 illius
2938 2845 3194 2901 persona
3225 2848 3356 2903 qua
3390 2834 3631 2904 scripsit.

1935 2916 2094 2984 Quod
2121 2931 2252 2973 cum
2287 2924 2432 2973 esset
2461 2917 2600 2973 mihi
2633 2918 2707 2981 ab
2760 2917 2883 2989 ipso
2927 2919 3193 2987 relatum,
3245 2922 3653 2979 animadverti.

1937 3006 2090 3076 quod
2123 3005 2345 3075 aliquid
2378 3006 2518 3061 mihi
2545 3006 2784 3062 interna
2814 3005 2961 3063 lucis
2991 3006 3343 3078 impenderet
3376 3009 3543 3077 Deus,
3571 3018 3633 3066 ut

1938 3107 2146 3149 manus
2173 3108 2302 3150 mea
2333 3094 2443 3165 piis
2468 3094 2710 3151 serviret
2734 3095 3026 3166 operibus.

1436 3310 1782 3397 LIBER
1838 3309 2301 3397 PRIMUS.

931 3466 1033 3533 DE
1081 3465 1632 3534 CONCEPTIONE
1676 3466 1868 3533 FILII
1915 3467 2047 3533 DEI
2098 3465 2351 3533 ΙΝΤΒΑ
2389 3467 2810 3534 VIRGINEM.

685 3697 921 3755 CAPUT
960 3697 1263 3754 PRIMUM.

195 3826 330 3894 Cur_
359 3827 655 3878 tractatum
696 3824 868 3890 fuerit
901 3836 1190 3890 aggressus
1219 3823 1484 3876 rationem
1510 3820 1695 3875 reddit
1723 3836 1824 3875 au-

119 3917 259 3967 ctor.
293 3910 604 3967 Tolerabile
632 3919 949 3980 utcumque
967 3918 1069 3978 est,
1102 3924 1234 3965 cum
1257 3909 1329 3965 ab
1352 3910 1440 3965 his
1462 3909 1589 3965 fidei
1618 3917 1825 3965 nostra

121 3998 457 4055 detrahitur
472 3998 574 4070 qui
593 3998 720 4069 ejus
744 4011 1116 4068 nequaquam
1133 3997 1401 4067 dogmata
1425 4002 1823 4066 susceperunt.

124 4088 365 4143 Atcum
415 4086 472 4142 hi
513 4088 616 4157 qui
664 4084 872 4143 Christi
914 4084 1261 4141 reconciliati
1308 4084 1582 4140 videntur
1639 4083 1827 4155 gratia

125 4173 414 4229 adversus
441 4173 698 4230 eamdem
733 4172 1256 4229 controversiarum
1302 4172 1498 4228 dentes
1525 4179 1579 4228 et
1610 4171 1826 4242 lingua

126 4261 435 4318 macheras
490 4269 808 4329 exacuunt,
858 4261 1117 4316 omnium
1168 4259 1452 4316 honorum
1502 4259 1680 4315 animi
1735 4259 1828 4330 pie

126 4348 326 4406 amuli
357 4349 454 4405 tali
488 4349 781 4406 auditione
822 4349 1140 4405 tabescunt.
1191 4348 1311 4404 Etsi
1341 4347 1581 4404 Judaica
1622 4348 1828 4404 inertia

125 4438 200 4494 de
248 4437 376 4493 Filii
406 4437 503 4493 Dei
537 4436 691 4494 intra
722 4436 1020 4508 Virginem
1051 4435 1418 4506 conceptione
1447 4435 1824 4492 submurmu-

124 4533 221 4583 rat
273 4524 554 4581 nimirum
614 4538 705 4581 res
755 4532 839 4580 est
895 4523 1093 4580 inolita
1150 4523 1326 4595 genti,
1387 4530 1443 4580 et
1494 4523 1828 4593 pudendum

124 4614 370 4686 quidam
402 4613 511 4670 sibi
556 4613 801 4669 astimat
845 4612 1047 4680 incuti,
1083 4626 1216 4669 cum
1247 4624 1281 4666 a
1310 4610 1432 4668 suis
1475 4613 1679 4678 Deum,
1725 4610 1827 4683 qui

122 4703 239 4761 sibi
293 4701 557 4759 Salvator
609 4702 944 4770 advenerat,
999 4700 1469 4772 progenitoribus
1554 4700 1822 4757 traditum

125 4791 324 4849 fuerit.
406 4791 581 4847 Porro
630 4789 1029 4858 Christianus,
1099 4788 1200 4859 qui
1259 4788 1368 4846 hoc
1423 4789 1544 4861 ipso
1608 4790 1827 4846 censeri

1936 3656 2313 3713 mosynarum
2359 3641 2691 3713 largitiones
2739 3642 2983 3701 affectat.
3029 3646 3099 3713 Is,
3151 3646 3412 3716 inquam,
3450 3661 3634 3718 quare

1933 3728 2187 3785 Judaicis
2205 3728 2567 3784 sermonibus
2594 3742 2654 3784 se
2679 3728 2964 3785 inclinat?
2991 3728 3178 3796 Quare
3203 3744 3404 3786 eorum
3435 3731 3636 3787 adver-

1934 3830 2062 3872 sum
2092 3830 2200 3872 nos
2228 3815 2616 3872 contentiones
2659 3816 2900 3872 assumit
2930 3830 2995 3873 ac
3043 3816 3312 3873 roborat?
3360 3817 3636 3874 Susurria

1935 3919 2134 3962 eorum
2184 3903 2287 3975 qui
2341 3918 2441 3974 per
2484 3919 2543 3960 se
2589 3904 2872 3976 grunnire
2930 3919 3045 3961 non
3086 3905 3321 3973 audent,
3354 3920 3479 3973 suo,
3512 3921 3629 3977 quo

1939 3995 2049 4051 Deo
2092 3993 2286 4064 judice
2338 3993 2494 4049 brevi
2543 3992 2787 4061 florebit,
2849 4001 3147 4063 potentatu
3205 4001 3524 4062 sustentat;
3579 4002 3636 4051 et

1938 4082 2090 4152 quod
2126 4082 2203 4137 illi
2235 4082 2294 4136 in
2340 4081 2603 4138 faucibus
2631 4082 2733 4137 vix
2760 4080 3102 4152 loquuntur,
3136 4081 3236 4137 iste
3280 4082 3631 4154 promulgat,

1936 4177 2010 4238 et,
2043 4185 2076 4226 ο
2101 4171 2311 4226 mirum
2339 4177 2349 4226 ε
2376 4170 2683 4226 verborum
2713 4183 2953 4225 suorum
2984 4169 3410 4239 superstitionis
3429 4170 3636 4242 argui-

1941 4264 2055 4325 tur,
2100 4272 2253 4329 agre
2297 4258 2422 4325 fert,
2457 4259 2557 4313 vix
2606 4257 2826 4326 tolerat,
2877 4272 2995 4314 sese
3023 4257 3412 4315 Christianum
3456 4258 3635 4315 incla-

1937 4345 2119 4402 mitat.
2153 4347 2219 4402 Et
2246 4346 2377 4416 quis
2406 4346 2570 4402 furor
2596 4352 2701 4414 est,
2752 4352 2816 4402 ut
2848 4346 2947 4416 qui
2989 4346 3255 4403 Judaum
3302 4354 3404 4403 aut
3448 4361 3637 4419 paga-

1937 4449 2078 4491 num
2110 4449 2169 4490 se
2213 4434 2411 4490 haberi
2457 4442 2559 4490 aut
2605 4435 2799 4490 vocari
2843 4435 3078 4505 respuit,
3119 4449 3320 4491 eorum
3360 4449 3637 4492 caremu-

1937 4523 2066 4579 nias
2106 4530 2358 4591 tueatur,
2398 4530 2453 4578 et
2496 4522 2758 4579 instituta
2801 4522 3090 4591 defendat,
3147 4522 3203 4578 iu
3245 4523 3399 4595 leges
3437 4523 3636 4579 odium

1937 4610 2290 4668 Christianas
2326 4618 2608 4679 exerceat,
2665 4611 2778 4667 imo
2839 4609 3085 4679 idipsum
3144 4610 3430 4680 vituperet
3476 4610 3637 4681 quod

1939 4700 2187 4757 adorat?
2227 4700 2375 4756 Dum
2422 4714 2557 4755 cum
2604 4699 2802 4756 Judaa
2858 4699 3111 4769 quadam
3164 4697 3510 4755 facetissima
3557 4698 3630 4754 de

1940 4790 2049 4845 hoc
2100 4788 2221 4859 ipso
2278 4788 2652 4859 collequerer,
2701 4794 2992 4854 extrema,
3037 4786 3135 4854 ait,
3192 4785 3494 4842 dementia
3552 4793 3638 4843 est

122 4880 366 4937 nomine
401 4893 516 4934 non
552 4878 782 4946 refutat,
819 4877 942 4948 qui,
999 4855 1271 4949 quamvis
1300 4855 1472 4935 miser
1499 4885 1554 4934 et
1581 4878 1829 4948 tepidus,
1872 4855 1912 4908 δ
1940 4877 2032 4934 sui
2063 4855 2209 4947 quas
2239 4876 2376 4932 dicit
2401 4855 2712 4932 salvatoris
2739 4874 3019 4945 imagines
3049 4874 3339 4930 hominem
3370 4874 3631 4942 adorare,

123 4967 399 5025 ecclesias
437 4974 628 5023 tamen
664 4968 841 5023 intrat
871 4967 1022 5038 (20);
1053 4965 1260 5022 altaria
1303 4966 1608 5037 aliquoties
1639 4974 1695 5022 et
1733 4981 1832 5023 sa-
1939 4974 1994 5023 et
2049 4966 2197 5021 idem
2257 4980 2391 5022 mox
2442 4965 2595 5036 quod
2655 4965 2939 5030 adoravit,
2976 4970 3280 5034 postquam
3322 4961 3633 5032 recesserit,
3722 4984 3732 4993 -

125 5057 390 5114 cerdotes
418 5055 685 5124 honorat,
706 5055 844 5111 dum
866 5054 1246 5112 Eucharistia
1274 5055 1530 5111 fidelium
1559 5062 1615 5110 et
1645 5068 1836 5124 pecca-
1940 5055 2322 5111 subsannare.

126 5152 322 5201 torum
363 5143 701 5199 confessioni
746 5143 1134 5199 communicat
1183 5143 1332 5215 (2t);
1372 5143 1475 5214 qui
1522 5142 1832 5199 Dominica
2013 5144 2189 5200 Plane
2220 5143 2378 5199 hunc
2408 5157 2521 5198 non
2572 5141 2886 5212 incongrue
2935 5139 3305 5197 Neutericum
3354 5153 3503 5196 novo
3533 5153 3636 5196 vo-

128 5231 441 5290 memorias
479 5231 764 5302 passionis
808 5232 1028 5297 adorat,
1056 5240 1113 5289 et
1157 5233 1446 5290 interdum
1476 5233 1647 5289 etiam
1681 5231 1834 5288 elee-
1940 5233 2149 5291 cabulo
2193 5233 2400 5301 dicam,
2444 5231 2546 5302 qui
2600 5239 2873 5287 neutrum
2904 5232 3174 5298 sectatur,
3211 5229 3349 5287 dum
3398 5243 3466 5286 ea
3503 5242 3636 5301 qua

229 5375 320 5431 19)
355 5373 435 5429 De
465 5373 555 5430 his
587 5374 711 5430 fuse
746 5374 800 5429 in
836 5373 1119 5431 Vitasua.

229 5376 295 5429 19
355 5374 435 5429 De
465 5374 555 5430 his
587 5374 711 5430 fuse
746 5374 800 5429 in
836 5374 971 5431 Vita.
991 5387 1119 5429 sua.

202 5374 320 5588 ξωξ
345 5445 625 5527 Joannem
660 5446 748 5501 his
768 5444 1032 5526 comitem
1060 5443 1523 5526 Suessionensem
1548 5441 1832 5514 intelligit.

226 5518 320 5583 2t)
356 5514 487 5573 Vita
515 5514 710 5583 Gutb.,
742 5515 843 5573 lib.
878 5530 959 5582 ιιι,
982 5528 1107 5585 cap.
1144 5519 1229 5581 15,
1263 5514 1433 5571 infra.

226 5514 320 5583 2t)
356 5514 487 5573 Vita
515 5514 710 5583 Guib.,
742 5515 843 5573 lib.
878 5530 959 5582 ιιι,
982 5528 1107 5585 cap.
1144 5519 1229 5581 l5,
1263 5514 1433 5571 infra.

490 5605 769 5671 PATROL.
821 5605 1026 5673 CLVI.

3204 5602 3384 5707 16⁴
