3934 6086
314 300 410 354 491
1197 293 1260 350 V.
1300 290 1635 349 (ΗΠΒΕῆτί
1673 284 1963 346 ABBATIS
2002 288 2057 343 S.
2101 283 2337 342 MARLE
2372 280 2467 337 DE
2528 276 2913 336 NOVIGENTO
3705 268 3821 321 49⁸2

316 431 515 489 laudat
546 431 682 501 jura
712 442 829 484 non
857 424 1244 496 prosequitur,
1277 430 1330 478 et
1362 420 1492 492 quae
1524 421 1754 477 videtur
1807 433 1996 489 prose-
2038 421 2084 473 A
2115 430 2219 471 suo
2244 412 2674 484 promulgatore
2699 408 3057 466 claudamus.
3091 404 3286 461 Mariae
3314 415 3454 459 vero
3481 401 3610 470 erit,
3641 401 3689 456 si
3722 399 3824 455 sui

319 522 418 592 qui
443 495 754 576 Christiani
802 495 975 571 studii
1030 513 1170 584 jura
1217 526 1334 567 non
1376 511 1594 567 laudat.
1632 510 1842 566 Haurit
1873 522 2011 577 ergo
2117 503 2403 575 supplices
2432 500 2712 556 secundos
2748 498 2942 555 exitus
2973 495 3312 550 habeamus.

318 611 486 666 homo
540 605 928 676 nequissimus
984 617 1056 658 ex
1119 602 1490 657 Hebraeorum
1549 594 2012 652 confabulatione

318 698 493 753 verba
526 693 764 759 nefaria,
797 699 853 746 et
884 704 1016 761 quae
1045 690 1158 745 sint
1197 696 1406 744 nostrae
1439 686 1661 756 pudicae
1718 684 1847 739 ﬁdei
1897 697 2010 738 non

317 788 483 843 modo
507 784 685 850 dictu,
730 783 827 838 sed
860 782 947 836 vel
975 782 1267 836 auditione
1297 778 1661 849 gravissima.
1695 776 1854 832 Certe
1884 787 2013 830 cre-

319 876 650 930 dideramus
681 873 975 937 hactenus,
1010 870 1151 938 quia
1179 869 1499 938 legeramus
1529 864 1823 935 Virginem
1858 862 2009 917 illam

324 962 574 1028 unicam,
605 960 727 1013 sine
757 956 1023 1026 exemplo
1051 954 1356 1021 Deiferam,
1401 953 1456 1007 in
1485 952 1756 1009 universo
1800 948 2016 1005 mundo

321 1048 673 1106 interemisse
704 1047 1012 1117 pravitates
1065 1043 1380 1099 haereticas.
1415 1042 1559 1097 Sane
1607 1055 1681 1096 ex
1725 1053 1791 1095 ea
1837 1039 2015 1093 Natus

321 1138 509 1207 capita
557 1134 834 1206 confregit
890 1134 1256 1188 inimicorum
1311 1144 1573 1186 suorum.
1635 1129 1802 1198 (Psal.
1840 1141 2011 1192 vau,

319 1226 431 1296 22),
465 1227 587 1296 ipsa
616 1232 752 1280 sunt
780 1224 968 1292 capita
999 1221 1261 1276 draconis
1289 1221 1403 1275 dati
1452 1219 1509 1273 in
1553 1231 1740 1273 escam
1793 1214 2017 1286 populis

321 1315 681 1383 Ethiopum.
742 1311 910 1382 (Psal.
972 1324 1162 1376 Lxxm,
1204 1310 1309 1377 14).
1358 1308 1429 1361 Et
1462 1307 1613 1361 unde
1646 1305 1781 1360 huic
1812 1303 2015 1358 valen-

324 1404 557 1458 tissima:
613 1398 857 1455 dominae
912 1397 1139 1453 accedet
1198 1394 1563 1465 impotentia?
1632 1392 1771 1462 quin
1844 1391 2015 1446 etiam

325 1495 581 1545 conterat
610 1485 877 1540 verticem
932 1482 1115 1552 capilli
1168 1482 1224 1536 in
1275 1480 1493 1535 delictis
1539 1478 1659 1534 suis
1707 1476 2015 1546 perambu-

326 1577 572 1632 lantium
616 1575 782 1639 (Psal.
822 1587 1033 1638 Lxxvu,
1080 1572 1194 1638 2'2.)
1226 1568 1497 1638 Quisquis
1527 1575 1727 1622 contra
1769 1562 2018 1634 Virginis

329 1674 559 1736 partum
591 1663 861 1732 disputat,
899 1662 957 1715 in
1007 1659 1282 1728 Spiritum
1326 1665 1588 1712 sanctum
1635 1654 2014 1723 blasphetnat.

2791 586 3022 643 CAPUT
3063 584 3134 638 II.

2729 690 2970 739 QUESTIO
3006 687 3197 729 JUDxEl.

2192 790 2221 818 ‹‹
2260 767 2488 830 Nullus,
2522 764 2819 835 inquiunt,
2851 763 2960 818 nisi
2989 761 3088 831 qui
3116 758 3378 829 desipiat,
3406 756 3584 812 credit
3630 756 3828 811 Deum

2121 879 2150 908 »
2192 858 2263 912 ad
2297 856 2446 913 uteri
2479 854 2701 910 feminei
2744 866 2865 907 sese
2913 850 3195 906 dimittere
3228 846 3476 903 voluisse
3516 845 3832 908 vilitatem,

2122 968 2149 997 »
2192 955 2245 1002 et
2294 941 2783 1001 consuetudinarii
2840 937 3177 995 incrementi
3232 934 3532 1005 pertulisse
3604 946 3830 988 moras.

2124 1056 2151 1085 »
2193 1034 2341 1091 Illud
2371 1032 2732 1103 potissimum
2761 1029 2987 1085 horrori
3016 1033 3100 1083 est
3148 1032 3212 1082 ut
3237 1025 3300 1089 is,
3335 1023 3432 1094 qui
3482 1023 3634 1078 Deus
3664 1021 3831 1076 dice-

2121 1142 2149 1175 »
2192 1130 2373 1189 retur,
2433 1135 2531 1190 per
2578 1118 2836 1174 mulieris
2882 1114 3195 1186 virginalia
3242 1112 3603 1168 funderetur.
3636 1110 3837 1164 Isdem

2123 1233 2150 1261 »
2192 1224 2425 1281 quoque
2474 1216 2664 1275 natus,
2735 1220 2867 1262 cum
2926 1219 3040 1260 non
3099 1201 3400 1258 dissimilia
3470 1198 3835 1255 humanitati

2126 1319 2149 1348 ι
2196 1299 2451 1354 membra
2484 1297 2739 1362 haberet,
2769 1303 2822 1349 et
2854 1292 3221 1349 feminalibus
3245 1303 3386 1346 usus
3413 1296 3517 1355 est,
3540 1296 3594 1344 et
3614 1286 3836 1343 edendi

2124 1409 2152 1438 »
2193 1402 2260 1443 ac
2304 1386 2534 1442 bibendi
2591 1384 2910 1439 necessitati
2971 1382 3299 1451 subjacens,
3335 1379 3426 1434 bis
3471 1378 3642 1432 etiam
3688 1389 3835 1445 qua:

2126 1497 2150 1527 ι
2192 1481 2629 1545 consequuntur
2658 1471 2936 1527 aerumnis
2967 1470 3230 1524 addictus
3250 1475 3352 1523 est.
3387 1466 3549 1522 Unde
3579 1478 3832 1533 prorsus

2128 1586 2150 1614 ι
2193 1564 2503 1620 ridiculum
2524 1570 2605 1617 est
2633 1570 2696 1617 ut
2723 1561 2769 1616 is
2797 1559 2926 1615 talis
2949 1560 3098 1613 Deus
3124 1556 3406 1612 habeatur
3432 1553 3535 1624 qui
3562 1554 3619 1607 in
3653 1551 3838 1606 nullo

2126 1674 2154 1704 ››
2196 1668 2226 1707 a
2259 1652 2503 1707 miseriis
2529 1651 2852 1719 discrepare
2883 1646 3288 1703 communibus
3315 1643 3598 1698 videatur.
3650 1642 3840 1694 Porro

328 1722 505 1809 ᾔειηο
536 1722 725 1807 autem
760 1722 938 1806 sanus
988 1722 1213 1802 dubitat
1257 1746 1401 1815 quin
1453 1745 1589 1799 felix
1620 1722 1817 1799 eadem
1851 1741 2022 1796 fuerit
2062 1722 2101 1774 Β
2131 1761 2160 1792 »
2202 1741 2250 1796 si
2281 1741 2506 1795 dicatur
2537 1738 2676 1809 quia
2705 1738 2773 1792 de
2804 1735 3041 1806 Virgine
3086 1741 3260 1788 natus
3291 1731 3419 1797 fuit,
3455 1728 3837 1784 falsissimum

331 1842 545 1911 Spiritu
602 1846 799 1895 sancto
846 1836 1128 1892 fecunda:
1181 1849 1296 1891 non
1343 1841 1426 1890 est
1476 1848 1615 1904 ergo
1669 1829 2023 1901 blasphemia

330 1930 452 1985 haec
477 1929 796 1984 remissiva.

400 2018 781 2073 Audierantus
836 2011 1242 2068 beatitudinem
1318 2008 1804 2074 mundicordium,
1865 2004 2022 2076 quod

330 2104 663 2176 hujusmodi
699 2102 873 2157 visuri
906 2101 1021 2155 sint
1052 2100 1231 2154 Deum
1276 2099 1498 2168 (Matth.
1535 2113 1588 2163 v,
1622 2098 1696 2163 8).
1750 2097 2018 2161 Joannes,

331 2196 434 2265 qui
466 2192 679 2248 nemini
711 2190 1000 2246 secundus
1038 2188 1095 2242 in
1128 2190 1276 2242 natis
1304 2194 1387 2241 est
1417 2186 1722 2241 mulierum
1751 2200 1765 2253 ;
1805 2182 2024 2237 solven-

331 2284 416 2338 dae
445 2280 813 2338 calceamenti
842 2280 972 2333 Jesu
1003 2276 1266 2346 corrigize
1292 2290 1349 2330 se
1392 2274 1692 2344 proﬁtetur
1720 2272 2021 2341 indignum

329 2372 478 2443 (Luc.
510 2386 588 2437 ιιι,
628 2370 738 2437 16).
770 2367 840 2423 Hi
864 2366 1000 2436 agni
1031 2379 1232 2419 carnes
1262 2370 1522 2432 coquunt
1572 2376 1746 2431 aqua,
1778 2367 1833 2415 et
1878 2358 2023 2415 {tede

329 2460 575 2516 nimium
618 2458 691 2513 ab
719 2457 800 2512 eis
853 2455 1166 2524 dissipatur
1198 2450 1564 2507 calceamenti
1618 2448 1885 2519 corrigia,
1920 2446 2022 2518 qui

332 2551 655 2622 genituram
713 2544 1023 2600 Salvatoris
1067 2542 1389 2609 discrepare
1440 2554 1556 2595 non
1612 2539 1900 2595 aestimant
1951 2536 2022 2591 ab

331 2637 474 2703 aliis,
508 2651 613 2691 nec
656 2634 866 2690 habere
918 2631 1205 2701 mysteria.
1256 2628 1525 2684 Omnium
1579 2642 1612 2682 a
1641 2626 1852 2683 saeculo
1881 2639 2023 2680 san-

331 2731 573 2789 ctorum,
615 2729 671 2777 et
716 2720 815 2790 qui
849 2726 979 2773 ante
1028 2718 1275 2787 gratiam
1307 2715 1622 2785 praevidere
1663 2714 1936 2779 tiendum,
1969 2719 2024 2767 et

331 2812 443 2868 sub
473 2811 658 2882 gratia
693 2816 1009 2863 tractavero
1035 2806 1103 2860 de
1133 2804 1299 2871 facto,
1340 2818 1510 2872 super
1542 2803 1719 2873 hujus
1757 2801 2023 2856 conside-

332 2899 552 2954 ratione
605 2895 949 2952 sacramenti
1002 2893 1223 2964 puritas
1270 2892 1668 2948 intellectualis
1719 2889 2019 2946 emarcuit.

333 2988 440 3045 Ubi
502 2986 602 3043 etsi
655 2984 961 3041 scintillam
1016 2987 1430 3038 momentaneae
1480 2980 1831 3046 iintcntionis
1894 2978 2025 3047 pius

333 3076 574 3146 quilibet
631 3073 1039 3141 contemplator
1107 3070 1335 3138 habuit,
1386 3068 1456 3124 ad
1511 3067 1566 3123 id
1624 3075 1812 3122 tamen
1868 3068 2024 3136 quod

332 3161 739 3234 comprehendi
797 3174 913 3215 non
965 3165 1203 3228 poterat,
1263 3158 1520 3212 oratione
1566 3155 1771 3210 caruit.
1807 3153 2027 3210 Merito-

336 3267 449 3323 que
491 3264 666 3321 super
723 3250 827 3304 hoc
879 3247 1175 3303 hominum
1234 3244 1635 3315 perspicacitas
1688 3242 1864 3304 siluit.
1923 3241 2025 3296 ubi

335 3341 509 3397 totius
555 3353 755 3395 eorum
803 3345 1026 3392 naturae
1067 3335 1395 3403 exemplum
1422 3332 1620 3388 defuit.
1653 3332 1737 3386 Ad
1769 3331 1875 3386 hoc
1925 3328 2028 3385 ita-

262 3448 271 3455 ’
335 3444 449 3500 que
504 3426 846 3497 capiendum
877 3424 1038 3479 nulla
1087 3422 1374 3478 subtilitas
1402 3421 1716 3491 spiritualis
1761 3418 2023 3475 evaluit:

337 3518 746 3572 Generationem
773 3516 915 3567 enim
945 3513 1082 3581 ejus,
1129 3510 1208 3566 ait
1241 3510 1537 3580 propheta,
1581 3512 1703 3579 quis
1747 3508 2028 3562 enarrabit

336 3608 465 3678 (lsa.
529 3619 642 3671 Llll,
698 3602 772 3672 8).
833 3599 1100 3668 Nunquid
1153 3598 1324 3654 etiam
1375 3598 1513 3652 dicet
1568 3598 1774 3651 homo:
1844 3596 2027 3649 Homo

334 3700 496 3749 natus
529 3697 607 3747 est
637 3695 694 3745 in
722 3707 804 3757 ea,
837 3695 886 3743 et
912 3692 1028 3759 ipse
1057 3687 1322 3755 fundavit
1352 3702 1467 3740 eam
1502 3687 1828 3740 Altisssmus
1860 3685 2024 3755 (Psal.

337 3797 552 3850 Lxxxu,
588 3780 662 3847 5).

408 3870 460 3925 Si
487 3884 624 3939 ergo
653 3865 799 3922 nulli
831 3864 1254 3930 mundicordes,
1287 3863 1334 3918 si
1380 3877 1486 3918 nec
1512 3862 1777 3918 uterinus
1830 3860 2027 3931 cogni-

336 3966 427 4015 tor
454 3957 706 4026 Baptista
731 3955 999 4019 Joannes,
1036 3952 1083 4006 si
1112 3965 1301 4021 neque
1332 3951 1623 4021 propheta,
1658 3964 1847 4019 neque
1891 3962 2028 4018 apo-

339 4045 519 4101 stolus
575 4041 873 4112 quidpiam
906 4053 1078 4108 super
1130 4046 1287 4094 tanto
1334 4051 1749 4108 praesumpsere
1781 4035 2027 4106 negotio,

340 4133 482 4204 quid
527 4130 729 4199 sapiet,
763 4142 982 4198 precor,
1023 4127 1272 4193 animus,
1301 4126 1672 4196 impudicitiis
1698 4124 2031 4179 enormibus

339 4219 595 4285 sordens,
630 4218 782 4287 apud
818 4231 991 4287 quem
1038 4216 1324 4287 flagitiosa
1367 4215 1706 4270 commercia
1744 4212 1887 4267 nihil
1942 4226 2029 4267 re-

2132 1850 2160 1879 »
2201 1836 2303 1897 est,
2333 1828 2472 1899 quia
2505 1828 2692 1894 homo,
2741 1832 2898 1881 tanta
2943 1823 3275 1879 inlirmitate
3329 1820 3650 1889 depressus,
3696 1830 3839 1871 con-

2137 1940 2159 1968 ι
2204 1926 2293 1974 tra
2344 1918 2495 1988 leges
2535 1924 2760 1972 natura:
2793 1914 2948 1969 nasci
2983 1927 3094 1967 non
3137 1908 3344 1980 potuit.
3378 1908 3696 1963 Maximum
3740 1906 3841 1959 de-

2131 2028 2161 2058 »
2202 2007 2379 2076 nique
2401 2007 2534 2061 huic
2554 2003 2845 2060 sententiae
2875 2001 3053 2056 robur
3073 1998 3309 2054 accessit
3338 1997 3478 2066 quia
3503 2010 3635 2050 cum
3655 1995 3840 2049 latro-

2136 2118 2157 2146 ι
2203 2097 2372 2151 nibus
2406 2095 2521 2164 ipse
2552 2101 2606 2148 et
2663 2092 2951 2148 latronum
3010 2095 3191 2143 morte
3244 2084 3501 2142 decessit.
3548 2087 3618 2140 Et
3671 2081 3838 2137 unde

2136 2208 2157 2234 ι
2202 2185 2418 2240 malum
2470 2198 2527 2238 se
2568 2181 2751 2252 potuit
2804 2178 3164 2243 resuscitare,
3213 2176 3313 2246 qui
3363 2187 3476 2229 non
3521 2170 3837 2242 praevaluit

2134 2297 2160 2324 ι»
2202 2281 2319 2329 tam
2346 2271 2581 2342 putendi
2612 2270 2771 2325 exitii
2803 2269 2953 2324 facta
2978 2264 3197 2322 vitare?
3233 2285 3254 2312 ι

2203 2363 2335 2417 Haec
2366 2360 2479 2416 ille.
2512 2358 2627 2413 Nos
2658 2366 2849 2413 autem
2887 2371 2898 2409 :

2520 2463 2784 2513 SEQUITUR
2822 2457 3151 2510 QUJESTIONIS
3190 2454 3431 2497 SOLUTIO.

2206 2542 2350 2595 Deus
2409 2536 2984 2607 incomprehensibilis,
3019 2523 3372 2587 continens‘ct
3422 2528 3648 2596 implens
3706 2541 3837 2580 om-

2129 2633 2245 2697 nia,
2278 2627 2649 2698 corporalibus
2675 2626 2849 2694 pollui
2877 2638 2982 2677 non
3024 2626 3220 2691 potest.
3247 2648 3320 2659 —
3348 2618 3514 2682 Deus,
3547 2616 3641 2670 cui
3691 2614 3835 2669 nul-

2132 2719 2223 2775 lus
2246 2717 2465 2782 similis,
2498 2730 2568 2771 ne
2596 2713 2765 2770 sileas
2785 2726 2974 2782 neque
3004 2705 3570 2792 compescaristPsul.
3604 2717 3833 2768 Lxxxu,

2131 2808 2206 2879 2),
2240 2807 2336 2862 sed
2390 2804 2562 2875 imple
2593 2802 2794 2859 faciem
2820 2803 2947 2871 ejus
2978 2790 3295 2870 ignominia
3351 2795 3535 2865 (Ibid,
3581 2790 3686 2863 17),
3725 2794 3841 2862 qui

2133 2895 2343 2950 minuit
2372 2908 2578 2949 nomen
2610 2900 2797 2948 tuum.
2850 2890 2985 2946 Mihi
3015 2889 3168 2944 enim
3198 2885 3340 2942 nihil
3373 2884 3571 2939 attinet
3620 2882 3688 2936 de
3740 2881 3844 2937 his

2133 2983 2234 3053 qui
2290 2982 2423 3037 foris
2479 2989 2614 3036 sunt
2669 2979 2931 3050 judicare
2972 2978 3017 3045 (Ι
3075 2979 3193 3033 Cor.
3249 2989 3305 3042 v,
3343 2974 3447 3039 l2).
3486 2971 3843 3037 Quaeramus

2134 3079 2325 3127 tamen
2375 3071 2448 3125 ab
2503 3070 2767 3139 utrisque
2800 3068 2981 3123 Deum
3037 3062 3600 3131 incircumscriptum
3633 3059 3845 3114 omnia

2133 3168 2421 3229 regentem
2468 3158 2721 3225 credant,
2776 3172 2881 3213 nec
2935 3169 3024 3210 ne.
3083 3154 3135 3210 Si
3194 3153 3387 3208 dicant
3433 3164 3565 3207 eum
3608 3155 3840 3225 aliqua,

2133 3248 2260 3303 licet
2316 3261 2550 3317 magna,
2607 3245 3005 3315 corporalitate
3064 3243 3312 3311 finitum,
3355 3242 3499 3313 etgac
3552 3243 3600 3300 si
3631 3259 3842 3301 senem

2134 3336 2445 3407 gloriosum
2472 3350 2541 3391 ex
2595 3335 2843 3389 Danielis
2895 3333 3040 3388 libro
3084 3331 3441 3401 majestative
3467 3333 3838 3403 contingant,

2135 3424 2289 3493 quod
2321 3424 2507 3479 dicere
2563 3430 2699 3478 sunt
2758 3422 2926 3488 soliti,
2980 3421 3254 3491 quoniam
3296 3421 3491 3475 oculos
3528 3420 3605 3477 et
3634 3435 3840 3490 aures,

2135 3526 2361 3579 manus,
2397 3520 2627 3567 uterum
2676 3518 2731 3566 et
2788 3510 2956 3579 pedes
3004 3509 3101 3564 Dei
3136 3508 3353 3578 ubique
3393 3508 3842 3579 Scripturarum

2135 3602 2433 3670 reperiunt
2490 3603 2646 3669 (Dan.
2689 3614 2745 3665 χ,
2797 3599 2848 3668 6)
2884 3614 2896 3652 :
2929 3606 2985 3654 et
3015 3611 3118 3652 nos
3156 3598 3369 3666 pariter
3413 3600 3602 3654 nescio
3648 3614 3841 3669 quam

2135 3704 2299 3745 avem
2332 3704 2466 3753 eum
2523 3688 2797 3754 dicemus,
2833 3686 3107 3756 quoniam
3141 3685 3329 3742 alatus
3379 3686 3590 3755 legitur
3636 3696 3696 3743 et
3728 3704 3846 3744 vo-

2134 3777 2304 3845 lasse,
2347 3784 2413 3832 ut
2450 3783 2576 3832 est:
2631 3776 2740 3831 Sub
2771 3776 2964 3829 umbra
3004 3776 3217 3829 alarum
3249 3781 3469 3829 tuarum
3504 3782 3727 3845 protcge
3758 3795 3847 3832 me

2139 3866 2316 3937 (Psal.
2352 3880 2472 3933 XVI,
2507 3866 2580 3935 8).
2615 3865 2684 3919 Et
2717 3878 2730 3917 :
2766 3865 2899 3917 Filii
2927 3865 3201 3917 hominum
3228 3865 3526 3932 sperabunt
3579 3865 3676 3917 sub
3712 3869 3847 3920 ala-

2135 3969 2256 4007 rum
2306 3958 2524 4007 tuarum
2573 3954 2802 4018 tegmine
2836 3952 2998 4021 (Psal.
3047 3966 3219 4018 xxxv,
3253 3951 3327 4023 8).
3386 3953 3641 4007 Ascendit
3679 3968 3849 4023 quo-

2138 4057 2251 4113 que
2278 4057 2441 4112 super
2495 4041 2801 4107 Cherubim,
2832 4044 2883 4094 et
2913 4040 3118 4094 volavit
3148 4040 3314 4110 (Psal.
3344 4055 3479 4108 xvu,
3521 4041 3621 4112 ll).
3668 4041 3850 4108 Quod

2137 4130 2182 4186 si
2213 4143 2567 4200 quemquam
2618 4142 2818 4183 eorum
2852 4128 2987 4183 dicti
3044 4127 3220 4197 hujus
3270 4130 3500 4198 pudeat,
3549 4137 3602 4185 et
3649 4129 3851 4187 Deum

2139 4217 2791 4288 incomprehensibilem,
2851 4225 2914 4272 ut
2965 4223 3065 4284 est,
3099 4230 3217 4272 esse
3256 4217 3550 4284 concedat,
3590 4232 3852 4288 respon—

338 4309 492 4365 sidui
518 4306 898 4363 habuerunt?
925 4305 981 4360 Si
1024 4304 1240 4360 Paulus
1277 4318 1382 4359 nec
1431 4304 1502 4359 ad
1554 4302 1783 4358 tertium
1833 4308 2032 4371 raptus
2068 4323 2114 4376 ι)
2138 4307 2268 4364 deat
2298 4308 2441 4363 mihi
2490 4320 2563 4362 an
2604 4307 2668 4373 is,
2700 4306 2801 4377 qui
2835 4306 3054 4375 ubique
3085 4314 3238 4362 totus
3292 4314 3393 4374 est,
3449 4315 3502 4363 et
3533 4307 3851 4364 universa-

339 4397 545 4453 coelum
586 4409 765 4452 ausus
815 4400 900 4449 est
956 4392 1279 4462 quidquam
1340 4392 1470 4459 tale,
1512 4392 1724 4460 optime
1768 4391 2033 4460 congruit

339 4486 508 4542 modo
563 4485 631 4540 de
674 4484 764 4539 his
813 4481 1103 4538 hominem
1162 4480 1557 4549 turpissimum
1608 4479 1946 4549 disputare?
1977 4479 2032 4535 Si

338 4576 456 4645 ipse
483 4588 555 4631 ex
604 4571 811 4628 affectu
843 4569 1124 4635 laudaret,
1156 4569 1285 4625 laus
1312 4569 1438 4638 ejus
1466 4569 1523 4623 in
1547 4582 1605 4623 se
1642 4569 1936 4636 deﬁceret;
1972 4568 2032 4622 in

339 4678 437 4720 ore
491 4663 645 4719 enim
678 4659 990 4732 peccatoris
1036 4671 1409 4729 nequaquam
1438 4657 1690 4727 speciosa
1721 4658 1843 4712 laus
1891 4665 2033 4713 esset

342 4752 533 4825 (Eccli.
569 4766 664 4819 xv,
717 4753 797 4820 9),
846 4763 918 4804 ne
945 4749 1085 4804 dum
1144 4748 1403 4802 omnium
1434 4748 1842 4815 spurcissimus
1898 4761 2031 4802 cum

338 4849 548 4897 nostrae
595 4838 833 4895 exordia
869 4837 1072 4893 salutis
1114 4835 1441 4905 exprobret,
1474 4843 1527 4891 et
1559 4843 1758 4905 partus
1787 4836 1926 4891 coelo
1966 4848 2036 4890 ac

272 4959 294 4968 -
339 4938 493 4986 terra
522 4928 813 4999 digniores
852 4926 1113 4981 infamet.
1157 4924 1503 4980 Dissererem
1553 4925 1622 4980 de
1669 4925 1795 4995 ejus
1828 4937 2035 4996 genere

339 5027 394 5075 et
414 5016 688 5085 moribus,
713 5015 826 5071 nisi
868 5014 1010 5070 mihi
1042 5026 1141 5084 per
1178 5014 1483 5083 sequentia
1520 5027 1639 5069 sese
1672 5012 1887 5084 largior
1906 5025 2036 5082 ape-

340 5107 482 5163 riret
510 5106 689 5161 locus.
722 5104 886 5161 Certo
938 5109 1132 5159 autem
1163 5101 1327 5158 nobis
1360 5108 1581 5158 constat
1632 5101 1844 5156 certius
1896 5099 2036 5171 quia

341 5193 632 5250 continuis
680 5192 1005 5263 ingentium
1058 5189 1382 5247 facinorum
1408 5190 1834 5259 libidinumquc
1864 5189 2037 5245 moti-

341 5282 453 5338 bns
484 5282 542 5336 in
589 5295 873 5352 suprema;
904 5280 1083 5352 hujus
1110 5279 1480 5350 blasphemiae
1509 5279 1666 5334 venit
1708 5291 1893 5333 casus.
1928 5278 2035 5334 Sed

336 5371 459 5442 jam
492 5369 691 5439 aliqua
718 5368 1153 5424 maledictorum
1191 5367 1317 5438 ejus
1350 5380 1759 5437 proponamus,
1797 5367 2033 5437 quibus,

343 5458 482 5530 quia
507 5471 582 5513 ex
607 5456 962 5526 putidissimo
987 5457 1316 5513 Iudaeorum
1343 5455 1495 5510 fonte
1524 5454 1748 5524 prolata
1771 5462 1925 5522 sunt,
1957 5455 2036 5510 ita

342 5545 796 5617 respondeamus
824 5552 888 5601 ut
935 5545 1151 5615 impuri
1197 5542 1481 5615 dogmatis
1520 5557 1867 5601 susurrones
1902 5558 2034 5600 cum

2141 4394 2272 4452 liter
2318 4406 2449 4464 quae
2510 4394 2726 4449 creavit
2780 4393 3071 4463 adimplet,
3123 4394 3535 4463 corporalibus,
3584 4410 3721 4465 qua:
3786 4398 3851 4453 in

2141 4484 2359 4540 mundo
2411 4490 2566 4549 sunt,
2615 4488 2716 4537 aut
2766 4482 2936 4537 etiam
2995 4481 3392 4550 spiritualibus
3453 4482 3852 4542 immunditiis

2142 4570 2484 4642 polluatur?
2522 4570 2696 4625 Totus
2739 4570 2891 4625 enim
2951 4570 3168 4640 ubique
3223 4571 3417 4625 omnia
3467 4572 3723 4628 continet
3777 4588 3851 4630 ac

2140 4661 2354 4730 implet,
2392 4667 2456 4714 ut
2508 4658 2785 4714 diximus.
2841 4658 3001 4725 Quod
3034 4659 3076 4713 si
3120 4659 3290 4725 dicat,
3337 4661 3488 4729 quod
3520 4668 3574 4715 et
3626 4675 3845 4718 verum

2140 4755 2244 4815 est,
2304 4756 2570 4802 naturam
2644 4746 2802 4802 illam
2860 4748 3349 4817 impenetrabilem
3403 4748 3640 4804 alterius
3722 4765 3850 4807 non

2141 4851 2298 4907 posse
2348 4843 2572 4892 naturae
2624 4836 2953 4892 diversitate
2995 4837 3214 4905 fmdari,
3279 4846 3699 4907 consequenter
3752 4841 3848 4895 in-

2140 4925 2379 4981 ferimus
2409 4926 2549 5014 quia
2601 4940 2707 4981 nec
2736 4925 2887 4981 Deus
2919 4926 3104 4995 potuit
3153 4933 3253 4981 aut
3284 4926 3501 4993 debuit,
3550 4934 3655 4983 aut
3709 4941 3845 4998 sua,

2142 5021 2244 5070 aut
2273 5022 2553 5083 materna,
2584 5014 2942 5070 humanitate
2971 5014 3227 5084 gravari.

2781 5117 3202 5159 INTERROGATIO.

2214 5192 2361 5247 Deus
2418 5195 2695 5246 creaturas
2740 5192 2983 5246 condidit
3019 5193 3203 5246 bonas.
3259 5221 3330 5232 —-
3384 5192 3638 5250 Subinde
3668 5195 3852 5254 inter-

2142 5279 2361 5351 rogatio
2413 5280 2850 5350 subsequatur:
2902 5279 3312 5336 Utrumbona
3366 5296 3442 5337 an
3489 5285 3641 5338 mala
3692 5286 3852 5342 Deus

2144 5368 2339 5424 fecerit
2369 5383 2500 5438 quae
2528 5368 2744 5424 creavit
2764 5368 2790 5422 ἱ)
2822 5373 2971 5424 τοιι
3003 5369 3171 5425 Haud
3210 5370 3452 5426 dubium
3484 5371 3657 5440 plane
3694 5376 3850 5444 quin

2144 5457 2282 5510 bona
2308 5463 2365 5512 et
2395 5457 2555 5510 valde
2598 5464 2822 5512 astruat
2852 5456 3010 5527 (Gen.
3042 5472 3082 5524 ι,
3144 5456 3252 5526 3t).
3310 5458 3464 5515 Licet
3516 5461 3673 5515 enim
3718 5470 3851 5531 post

2145 5545 2393 5602 hominis
2440 5545 2786 5601 creationem
2842 5545 3008 5602 solita
3063 5547 3282 5617 Moyses
3357 5548 3539 5604 verba
3593 5552 3849 5607 tacuerit
