3934 6086
129 225 240 277 493

125 448 291 517 quod
325 455 547 503 constat
576 462 687 503 non
711 447 832 503 sine
877 449 1145 518 mysterio
1175 449 1409 517 factum,
1458 457 1651 507 tamen
1689 459 1834 507 esset

125 537 468 591 omnimoda
496 535 851 592 absurditate
888 536 1304 605 plenissimum,
1335 537 1382 594 si
1412 538 1659 595 humiles
1684 554 1835 595 crea-

114 624 282 680 turae
342 625 643 681 hominum
712 625 965 681 subsidio
1041 626 1224 692 factae,
1282 627 1450 684 valde
1504 627 1834 684 dicerentur

130 715 321 780 bonae,
370 720 426 769 et
487 715 535 769 is
563 714 664 784 qui
697 714 770 769 ad
822 713 921 769 Dei
970 714 1279 785 imaginem
1309 723 1395 772 est
1423 716 1688 773 conditus
1738 717 1832 772 in—

126 801 310 858 ferior
364 801 523 857 ﬁeret
579 801 851 858 bonitate.
912 803 1032 857 lmo
1090 802 1347 859 valenter
1375 804 1640 871 excellit;
1693 818 1829 861 nam

126 898 475 960 prmpostere
507 889 779 945 Conditor
811 890 1146 959 ordinasset,
1180 892 1227 947 si
1270 892 1443 948 bruta
1472 892 1829 949 intellectua-

128 978 288 1034 libus
318 978 682 1048 praetulisset.
739 977 792 1033 Si
851 992 988 1049 ergo
1027 979 1178 1034 bona
1226 993 1261 1035 a
1298 980 1411 1036 Deo
1466 988 1550 1036 est
1600 982 1829 1037 condita

123 1075 347 1122 natura
384 1066 739 1132 mortalium,
771 1066 926 1136 quod
959 1068 1162 1137 utique
1192 1075 1295 1135 est,
1329 1069 1469 1138 quid
1499 1070 1827 1138 aspernaris

123 1155 286 1224 quod
345 1162 623 1211 creaturae
683 1154 1141 1211 conditionaliter
1209 1156 1375 1212 bonae
1435 1157 1566 1227 pius
1626 1167 1827 1215 auctor

121 1243 372 1313 illapsus
408 1243 531 1299 est?
1755 1235 1758 1238 ’

195 1335 273 1386 De
319 1333 585 1398 originali
634 1336 874 1400 peccato.
917 1331 1283 1387 Circumcisio
1315 1338 1365 1387 et
1408 1335 1682 1403 sacriﬁcia
1724 1349 1826 1404 per

117 1420 285 1489 ﬁdem
313 1422 571 1488 profuere
613 1421 848 1475 Judaeis.
882 1450 952 1460 --
1003 1420 1164 1487 Quod
1198 1422 1245 1476 si
1276 1422 1345 1478 de
1376 1423 1671 1494 originalis
1702 1437 1825 1493 pec-

119 1507 235 1564 cati
265 1508 555 1578 contagio,
588 1507 657 1564 de
690 1523 806 1578 quo
839 1516 1029 1564 tamen
1061 1510 1209 1578 apud
1252 1510 1479 1566 Iudaeos
1529 1510 1820 1567 silentium

116 1603 221 1663 est,
252 1594 471 1666 agitur,
503 1595 759 1650 dicemus
796 1595 935 1665 quia
965 1594 1173 1666 quiqui
1226 1596 1331 1652 hoc
1366 1597 1615 1653 remedio
1641 1612 1824 1669 egue-

120 1693 283 1752 runt,
332 1683 442 1738 ﬁde
490 1696 597 1738 sua
630 1683 834 1752 potius.
894 1690 959 1738 ut
1003 1690 1329 1752 parentum,

117 1771 358 1838 cisione,
393 1785 495 1825 seu
533 1770 883 1826 caeremoniis
911 1771 1176 1827 mundati
1205 1780 1358 1828 sunt.
1406 1772 1578 1830 Verbi
1610 1774 1816 1844 gratia,

118 1860 352 1915 feminae
381 1858 535 1928 apud
584 1858 814 1913 Iudaeos
852 1859 1148 1928 quondam
1197 1859 1387 1915 ﬁdeles
1435 1875 1631 1916 recens
1671 1869 1819 1918 natae

114 1956 169 2006 et
200 1956 470 2013 mortuae,
504 1962 609 2003 nec
644 1947 814 2003 etiam
845 1948 919 2002 ad
951 1948 1223 2017 templum
1257 1964 1387 2004 cum
1438 1950 1636 2005 hostiis
1663 1951 1819 2007 dela-

114 2045 208 2104 tae,
240 2036 515 2107 nunquid
547 2037 661 2092 iere
710 2034 996 2106 perditum
1017 2037 1044 2090 ‘I
1086 2036 1249 2094 Certe
1279 2037 1418 2093 ﬁdes
1446 2053 1562 2093 non
1593 2053 1696 2108 per
1727 2054 1818 2095 sa-

113 2126 357 2192 criﬁcia,
391 2125 489 2181 sed
534 2124 793 2180 sacriﬁca
839 2124 1077 2181 valuere
1108 2139 1209 2195 per
1248 2126 1453 2193 ﬁdem;
1484 2134 1539 2182 et
1571 2127 1728 2183 locus
1760 2129 1817 2183 in

113 2212 351 2268 feminis
380 2212 803 2268 circumcisioni
844 2227 958 2268 non
1009 2222 1152 2270 erat.
1185 2215 1455 2286 Respexit
1494 2219 1634 2271 enim
1682 2220 1820 2272 Deus

110 2300 259 2353 Abel
287 2298 420 2352 inde
446 2297 569 2370 [al.,
620 2304 671 2353 et
714 2299 809 2369 ad]
853 2301 969 2369 ejus
999 2316 1224 2356 munera
1254 2303 1401 2371 (Gen.
1435 2319 1510 2371 ιν,
1542 2306 1620 2374 4).
1665 2306 1818 2376 Ergo

111 2386 463 2457 quicunque
500 2387 587 2442 vel
621 2386 680 2442 in
697 2387 1150 2456 circumcisione,
1184 2404 1287 2446 seu
1337 2393 1638 2461 praeputio,
1681 2400 1820 2450 tunc

111 2476 393 2544 temporis
416 2474 814 2543 salvabantur,
847 2477 954 2533 ﬁde
984 2487 1322 2535 meruerunt
1350 2493 1457 2535 sua
1484 2490 1818 2551 parentum-

110 2578 185 2621 ve
215 2562 452 2619 salvari.
504 2564 630 2620 Non
683 2564 965 2622 immerito
1019 2567 1214 2637 itaque
1259 2568 1499 2625 Actibus
1538 2572 1817 2639 apostolo-

116 2664 253 2706 rum
302 2650 552 2706 dicitur:
603 2651 743 2706 Fide
779 2653 1049 2707 mundans
1102 2653 1223 2724 [al.,
1274 2657 1597 2727 puriﬁcans]
1654 2659 1820 2713 corda

117 2756 304 2794 eorum
334 2740 481 2809 (Act.
517 2755 611 2807 xv,
643 2743 701 2808 9)
733 2756 746 2795 :
779 2741 908 2797 licet
959 2743 1168 2798 nostris
1199 2744 1458 2800 hostibus
1508 2747 1818 2803 confutan-

117 2828 227 2897 dis,
263 2829 388 2883 haec
416 2829 651 2885 minime
671 2831 1051 2900 suseeptibilis
1078 2832 1233 2901 apud
1264 2832 1416 2902 ipsos
1444 2848 1818 2905 nequaquam

117 2917 419 2986 Scriptura
474 2917 793 2974 conveniat.
851 2919 982 2975 Sine
1035 2920 1143 2975 ﬁde
1200 2922 1372 2977 etiam
1430 2922 1489 2977 in
1536 2923 1817 2994 baptismo
1857 2939 1898 2995 ρ

115 3012 329 3061 διείργει
364 3014 723 3061 sacramenta
771 3014 1091 3063 cassantur.
1141 3008 1318 3080 Virgo
1350 3010 1529 3082 igitur
1559 3014 1819 3083 paritura

116 3094 328 3160 Deum,
364 3093 472 3149 ﬁde
523 3093 632 3148 sibi
687 3093 1052 3162 munditiam,
1096 3095 1195 3151 ubi
1246 3097 1424 3152 Deum
1481 3098 1814 3168 susciperet,

114 3181 499 3252 comparavit.
540 3180 646 3238 Sed
693 3181 816 3252 jam
868 3183 940 3237 ad
995 3190 1316 3253 susceptam
1365 3184 1568 3240 seriem
1614 3188 1818 3242 redea-

115 3286 270 3328 IDUS.

790 3341 1022 3398 CAPUT
1061 3342 1158 3398 IIl.

690 3443 933 3493 QUESTIO
960 3445 1245 3494 SEQUITUR.

189 3534 459 3593 Creditur
488 3548 523 3591 a
575 3536 739 3593 vobis
779 3537 933 3592 Deus
958 3537 1335 3607 omnipotens.
1393 3539 1465 3594 Et
1510 3545 1661 3595 certe
1690 3553 1819 3595 om-

115 3626 390 3695 nipotens
421 3639 540 3681 non
584 3625 711 3690 fuit,
751 3624 796 3680 si
849 3625 920 3681 ad
948 3626 1261 3694 hominem,
1297 3641 1471 3698 quem
1499 3627 1645 3683 bene
1684 3626 1820 3683 fece-

117 3722 233 3782 rat,
271 3728 373 3784 pro
425 3713 754 3770 redimendo
800 3714 1229 3785 suscipiendum
1277 3716 1483 3786 pietate
1523 3716 1655 3772 duci
1701 3730 1816 3772 non

118 3801 330 3872 potuit.
364 3802 601 3858 Peccare
637 3804 813 3869 enim,
863 3810 947 3859 est
989 3803 1355 3873 impotentia;
1404 3804 1612 3874 pietate
1640 3819 1814 3875 supe-

119 3891 266 3956 rari,
308 3891 580 3960 potentia.
625 3893 686 3946 ln
719 3892 828 3947 hac
872 3891 1024 3948 enim
1068 3902 1244 3963 quam
1276 3893 1461 3949 dicitis
1490 3893 1817 3950 inﬁrmitate

121 3980 257 4050 plus
284 3979 487 4050 potuit.
522 3979 672 4036 Fecit
698 3980 853 4037 enim
886 3981 1041 4050 quod
1071 3980 1287 4037 debuit.
1320 3981 1649 4050 Specialiter
1681 3996 1818 4038 sane

124 4069 279 4124 Deus
338 4068 859 4124 misericordiarum
903 4069 1124 4125 debitor
1170 4077 1271 4125 est.
1327 4069 1445 4126 Cur
1491 4070 1654 4126 nobis
1703 4086 1817 4126 non

122 4156 441 4228 proponitis
471 4156 626 4226 quod
680 4171 782 4212 vos
835 4158 1112 4213 continua
1159 4158 1709 4226 murmurationum,
1762 4166 1819 4216 et

906 223 1157 280 TRACT.
1202 224 1294 280 DE
1328 223 1857 282 INCARNATIONE
1892 226 2173 283 CONTRA
2208 226 2508 285 JUDlEOS.
2539 257 2607 269 —
2630 228 2768 286 LIB.
2817 228 2860 284 Ι.

125 359 351 414 scilicet
402 361 542 413 Deus
585 358 731 413 vidit
784 358 929 427 quod
974 366 1111 415 esset
1157 360 1350 414 bonum
1400 361 1563 433 (Gen.
1622 376 1657 429 l,
1720 362 1828 428 10),
1869 369 1915 419 Α
2402 336 2409 339 Π

3531 232 3638 286 494

2668 396 2894 437 SOLUTIO
2903 422 2914 433 .

2014 504 2194 569 Quare
2234 504 2525 559 humanam
2576 508 2713 560 Deus
2754 509 2935 574 potius
2981 521 3144 574 quam
3192 508 3493 573 angelicam
3539 524 3637 564 as-

1940 595 2172 661 sumpsit
2200 597 2476 647 naturam.
2509 624 2579 633 —
2627 594 2773 649 Bene
2800 607 2965 650 sensa
2994 602 3131 650 sunt
3166 594 3306 651 haec.
3348 596 3638 654 Debuerat

1939 693 2077 750 ergo
2120 681 2272 736 Deus
2304 689 2537 751 propter
2576 681 2874 736 evitandos
2905 682 3096 737 carnis
3143 682 3364 751 fetores,
3412 684 3635 755 angeli-

1939 783 2034 824 cos
2088 770 2197 825 sibi
2254 778 2447 827 uteros
2512 785 2858 841 praeparare.
2922 772 3034 826 Hos
3087 771 3323 827 forsitan
3387 773 3635 843 aptiores

1937 858 2295 927 conceptioni
2343 858 2521 928 ipsius
2572 860 2830 929 poteritis
2868 859 3150 929 judicare.
3213 860 3446 917 Minime
3488 876 3633 932 gen-

1940 946 2110 1002 tium.
2148 947 2270 1002 Non
2302 947 2517 1018 legistis
2546 949 2686 1019 quia
2722 950 2846 1003 caeli
2879 964 2985 1002 non
3034 954 3160 1003 sunt
3190 951 3383 1004 mundi
3410 952 3470 1004 in
3498 966 3632 1005 con-

1933 1040 2119 1104 Specta
2148 1036 2265 1104 ejus
2299 1037 2434 1106 (Job.
2466 1051 2559 1101 xv,
2597 1036 2701 1107 15).
2737 1039 2839 1093 Et:
2896 1038 2963 1092 In
3010 1039 3215 1105 angelis
3262 1038 3376 1093 suis
3430 1043 3632 1107 reperit

1933 1126 2309 1192 pravitatem?
2346 1124 2475 1194 (Job.
2524 1140 2599 1191 1v,
2652 1124 2760 1195 l8.)
2795 1124 2848 1179 Si
2896 1125 2965 1180 de
2994 1125 3273 1196 dignitate
3305 1127 3519 1197 agitur,
3548 1127 3631 1185 nil

1931 1213 2183 1268 Creatori
2212 1213 2270 1267 in
2302 1221 2568 1268 creatura
2593 1213 2854 1284 dignum.
2905 1214 3131 1270 Etcum
3179 1215 3251 1270 sit
3280 1223 3440 1271 tanta
3482 1228 3630 1271 Lon-

1930 1300 2130 1357 ditoris
2162 1301 2401 1372 puritas,
2440 1309 2505 1358 ut
2555 1302 2914 1358 conditorum
2965 1304 3223 1359 omnium
3266 1304 3503 1374 justitiae
3534 1304 3631 1360 ha-

1931 1389 2105 1445 beant
2160 1391 2314 1446 unde
2367 1390 2722 1460 displiceant,
2774 1390 2932 1446 illam
2986 1392 3342 1458 rationalem,
3398 1407 3527 1461 qua;
3557 1393 3631 1448 vi-

1931 1478 2177 1534 debatur
2228 1478 2526 1544 inﬁrmior,
2595 1486 2865 1534 naturam
2935 1480 3455 1550 congruentissima
3520 1482 3627 1537 sibi

1929 1566 2149 1621 ratione
2202 1567 2536 1634 connexuit,
2599 1567 2697 1622 ubi
2749 1575 2954 1637 praeter
3004 1567 3180 1623 ullam
3229 1567 3413 1623 meriti
3463 1582 3622 1637 spem

1363 1698 1537 1754 quam
1570 1654 1817 1740 οίηζίίηέ,
1859 1662 1900 1716 Β
1932 1654 2053 1709 Sola
2103 1655 2290 1723 gratia
2342 1654 2690 1725 dignationis
2746 1655 3038 1725 apparuit.
3094 1656 3239 1711 Nam
3289 1656 3334 1710 si
3394 1655 3629 1727 angelos

1926 1742 2410 1811 apprehendisset,
2467 1744 2839 1813 supparilitas
2889 1744 3154 1813 quaedam
3214 1744 3416 1812 videri,
3488 1744 3629 1814 quia

1929 1830 2249 1901 incorporei
2272 1837 2428 1899 sunt,
2479 1845 2551 1886 ex
2583 1831 2974 1900 assumptione
3005 1831 3276 1902 contigua
3327 1832 3622 1901 potuisset.

1928 1918 2089 1975 Unde
2136 1926 2191 1974 et
2216 1919 2274 1974 in
2321 1918 2480 1975 libris
2508 1920 2730 1988 vestris,
2764 1921 2934 1976 rebus
2977 1920 3177 1976 crebro
3210 1921 3627 1991 indignissimis

1927 2007 2276 2077 comparatio
2318 2007 2517 2063 divina
2548 2008 2875 2078 subjicitur,
2929 2016 2991 2063 ut
3025 2008 3308 2077 quidquid
3343 2009 3497 2077 apud
3529 2009 3625 2064 ho-

1928 2096 2109 2150 mines
2137 2095 2373 2167 dignius
2424 2096 2761 2163 aestimatur,
2813 2096 2871 2150 in
2908 2096 3005 2150 Dei
3048 2096 3470 2164 comparatione
3503 2110 3625 2166 pre-

1928 2190 2141 2250 matur,
2173 2191 2229 2240 et
2258 2184 2360 2240 ubi
2389 2185 2502 2240 Deo
2533 2184 2698 2239 bonis
2751 2183 3000 2254 indignae
3031 2183 3362 2239 hominibus
3417 2184 3622 2240 simili-

1928 2271 2156 2326 tudines
2179 2271 2412 2339 dantur,
2454 2272 2788 2328 nullatenus
2824 2273 2875 2328 ei
2919 2271 3263 2327 conferenda
3322 2287 3452 2343 quae
3486 2280 3623 2329 sunt

1927 2358 2258 2416 hominibus
2315 2359 2561 2430 pretiosa
2626 2366 2921 2429 putentur.
2993 2361 3135 2416 Hinc
3187 2368 3310 2417 est:
3371 2361 3621 2417 Stridebo

1926 2448 2110 2503 subter
2154 2464 2246 2503 vos
2295 2451 2435 2503 sicut
2478 2450 2790 2517 plaustrum
2834 2454 3084 2503 onustum
3130 2452 3253 2515 fcno
3312 2449 3500 2518 (Amos
3556 2465 3617 2518 tt,

1931 2536 2176 2607 l3).,Et:
2234 2539 2522 2591 Excitatus
2574 2542 2652 2591 est
2704 2539 2967 2605 tanquam
3015 2537 3286 2591 dormiens
3339 2540 3616 2607 Dominus,

1928 2630 2190 2694 tanquam
2232 2630 2419 2695 potens
2475 2626 2848 2695 crapulatusa
2893 2627 3020 2680 vino
3060 2627 3228 2694 (Psal.
3262 2641 3478 2694 Lxxvn,
3511 2628 3619 2697 65).

1997 2732 2292 2798 Fragilitas
2353 2731 2617 2796 bifariam
2657 2733 2945 2799 accipitur.
2988 2760 3062 2772 —
3107 2730 3252 2797 Quid
3290 2732 3359 2787 de
3411 2732 3624 2803 fragili-

1929 2826 2043 2875 tate
2094 2818 2400 2875 causaris?
2448 2819 2572 2875 hzec
2614 2818 2879 2875 bifariam
2926 2819 3065 2875 solet
3112 2818 3312 2889 accipi.
3369 2819 3513 2886 Quia
3568 2828 3624 2876 et

1929 2907 2063 2973 cibi,
2113 2915 2419 2977 potusque,
2478 2921 2546 2963 ac
2618 2906 2801 2963 somni
2870 2907 3193 2973 necessitas,
3247 2915 3302 2963 et
3352 2902 3622 2977 peccandi

1927 2996 2176 3053 labilitas
2217 2995 2514 3053 consuevit
2559 2994 2854 3065 appellari.
2887 2995 3061 3050 Plane
3110 2994 3167 3050 in
3203 2995 3464 3064 paradiso
3494 3009 3623 3065 pec-

1928 3086 2039 3142 cati
2072 3085 2262 3140 adhuc
2290 3084 2598 3155 fragilitate
2636 3091 2693 3140 et
2723 3090 2903 3139 morte
2941 3097 3238 3153 suspensa,
3270 3097 3343 3138 ex
3388 3082 3625 3139 necessi—

1926 3181 2042 3229 tate
2058 3173 2343 3240 vescendi,
2368 3172 2597 3229 bibendi
2630 3171 3071 3241 dormieudique
3096 3171 3329 3242 fragiles
3355 3179 3519 3227 erant
3542 3170 3625 3225 illi

1928 3261 2156 3332 generis
2193 3262 2375 3317 nostri
2410 3261 2712 3330 principes.
2742 3259 2903 3326 Quod
2943 3267 3170 3329 pareret
3217 3260 3299 3316 eis
3345 3259 3625 3330 fragilitas

1928 3348 2026 3404 illa
2057 3356 2375 3418 peccatum,
2428 3349 2473 3404 si
2516 3348 2845 3418 contigisset
2901 3362 3016 3403 non
3047 3349 3339 3418 praeterire
3385 3347 3624 3403 manda-

1929 3445 2052 3494 tum
2072 3438 2100 3494 Ἰν
2131 3436 2217 3493 Ex
2242 3437 2385 3493 libro
2408 3446 2507 3494 tuo
2538 3438 2712 3493 habes
2737 3451 2749 3490 :
2783 3440 2859 3491 De
2882 3439 3030 3492 omni
3064 3438 3210 3505 ligno
3234 3437 3492 3506 paradisi
3532 3452 3625 3491 co-

1925 3527 2076 3581 mede
2123 3526 2280 3598 (Gen.
2306 3541 2363 3593 n,
2392 3526 2496 3597 l6).
2521 3526 2628 3580 Et:
2659 3526 2803 3589 Quia
2820 3527 2972 3579 misit
3005 3526 3266 3579 Dominus
3303 3540 3544 3594 soporem
3564 3527 3626 3578 in

1925 3614 2108 3670 Adam
2138 3613 2322 3684 (lbid.,
2351 3612 2460 3684 '21).
2496 3613 2627 3669 Haec
2656 3611 2998 3668 dicebantur
3019 3612 3091 3668 ei.
3125 3614 3256 3667 Haec
3286 3611 3343 3666 in
3381 3626 3447 3667 eo
3487 3625 3620 3668 cum

1924 3708 2071 3758 esset
2100 3701 2376 3757 immunis
2427 3715 2462 3756 a
2501 3703 2730 3770 peccato
2767 3699 2995 3756 ﬁebant.
3027 3698 3175 3765 Quid
3226 3699 3418 3755 horret
3467 3699 3620 3755 Deus

1928 3791 1987 3845 in
2005 3790 2270 3846 homine?
2294 3804 2409 3846 non
2436 3797 2706 3845 naturam
2730 3788 2952 3858 utique,
2986 3801 3164 3857 quam
3198 3788 3315 3857 ipse
3341 3786 3614 3851 condidit,

1925 3876 2023 3933 sed
2053 3876 2268 3932 malum
2298 3877 2454 3947 quod
2485 3877 2652 3931 homo
2678 3873 2913 3930 addidit.
2948 3873 3108 3940 Quod
3140 3874 3186 3929 si
3218 3874 3494 3941 horreret,
3528 3873 3620 3929 fa-

1925 3963 2381 4034 cturam.utique
2409 3977 2575 4019 suam
2620 3962 2937 4033 justissime
2980 3960 3318 4019 detractioni
3365 3975 3619 4032 expone-

1926 4059 2032 4108 ret.
2062 4052 2207 4108 Nam
2238 4053 2283 4108 si
2317 4052 2436 4123 ipse
2465 4051 2620 4122 quod
2662 4050 2880 4118 statuit,
2915 4050 3344 4107 exauctorando
3374 4064 3441 4106 ac
3488 4050 3618 4106 vili-

1926 4140 2223 4210 pendendo
2253 4140 2525 4208 destituit,
2560 4139 3050 4211 praevaricatorem
3077 4154 3137 4196 se
3162 4140 3476 4197 constituit.

123 4244 496 4315 querelarum
548 4244 926 4300 obstinatione
981 4244 1238 4314 rebelles,
1273 4247 1437 4316 quasi
1470 4247 1669 4317 aquila
1697 4247 1820 4317 pul—
1855 4236 1900 4290 D
1997 4247 2103 4304 Sed
2151 4246 2386 4303 absistat
2420 4247 2542 4302 haec
2585 4247 2870 4303 vecordia.
2930 4246 3378 4303 Celeberrimum
3435 4255 3520 4304 est
3561 4247 3621 4304 in

123 4333 207 4389 los
238 4333 296 4388 in
326 4333 545 4390 deserto
584 4332 958 4401 circumtulit,
988 4334 1327 4390 multimoda
1361 4334 1813 4391 idololatriarum

122 4420 459 4491 repetitione
515 4422 814 4478 damnatos
864 4422 922 4476 in
974 4429 1125 4478 terra
1186 4423 1580 4493 promissionis
1624 4431 1816 4479 tamen

122 4510 283 4566 fovit.
319 4509 387 4564 In
435 4509 557 4581 lege
598 4516 653 4565 et
685 4509 976 4580 prophetis
1022 4511 1227 4566 vestris
1270 4525 1386 4567 non
1417 4511 1582 4567 modo
1608 4511 1820 4568 miseri-

121 4612 273 4666 cors,
307 4598 463 4669 quod
491 4606 576 4655 est
625 4598 680 4653 in
729 4608 961 4667 natura,
1012 4606 1110 4655 aut
1156 4599 1473 4665 miserator,
1528 4601 1683 4670 quod
1733 4607 1818 4655 est

120 4688 183 4745 in
211 4686 538 4755 efﬁcientia,
568 4687 665 4744 sed
696 4687 821 4758 ipsa
873 4687 1187 4744 essentialis
1239 4688 1630 4744 misericordia
1658 4690 1817 4744 voci-

120 4784 308 4846 tatur,
349 4776 457 4832 etsi
508 4776 627 4847 ipse
681 4777 849 4834 aliter
898 4791 957 4833 se
1000 4776 1225 4849 egisset,
1273 4776 1524 4845 seipsum
1566 4777 1818 4847 profecto

119 4870 406 4937 negasset.

192 4953 390 5010 Dicitis
429 4953 609 5023 igitur
645 4953 786 5024 quia
814 4952 1047 5009 feminei
1078 4951 1297 5009 ventris
1327 4953 1624 5010 humilitas
1666 4954 1817 5010 divi-

121 5057 212 5099 ne
231 5040 573 5099 sublimitati
614 5056 732 5097 non
761 5043 1047 5114 congruit.
1091 5040 1299 5110 Quare,
1352 5043 1591 5113 inquam
1621 5043 1650 5097 ?
1674 5043 1819 5110 Quia

125 5138 204 5187 tot
250 5137 390 5187 sunt
419 5131 729 5199 praesertim
773 5130 833 5186 iu
878 5144 1025 5187 sexu
1077 5130 1321 5187 femineo
1370 5130 1705 5201 fragilitates
1754 5139 1818 5188 ut

127 5218 249 5288 ipsa
275 5217 387 5273 sibi
435 5218 776 5288 plerumque
826 5226 1037 5274 natura
1066 5218 1377 5274 sordescat.
1428 5219 1497 5274 Et
1545 5232 1677 5275 cum
1708 5220 1816 5275 sibi

124 5307 242 5375 ipsa
272 5305 603 5361 humanitas
634 5306 707 5361 ob
749 5306 1079 5377 frequentes
1108 5306 1322 5375 quibus
1352 5306 1536 5362 obsita
1577 5314 1661 5361 est
1708 5307 1815 5362 mi-

126 5394 302 5450 serias
333 5393 689 5465 indignetur,
720 5392 1002 5464 ignavum
1048 5401 1132 5449 est
1159 5394 1389 5449 credere
1425 5393 1579 5463 quod
1607 5393 1696 5449 his
1726 5393 1819 5449 di-

126 5482 341 5539 vinitas
370 5495 634 5552 unquam
669 5480 948 5552 implicari
976 5488 1287 5550 pateretur.

1924 4335 2085 4392 libris
2126 4335 2241 4391 tuis
2298 4336 2479 4391 Deum
2526 4342 2581 4390 et
2633 4336 2777 4390 ﬁlios
2831 4342 2887 4390 et
2927 4335 3062 4390 deos
3105 4334 3363 4391 homines
3410 4336 3622 4405 saepius

1923 4424 2233 4495 appellare.
2275 4425 2359 4480 Ne
2391 4423 2813 4493 corruptionem
2872 4422 3064 4477 carnis
3109 4431 3163 4479 et
3212 4424 3363 4479 uteri
3416 4424 3620 4479 fetores

1923 4514 2202 4569 attendas.
2239 4513 2361 4568 Non
2395 4513 2641 4568 aestimes
2672 4513 2783 4567 Deo
2817 4511 3113 4582 quidpiam
3154 4519 3359 4580 praeter
3390 4519 3619 4581 peccata

1924 4602 2114 4657 fetere.
2146 4601 2273 4657 Non
2307 4601 2477 4657 habet
2508 4601 2661 4667 Deus
2699 4614 2869 4655 nares
2896 4600 2997 4654 tibi
3033 4612 3215 4668 pares.
3252 4598 3458 4670 Legisti
3502 4599 3620 4657 Noe

1924 4688 2091 4745 altari
2123 4696 2248 4758 post
2277 4689 2565 4744 diluvium
2595 4687 2869 4744 fabricato
2893 4687 3286 4742 holocaustum
3314 4687 3383 4743 de
3413 4688 3619 4744 avibus

1923 4776 2215 4844 obtulisse,
2243 4784 2297 4832 et
2326 4778 2505 4833 Deum
2535 4776 2766 4832 odorem
2815 4774 3115 4830 suavitatis
3156 4774 3415 4831 hausisse
3461 4774 3613 4845 (Gen.

1923 4880 2042 4933 Vlli,
2096 4864 2207 4934 2i).
2260 4865 2325 4921 Et
2361 4880 2491 4935 quae
2523 4850 2583 4919 in
2638 4864 2730 4921 tali
2764 4877 2972 4932 vapore
3001 4863 3265 4932 voluptas
3287 4864 3316 4917 ‘P
3356 4863 3618 4920 Forsitan

1924 4960 1983 5009 tu
2048 4955 2227 5009 Deum
2286 4955 2535 5009 aestimas
2589 4952 2953 5018 nebulonem,
3010 4958 3073 5007 ut
3122 4950 3330 5020 patinis
3386 4951 3615 5008 fuman-

1923 5041 2077 5098 tibus
2122 5041 2449 5108 delectetur,
2510 5050 2565 5096 et
2619 5054 2877 5096 assarum
2933 5039 3196 5095 carnium
3246 5039 3616 5111 flagrantiam

1922 5129 2164 5186 libenter
2208 5130 2494 5185 absumat.
2535 5132 2690 5185 Certe
2734 5128 2939 5184 sobriis
2987 5125 3317 5184 hominibus
3364 5127 3616 5199 idipsum

1925 5219 2079 5289 quod
2112 5218 2243 5274 usui
2300 5225 2681 5287 praeparatur,
2736 5224 2791 5272 et
2837 5216 3007 5273 nidor
3047 5215 3306 5285 displicet
3350 5218 3619 5288 coquina-

1925 5320 2078 5374 rum,
2152 5321 2223 5362 ne
2277 5307 2419 5361 dum
2471 5307 2579 5361 Deo
2634 5305 2852 5375 placeat
2910 5311 3081 5374 putor
3141 5304 3338 5361 avium
3392 5314 3620 5363 exusta-

1925 5409 2076 5452 rum.
2133 5395 2381 5451 Putasne
2428 5394 2569 5464 quia
2616 5394 2771 5464 quod
2823 5392 3157 5449 hominibus
3195 5401 3276 5450 est
3326 5394 3614 5464 putidum,

1926 5484 2041 5539 Deo
2073 5497 2252 5539 suave
2304 5482 2605 5540 redoleat?
2634 5484 2855 5552 Depone
2892 5481 3128 5538 suillum
3176 5490 3373 5553 caput,
3404 5489 3460 5538 et
3500 5496 3620 5539 sen-
