3934 6086
337 252 442 305 495

1233 250 1292 303 ν.
1333 248 1663 304 GUIBERTI
1704 248 1999 305 ABBATIS
2035 250 2093 305 S.
2135 250 2376 306 HARDE
2415 251 2505 306 DE
2543 249 2940 309 NOVIGENTO

3739 257 3855 309 496

338 400 470 443 sum
524 386 760 456 rejicere
806 385 1012 441 carnis.
1049 382 1458 454 Spiritualibus
1510 384 1834 454 spiritualia
1884 399 2033 440 com-
2067 385 2279 455 Aquia
2330 385 2691 443 Christianus
2756 401 2869 442 non
2929 387 3019 455 sit,
3077 387 3380 459 multoque
3459 390 3673 447 rectius
3751 390 3856 446 isti

339 490 499 546 para.
561 476 713 531 Deus
755 474 992 543 spiritus
1050 480 1152 540 est,
1206 481 1262 528 et
1320 473 1497 529 solius
1547 473 1776 528 virtutis
1834 473 2031 529 haurit

338 563 589 628 odorem,
623 568 676 616 et
707 560 825 615 sola
869 550 1095 614 morum
1135 559 1278 614 vitia
1306 558 1414 615 sibi
1471 559 1721 615 sordent.
1757 559 1862 615 Ubi
1892 573 2029 629 ergo

338 651 487 705 Deus
515 650 665 705 bona
692 648 898 703 animae
938 647 1210 702 universa
1259 655 1644 717 congesserat,
1694 646 2030 702 nullatenus

334 740 393 793 in
419 736 644 807 virgine
675 735 1036 807 fragilitatem
1079 734 1404 803 corpusculi
1444 736 1677 791 horrere
1729 734 2025 791 debuerat.

994 839 1223 896 CAPUT
1263 839 1361 897 IV.

1049 943 1315 992 QUESTIO.

402 1022 505 1075 Pro
535 1020 671 1073 Filii
704 1019 800 1072 Dei
834 1019 1211 1071 incarnatione
1258 1020 1527 1085 nequeunt
1560 1017 1796 1070 homines
1830 1015 2030 1085 dignas

332 1112 514 1176 grates
535 1107 842 1176 rependere.
870 1137 940 1145 —
977 1104 1117 1171 Quis
1155 1118 1291 1160 vero
1341 1118 1415 1160 ex
1443 1104 1606 1160 vobis
1637 1108 1817 1174 potest
1849 1104 2029 1174 ipsam

332 1195 603 1252 feminam
635 1208 885 1265 arguere
913 1194 981 1249 de
1013 1194 1282 1264 peccato?
1310 1194 1383 1249 At
1422 1192 1698 1263 quoniam
1740 1208 1856 1249 non
1906 1206 2032 1262 sup-

333 1286 470 1355 petit
496 1284 649 1341 unde
676 1291 979 1354 arguatur,
1003 1282 1123 1338 sola
1160 1289 1386 1337 naturae
1428 1289 1484 1337 et
1513 1296 1688 1338 sexus
1718 1282 2032 1353 indignitas

334 1374 393 1429 in
420 1386 596 1428 causa
620 1378 723 1427 est.
764 1370 817 1426 Si
848 1371 1000 1427 Deus
1032 1370 1089 1424 in
1130 1369 1363 1439 propria
1394 1383 1635 1440 persona
1666 1370 1736 1425 ad
1770 1370 2031 1426 homines

334 1460 735 1529 descendisset,
773 1467 873 1514 aut
929 1472 1170 1528 persona
1224 1457 1481 1528 aliquam
1540 1458 1814 1526 divinam,
1877 1460 2030 1515 unde

333 1552 525 1605 nescio
563 1563 679 1619 quo
731 1547 898 1602 modo
946 1554 1296 1611 nasceretur,
1337 1546 1446 1601 sibi
1478 1546 1855 1614 adhibuisset,
1889 1546 2029 1602 dum

334 1637 444 1693 sibi
471 1637 529 1691 in
573 1635 732 1691 nullo
765 1635 834 1690 de
885 1648 991 1690 sua
1023 1634 1345 1705 quidquam
1378 1635 1672 1705 majestate
1704 1634 2022 1697 minuisset,

334 1725 471 1781 satis
500 1723 809 1780 mediocres
856 1723 928 1779 ab
980 1723 1306 1778 hominibus
1356 1723 1571 1793 gratias
1608 1723 1928 1779 meruisset.
1961 1726 2029 1779 At

335 1813 477 1884 quia
499 1815 681 1868 totum
714 1825 813 1881 pro
843 1824 1047 1867 eorum
1095 1825 1154 1866 se
1201 1810 1442 1866 contulit
1471 1812 1675 1877 salute,
1715 1810 2029 1866 humilitati

334 1908 389 1957 et
419 1899 637 1972 gratiae,
672 1915 783 1955 non
815 1906 898 1955 est
942 1899 1095 1969 quod
1142 1899 1311 1953 homo
1345 1897 1517 1968 possit
1555 1897 1794 1968 dignum
1827 1912 2028 1968 repen-

334 1989 488 2046 dere.
521 1989 646 2044 Non
690 1987 797 2044 fuit
845 1987 1000 2057 quod
1058 1987 1347 2042 hominem
1403 1985 1585 2058 magis
1639 1986 1915 2054 potuisset
1955 1987 2031 2041 in-

334 2085 579 2133 struere.

866 2159 1089 2200 SOLUTIO
1138 2159 1417 2208 QUESTION
1424 2159 1489 2200 IS.

404 2236 657 2289 Humana
684 2235 855 2303 specie
885 2237 1023 2287 Deus
1052 2235 1335 2302 apparuit.
1385 2232 1516 2287 Inde
1561 2232 1835 2286 concludit
1882 2232 2032 2286 haud

333 2324 649 2389 absurdum,
685 2325 849 2377 Deum
882 2337 1075 2391 corpus
1104 2322 1399 2375 humanum
1428 2320 1689 2375 induisse.
1729 2349 1798 2360 —
1827 2319 2031 2376 Nonne

333 2412 485 2467 Deus
512 2412 567 2466 in
600 2411 776 2467 veteri
812 2420 910 2466 tua
954 2411 1076 2481 lege
1118 2411 1227 2465 sub
1277 2409 1537 2464 humana
1583 2409 1767 2478 specie
1814 2408 1873 2463 in
1903 2423 2032 2465 con-

331 2500 469 2556 valli
499 2500 753 2555 Mambre
782 2498 1027 2554 Abrahae
1083 2497 1403 2567 apparuit?
1452 2496 1603 2568 (Gen.
1645 2511 1805 2562 xvm,
1858 2499 1933 2565 l.)
1961 2498 2032 2552 Et

332 2589 434 2659 qui
481 2587 677 2643 vestiri
709 2594 902 2643 nostra
953 2586 1025 2641 ad
1080 2586 1281 2641 horam
1333 2585 1584 2655 imagine
1632 2586 1808 2640 unius
1853 2599 2031 2641 causa

333 2676 586 2731 hominis
615 2674 817 2741 voluit,
872 2674 927 2729 id
961 2674 1150 2729 facere
1185 2674 1538 2743 quandoque
1592 2673 1872 2728 veraciter
1926 2688 2031 2743 pro

333 2778 453 2819 suae
482 2763 750 2833 imaginis
787 2762 972 2818 salute
998 2777 1111 2817 non
1155 2762 1400 2817 debuit?
1431 2762 1679 2817 Tantum
1710 2775 1848 2817 sane
1878 2776 2032 2831 prae-

334 2852 537 2908 cellere
569 2852 871 2921 specialem
905 2851 1177 2906 debuerat
1213 2850 1428 2906 utilitas
1484 2850 1786 2920 generalis.
1831 2850 2032 2907 Nonne

334 2939 415 2995 illi
450 2948 547 2996 tuo
578 2954 749 3010 quem
781 2940 924 2994 dicis
953 2940 1068 2994 Deo
1114 2952 1350 3008 azymus
1380 2940 1563 3006 panis,
1612 2939 1869 2994 butirum
1900 2953 2028 2994 cum

330 3027 595 3084 vitulinis
616 3028 773 3083 illata
801 3035 938 3083 sunt
969 3027 1263 3082 carnibus.
1316 3026 1530 3081 Deinde
1588 3027 1798 3096 legitur
1836 3040 2030 3081 come—

331 3116 501 3179 disse,
534 3124 589 3173 et
614 3116 994 3171 discumbenti
1034 3114 1331 3171 Abraham
1382 3114 1630 3169 astitisse
1658 3116 1817 3183 (Gen.
1868 3117 2026 3185 (6-8).

334 3207 405 3261 Et
429 3219 500 3259 ne
533 3204 689 3259 dicas
735 3204 1004 3273 angelum
1038 3204 1231 3259 fuisse.
1288 3203 1437 3273 Lege
1490 3203 1672 3258 Deum
1725 3203 1899 3259 verbo
1957 3204 2031 3259 ad

332 3294 624 3365 Abraham
676 3292 872 3347 habito
899 3291 1102 3348 abiisse
1128 3291 1313 3362 (Ibid.,
1349 3291 1471 3361 33);
1513 3302 1569 3347 et
1602 3292 1746 3347 duos
1795 3291 2031 3362 angelos

331 3382 672 3437 nominatim
699 3379 995 3435 Sodomam
1045 3380 1400 3435 contendisse
1444 3381 1598 3450 (Gen.
1650 3394 1749 3443 vn,
1786 3382 1859 3448 t).
1906 3380 2031 3435 Per-

331 3471 513 3541 pende
535 3470 711 3541 igitur
739 3470 920 3524 Deum
948 3468 1193 3525 necdum
1225 3476 1593 3537 eorporatum
1626 3467 2025 3536 corporalibus

331 3559 470 3614 cibis
523 3573 590 3613 ac
641 3558 869 3628 potibus
900 3557 1226 3612 indulsisse.
1276 3559 1345 3612 Et
1396 3557 1444 3611 si
1496 3563 1558 3612 tu
1611 3556 1792 3611 Deum
1847 3556 2031 3611 credis

332 3648 526 3713 fuisse,
560 3647 702 3702 nihil
735 3653 1020 3716 quantum
1053 3645 1125 3699 ad
1156 3643 1533 3700 humilitatem
1567 3651 1802 3713 spectat,
1836 3644 2031 3700 minus

331 3751 436 3806 ego
476 3750 610 3791 eum
659 3734 948 3804 perpendo
996 3734 1194 3789 fecisse
1237 3746 1413 3803 quam
1461 3732 1615 3802 quod
1664 3732 2029 3801 postmodum

331 3825 493 3881 visus
522 3828 619 3893 est}
645 3823 939 3879 hominem
982 3821 1256 3877 induisse.
1308 3821 1573 3878 Creditur
1617 3821 1767 3876 enim
1817 3819 1910 3876 ille
1951 3834 2034 3876 se-

332 3914 592 3968 cundum
621 3912 946 3981 opinionem
982 3916 1143 3964 tuam
1177 3911 1323 3964 Deus
1352 3922 1562 3978 corpus
1599 3923 1669 3964 ex
1723 3922 1853 3964 aere
1896 3922 2031 3978 per-

336 4000 687 4056 functorium
717 3998 1110 4067 assumpsisse.
1145 3997 1199 4052 Si
1234 4011 1373 4069 ergo
1398 3997 1583 4053 credis
1623 3998 1800 4053 Deum
1838 3996 2029 4052 incor-

334 4102 572 4158 poreum
629 4086 699 4142 ad
759 4087 958 4142 horam
1015 4085 1388 4155 corporaliter
1457 4086 1855 4153 manducasse,
1923 4100 2029 4141 cur

331 4175 607 4231 discredis
637 4189 740 4245 pro
782 4183 941 4231 tanto
980 4174 1181 4231 salutis
1229 4174 1500 4229 humanae
1544 4173 1770 4244 negotio
1821 4186 2031 4243 corpus

2139 473 2350 529 dicitur
2397 474 2552 543 quod
2601 474 2814 543 impius
2860 475 2953 530 hic
2996 476 3191 543 fueris,
3242 477 3288 531 si
3334 478 3465 547 pius
3506 492 3629 534 esse
3673 479 3853 535 velis.

2138 560 2324 627 Quare
2352 561 2470 617 zelo
2496 562 2819 617 vehementi
2852 577 2968 618 non
2998 561 3205 619 elTerar
3234 563 3370 635 (22),
3402 580 3534 621 cum
3591 565 3855 627 videam,

2137 663 2234 705 eos
2263 650 2364 719 qui
2412 650 2684 721 conjugia
2728 651 3121 720 pulcherrima
3166 659 3223 708 et
3274 652 3514 709 honesta
3543 654 3854 721 deserunt,

2137 746 2192 794 et
2237 752 2386 794 anus
2434 738 2604 794 etiam
2656 739 2766 796 sub
2810 740 3031 797 maritis
3076 748 3330 812 agentes,
3375 741 3614 812 jamque
3663 757 3858 813 rugo-

2137 828 2391 882 sissimas
2447 835 2825 893 assectantur,
2869 828 2928 883 in
2973 843 3227 899 quarum
3275 844 3510 900 quoque
3561 831 3858 887 abusione

2138 929 2551 985 germanorum
2605 930 2846 972 suorum
2899 917 3173 973 rivalitati
3229 931 3345 973 non
3399 926 3667 988 parcunt,
3738 917 3857 988 qui

2138 1002 2301 1059 nulla
2363 1003 2706 1073 desponsata
2753 1004 2866 1061 Deo
2908 1013 3201 1073 verentur,
3256 1005 3360 1076 qui
3428 1006 3589 1063 nullo
3647 1007 3858 1063 studio

2141 1088 2292 1157 ﬁdei,
2326 1089 2420 1145 sed
2478 1090 2721 1160 perjurii
2767 1098 2824 1147 et
2871 1090 3208 1161 proditionis
3257 1101 3535 1163 aguntur,
3584 1108 3857 1163 quorum

2140 1186 2331 1247 patres
2354 1186 2410 1234 et
2435 1192 2508 1234 ex
2539 1178 2756 1249 quibus
2780 1178 2873 1235 isti
2900 1187 3176 1236 maternae
3200 1181 3485 1249 Ecclesiae,
3505 1182 3859 1239 destructio-

2138 1266 2312 1322 nibus
2342 1266 2691 1335 institerunt,
2724 1268 2871 1323 sacri
2917 1269 3136 1324 ordinis
3182 1269 3363 1325 caedes
3400 1278 3692 1326 amarunt.
3749 1272 3854 1339 Hi,

2139 1354 2401 1424 inquam,
2436 1356 2510 1410 ad
2566 1355 2795 1425 reprobi
2843 1369 3049 1412 sensus
3095 1365 3473 1428 augmentum
3522 1359 3592 1415 de
3639 1359 3857 1416 divina

2137 1441 2435 1511 disputant
2479 1444 2766 1515 genitura,
2811 1452 2867 1500 et
2913 1453 3209 1515 assumpto
3258 1447 3591 1503 Iudaeorum
3640 1456 3855 1518 patro-

2139 1530 2309 1598 cinio,
2367 1547 2503 1587 cum
2565 1532 2770 1603 lingua
2824 1547 3023 1588 eorum
3093 1534 3153 1589 in
3204 1542 3356 1590 terra
3407 1536 3722 1604 transierit,
3789 1538 3853 1592 in

2139 1619 2347 1674 coelum
2391 1621 2512 1690 jam
2556 1628 2874 1690 posuerunt
2920 1636 3022 1677 ora
3070 1636 3177 1678 sua
3224 1623 3394 1693 (Psal.
3440 1638 3613 1693 Lxxn,
3659 1627 3737 1692 9),
3794 1634 3855 1681 et

2140 1708 2459 1763 secundum
2494 1708 2733 1765 usitatas
2763 1710 2956 1766 sordes
2985 1711 3305 1766 metiuntur
3326 1711 3524 1767 divina
3545 1712 3851 1782 mysteria,

2136 1803 2190 1851 et
2219 1810 2351 1851 cum
2382 1804 2612 1865 putores
2639 1798 2966 1854 exercitatae
2996 1798 3252 1854 libidinis
3297 1798 3554 1856 fastidire
3581 1800 3847 1870 coeperit,

2136 1897 2208 1938 ex
2249 1897 2309 1938 se
2356 1885 2506 1939 victa
2552 1884 2815 1954 nequitia
2861 1885 3210 1956 ﬂagitiorum
3257 1901 3494 1943 suorum
3536 1888 3849 1958 crapulam

2136 1971 2196 2026 in
2244 1972 2617 2041 Christianas,
2667 1975 2779 2030 imo
2828 1974 2886 2029 in
2932 1988 3127 2030 rerum
3176 1975 3491 2032 caelestium
3555 1987 3852 2035 nauseant

2122 2061 2440 2129 puritates.

2205 2149 2319 2205 Nec
2350 2149 2562 2205 mirum
2607 2150 2656 2206 si
2698 2152 2828 2219 Deo,
2880 2166 3054 2222 quem
3106 2167 3221 2208 non
3268 2153 3485 2220 vident,
3529 2153 3835 2224 derogent,

2137 2252 2270 2293 eum
2297 2237 2348 2292 id
2373 2252 2559 2308 genus
2579 2239 2638 2294 in
2666 2254 2789 2295 sese
2806 2240 3150 2296 alterutrum
3183 2241 3625 2311 implacabiliter
3650 2243 3848 2299 hostes

2137 2326 2405 2381 existant.
2440 2326 2538 2381 Est
2559 2333 2749 2382 tamen
2772 2328 2872 2398 qui
2903 2328 3055 2385 dicat
3075 2328 3386 2400 aliquando
3416 2330 3843 2397 :Emistimasti,

2138 2414 2399 2483 inquam,
2433 2415 2578 2484 quod
2607 2432 2695 2470 cro
2723 2420 2806 2470 tui
2833 2419 3052 2485 similis,
3104 2434 3339 2486 arguam
3382 2424 3452 2485 te,
3501 2426 3551 2474 et
3597 2424 3847 2474 statuam

2136 2508 2325 2556 contra
2351 2503 2550 2568 faciem
2581 2509 2733 2558 tuam
2761 2504 2941 2575 (Psal.
2968 2520 3121 2571 χιιι,
3153 2507 3269 2576 2i).
3310 2508 3608 2577 Interrogo
3640 2509 3847 2579 itaque

2136 2604 2232 2646 eos
2258 2590 2380 2659 qui,
2414 2591 2552 2645 dum
2594 2593 2955 2661 turpissimos
3001 2606 3144 2648 usus
3186 2594 3509 2656 attendunt,
3561 2594 3845 2665 virgineae

2134 2685 2189 2733 et
2245 2676 2612 2746 impassibilis
2665 2678 2964 2733 munditiae
3017 2678 3259 2749 gloriam
3320 2694 3436 2734 non
3489 2689 3843 2750 agnoscunt.

2137 2767 2323 2822 Adam
2353 2774 2408 2822 et
2433 2767 2557 2822 Eva
2597 2781 2802 2837 quare,
2833 2774 2958 2836 post
2998 2768 3508 2838 transgressionem
3554 2769 3842 2837 mandati,

2140 2854 2290 2911 foliis
2321 2854 2589 2924 pudenda
2616 2856 2935 2911 texerunt?
2976 2856 3160 2911 Antea
3204 2857 3347 2912 nudi
3385 2865 3571 2924 erant,
3621 2866 3677 2913 et
3721 2873 3849 2915 non

2072 2977 2111 3028 ρ
2137 2942 2572 2998 erubescebant.
2606 2942 2767 2999 Unde
2801 2943 3028 3012 pudor?
3058 2945 3289 2999 Justum
3328 2945 3436 3000 fuit
3476 2953 3539 3000 ut
3569 2947 3849 3015 quandiu

2139 3034 2250 3087 Deo
2309 3031 2606 3087 obedirent
2656 3046 2899 3100 corpora
2954 3033 3182 3097 rationi,
3243 3034 3850 3103 concupiscentialiter

2138 3119 2373 3175 rebellia
2404 3134 2518 3175 non
2552 3119 2828 3174 haberent
2859 3135 2870 3175 :
2923 3129 3001 3188 at,
3035 3120 3134 3176 ubi
3182 3121 3367 3177 Deum
3405 3130 3844 3192 postponerent,

2138 3207 2301 3263 fmdis
2332 3207 2481 3263 illico
2512 3208 2570 3262 in
2603 3222 2660 3264 se
2692 3208 2942 3264 motibus
2980 3216 3309 3266 mstuarent.
3349 3210 3415 3264 Hi
3455 3217 3591 3266 sunt
3622 3218 3842 3280 motus,

2138 3311 2239 3366 qui
2272 3296 2330 3350 in
2361 3295 2584 3350 animas
2611 3305 2922 3366 etcorpora
2949 3312 3150 3353 eorum
3181 3298 3281 3368 qui
3313 3298 3844 3369 gignunturkpec—

2138 3393 2331 3439 catum
2357 3383 2637 3455 originale
2688 3384 3004 3454 trajiciunt.
3054 3385 3446 3455 Conqueritur
3490 3401 3549 3442 se
3597 3388 3845 3457 proinde

2138 3472 2320 3527 David
2349 3471 2405 3526 in
2434 3472 2738 3542 iniquitate
2787 3481 3126 3542 conceptum
3179 3476 3355 3542 (Psal.
3406 3489 3458 3542 L,
3506 3474 3586 3545 '7).
3642 3477 3845 3532 Merito

2139 3560 2336 3630 itaque
2383 3561 2766 3628 erubuerunt,
2819 3561 2922 3631 qui
2970 3561 3092 3632 jam
3142 3562 3535 3620 membrorum
3589 3578 3841 3620 suorum

2138 3648 2402 3703 dominos
2427 3662 2486 3704 se
2514 3662 2630 3703 non
2660 3663 2780 3704 esse
2809 3657 3132 3705 senserunt.

2210 3737 2386 3802 Quare
2412 3736 2668 3804 pudmtda
2699 3741 2945 3805 corporis
2971 3738 3211 3791 membra
3248 3738 3513 3793 velantur.
3543 3769 3608 3781 -ς
3659 3738 3846 3805 Quae-

2138 3824 2290 3881 ritur
2340 3824 2576 3894 proinde
2620 3839 2654 3879 a
2701 3825 3049 3895 quibusdam
3104 3825 3246 3896 quid
3297 3840 3486 3883 causa!
3537 3827 3629 3894 sit,
3675 3829 3845 3898 quod

2141 3920 2433 3982 tantopere
2461 3926 2529 3967 ea
2558 3913 2816 3968 membra
2842 3912 3120 3981 velamus,
3159 3929 3293 3969 cum
3333 3915 3525 3970 nullas
3573 3918 3845 3985 corporis

2140 4001 2319 4056 nostri
2359 4008 2547 4070 partes
2594 4015 2661 4056 ea
2712 4001 3024 4058 intentione
3072 4010 3355 4072 tegamus.
3401 4003 3526 4059 Non
3572 4004 3729 4060 enim
3765 4019 3847 4062 ea

2137 4088 2257 4144 sola
2286 4089 2559 4156 celamus,
2590 4089 2685 4145 sed
2715 4088 2885 4145 etiam
2912 4090 3240 4160 propinqua
3266 4091 3346 4146 eis
3375 4090 3516 4158 loca,
3565 4092 3649 4148 uti
3695 4102 3847 4150 sunt

2137 4176 2448 4233 umbilicus
2478 4186 2535 4234 et
2563 4192 2738 4233 crura
2776 4177 2956 4233 videri
3002 4179 3098 4233 vix
3142 4179 3418 4249 patimur.
3457 4179 3645 4248 Quare
3679 4181 3788 4237 hoc
3812 4185 3847 4237 ‘2

330 4263 675 4334 aliquandiu
704 4263 994 4333 suscipere
1023 4263 1291 4319 voluisse.
1324 4266 1408 4318 An
1454 4276 1711 4332 personae
1746 4261 1850 4326 illi,
1896 4261 2024 4317 licet
2064 4271 2106 4325 D
2136 4266 2276 4322 Cum
2309 4274 2615 4321 moventur
2646 4265 2862 4336 digitus
2892 4280 3075 4334 meus,
3107 4267 3258 4323 oculi
3301 4268 3429 4332 mei,
3474 4268 3631 4323 labia
3678 4283 3841 4339 mea,

330 4352 742 4422 expertissimae
771 4351 919 4419 fidei,
970 4365 1071 4421 pro
1122 4351 1220 4406 lilii
1265 4351 1699 4407 denuntiatione
1743 4350 1875 4419 plus
1924 4349 2029 4405 de-

330 4440 458 4497 buit
486 4455 662 4510 quam
706 4440 1052 4496 saeculorum
1096 4440 1421 4496 salvationi.
1473 4440 1649 4494 Porro
1704 4439 1762 4493 in
1813 4437 2028 4494 semine

327 4530 454 4597 ejus
483 4528 880 4585 benedicendae
911 4534 1077 4583 erant
1105 4541 1302 4584 omnes
1329 4534 1526 4597 gentes
1556 4528 1714 4593 (Gen.
1742 4541 1881 4594 χχιι,
1915 4524 2024 4597 18).

332 4618 493 4685 Quod
528 4632 627 4674 vos
651 4632 766 4673 non
798 4616 1130 4693 i‘ntelligitis,
1161 4616 1302 4686 quia
1332 4631 1445 4671 non
1476 4616 1722 4671 creditis.

1005 4704 1238 4760 CAPUT
1280 4703 1350 4761 V.

398 4795 543 4863 Quid
578 4794 734 4865 quod
765 4792 1147 4865 indignamini
1182 4806 1283 4862 per
1313 4791 1538 4847 feminae
1580 4792 1883 4861 puerperia
1927 4791 2023 4848 fu-

330 4899 458 4941 sum
482 4885 513 4938 ‘2
541 4887 725 4954 Cogor
755 4882 984 4938 insolita
1013 4881 1193 4951 loqui,
1224 4888 1280 4937 et
1307 4894 1439 4936 cum
1482 4882 1697 4950 pudore
1748 4881 2023 4952 maximo,

329 4975 427 5029 sed
455 4981 520 5029 ut
553 4974 610 5028 Β.
657 4972 916 5042 Gregorii
971 4971 1163 5027 verbis
1214 4978 1383 5026 utar:
1433 4991 1460 5017 «
1495 4970 1653 5025 Hanc
1694 4969 1809 5040 ipse
1855 4985 2023 5027 vere-

326 5062 598 5118 cundiam
630 5060 690 5117 in
720 5074 811 5116 me
850 5058 1225 5129 reprehendo.
1271 5079 1300 5107 »
1350 5056 1460 5124 Qui
1508 5057 1660 5113 enim
1707 5066 1895 5113 tantas
1947 5059 2022 5128 pii

326 5149 722 5219 Redemptoris
745 5148 991 5219 injurias
1024 5161 1141 5203 non
1169 5146 1454 5216 agerrime
1484 5146 1608 5212 fert,
1639 5145 1741 5215 qui
1761 5146 2021 5201 inaudita

326 5239 712 5308 integerrima
741 5236 937 5293 Matris
963 5234 1173 5306 probra
1201 5249 1318 5291 non
1354 5232 1720 5290 acerbissima
1758 5233 2019 5289 animad-

324 5326 587 5382 versione
642 5324 866 5392 refellit,
919 5324 1023 5394 qui
1090 5323 1215 5379 haec
1257 5322 1604 5394 aaquanimis
1646 5321 1827 5391 audit,
1869 5330 2021 5392 patet

394 5501 502 5572 (22)
532 5501 612 5557 De
641 5500 731 5556 his
755 5499 815 5557 in
844 5499 975 5559 Vita
1002 5512 1110 5556 sua
1139 5499 1405 5569 pluribus
1435 5499 1553 5570 agit
1583 5497 1921 5554 Guibertus.

2134 4368 2260 4410 meo
2298 4361 2467 4421 nutu,
2504 4368 2630 4410 mea
2661 4353 2955 4410 voluntate
2993 4363 3336 4426 moventur;
3370 4362 3424 4411 et
3451 4357 3591 4427 quia
3612 4356 3848 4427 placide

2133 4442 2244 4498 sub
2274 4457 2399 4498 meo
2428 4450 2610 4512 agunt
2643 4442 2900 4512 imperio,
2933 4443 3160 4499 nullum
3191 4444 3329 4499 mihi
3361 4445 3635 4515 pudorem
3667 4447 3844 4504 incu-

2133 4530 2287 4586 tiunt
2345 4530 2517 4600 (Rom.
2574 4544 2673 4596 vu,
2733 4532 2847 4597 23).
2904 4533 2975 4587 At
3024 4532 3166 4600 quia
3217 4539 3426 4601 partes,
3490 4532 3559 4588 de
3613 4533 3845 4604 quibus

2132 4619 2381 4690 agimus,
2436 4627 2635 4674 contra
2678 4619 2816 4689 jura
2864 4619 3038 4675 totius
3076 4620 3312 4675 rationis
3341 4620 3542 4676 effreni
3574 4622 3844 4691 quadarn

2133 4707 2394 4764 libertate
2421 4707 2710 4774 feruntur,
2743 4715 2799 4764 et
2827 4709 2993 4778 quasi
3021 4708 3287 4778 quaedam
3320 4709 3549 4765 diversa
3587 4710 3682 4766 lex
3723 4720 3836 4777 est,

2124 4795 2300 4866 juxta
2354 4794 2713 4865 Apostolum,
2775 4796 2834 4852 in
2897 4797 3171 4853 membris
3229 4797 3439 4853 nostris
3490 4812 3839 4869 repugnans

2130 4888 2279 4937 ἰϐ-ι
2309 4883 2420 4954 legi
2467 4884 2672 4939 mentis
2711 4892 2938 4952 nostrae,
2989 4892 3045 4940 et
3089 4885 3345 4955 captivos
3380 4900 3483 4942 nos
3514 4886 3734 4943 ducens
3770 4888 3838 4944 in

2127 4971 2253 5042 lege
2295 4972 2533 5040 peccati,
2580 4985 2711 5041 quae
2775 4979 2859 5027 est
2906 4971 2963 5026 in
3014 4972 3285 5028 membris
3333 4973 3545 5029 nostris
3588 4974 3834 5047 (Ibid.);

2128 5060 2339 5116 idcirco
2377 5059 2532 5129 juste
2578 5060 2997 5124 erubescimus,
3040 5060 3181 5130 quia
3228 5060 3491 5130 velimus,
3548 5063 3833 5134 nolimus,

2126 5149 2374 5219 turpiter
2421 5148 2545 5204 haec
2600 5148 2743 5219 erigi
2793 5163 2867 5205 ex
2910 5149 3172 5205 desiderii
3231 5150 3492 5220 passione
3537 5152 3829 5210 videmus.

2124 5236 2298 5294 Verbi
2329 5237 2535 5308 gratia,
2570 5237 2718 5293 habe
2745 5251 2979 5294 servum
3012 5238 3154 5294 alias
3200 5238 3417 5306 utilem,
3459 5240 3558 5295 sed
3602 5251 3828 5311 proter-

2125 5340 2289 5396 vum,
2335 5339 2533 5381 coram
2576 5326 2869 5383 extraneis
2919 5326 2969 5383 ei
3019 5328 3316 5398 quidpiam
3364 5327 3672 5400 imperare,
3723 5341 3832 5390 aut
