3934 6086
121 258 226 309 497

907 257 1154 314 TRACT.
1200 258 1289 313 DE
1326 258 1845 317 INCARNATIONE
1883 261 2169 318 CONTRA
2202 264 2509 321 JUDJEOS.
2555 294 2614 305 —
2636 264 2764 320 LIB.
2804 266 2847 319 Ι.

3525 271 3630 323 498

116 401 443 443 sermonem
496 401 629 442 cum
666 401 732 443 eo
784 386 1021 443 miscere
1069 388 1385 455 dissimulo,
1435 397 1491 445 et
1539 397 1823 460 quantum
1864 392 2080 453 Abulo,
2133 398 2185 447 et
2234 395 2475 463 puellam
2528 395 2887 450 vendiderunt
2934 410 3042 465 pro
3090 399 3234 463 vino,
3287 402 3351 451 ut
3391 397 3631 452 biberent

116 489 353 544 possum
408 483 666 546 contego,
723 476 865 546 quia
912 477 959 531 si
1025 477 1271 546 superbe
1332 491 1389 533 se
1434 477 1623 549 erigit,
1688 493 1824 534 con-

114 570 402 633 temptum
468 578 659 620 meum
716 572 935 634 reputo.
988 566 1125 620 .lure
1177 580 1314 636 ergo
1366 573 1422 622 et
1476 568 1711 633 virtute,
1768 575 1824 624 et

114 653 375 707 vestibus
406 666 509 707 rex
542 660 857 708 contumax
888 653 1162 722 operitur,
1206 654 1347 723 quia
1391 656 1463 709 ad
1508 655 1821 725 plurimam

114 748 172 795 et
208 740 405 795 carnis
432 749 488 796 et
524 740 763 809 spiritus
794 740 1201 796 contumeliam
1235 742 1568 799 suscitatur.
1612 743 1718 799 Sed
1748 744 1822 800 ad

117 843 239 884 rem
269 829 596 884 redeamus.

783 951 1014 1008 CAPUT
1053 951 1151 1009 VI.

185 1096 264 1148 In
307 1098 458 1149 statu
516 1096 837 1148 innocentia
888 1093 1068 1163 pudor
1108 1094 1312 1148 nullus.
1362 1096 1552 1149 Utrum
1588 1110 1820 1162 genera-

110 1193 256 1247 tiom'
320 1191 678 1245 intendissent
740 1194 912 1260 primi
964 1197 1232 1260 parentes,
1292 1195 1343 1245 si
1397 1195 1457 1245 in
1513 1193 1820 1248 obedientia

104 1281 504 1347 perstitissent.
544 1309 613 1317 —
658 1278 837 1333 Adam
885 1276 1062 1348 igitur
1096 1285 1151 1332 et
1185 1278 1328 1345 Eva,
1377 1284 1510 1333 ante
1549 1280 1821 1348 praevari-

106 1366 422 1434 cationem,
484 1366 572 1421 his
613 1372 889 1421 vacantes
936 1366 1206 1428 motibus,
1254 1360 1579 1422 beatissime
1626 1367 1817 1438 impu-

105 1455 317 1511 dentes
365 1455 620 1511 fuerunt.
666 1454 768 1511 Cui
798 1454 881 1510 rei
910 1454 1267 1510 simillimum
1297 1462 1383 1510 est
1428 1456 1584 1526 quod
1629 1455 1814 1512 infan-

106 1544 267 1598 tulos
294 1551 350 1599 et
381 1543 642 1613 impubes
670 1543 1014 1613 plerumque
1047 1557 1255 1613 pueros
1284 1544 1669 1612 conspicimus
1692 1545 1815 1601 sine

1933 481 2071 553 (Joel
2093 496 2174 549 ιιι,
2209 483 2283 552 3).
2318 483 2419 538 Dic
2445 482 2586 537 mihi
2614 483 2767 553 quod
2790 483 2994 539 vinum
3023 492 3107 540 est
3136 486 3469 556 germinans
3508 486 3627 542 vir-

1932 570 2094 641 gines
2124 570 2311 642 (Zach.
2340 586 2418 638 ιχ,
2455 573 2559 640 17),
2594 586 2726 627 cum
2751 572 2971 627 soleant
3002 572 3185 629 facere
3216 574 3627 643 pudicitiarum

1930 668 2133 716 caetera
2189 660 2329 716 vina
2382 660 2715 731 jacturam?
2767 660 2891 716 Scio
2946 661 3087 730 quia
3142 663 3361 732 nescis;
3414 671 3468 718 et
3522 677 3628 733 ego

1930 749 2122 805 adhuc
2153 749 2415 815 inferam,
2448 749 2588 820 quia
2620 748 2763 804 illud
2804 750 2961 804 idem
2991 758 3075 805 est
3109 748 3330 819 vinum,
3377 753 3534 822 quod
3568 752 3626 807 in

1928 834 2074 889 libro
2138 835 2409 891 Iudicum
2474 836 2653 890 Deum
2694 835 2981 890 lzetiﬁcare
3032 843 3087 890 et
3121 835 3378 891 homines
3415 836 3628 893 dicitur

1927 924 2076 993 (Iud.
2128 938 2207 990 1x,
2269 923 2376 994 13).
2434 923 2525 978 An
2571 924 2749 979 Deum
2800 923 3114 993 aliquando
3164 924 3370 980 bibisse
3427 932 3619 994 putas,

1927 1025 2061 1066 cum
2083 1011 2256 1080 juxta
2284 1011 2531 1066 litteram
2561 1025 2733 1067 sensu
2750 1010 3020 1067 deﬁcias?
3037 1013 3336 1081 Exponam
3359 1019 3459 1068 tua
3485 1013 3620 1078 tibi;

1926 1099 2157 1155 interim
2186 1098 2234 1154 si
2254 1099 2364 1167 vis,
2398 1099 2576 1170 garri.

2000 1188 2148 1253 Quid
2176 1190 2364 1242 vinum
2395 1188 2675 1257 laetiﬁcum
2695 1190 2860 1242 Deum
2880 1192 2930 1242 et
2952 1189 3210 1255 homines,
3229 1205 3291 1242 ac
3310 1190 3622 1257 geminans

1926 1278 2183 1343 virgines.
2210 1306 2279 1315 —
2312 1276 2529 1332 Vinum
2560 1276 2713 1345 quod
2746 1275 2995 1331 laetiﬁcat
3037 1276 3222 1331 Deum
3253 1283 3307 1331 et
3337 1276 3618 1337 homines,

1926 1362 2174 1433 Spiritus
2223 1371 2458 1419 sanctus
2501 1371 2584 1419 est
2633 1364 2736 1434 qui
2783 1363 3009 1419 Patrem
3056 1364 3382 1434 Filiumque
3427 1378 3621 1420 amore

1923 1451 2246 1523 conjungit.
2289 1453 2523 1522 Deoque
2560 1452 2863 1523 subjungit
2905 1453 3182 1508 homines.
3225 1452 3373 1519 Quid
3425 1460 3620 1508 autem

1923 1552 2087 1595 amor
2117 1539 2227 1595 nisi
2258 1541 2533 1610 gaudium
2557 1540 2584 1593 ?
2617 1548 2672 1596 et
2698 1541 2851 1610 quod
2872 1540 3152 1611 gaudium
3176 1540 3286 1596 nisi
3308 1540 3367 1595 in
3388 1540 3619 1596 amore?

101 1632 465 1687 verecundia
529 1632 716 1687 nudos
798 1632 1074 1698 incedere,
1153 1631 1274 1701 qui,
1345 1632 1392 1686 si
1460 1632 1814 1687 titillationes
1853 1668 1894 1723 Β
1924 1627 2032 1683 hoc
2062 1628 2283 1695 vinum,
2318 1629 2363 1683 is
2383 1629 2593 1684 scilicet
2613 1629 2931 1697 spiritualis
2955 1630 3163 1696 fervor,
3190 1629 3472 1700 germinat
3494 1628 3620 1685 vir—

101 1719 344 1790 aliquas
384 1726 734 1789 paterentur,
781 1728 882 1775 aut
921 1719 1132 1788 seipsos
1181 1719 1385 1790 utique
1432 1727 1534 1776 aut
1570 1733 1664 1776 eos
1711 1719 1815 1790 qui

99 1815 343 1877 possent
398 1821 701 1863 occurrere
741 1817 1099 1864 vererentur.
1149 1808 1357 1863 Beatus
1406 1822 1545 1880 ergo
1593 1808 1814 1878 primus

101 1897 439 1967 primorum
486 1896 789 1951 hominum
826 1904 1030 1952 status.
1084 1897 1242 1953 Felix
1276 1896 1448 1953 etiam
1486 1898 1815 1968 ignorantia

102 1985 516 2055 parvulorum,
549 1986 689 2055 quia
712 1986 851 2041 dum
885 1985 1359 2055 impassibilitatis
1390 1986 1678 2042 mcenibus
1702 1986 1812 2042 cir-

102 2073 449 2140 cumdatur,
471 2073 731 2145 angelica
756 2074 1062 2129 securitate
1085 2074 1330 2129 laetatur.

179 2160 293 2216 Sed
362 2162 743 2231 quaerendum
799 2170 902 2229 est,
970 2163 1015 2217 si
1062 2162 1377 2217 obediendo
1430 2161 1812 2230 persisterent,

104 2256 319 2304 utrum
361 2249 477 2305 duo
515 2249 617 2305 soli
659 2250 992 2319 paradisum
1034 2250 1367 2317 incolerent,
1420 2264 1493 2303 an
1525 2250 1594 2305 de
1625 2257 1815 2319 poste—

103 2336 304 2403 ritate,
375 2337 488 2392 imo
550 2338 619 2393 de
670 2337 826 2407 prole
865 2345 1150 2394 curarent.
1209 2337 1508 2393 Posteritas
1565 2350 1817 2406 namque

107 2425 223 2481 dici
264 2440 382 2480 non
420 2433 621 2495 potest,
663 2426 762 2482 ubi
799 2427 1060 2482 decessor
1104 2441 1220 2481 non
1258 2435 1375 2495 est;
1414 2426 1511 2482 sed
1544 2425 1653 2481 nisi
1693 2439 1819 2495 pro-

108 2521 404 2579 crearent,
452 2527 762 2570 numerum
817 2529 933 2570 non
992 2515 1277 2584 facerent;
1336 2514 1443 2570 nisi
1505 2527 1816 2569 numerum

110 2603 391 2669 facerent,
425 2603 496 2657 ad
522 2603 578 2658 id
606 2617 709 2673 pro
738 2618 853 2674 quo
880 2603 1011 2659 facti
1044 2603 1290 2670 fuerant,
1323 2617 1437 2658 non
1467 2602 1814 2658 sufﬁcerent.

111 2691 510 2747 Tractandum
549 2691 731 2762 igitur
766 2700 848 2748 est
877 2707 1051 2762 quem
1096 2693 1330 2748 modum
1369 2691 1679 2757 generandi
1715 2693 1816 2748 ha-

116 2780 341 2847 berent,
387 2795 518 2835 cum
561 2781 706 2836 alter
735 2781 964 2852 agendi,
1007 2782 1187 2836 altera
1226 2781 1477 2851 patiendi
1518 2780 1683 2836 nulla
1716 2794 1819 2835 un-

115 2879 302 2935 quam
328 2865 619 2921 incentiva
648 2866 941 2922 sentirent.
975 2866 1189 2922 Peccati
1223 2866 1561 2922 immunitas
1591 2867 1819 2922 utrobi-

1926 1716 2106 1787 gines,
2142 1715 2283 1786 quia
2312 1730 2617 1786 nunquam
2646 1717 2753 1773 nisi
2784 1731 2888 1787 per
2918 1717 3157 1774 cmlestis
3196 1717 3487 1772 ﬂammam
3520 1717 3617 1773 de-

1921 1804 2115 1861 siderii
2146 1805 2400 1876 mitigari
2440 1812 2709 1875 poterunt
2756 1806 2948 1861 carnis
2991 1806 3244 1862 ardores.
3279 1804 3335 1861 Si
3373 1806 3479 1861 hoc
3517 1805 3617 1861 Dei

1922 1892 2159 1955 bonum,
2195 1894 2300 1950 hoc
2328 1894 2637 1963 pulchrum
2660 1894 2787 1965 ejus
2814 1901 2917 1961 est,
2946 1902 3010 1951 ut
3048 1894 3193 1950 nihil
3225 1908 3399 1964 penes
3432 1894 3616 1950 Deum

1920 1982 2126 2037 melius
2161 1981 2580 2052 pulchriusque
2627 1990 2879 2052 putetur.
2927 1983 3062 2048 Quis
3110 1990 3195 2039 est
3250 1984 3351 2054 qui
3385 1984 3617 2040 horrere

1922 2071 2133 2127 audeat
2162 2070 2404 2141 virginis
2436 2071 2708 2126 uterum?
2737 2072 2870 2141 quis
2902 2071 3200 2143 virginalis
3244 2079 3444 2142 partus
3468 2085 3614 2127 cau-

1923 2166 2082 2216 setur
2105 2160 2443 2230 egressum?
2468 2158 2525 2215 Si
2569 2159 2710 2215 velis
2748 2160 2857 2216 hoc
2894 2160 2967 2215 ob
3010 2160 3307 2216 naturales
3343 2159 3611 2216 detestari

1926 2255 2163 2315 meatus,
2218 2261 2272 2315 o,
2334 2247 2560 2317 quoties
2606 2247 2961 2303 hiremarum
3008 2249 3273 2304 carnium
3325 2249 3624 2318 pridianas

1924 2336 2193 2406 crapulas
2244 2349 2342 2391 ore
2390 2335 2759 2391 fetentissimo
2800 2337 3115 2394 vomuisti?
3159 2336 3391 2403 Quoties
3446 2344 3622 2393 tetros

1923 2425 2191 2490 vomices,
2248 2431 2303 2479 et
2349 2424 2716 2480 horribiliora
2755 2424 3043 2496 ﬂegmata,
3091 2439 3269 2497 quam
3316 2425 3389 2481 sit
3431 2425 3624 2495 liquor

1926 2511 2040 2579 ille,
2083 2511 2311 2580 jecisti?
2356 2510 2559 2567 Sensui
2607 2518 2708 2567 tuo
2746 2513 3079 2582 respondeo.
3134 2514 3207 2568 At
3257 2513 3369 2569 Deo
3417 2512 3622 2568 talium

1925 2600 2143 2657 auctori
2170 2599 2315 2655 nihil
2348 2600 2626 2657 dedecens
2658 2608 2864 2670 praeter
2893 2609 3127 2671 peccata
3152 2601 3288 2658 scio.

2000 2688 2158 2754 Quod
2215 2690 2354 2742 Deus
2403 2688 2613 2741 nullam
2650 2691 2709 2743 in
2764 2694 2916 2744 utero
2970 2692 3212 2757 Virginis
3265 2690 3441 2745 tabem
3490 2704 3623 2745 con-

1927 2779 2184 2831 traxerit.
2212 2807 2283 2816 —
2304 2775 2493 2831 Habes
2525 2789 2663 2846 ergo
2696 2776 2754 2831 in
2785 2777 2984 2847 primis
3013 2778 3352 2847 parentibus
3376 2778 3620 2834 formam

1928 2864 2356 2935 impassibiliter
2367 2865 2885 2936 generandi,quam
2902 2866 3033 2936 quis
3050 2865 3540 2938 [r.,quamvis]qui
3553 2867 3625 2923 ad

114 2968 233 3023 que
268 2954 618 3009 constiterat.
654 2955 953 3011 Peccatum
981 2963 1173 3011 autem
1203 2955 1669 3024 concupiscentia
1712 2962 1816 3011 est.
1858 2960 1900 3015 C
1925 2953 2191 3010 effectum
2229 2954 2439 3009 ducere
2488 2960 2729 3022 poterat,
2774 2954 2821 3010 si
2862 2963 3343 3024 perseverassent,
3384 2955 3446 3011 in
3493 2970 3624 3025 pro-

112 3043 279 3108 Quod
323 3043 370 3097 si
414 3043 540 3097 sine
578 3044 1061 3112 concupiscentia,
1114 3058 1244 3099 cum
1281 3050 1335 3099 et
1375 3050 1580 3099 caetera
1625 3044 1820 3099 omnia

112 3130 274 3185 mala
318 3137 613 3199 vacarent,
659 3131 857 3199 miror,
911 3133 1006 3187 sed
1056 3131 1293 3187 deﬁnire
1341 3145 1454 3186 non
1514 3132 1720 3197 audeo,
1771 3131 1819 3186 si

112 3234 233 3274 non
263 3226 321 3275 et
341 3220 650 3289 utriusque
678 3220 983 3291 virginitas
1010 3220 1294 3275 indemnis
1316 3220 1476 3276 foret.
1502 3220 1821 3291 Virginitas

111 3308 269 3363 enim
300 3307 516 3363 bonum
548 3315 668 3363 est:
701 3309 1089 3379 virginitatem
1113 3309 1295 3379 igitur
1314 3309 1571 3378 deperire
1601 3309 1816 3364 malum

114 3404 288 3452 esset.
335 3397 472 3452 .lesu
524 3396 704 3452 bone!
751 3397 879 3453 licet
916 3397 1138 3468 majora
1182 3410 1279 3466 per
1322 3403 1374 3452 te
1410 3396 1813 3463 meruerimus,

112 3483 259 3554 quid
284 3483 606 3552 munditiae,
638 3484 777 3554 quid
809 3483 1245 3554 tranquillitatis
1275 3482 1330 3537 in
1365 3485 1553 3553 primo
1583 3491 1818 3554 parente

114 3572 518 3642 perdidimus?

192 3662 515 3731 Voluptates
582 3663 926 3729 virginitatis
990 3662 1245 3729 ingerunt
1304 3664 1681 3730 contemptum.
1746 3689 1816 3698 —

106 3751 387 3806 Jactitant
455 3749 651 3819 itaque
714 3749 957 3805 sordidis
1039 3750 1281 3806 rictibus
1346 3751 1535 3806 hostes
1601 3747 1816 3804 deiﬁcae

110 3836 436 3892 nativitatis
463 3838 638 3891 verba
684 3837 963 3905 putentia.
1014 3838 1230 3904 Dicam,
1274 3845 1329 3894 et
1367 3844 1627 3893 astruam
1665 3841 1815 3890 certe

112 3925 387 3995 digniora
436 3922 613 3980 fuisse
667 3925 763 3979 illa
806 3925 1083 3993 membra,
1128 3940 1259 3995 quae
1301 3925 1394 3980 illo
1435 3933 1574 3980 tunc
1622 3925 1815 3994 partui

110 4012 517 4079 deservissent,
574 4022 752 4083 quam
795 4014 910 4069 sint
963 4027 1066 4069 ora
1115 4013 1509 4083 spurcissima,
1566 4028 1697 4084 quae
1755 4028 1815 4070 se

110 4101 476 4173 quotidianis
505 4101 808 4157 fraudibus
834 4108 889 4157 et
917 4101 1171 4157 luxuriis
1198 4102 1488 4169 imbuant,
1511 4110 1566 4157 et
1584 4102 1815 4158 viviﬁca

111 4195 477 4246 sacramenta
522 4188 799 4245 derident.
854 4188 1019 4256 Quid,
1070 4204 1286 4260 quaeso,
1319 4190 1575 4259 displicet
1617 4190 1676 4245 in
1725 4189 1814 4246 his

113 4277 410 4343 membris,
444 4278 552 4333 nisi
584 4278 746 4333 foedae
788 4278 1103 4347 voluptatis
1139 4277 1431 4347 expletio?
1474 4279 1650 4335 Aufer
1692 4278 1813 4335 libi-

110 4367 269 4422 dinis
297 4366 704 4436 suspicionem,
756 4382 870 4422 non
897 4367 1007 4423 erit
1047 4368 1202 4436 quod
1242 4367 1496 4430 horreas,
1526 4368 1622 4423 sed
1656 4368 1812 4438 quod

113 4454 427 4512 venereris.
464 4455 577 4511 Vos
606 4455 705 4524 qui
740 4454 1125 4524 turpitudines
1153 4456 1377 4522 amatis,
1398 4456 1552 4526 juste
1571 4456 1812 4512 damna-

112 4543 341 4611 bimini,
373 4543 474 4613 qui
503 4557 573 4599 ea
604 4544 727 4613 ipsa
757 4558 888 4614 quae
921 4558 1021 4599 vos
1053 4552 1247 4614 turpes
1268 4544 1526 4601 efﬁciunt
1556 4545 1814 4601 membra

109 4632 422 4688 damnatis.
453 4632 606 4688 Deus
630 4632 1010 4703 omnipotens,
1045 4632 1184 4703 quid
1211 4633 1451 4704 gratius,
1479 4633 1619 4703 quid
1649 4634 1813 4690 bona:

110 4720 292 4777 menti
342 4721 585 4777 suavius
631 4735 752 4777 esse
790 4728 969 4789 potest
1013 4735 1190 4792 quam
1238 4735 1377 4777 vera
1420 4722 1722 4793 virginitas
1757 4729 1813 4778 et

108 4810 369 4865 illibatus
418 4810 687 4865 animus?
739 4810 854 4866 Nos
910 4811 1285 4867 audieramus
1343 4825 1416 4866 ex
1482 4811 1621 4867 Osee
1672 4810 1813 4881 quia

103 4901 297 4953 vinum
357 4903 409 4952 et
453 4899 685 4953 ebrietas
745 4901 929 4965 aufert
983 4899 1106 4972 [al.,
1176 4899 1459 4969 auferunt]
1509 4916 1600 4955 cor
1664 4899 1814 4970 (Osee

104 5004 181 5055 tv,
239 4987 352 5057 11).
400 4987 471 5042 Et
512 4988 633 5043 Joel
675 4988 746 5043 de
778 4987 892 5044 tuis
932 4987 1193 5058 loquitur
1226 5002 1239 5041 :
1280 4994 1483 5058 stupra
1536 4985 1811 5058 potationi

103 5075 547 5133 communicans
579 5090 591 5130 :
627 5076 884 5143 Puerum,
918 5076 1128 5146 inquit,
1160 5081 1456 5145 posuerunt
1496 5078 1558 5130 in
1602 5078 1811 5146 prosti-

1930 3048 2054 3113 prta
2086 3050 2267 3098 matre
2315 3041 2652 3110 resculpsit;
2684 3041 2811 3109 licet
2842 3051 3035 3099 autem
3065 3044 3330 3100 sufﬁcere
3366 3043 3626 3100 debuerit

1927 3133 2105 3188 Deum
2134 3130 2409 3187 humanis
2439 3129 2599 3185 nullo
2638 3131 2808 3187 modo
2853 3133 3059 3203 attingi
3104 3133 3389 3199 sordibus,
3432 3133 3623 3201 accipe

1929 3221 2137 3276 adhuc.
2182 3219 2389 3284 Solem,
2438 3226 2501 3275 ut
2536 3218 2775 3287 aestimo,
2827 3222 3011 3278 credis
3050 3229 3264 3277 natura
3312 3221 3622 3277 mundissi-

1929 3324 2106 3365 mum.
2153 3311 2415 3377 Quotidie
2460 3313 2617 3368 vides
2673 3325 2774 3380 per
2823 3309 3084 3381 publicos
3125 3308 3620 3378 sterquiliniorum

1924 3412 2163 3469 aggeres
2210 3399 2400 3455 radios
2454 3400 2581 3470 ejus
2624 3400 2911 3470 progredi,
2969 3397 3168 3468 putida
3215 3397 3505 3467 quaelibet,
3554 3412 3623 3454 ac

1925 3486 2144 3541 visibus
2192 3488 2325 3556 ipsis
2378 3489 2618 3560 indigna
2673 3488 2938 3552 lustrare,
2995 3494 3165 3556 putas
3201 3499 3275 3542 ex
3327 3485 3437 3545 his.
3488 3500 3621 3556 quae

1925 3576 2302 3643 praetervolat,
2355 3576 2615 3647 aliquam
2666 3589 2800 3633 eum
2852 3575 2961 3631 sibi
3015 3574 3199 3630 labem
3257 3575 3614 3636 contrahere.

1925 3662 2166 3720 insaniae
2221 3673 2383 3721 esset.
2443 3666 2755 3734 Amplius:
2811 3664 2853 3720 si
2903 3664 3088 3719 oleum
3139 3670 3241 3719 aut
3295 3662 3619 3718 balsamum

1923 3764 2093 3823 aquae
2124 3753 2365 3823 injicias,
2412 3761 2687 3811 neutrum
2730 3767 2899 3824 aquae
2937 3752 3331 3818 confunditur,
3380 3752 3476 3807 sed
3518 3765 3619 3820 per

1923 3855 1983 3897 se
2056 3841 2236 3911 ipsam
2294 3843 2475 3898 solida
2535 3851 2785 3913 utraque
2849 3848 3063 3897 natura
3120 3840 3397 3896 subsistit.
3459 3840 3617 3896 Habe

1924 3929 2131 3989 iterum
2158 3946 2178 3985 .:
2226 3932 2383 3988 Mens
2432 3946 2558 3988 mea
2598 3932 2938 4002 recogitans,
2980 3937 3033 3986 ct
3080 3943 3171 3985 res
3216 3943 3365 3999 quas
3406 3929 3618 3985 viderit

1922 4018 2144 4088 uspiam
2195 4021 2398 4076 crebra
2444 4020 2855 4091 imaginatione
2886 4026 3221 4084 retractans,
3248 4031 3383 4073 cum
3423 4018 3618 4074 memi-

1921 4108 2071 4163 nerit
2108 4106 2311 4177 leprosi
2356 4109 2608 4166 cruentis
2653 4108 2942 4165 ulceribus
2994 4106 3338 4173 extuberati,
3390 4113 3490 4163 aut
3542 4120 3616 4162 ex

1921 4196 2199 4253 cadavere
2253 4197 2440 4254 lacero
2484 4197 2925 4253 scaturientium
2977 4193 3248 4251 examina
3303 4193 3613 4260 vermium,

1920 4299 2023 4340 seu
2078 4285 2410 4340 recordetur
2458 4285 2669 4355 passim
2706 4285 3022 4355 jacentium
3061 4291 3411 4352 stercorum;
3449 4281 3613 4352 quid,

1922 4386 2138 4442 quaeso,
2192 4374 2434 4431 maculae
2480 4374 2846 4430 rotabundus
2892 4388 2992 4443 per
3051 4373 3171 4428 haec
3224 4372 3456 4427 animus
3506 4370 3615 4426 sibi

1921 4462 2090 4531 rapit,
2122 4461 2234 4517 nisi
2266 4469 2553 4532 quantum
2595 4463 2643 4518 si
2690 4462 3081 4531 pulcherrima
3119 4460 3461 4516 feminarum
3510 4473 3615 4515 seu

1922 4550 2171 4606 marium
2220 4564 2461 4620 corpora
2516 4550 2760 4620 simplici
2818 4550 3173 4607 revolutione
3229 4554 3609 4618 percurreret,

1920 4644 2023 4693 aut
2051 4637 2332 4707 splendidi
2360 4638 2546 4707 operis
2592 4637 2824 4693 metalla
2865 4637 3173 4705 reviseret;
3216 4635 3356 4689 atris
3398 4647 3612 4689 aurum

1921 4724 2125 4781 claude
2155 4725 2483 4792 ruderibus,
2523 4724 2651 4781 licet
2691 4723 2877 4793 putris
2906 4732 3055 4780 terra
3081 4722 3383 4787 sordescat,
3419 4728 3610 4776 tamen

1920 4814 2050 4870 auri
2085 4813 2320 4870 minime
2345 4813 2570 4884 matura
2599 4812 2841 4869 deﬁciet.
2887 4812 3065 4878 Disce,
3103 4810 3295 4874 miser,
3334 4810 3402 4865 de
3433 4817 3612 4864 mate-

1920 4901 2163 4958 rialibus
2193 4902 2442 4971 qualiter
2467 4900 2794 4971 spiritualia
2814 4899 3088 4963 metiaris,
3115 4906 3170 4953 et
3198 4912 3330 4954 cum
3358 4898 3418 4952 in
3441 4897 3613 4953 rebus

1919 4990 2132 5047 habeas
2158 4990 2425 5060 exempla
2453 4990 2712 5057 terrenis,
2746 4988 3035 5060 perpende
3061 4987 3203 5059 quid
3235 4986 3422 5043 valeat
3454 4985 3609 5041 Divi-

1918 5080 2071 5136 nitas
2101 5080 2161 5134 in
2189 5080 2439 5136 aeternis.
