3934 6086
345 267 452 321 499

1250 259 1312 312 ν.
1353 255 1680 313 GUIBERT!
1721 257 2012 311 ABBATIS
2049 257 2105 312 S.
2150 253 2389 308 MARUE
2425 252 2519 306 DE
2558 249 2944 307 NOVIGENTO

3757 249 3862 299 500

1570 494 1914 579 LIBER
1973 490 2596 578 SECUNDUS.

1003 657 1206 722 DEUS
1255 655 1513 721 OMNIA
1561 654 1899 720 HOMINIS
1939 653 2218 718 UTBUM
2271 651 2760 717 SUSCEPEBIT
2810 649 2920 714 AN
2969 648 3184 714 NON?

913 911 1144 967 CAPUT
1187 909 1486 966 PRIMUM.

417 1009 567 1058 265
597 1002 856 1069 Membra,
902 1017 1022 1055 cum
1050 1000 1200 1054 abest
1236 1003 1531 1067 peccatum,
1571 1002 1760 1050 sancta
1784 1001 1930 1050 sunt.
1983 1027 2038 1036 -—

346 1093 519 1147 Porro
543 1092 638 1145 Dei
664 1091 842 1145 Filius
866 1090 918 1143 in
940 1103 1169 1144 carnem
1190 1087 1442 1151 veniens,
1464 1085 1509 1140 si
1534 1086 1916 1153 competentia
1933 1097 2032 1138 cor

347 1181 469 1251 pori
493 1181 748 1235 membra
780 1178 998 1243 habuit,
1026 1176 1416 1231 membrorum
1449 1174 1784 1242 compositio
1806 1188 1920 1227 non
1944 1187 2042 1226 no-

348 1271 484 1325 cuit.
521 1271 874 1336 Frustraque
907 1281 1020 1321 non
1040 1265 1250 1335 pudeat
1284 1265 1437 1334 quod
1466 1263 1647 1331 ipsum
1665 1277 1776 1317 non
1811 1261 2036 1331 puduit.

348 1359 420 1414 Et
451 1357 590 1427 quid
620 1371 754 1412 eum
785 1355 1046 1424 puderet,
1079 1353 1175 1409 ubi
1205 1353 1344 1407 nihil
1380 1366 1491 1405 non
1524 1359 1786 1406 sanctum
1812 1351 1955 1405 fuit!
1986 1349 2041 1405 Si

349 1445 637 1517 quidquid
675 1453 778 1510 est,
833 1447 1045 1500 bonum
1095 1450 1198 1507 est,
1258 1441 1362 1496 nisi
1419 1440 1516 1496 ubi
1578 1447 1873 1508 peccatum
1936 1449 2041 1506 est,

350 1535 609 1592 membra
639 1549 770 1604 quae
795 1547 896 1602 per
936 1547 993 1587 se
1043 1532 1191 1586 bona
1223 1537 1378 1593 sunt,
1413 1542 1540 1583 cum
1589 1536 1885 1597 peccatum
1927 1543 2041 1583 non

349 1631 452 1690 est,
485 1630 683 1677 sancta
712 1629 868 1677 sunt.
904 1620 1153 1676 Membra
1196 1625 1392 1672 nostra
1432 1616 1808 1672 imbecillitati
1832 1626 2043 1672 nostra).

349 1710 1003 1775 suntadministratoria,
1023 1716 1213 1764 etcum
1233 1720 1420 1773 aures,
1437 1719 1538 1760 ora
1557 1705 1644 1760 vel
1668 1719 1836 1760 nares
1851 1719 2047 1776 super-

348 1801 484 1855 ﬂuis
513 1801 766 1868 capitum
798 1797 1097 1868 egerendis
1120 1795 1460 1861 inserviunt,
1495 1802 1700 1848 czetera
1729 1794 1868 1862 quid
1910 1796 2044 1849 mali

350 1887 742 1957 faciunt,quae
774 1885 1425 1941 inferiusintestinorum
1453 1882 1674 1950 pondus
1705 1883 2046 1951 exponunt?

420 1977 672 2031 Hominis
723 1978 859 2029 Deus
902 1976 1084 2028 omnia
1121 1975 1373 2038 suscepit.
1411 2001 1476 2009 —
1529 1971 1842 2040 Interroga,
1893 1972 2045 2040 puti-

347 2060 578 2115 dissime
637 2067 691 2114 et
737 2072 1006 2127 nequam,
1061 2057 1129 2110 de
1173 2054 1412 2109 Domino
1458 2060 1668 2114 nostro.
1715 2054 1759 2107 si
1806 2055 2044 2122 spuerit,

347 2148 395 2203 si
447 2162 614 2203 nares
639 2146 980 2208 emunxerit,
1017 2145 1062 2199 si
1096 2143 1329 2214 pituitas
1358 2141 1659 2195 oculorum
1696 2141 1781 2195 vel
1814 2144 2047 2198 aurium

346 2237 541 2307 digitis
585 2236 860 2302 hauserit,
891 2242 946 2289 et
1000 2233 1249 2301 intellige
1281 2230 1417 2300 quia
1450 2243 1568 2298 qua
1617 2229 1911 2286 honestate
1942 2246 2046 2287 su-

349 2326 572 2394 periora
620 2325 741 2380 hinc
787 2323 1000 2388 fecerit,
1040 2331 1094 2377 et
1154 2320 1402 2386 residua,
1463 2317 1764 2386 peregerit.
1810 2320 1925 2375 Aut
1957 2321 2050 2376 dic

345 2413 508 2480 mihi,
557 2413 648 2468 ille
682 2422 834 2479 tuus,
877 2411 978 2481 qui
1011 2411 1258 2466 Abrahze
1303 2404 1572 2476 apparuit
1605 2406 1774 2473 Deus,
1803 2422 1872 2463 ea
1917 2425 2048 2480 quae

345 2502 589 2558 comedit
639 2503 697 2556 in
746 2515 918 2570 quem
959 2499 1138 2554 alium
1172 2499 1263 2567 [[1,
1296 2495 1519 2568 alvum]
1561 2498 1864 2566 deposuit?
1895 2515 2046 2570 quo-

347 2591 514 2646 modo
563 2589 754 2655 etiam,
809 2595 910 2643 aut
967 2589 1013 2642 si
1059 2586 1274 2642 factum
1329 2595 1431 2654 est,
1488 2589 1640 2658 quod
1689 2603 2046 2659 consequens

346 2677 492 2732 fuit?
543 2677 927 2733 Contremisco
957 2676 1095 2731 dum
1127 2675 1196 2730 de
1227 2676 1314 2730 his
1344 2677 1604 2746 disputo;
1639 2679 1733 2732 sed
1769 2692 1888 2743 vos,
1944 2678 2043 2733 lilii

346 2765 575 2832 diaboli,
612 2779 702 2820 me
731 2763 948 2835 cogitis.
990 2765 1139 2818 Deus
1185 2778 1218 2818 a
1261 2764 1421 2820 vobis
1461 2766 1676 2835 exigat,
1715 2767 1817 2836 qui
1863 2766 2040 2834 novit,

349 2867 464 2922 quo
495 2852 704 2908 aﬁ‘ectu
738 2853 788 2907 id
823 2867 952 2922 ago.
996 2854 1248 2907 Breviter
1273 2853 1509 2922 accipite
1537 2855 1716 2910 Deum
1749 2856 2046 2910 humiliter

346 2941 540 2996 omnia
571 2941 817 2996 hominis
858 2941 1191 3010 suscepisse,
1238 2949 1292 2996 et
1335 2941 1476 2997 nihil
1521 2944 1767 2999 hominis
1797 2946 2043 3000 veritum

348 3039 557 3100 prieter
607 3037 838 3099 peccata
892 3027 1089 3085 fuisse.
1143 3028 1199 3084 Si
1243 3029 1428 3084 velitis
1473 3045 1544 3086 ex
1594 3032 1812 3088 ratione
1861 3033 2040 3102 perci-

348 3133 499 3188 pere,
548 3127 835 3188 poterunt,
896 3127 960 3174 ut
1005 3133 1152 3184 reor,
1203 3118 1363 3173 vobis
1412 3119 1714 3175 ratiocinia
1764 3122 2043 3190 [superius

349 3207 547 3262 habita
578 3207 716 3262 satis
745 3221 890 3274 esse;
933 3207 978 3262 si
1013 3207 1176 3262 vobis
1228 3207 1383 3276 quod
1423 3208 1685 3276 patribus
1723 3210 1957 3278 vestris;
1994 3211 2039 3265 si

350 3311 470 3352 vos.
506 3295 926 3366 inquiam,non
949 3295 1304 3350 credideritis
1335 3309 1448 3349 non
1482 3295 1824 3368 intelligetis.

1022 3383 1252 3440 CAPUT
1292 3383 1363 3437 li.

2082 911 2127 960 Α
2151 914 2205 962 et
2240 921 2440 978 parere
2467 905 2872 975 comperimus.
2908 905 3002 960 Dei
3043 905 3223 961 Filius
3273 918 3377 973 per
3416 910 3689 958 sanctum
3733 901 3860 971 Spi-

2149 998 2323 1051 ritum
2356 995 2572 1063 concipi
2606 1008 2720 1048 non
2753 993 2956 1062 potuit,
2989 993 3061 1048 ob
3093 993 3198 1048 hoc
3230 992 3415 1047 solum
3455 991 3595 1061 quia
3634 991 3860 1045 invidia

2151 1095 2336 1141 vestra
2369 1083 2594 1140 noluit?
2625 1083 2883 1152 Apiculte
2903 1097 2975 1138 ex
3003 1083 3420 1152 opusculorum
3455 1081 3675 1136 semine
3711 1081 3860 1136 fetus

2150 1183 2365 1239 creant,
2411 1186 2543 1227 cum
2580 1172 2830 1226 minores
2874 1171 3149 1226 musculae
3197 1171 3414 1225 crebris
3460 1169 3569 1225 sibi
3620 1169 3857 1225 irruant

2149 1264 2412 1319 coitibus.
2447 1263 2617 1331 Ergo,
2664 1261 2816 1315 Deus
2855 1261 3020 1316 Pater
3059 1259 3221 1327 Filio,
3276 1267 3328 1314 et
3370 1259 3550 1314 Filius
3595 1259 3711 1314 sibi
3751 1258 3856 1313 fuit

2148 1350 2426 1419 impotens
2460 1363 2662 1418 parare
2687 1357 3046 1418 conceptum,
3083 1349 3184 1418 qui
3214 1354 3293 1403 tot
3318 1349 3488 1402 etiam
3536 1346 3852 1402 minuscu-

2150 1439 2221 1494 lis
2253 1439 2423 1493 rebus
2470 1437 2591 1493 sine
2621 1451 2726 1493 suo
2757 1437 3001 1506 praabuit
3041 1437 3255 1492 semine
3303 1435 3638 1506 propaginis
3672 1436 3854 1491 incre-

2153 1528 2452 1583 mentum?

2224 1618 2368 1671 Deus
2419 1619 2475 1670 in
2526 1624 2676 1670 utero
2731 1616 2984 1683 Virginis
3023 1618 3360 1684 preparavit
3413 1629 3610 1668 semen.
3665 1613 3858 1669 Judaei

2155 1713 2277 1760 tunc
2317 1709 2570 1774 temporis
2618 1706 2685 1759 ab
2738 1706 2955 1759 Christi
2996 1707 3185 1758 comis
3231 1705 3564 1772 discrepant.
3619 1733 3690 1744 —
3751 1704 3857 1760 Sed

2154 1795 2384 1850 dicitis:
2430 1795 2580 1850 Deus
2626 1794 2858 1865 quidem
2902 1793 2958 1848 id
2997 1793 3124 1854 sibi,
3167 1801 3222 1848 et
3261 1793 3496 1848 cuilibet
3535 1792 3728 1847 facere
3770 1807 3860 1861 po-

2155 1891 2315 1947 terat,
2353 1884 2449 1939 sed
2487 1884 2551 1950 is,
2586 1884 2679 1940 cui
2723 1891 2903 1938 mater
2939 1881 3060 1937 sine
3090 1883 3266 1937 maris
3295 1882 3510 1936 semine
3539 1895 3639 1950 per
3670 1881 3858 1951 Spiri-

2155 1980 2299 2038 tum,
2351 1979 2414 2027 ut
2462 1971 2731 2037 asseritis,
2765 1971 3127 2026 fecundanda
3169 1978 3311 2037 erat,
3366 1985 3470 2025 nec
3519 1970 3697 2035 Deus,
3757 1985 3858 2024 nec

2158 2062 2253 2116 Dei
2296 2060 2448 2115 ﬁlius
2485 2069 2638 2129 erat;
2673 2060 2797 2115 ideo
2823 2074 2928 2115 nec
2966 2060 3118 2114 Deus
3160 2060 3212 2114 ei
3257 2059 3404 2124 fecit,
3441 2073 3543 2113 nec
3590 2059 3715 2128 ipse
3748 2058 3857 2112 sibi

2159 2157 2378 2218 poterat
2405 2149 2608 2204 facere.
2649 2148 2983 2204 Mentimini.
3028 2147 3207 2202 Dicite
3253 2147 3426 2202 mihi:
3475 2147 3652 2200 Isaias
3697 2155 3852 2215 post-

2157 2252 2334 2310 quam
2369 2237 2625 2308 gentium
2660 2237 2958 2306 populum,
2987 2236 3088 2305 qui
3128 2236 3454 2291 ambularat
3487 2235 3541 2289 in
3578 2236 3850 2301 tenebris,

2155 2327 2339 2383 lucem
2380 2328 2587 2382 vidisse
2629 2341 2920 2395 magnam,
2973 2334 3029 2381 et
3069 2325 3464 2380 habitantibus
3509 2324 3565 2378 in
3619 2325 3854 2395 regione

2157 2417 2377 2471 umbrae
2427 2415 2621 2470 mortis
2681 2415 2864 2469 lucem
2921 2414 3067 2470 dixit
3125 2424 3386 2468 eximiam
3446 2415 3580 2482 (lsa.
3639 2428 3721 2480 ix,
3779 2415 3850 2480 2),

2154 2506 2285 2574 quis
2318 2511 2400 2559 est
2444 2494 2535 2558 ille
2575 2505 2863 2572 parvulus,
2911 2503 3033 2572 qui,
3087 2502 3297 2572 inquit,
3348 2506 3508 2554 natus
3553 2506 3635 2555 est
3673 2502 3851 2566 nobis,

2151 2599 2201 2648 et
2229 2595 2374 2660 ﬁlius
2405 2592 2568 2645 datus
2597 2597 2683 2645 est.
2710 2592 2862 2646 nobis
2901 2592 3089 2657 (lbid.,
3124 2593 3202 2657 6),
3233 2591 3301 2644 de
3333 2605 3447 2659 quo
3481 2598 3603 2658 post
3647 2589 3856 2660 aliqua

2153 2681 2447 2751 loquitur?
2495 2680 2622 2734 Scio
2667 2695 2770 2735 vos
2811 2680 3084 2746 dicturos,
3135 2680 3285 2734 sicut
3332 2688 3386 2733 et
3440 2677 3670 2733 dixistis
3710 2679 3852 2732 dum

2153 2769 2499 2839 quibusdam
2549 2776 2804 2824 vestrum
2845 2782 3020 2836 super
3069 2769 3174 2823 hoc
3215 2767 3385 2822 verbo
3426 2766 3805 2836 i-onﬂigerem
3841 2781 3852 2819 :

2150 2856 2257 2923 Qui
2310 2857 2482 2924 lilius,
2537 2857 2642 2928 qui
2691 2865 2862 2912 natus
2907 2857 3137 2922 dicitur,
3187 2857 3356 2910 homo
3403 2864 3508 2910 est.
3563 2856 3629 2910 Et
3687 2855 3854 2910 vobis

2151 2946 2320 3001 intuli
2375 2961 2506 3002 cum
2565 2947 2685 3002 haec
2741 2946 2812 3001 de
2860 2946 3066 3001 Messia
3117 2945 3211 3015 agi
3268 2945 3548 2999 diceretis.
3596 2945 3848 3010 Messias,

2146 3035 2462 3090 secundum
2497 3043 2744 3090 vestram
2769 3034 3116 3103 opinionem,
3153 3047 3336 3102 purus
3375 3033 3546 3087 homo
3585 3032 3714 3087 erit.
3763 3033 3849 3087 An

2153 3123 2302 3178 Deus
2341 3131 2395 3178 et
2435 3124 2644 3178 homo?
2674 3123 2841 3188 absit,
2887 3123 3064 3186 aistis,
3100 3129 3163 3176 ut
3201 3121 3251 3176 ei
3290 3122 3388 3190 qui
3434 3121 3607 3174 homo
3635 3121 3730 3186 sit,
3764 3123 3848 3174 di-

2149 3211 2360 3266 vinitas
2390 3212 2742 3267 ascribatur!
2791 3213 2966 3266 Homo
2997 3211 3104 3266 erit
3153 3210 3427 3278 prudens,
3469 3218 3720 3277 tempore
3747 3207 3850 3263 ali-

2149 3315 2266 3369 quo
2297 3308 2664 3369 regnaturus,
2704 3299 2872 3355 tinem
2902 3299 3262 3368 postmodum
3300 3299 3462 3368 regni
3493 3306 3548 3353 et
3592 3298 3848 3366 corporis

2147 3389 2474 3444 habiturus.
2501 3388 2642 3444 Ecce
2675 3396 2897 3459 quanta
2925 3387 3261 3456 desipientia
3288 3395 3390 3447 est.
3418 3387 3528 3441 imo
3561 3387 3849 3442 hebetudo

417 3475 670 3528 Rationes
700 3472 960 3541 quomodo
993 3475 1158 3540 Virgo
1197 3475 1424 3540 peperit.
1455 3501 1527 3514 —
1562 3476 1632 3528 At
1664 3488 1797 3530 vero
1827 3482 2036 3531 tracta-
2077 3497 2118 3552 ρ
2150 3477 2209 3532 in
2250 3476 2538 3532 modernis
2569 3477 2801 3542 Iudaeis,
2846 3476 2917 3531 ad
2957 3490 3160 3531 eorum
3205 3475 3712 3544 comparationem,
3747 3475 3850 3544 qui

347 3571 516 3618 turus
544 3561 686 3618 illud
735 3563 888 3632 quod
936 3569 1109 3618 restat
1151 3562 1220 3617 de
1254 3563 1429 3617 beatae
1473 3562 1664 3617 Mariae
1709 3564 2040 3635 virginitate

345 3650 686 3720 capitulum,
731 3651 886 3720 quod
928 3651 1140 3706 dicitur
1178 3657 1378 3705 contra
1420 3659 1689 3706 naturam
1740 3653 1902 3724 virgo
1932 3668 2036 3723 pa-

347 3752 470 3794 rere
498 3738 847 3808 nequivisse,
885 3738 1039 3808 juste
1082 3738 1320 3792 insanus
1345 3736 1588 3806 judicer,
1615 3739 1863 3808 quicum
1886 3741 2038 3797 insa-

348 3827 438 3882 nis
477 3828 808 3882 ratiocinari
853 3828 933 3881 sic
975 3827 1190 3882 videar.
1241 3827 1400 3882 Ratio
1441 3837 1628 3885 tamen
1669 3843 1735 3884 ea
1781 3831 1922 3886 mihi
1957 3839 2041 3886 est

349 3915 481 3970 utsi
515 3929 548 3969 a
579 3915 940 3970 dementibus
979 3915 1184 3982 ridear,
1229 3919 1426 3973 saltem
1473 3919 1544 3972 ab
1578 3918 1666 3972 his
1715 3918 1815 3988 qui
1849 3919 2041 3972 minus

349 4017 437 4057 me
466 4004 718 4072 sapiunt,
751 4011 805 4058 et
837 4019 983 4073 quos
1013 4006 1301 4062 addiscere
1333 4009 1484 4074 libet,
1522 4008 1649 4062 ﬁdei
1692 4007 2038 4062 intellectum

347 4089 557 4145 habere
605 4091 1024 4162 aliquantisper
1064 4094 1346 4150 inveniar.
1397 4098 1545 4165 Ipsa,
1595 4110 1725 4164 quae
1762 4109 1891 4150 vere
1941 4096 2038 4150 Dei

347 4179 527 4235 Mater
571 4187 672 4244 est,
724 4189 924 4235 contra
972 4196 1106 4236 suos
1137 4184 1301 4238 nobis
1333 4185 1521 4240 hostes
1567 4184 1819 4253 praebere
1846 4184 2040 4240 virtu—

347 4275 460 4322 tem
504 4277 700 4336 potest.
753 4269 898 4334 Quid
947 4270 1014 4326 de
1066 4279 1276 4328 natura
1326 4273 1628 4342 disputas?
1683 4273 1771 4326 An
1827 4279 2040 4324 natura

347 4356 457 4412 fuit
486 4357 640 4426 quod
669 4358 846 4412 Adam
897 4359 963 4414 de
1015 4359 1149 4416 limo
1191 4362 1378 4417 subito
1424 4362 1741 4430 plasmatus
1773 4359 2039 4414 emersit?

345 4453 558 4500 natura
587 4446 712 4513 fuit,
750 4447 889 4516 quia
910 4455 1050 4503 tunc
1082 4449 1247 4504 homo
1277 4450 1346 4505 de
1377 4450 1552 4505 humo
1582 4448 1862 4519 originem
1888 4463 2041 4504 sum-

346 4534 498 4604 psit?
542 4535 764 4591 Natura
801 4550 916 4591 non
959 4535 1090 4604 fuit,
1134 4547 1420 4607 quantum
1461 4539 1531 4594 ad
1577 4547 1800 4594 naturae
1845 4552 2037 4602 usum,

345 4637 460 4692 quo
487 4637 560 4678 ex
593 4623 822 4679 homine
854 4625 1023 4680 homo
1050 4626 1322 4694 procedit.
1361 4626 1566 4682 Credes
1596 4641 1732 4696 ergo
1764 4626 2039 4681 creationi

345 4725 524 4780 quam
547 4725 666 4766 non
689 4711 903 4778 vidisti,
928 4720 982 4768 et
1013 4713 1182 4782 cujus
1213 4713 1360 4768 inter
1389 4713 1645 4769 homines
1676 4713 1773 4769 tibi
1806 4714 2040 4769 minime

2151 3565 2374 3620 Domini
2425 3565 2558 3619 Jesu
2590 3563 3047 3632 contemporanei
3101 3563 3356 3618 fuerunt.
3405 3562 3492 3617 Illi
3537 3562 3840 3618 dicebant.

2147 3657 2255 3711 Nos
2285 3653 2595 3708 audivimus
2634 3669 2700 3705 ea:
2736 3653 2866 3719 lege,
2909 3654 3042 3720 quia
3080 3651 3326 3707 Christus
3376 3655 3556 3703 manet
3595 3653 3651 3704 in
3688 3658 3848 3704 aiter-

2146 3758 2277 3795 num
2336 3743 2504 3812 (Joan.
2561 3755 2663 3806 xu,
2721 3741 2848 3809 34);
2907 3741 2962 3795 hi
3015 3741 3066 3794 ei
3127 3748 3304 3794 metas
3362 3739 3558 3793 mortis
3624 3739 3848 3794 consci-

2148 3838 2335 3886 scunt.
2379 3829 2685 3897 Attendite,
2739 3829 3001 3899 inquam,
3050 3828 3320 3892 infelices,
3358 3842 3535 3897 quam
3589 3828 3847 3884 absurde

2149 3917 2384 3973 sentitis.

2220 4005 2641 4076 Prosequimini
2677 4019 2808 4076 quze
2847 4012 3191 4074 sequuntur.
3240 4007 3310 4058 Et
3355 4005 3537 4069 factus
3585 4010 3680 4065 est.
3739 4006 3844 4070 ait,

2147 4097 2492 4163 principatus
2541 4109 2702 4163 super
2743 4095 3020 4148 humerum
3059 4095 3192 4163 ejus,
3235 4098 3284 4146 et
3332 4093 3612 4146 vocabitur
3653 4109 3847 4146 nomen

2148 4184 2264 4252 ejus
2322 4183 2707 4248 Admirabilis,
2753 4184 3131 4243 Consiliarius,
3189 4183 3353 4246 Deus,
3415 4185 3614 4248 Fortis,
3679 4183 3849 4236 Pater

2147 4273 2329 4338 futuri
2369 4273 2566 4336 saeculi,
2604 4273 2859 4342 Princeps
2900 4275 3055 4340 pacis
3095 4271 3224 4338 (lsa.
3269 4285 3348 4336 tx,
3399 4273 3476 4337 6).
3521 4269 3626 4336 Qui
3669 4285 3848 4340 supe-

2148 4361 2271 4416 rius
2311 4368 2366 4416 et
2409 4367 2598 4427 natus,
2653 4367 2707 4416 et
2769 4360 2941 4424 ﬁlius,
2991 4369 3045 4416 et
3094 4360 3258 4414 nobis
3312 4359 3484 4414 datus
3537 4359 3846 4426 asseritur,

2149 4462 2307 4502 nunc
2337 4449 2509 4516 Deus,
2537 4462 2695 4502 nunc
2743 4448 2908 4502 Pater
2938 4447 3114 4503 futuri
3157 4446 3354 4503 saeculi
3394 4446 3742 4516 appellatur.
3777 4448 3849 4501 Et

2152 4551 2221 4591 ne
2251 4536 2429 4591 deitas
2461 4536 2602 4606 ipsa,
2627 4543 2690 4592 ut
2729 4536 3059 4605 aliquorum
3099 4535 3488 4605 perfunctoria
3516 4543 3843 4604 putaretur,

2150 4625 2236 4693 (ut
2276 4631 2360 4678 est
2415 4623 2598 4679 illud:
2643 4625 2882 4692 Applicu
2931 4625 3086 4676 illum
3137 4623 3246 4676 diis
3295 4622 3502 4692 (Exod.
3551 4636 3690 4689 xxu,
3752 4624 3849 4689 8);

2149 4711 2239 4766 vel
2293 4725 2305 4765 :
2360 4713 2630 4768 Constitui
2683 4717 2730 4765 te
2786 4715 2952 4766 Deum
3012 4712 3320 4766 Pharaonis
3377 4711 3574 4781 (Exod.
3630 4725 3728 4777 vu,
3801 4714 3845 4776 1)

343 4800 609 4868 exempla
641 4800 992 4869 praebentur.
1027 4800 1231 4856 Credes
1253 4801 1418 4870 plane
1446 4817 1556 4858 non
1578 4810 1689 4858 tam
1717 4802 1829 4858 Deo
1858 4817 2035 4872 quam
2073 4797 2118 4850 D
2149 4799 2384 4855 additur
2414 4801 2764 4870 perpetuitas
2805 4800 3113 4869 potestatis,
3158 4800 3312 4869 quod
3352 4808 3456 4860 est,
3503 4798 3690 4862 Pater,
3737 4800 3849 4854 sci—

345 4887 521 4958 Moysi
568 4897 683 4943 tuo.
735 4891 961 4944 Costam
1009 4889 1182 4944 etiam
1236 4891 1290 4944 in
1345 4891 1643 4946 mulierem
1675 4891 2034 4955 aediﬁcatam,

345 4991 460 5032 non
499 4977 779 5032 diiﬁteris.
829 4980 898 5034 Et
940 4979 1048 5034 hoc
1083 4979 1152 5033 de
1185 4987 1392 5035 natura
1424 4995 1538 5035 non
1575 4980 1702 5035 fuit.
1751 4983 1870 5049 Age
1899 4995 2036 5050 ergo

346 5065 626 5132 poterisne
680 5065 909 5121 credere
964 5065 1284 5136 quidquam
1338 5069 1494 5122 nasci
1553 5067 1660 5122 nisi
1691 5063 2034 5136 congruenti

347 5151 502 5208 illato
525 5154 756 5209 semine.
790 5152 950 5210 Certe
985 5161 1166 5210 cattas
1198 5169 1269 5210 ex
1308 5165 1508 5225 nepeta
1530 5155 1666 5223 (23),
1706 5163 1760 5210 et
1791 5155 2040 5224 capellas

345 5239 452 5308 (24)
481 5254 554 5295 ex
581 5255 853 5309 vervena,
879 5249 934 5298 et
965 5242 1228 5298 vultures
1272 5243 1494 5314 absque
1533 5243 1690 5298 coitu
1736 5241 2037 5312 concipere

417 5421 530 5494 (23)
558 5422 668 5478 Seu
698 5425 941 5492 nepetha
972 5424 1148 5480 herba
1169 5425 1528 5481 calaminthze
1560 5414 1774 5494 genus;

2147 4887 2278 4942 licet
2326 4903 2441 4943 non
2495 4889 2796 4954 Dominus,
2851 4891 3034 4954 futuri
3080 4890 3266 4942 saeculi
3317 4888 3449 4958 (Isa.
3509 4901 3592 4951 1x,
3653 4887 3726 4956 6).
3763 4888 3848 4942 lbi

2147 4975 2316 5045 plane
2345 4976 2643 5045 sapientia,
2691 4991 2824 5047 quze
2867 4977 3032 5032 modo
3070 4977 3300 5047 attingit
3340 4992 3376 5030 a
3403 4976 3514 5030 ﬁne
3545 4990 3731 5046 usque
3774 4977 3850 5032 ad

2147 5064 2320 5119 ﬁnem
2365 5065 2604 5127 fortiter,
2649 5065 2909 5133 disponet
2947 5064 3144 5120 omnia
3198 5066 3458 5121 suaviter
3513 5065 3668 5132 (Sap.
3726 5079 3847 5128 vui,

2150 5151 2220 5220 t).
2254 5152 2513 5222 Denique
2549 5155 2672 5222 post
2712 5151 2936 5221 imperii
2977 5151 3534 5221 multiplicationem,
3585 5158 3709 5220 post
3752 5165 3851 5220 pa-

2143 5239 2225 5294 cis
2267 5239 2699 5309 perennitatem,
2745 5247 2866 5308 post
2903 5238 3028 5294 solii
3077 5239 3258 5293 David
3287 5238 3343 5292 in
3367 5237 3608 5308 judicio,
3649 5245 3703 5294 et
3748 5237 3847 5308 ju-

415 5491 527 5562 (9.4)
557 5494 668 5549 Seu
696 5491 947 5551 vancllos
979 5510 1114 5552 aves
1143 5510 1155 5549 :
1189 5497 1283 5552 sed
1316 5496 1407 5551 hic
1424 5509 1526 5566 pro
1548 5491 1853 5566 quadrupe
1878 5495 2218 5552 desumitur.
