3934 6086
174 219 270 269 501

942 219 1189 275 ΤΒΑΟΤ.
1230 219 1319 274 DE
1357 220 1881 279 INCABNATIONE
1917 221 2198 281 CONTRA
2234 223 2632 280 womos.—
2657 226 2784 280 LlB.
2830 181 2927 281 11.-

3569 232 3671 284 502

169 353 343 409 stitia
372 353 885 420 conﬁrmationem,
919 362 1069 410 τω
1112 370 1348 412 rursum
1395 356 1521 427 ejus
1570 357 1861 414 indefecti-
1901 357 1951 414 A
1978 358 2165 415 habet.
2237 360 2343 417 Sed
2402 362 2518 433 hoc
2558 362 2968 419 diverticulum
3027 364 3451 433 permittamus,
3516 367 3673 423 unde

171 441 371 497 bilitas
397 443 742 512 pradicatur
772 459 785 498 :
820 446 1048 509 Amodo,
1085 446 1291 515 inquit,
1322 451 1372 499 et
1402 462 1570 515 usque
1595 450 1653 501 in
1682 450 1877 516 sempi-

176 535 388 585 ternum
416 532 553 602 (Isa.
586 546 662 611 ut,
693 533 774 602 '7.)
808 533 1092 589 Poteritne
1140 535 1243 590 iste
1283 535 1414 591 talis
1460 536 1568 591 sibi
1618 536 1874 592 loculum

177 619 234 673 in
262 627 427 674 utero
468 634 811 690 praparare,
840 622 1027 690 et.qui
1059 623 1391 679 dominatur
1417 623 1612 680 futuro
1641 624 1870 690 saeculo,

176 722 290 763 non
322 709 537 764 valebit
566 709 674 765 sibi
709 710 961 780 prabere
994 712 1278 767 tantillum
1318 713 1377 767 in
1414 713 1517 769 isto
1538 714 1565 768 ?
1591 718 1773 783 Cogor
1801 714 1875 769 ad

176 796 559 864 pervicaciam
615 806 860 853 vestram
914 800 1402 868 comprimendam
1454 801 1522 855 de
1583 800 1875 856 vilissimis

174 884 311 938 dare
341 885 518 940 rebus
544 886 825 955 exempla.
857 887 1116 942 Tradunt
1154 888 1371 958 physici
1409 896 1463 944 et
1497 889 1874 959 historiogra-

174 974 428 1042 phorum
477 974 687 1029 veritas
730 975 787 1029 in
837 977 1088 1045 quadam
1140 978 1433 1045 provincia
1479 991 1659 1047 equas
1702 986 1873 1034 vento

171 1062 491 1130 concipere.
558 1065 707 1133 Ergo
758 1072 956 1119 sancto
1007 1064 1243 1134 Spiritui
1282 1073 1495 1122 natura
1544 1067 1869 1136 pravaluit,

170 1150 285 1205 imo
314 1151 415 1206 Dei
451 1153 600 1208 vires
628 1152 880 1209 locorum
908 1160 963 1208 et
994 1153 1217 1210 aerium
1242 1155 1545 1226 privilegia
1572 1164 1873 1212 transcen-

167 1238 404 1295 derunt.

840 1313 1072 1370 CAPUT
1112 1313 1204 1368 Ill.

753 1404 886 1457 Item
915 1402 1058 1455 unde
1086 1418 1276 1472 supra.

237 1506 443 1559 Probat
471 1523 539 1559 ea:
585 1509 762 1562 Veteri
812 1510 1142 1563 Testamento
1185 1511 1489 1577 virgineum
1537 1514 1865 1579 conceptum.

162 1622 234 1634 —
262 1594 501 1664 Negatis
529 1595 720 1651 adhuc
741 1596 1037 1666 Virginem
1056 1599 1084 1650 ?
1108 1599 1399 1665 agnoscite
1425 1599 1678 1668 ejusdem
1711 1598 1867 1654 Isaia

165 1683 465 1751 propheta
491 1682 630 1738 illud
663 1700 676 1738 :
709 1686 841 1739 Ecce
880 1687 1037 1752 virgo
1067 1688 1345 1754 concipiet,
1380 1693 1435 1741 et
1463 1691 1645 1755 pariet
1664 1688 1867 1756 ﬁlium,

159 1778 212 1827 et
247 1774 516 1827 vocabitis
550 1789 739 1828 nomen
785 1776 902 1842 ejus
949 1777 1270 1829 Emmanuel
1314 1778 1445 1844 (Isa.
1499 1782 1552 1843 7,
1608 1779 1711 1845 14).
1764 1777 1869 1832 Sed

159 1875 266 1917 vos
295 1861 507 1929 dicitis,
541 1862 680 1931 quia
710 1864 912 1929 halma,
946 1878 1154 1919 nomen
1197 1865 1557 1932 Hebraicum,
1591 1866 1740 1934 apud
1771 1880 1870 1920 vos

159 1964 279 2005 non
305 1950 610 2020 virginem,
636 1952 732 2007 sed
755 1952 1237 2008 adolescentulam
1260 1954 1638 2023 significet;et
1657 1954 1871 2010 adoles-

156 2037 398 2094 centula
432 2039 599 2108 plane
631 2048 809 2110 potest
836 2055 958 2097 esse
993 2056 1107 2096 non
1135 2042 1316 2111 virgo.
1365 2043 1437 2097 At
1482 2042 1868 2110 Hieronymus

157 2130 253 2197 (In
286 2130 423 2194 Isa.,
456 2129 552 2183 lib.
588 2144 666 2195 III,
699 2143 823 2199 cap.
857 2130 912 2198 7,
946 2138 1069 2200 post
1099 2130 1294 2200 med),
1328 2145 1500 2200 quem
1541 2144 1642 2185 vos
1684 2130 1867 2185 scien-

154 2216 448 2272 tissimum
510 2219 701 2273 testari
761 2220 1135 2275 consuevistis
1192 2220 1577 2288 interpretem,
1640 2227 1696 2275 et
1748 2234 1866 2289 quo

154 2315 421 2360 vestrum
502 2306 738 2375 quidam
796 2321 1019 2362 mecum
1076 2308 1501 2377 disceptaturus
1552 2309 1861 2377 perhibuit,

153 2393 324 2463 quod
369 2394 425 2449 in
472 2395 831 2466 confligendo
879 2397 1212 2452 nullatenus
1259 2397 1586 2452 exorbitare
1630 2398 1698 2453 de
1738 2397 1866 2467 ejus

159 2482 648 2539 translationibus
676 2485 862 2551 vellet,
894 2500 1026 2541 nom
1067 2486 1234 2540 modo
1271 2484 1572 2554 prafatum
1618 2486 1863 2541 verbum

151 2571 448 2641 virginem
496 2587 719 2640 sonare,
762 2575 911 2643 quod
954 2575 1188 2628 betulam
1234 2574 1441 2641 dicitis,
1487 2576 1719 2642 asserit;
1766 2575 1863 2630 sed

155 2660 321 2715 illam
384 2662 613 2730 proprie
666 2663 951 2733 virginem
1004 2664 1346 2732 exprimere,
1403 2678 1534 2732 qua
1602 2663 1859 2719 virorum

156 2748 563 2817 conspectibus
619 2760 847 2806 maneat
900 2766 1123 2820 semper
1177 2752 1526 2807 abscondita.
1588 2752 1691 2807 Sed
1758 2767 1862 2807 vos

154 2837 373 2892 veteris
423 2838 751 2907 pertinacia
800 2854 1093 2906 memores,
1152 2840 1292 2895 illud
1332 2841 1485 2909 quod
1517 2848 1600 2896 est
1631 2841 1861 2910 amphi-

1981 462 2076 504 eos
2109 449 2180 504 ad
2210 457 2437 520 tempus
2471 450 2877 507 inconveniens
2922 454 3349 521 compellamus.
3397 453 3543 521 Quid
3588 463 3673 512 est

1981 552 2117 609 ergo
2147 541 2301 609 quod
2333 541 2439 596 sub
2469 541 2697 596 duobus
2723 541 2986 597 ﬁdelibus
3035 544 3272 598 testibus
3320 543 3555 599 accessit
3599 544 3672 599 ad

1982 641 2245 695 uxorem,
2281 637 2344 683 ut
2373 628 2581 696 dicitis,
2616 645 2779 685 suam
2801 630 2828 684 ‘I
2881 632 3155 686 Accessus
3205 631 3485 687 Hebraica
3535 647 3670 687 con-

1982 716 2284 771 suetudine
2314 732 2416 786 pro
2444 718 2758 773 concubitu
2809 718 2946 774 solet
2983 719 3135 788 poni,
3183 727 3247 775 ut
3293 728 3378 776 est
3425 720 3483 775 in
3533 721 3671 775 Eze-

1982 804 2161 860 chiele
2194 820 2206 859 :
2245 806 2336 859 Ad
2383 808 2678 873 mulierem,
2738 807 2945 876 inquit,
2992 813 3379 861 menstruatam
3424 823 3530 862 non
3573 824 3671 861 ac—

1980 896 2200 947 cesseris
2235 894 2448 962 (Ezech.
2479 910 2638 961 xvm,
2685 896 2761 956 6).
2812 895 2866 949 Si
2917 896 3094 962 igitur
3136 896 3338 951 dicatis
3376 897 3515 965 quia
3561 897 3669 952 sub

1978 979 2158 1035 oculis
2188 982 2417 1037 testium
2446 982 2698 1038 tidelium
2727 984 3034 1048 Zacharia,
3062 997 3128 1037 ac
3158 984 3308 1040 Uria
3339 984 3516 1039 Isaias
3536 998 3668 1038 cum

1981 1079 2183 1129 uxore,
2220 1067 2272 1122 id
2303 1076 2387 1123 est
2417 1069 2790 1138 prophetissa,
2822 1070 3035 1137 coierit,
3087 1078 3139 1125 et
3185 1071 3279 1125 illa
3326 1071 3666 1140 conceperit,

1978 1163 2033 1210 et
2064 1155 2582 1225 impraesentiarum
2611 1158 2719 1213 sub
2748 1166 3032 1214 momento
3073 1159 3373 1229 pepererit,
3417 1173 3670 1230 quorum

1979 1257 2095 1300 non
2146 1259 2243 1300 ore
2287 1247 2637 1315 conspuendi
2685 1247 2840 1313 estis,
2903 1247 3118 1316 quibus
3164 1262 3279 1303 non
3325 1248 3672 1304 stercoribus

1979 1332 2292 1403 lapidandi,
2327 1336 2425 1405 qui
2459 1334 2593 1391 hinc
2637 1335 2758 1390 viro
2806 1336 3161 1392 sanctissimo
3210 1337 3456 1393 dedecus
3502 1337 3670 1407 igno-

1977 1421 2448 1478 miniosissimum
2507 1425 2793 1494 irrogatis,
2849 1431 2903 1479 et
2950 1432 3264 1493 prapotens
3308 1424 3670 1480 mendacium

1980 1508 2134 1565 illinc
2163 1511 2442 1565 astruitis.

2052 1598 2110 1653 Si
2155 1599 2349 1668 itaque
2395 1608 2545 1655 stare
2594 1614 2710 1654 non
2764 1606 2965 1669 potest,
3019 1600 3399 1657 concedamus
3444 1598 3666 1666 saltem,

1980 1688 2301 1744 secundum
2348 1703 2465 1755 vos,
2514 1696 2577 1745 ut
2625 1689 3049 1745 adolescentula
3092 1689 3431 1759 conciperet,
3487 1702 3670 1758 quare

1979 1791 2096 1831 non
2123 1784 2208 1833 est
2246 1779 2569 1847 appositum
2597 1779 2666 1834 de
2695 1780 2864 1849 cujus
2904 1780 3121 1834 semine
3165 1780 3363 1835 eadem
3415 1777 3468 1832 id
3513 1777 3668 1847 quod

1977 1868 2395 1937 conciperetur,
2445 1869 2746 1938 exciperet.
2792 1868 2951 1934 Quod
2982 1876 3174 1923 tamen
3222 1868 3267 1923 si
3317 1868 3493 1932 fieret,
3536 1881 3669 1935 pro-

1976 1956 2119 2012 fecto
2164 1957 2396 2027 signum
2445 1958 2599 2027 quod
2641 1956 3048 2026 spendebatur,
3108 1957 3340 2028 signum
3382 1957 3502 2028 jam
3554 1969 3668 2010 non

1975 2054 2139 2103 esset.
2186 2048 2339 2117 Ergo
2385 2055 2487 2102 aut
2530 2054 2690 2115 pater
2734 2046 3131 2102 enuntiandus
3182 2054 3285 2112 est,
3335 2053 3436 2102 aut
3479 2044 3666 2115 virgo,

1975 2136 2095 2191 sive
2124 2136 2548 2191 adolescentula
2579 2136 2624 2190 si
2656 2135 2998 2204 conceperit,
3035 2135 3385 2205 peperitque,
3432 2134 3663 2205 signum

1973 2232 2076 2280 est.
2114 2224 2169 2279 Si
2198 2232 2390 2280 autem
2421 2224 2648 2295 signum
2680 2232 2782 2291 est,
2830 2233 3029 2279 contra
3074 2238 3243 2280 usum
3294 2230 3517 2279 natura
3559 2230 3661 2278 est.

1976 2314 2163 2383 Igitur
2191 2314 2466 2384 quoniam
2499 2314 2575 2380 id,
2605 2315 2759 2383 quod
2804 2321 3143 2383 conceptum
3180 2321 3236 2369 et
3282 2320 3510 2381 partum
3555 2320 3663 2381 est,

1971 2412 2216 2459 vocatur
2240 2403 2602 2470 Emmanuel,
2654 2403 2707 2458 id
2753 2411 2837 2458 est
2880 2403 3159 2457 nobiscum
3208 2405 3363 2470 Deus,
3415 2401 3571 2471 quod
3612 2410 3667 2458 et

1974 2507 2078 2563 pro
2134 2493 2298 2563 signo
2344 2492 2595 2563 generali
2637 2491 2833 2547 domui
2894 2492 3097 2558 David,
3147 2491 3203 2547 id
3249 2499 3333 2547 est
3379 2490 3663 2558 Ecclesia,

1973 2589 2206 2651 prastat
2245 2582 2414 2648 Deus,
2461 2580 2760 2651 intelligite
2809 2589 2910 2637 aut
2952 2580 3363 2636 convincimini
3392 2593 3664 2650 nequam,

1972 2671 2132 2740 quia,
2167 2670 2371 2731 velitis,
2406 2670 2616 2735 nolitis,
2654 2671 2879 2739 paravit
2905 2669 3012 2724 sibi
3042 2669 3196 2739 quod
3230 2668 3413 2724 voluit
3459 2667 3519 2722 in
3567 2681 3671 2722 na-

1970 2769 2122 2826 tura,
2150 2760 2324 2815 etiam
2361 2766 2564 2828 prater
2590 2767 2883 2825 naturam,
2919 2758 3037 2827 ipse
3084 2765 3286 2813 auctor
3325 2764 3381 2812 et
3426 2754 3667 2826 disposi-

1971 2857 2063 2905 tor
2087 2855 2313 2904 natura
2345 2848 2514 2903 Deus.
2551 2848 2621 2903 Et
2660 2846 2779 2917 ipse
2801 2847 2899 2917 qui
2930 2846 3227 2916 disposuit,
3260 2845 3377 2915 ipse
3424 2845 3527 2915 qui
3571 2858 3669 2899 na-

159 2926 441 2992 bOlicum.
480 2926 534 2981 id
568 2936 649 2983 εει
679 2928 1074 2998 iuvenilium“,
1105 2928 1375 2984 Γθῖίηθίίεο
1410 2929 1553 2984 Nam
1580 2930 1626 2984 Si
1666 2943 1859 2985 assen-
1899 2948 1939 3002 C
1968 2947 2061 2995 tus
2091 2946 2175 2994 est
2206 2938 2261 2993 in
2291 2952 2358 2993 ea
2387 2944 2439 2993 et
2469 2937 2583 3006 ipse
2613 2951 2738 2992 eam
2772 2936 3053 3001 fundavit,
3081 2950 3194 2990 non
3216 2935 3428 3005 eligere
3456 2934 3663 3004 potuit,

156 3014 435 3082 tiremini,
461 3016 708 3071 multum
726 3031 827 3071 vos
848 3017 1141 3072 videretur
1163 3032 1271 3072 vox
1296 3018 1415 3073 hac
1435 3017 1551 3073 sola
1572 3019 1858 3089 subigere.

234 3103 530 3158 Ponamus
575 3104 769 3174 itaque
818 3104 1297 3160 adolescentulam
1352 3106 1427 3160 ibi
1482 3120 1645 3161 esse:
1695 3106 1863 3161 dicite

155 3190 304 3246 mihi
339 3192 479 3262 quid
512 3199 595 3247 est
623 3193 774 3262 quod
820 3193 1187 3261 pramittitur
1218 3208 1231 3247 :
1268 3197 1398 3248 Ecce
1445 3195 1711 3249 Dominus
1755 3196 1863 3248 da-

155 3281 241 3333 bit
268 3280 434 3334 vobis‘
460 3283 674 3349 signum
706 3281 915 3353 (Ibid.),
963 3297 1094 3337 mox
1142 3283 1436 3352 supposito
1472 3299 1484 3337 :
1535 3286 1667 3338 Ecce
1706 3287 1862 3352 virgo

154 3370 467 3437 concipiet;
523 3369 683 3425 nullo
737 3370 1048 3439 pramisso,
1109 3371 1177 3425 de
1245 3386 1362 3441 quo
1431 3371 1861 3429 adolescentula

149 3459 498 3527 conciperet.
532 3459 595 3514 Et
621 3458 741 3528 jam
770 3459 815 3514 si
848 3459 1009 3531 virgo
1041 3475 1154 3516 non
1188 3469 1332 3516 esset
1362 3476 1494 3529 qua
1518 3463 1857 3542 conciperet,

151 3549 301 3619 quia
351 3562 452 3617 per
498 3563 557 3603 se
611 3550 933 3618 conciperet
988 3549 1218 3620 signum
1274 3558 1435 3605 esset.
1497 3549 1601 3605 Sed
1655 3550 1861 3620 objecit

150 3637 302 3692 mihi
355 3636 591 3707 quidam
641 3651 841 3693 eorum
890 3637 1078 3707 lapide
1121 3640 1381 3702 veterior,
1420 3638 1573 3708 quod
1617 3638 1735 3694 hac
1762 3652 1858 3694 ea-

152 3726 287 3781 dem
328 3725 748 3781 adolescentula
783 3740 932 3781 uxor
958 3727 1244 3795 propheta
1272 3734 1432 3797 erat;
1463 3734 1518 3782 et
1548 3727 1698 3782 hanc
1738 3743 1858 3784 esse

154 3829 339 3885 quam
369 3815 426 3870 in
475 3815 851 3885 sequentibus
896 3816 1060 3885 longe
1110 3822 1534 3871 commemorat.
1585 3816 1854 3883 Adhibui,

156 3904 375 3975 inquit,
406 3906 542 3958 mihi
587 3910 743 3959 testes
786 3906 969 3974 ﬁdeles
1019 3907 1213 3961 U-riam
1260 3904 1606 3971 sacerdotem,
1657 3913 1707 3960 et
1752 3910 1855 3960 Za-

156 3994 406 4047 chariam
436 3991 615 4061 ﬁlium
646 3994 949 4056 Barachia,
985 3996 1035 4045 et
1068 3994 1267 4045 accessi
1314 3992 1387 4045 ad
1431 3993 1852 4061 prophetissam,

158 4097 283 4151 qua
311 4082 572 4149 concepit,
603 4087 654 4134 et
674 4083 885 4150 peperit
923 4082 1096 4149 ﬁlium
1140 4082 1272 4149 (Isa.
1323 4095 1440 4147 VIII,
1488 4081 1539 4148 9,
1593 4083 1667 4150 3).
1720 4082 1854 4136 Pro-

158 4170 442 4240 phetissas
480 4171 537 4224 in
584 4169 795 4224 nostris
843 4168 1238 4225 voluminibus
1282 4170 1391 4225 sub
1439 4170 1624 4239 gratia
1648 4170 1851 4239 reperi,

1972 3028 2083 3083 nisi
2141 3028 2292 3097 quod
2358 3028 2632 3082 mundius
2691 3026 2817 3081 fuit.
2884 3026 3014 3080 Ideo
3069 3032 3288 3080 constat
3342 3023 3483 3093 quia
3550 3036 3666 3078 non

1970 3116 2414 3182 adolescentula,
2447 3131 2560 3169 non
2584 3116 2765 3183 virgo,
2798 3114 2892 3169 sed
2919 3128 3095 3183 supra
3119 3113 3340 3168 solitam
3368 3112 3666 3167 hominum

1967 3207 2277 3276 puritatem
2309 3204 2469 3273 virgo
2500 3204 2869 3273 pudicissima
2899 3202 3024 3257 fuit.
3056 3204 3123 3257 Et
3152 3201 3196 3256 is
3238 3215 3411 3271 quem
3441 3200 3663 3271 genuit,

1971 3296 2029 3350 in
2104 3296 2353 3363 signum,
2414 3301 2477 3348 ut
2540 3293 2817 3362 propheta
2870 3290 3260 3361 prosequitur,
3320 3290 3665 3359 populorum

1968 3383 2120 3438 stetit
2151 3382 2289 3450 (Isa.
2320 3396 2400 3449 XI,
2436 3380 2541 3445 l0),
2575 3380 2715 3449 quia
2744 3380 2964 3448 nullus,
2991 3379 3103 3435 nisi
3138 3380 3241 3450 qui
3281 3379 3352 3434 ad
3405 3392 3539 3435 eum
3584 3392 3667 3433 re-

1967 3471 2173 3541 spexit,
2207 3470 2451 3525 salutcm
2480 3468 2710 3523 meruit.

2039 3559 2217 3615 Dicite
2250 3558 2387 3613 mihi
2422 3557 2523 3626 qui
2554 3555 2831 3612 aliectatis
2874 3555 3202 3625 magisteria
3241 3563 3446 3611 vestra
3499 3555 3664 3625 legis,

1967 3662 2099 3718 qua
2127 3645 2503 3703 consonantia
2527 3652 2610 3700 est
2642 3644 2897 3709 rationis,
2933 3652 2997 3699 ut
3038 3644 3083 3697 is
3132 3657 3276 3713 puer
3318 3643 3666 3698 nutriendus

1965 3735 2241 3804 butyrum
2272 3740 2328 3788 et
2367 3732 2476 3789 mel
2521 3732 2801 3797 comedat,
2854 3739 3145 3801 quatenus
3192 3730 3502 3799 reprobare
3546 3743 3665 3784 ma-

1961 3824 2103 3888 lum,
2137 3831 2193 3878 et
2221 3823 2430 3893 eligere
2462 3822 2676 3876 bonum
2708 3819 2849 3874 sciat
2891 3820 3027 3889 (Isa.
3077 3833 3173 3881 vn,
3225 3817 3329 3886 l5).
3384 3818 3664 3887 Nunquid

1964 3922 2031 3971 ut
2060 3912 2307 3984 singulis
2331 3909 2563 3982 singula
2591 3908 2927 3975 referamus,
2980 3909 3102 3964 ideo
3157 3908 3429 3977 butyrum
3477 3922 3663 3963 come-

1969 4000 2145 4068 ditur,
2182 4005 2244 4055 ut
2272 3998 2448 4055 totius
2478 3995 2851 4066 malignitatis
2888 3996 3083 4051 odium
3133 3996 3562 4065 subsequatur;
3608 4002 3665 4052 et

1970 4089 2031 4143 in
2058 4088 2310 4143 animam
2339 4085 2521 4141 mellis
2546 4099 2679 4140 esus
2707 4085 2790 4139 sic
2818 4092 3089 4146 transeat,
3126 4091 3190 4139 ut
3220 4084 3354 4139 boni
3390 4083 3665 4140 electione

1971 4192 2076 4233 nos
2127 4175 2394 4231 imbuat?
2450 4175 2670 4241 Fateor,
2738 4173 3012 4242 butyrum
3066 4172 3369 4241 hucusque
3422 4172 3660 4239 oderim,

158 4261 245 4316 uti
297 4260 526 4314 Annam
570 4258 744 4313 filiam
796 4257 1106 4313 Phanuelis
1154 4258 1300 4327 (Luc.
1351 4274 1408 4326 ιι,
1458 4260 1564 4325 36),
1611 4266 1665 4313 et
1721 4258 1865 4314 tilias
1902 4247 2202 4335 Dmeique
2259 4263 2452 4318 minus
2497 4260 2842 4327 curaverim,
2891 4275 2924 4315 a
2979 4261 3143 4316 modo
3206 4265 3351 4315 eo!
3415 4268 3664 4329 utraque

158 4345 410 4416 Philippi
462 4344 735 4414 virgines,
799 4358 930 4414 qua
982 4344 1355 4414 prophetissa
1404 4346 1549 4411 (Aet.
1608 4360 1725 4412 XXI,
1777 4348 1853 4413 9),

157 4452 275 4493 non
310 4434 449 4505 quia
482 4434 756 4504 conjuges
782 4435 1087 4503 prophetas
1116 4434 1445 4499 habuerint,
1471 4435 1567 4491 sed
1600 4436 1739 4505 quia
1759 4449 1858 4505 per

157 4540 219 4581 se
265 4523 747 4594 prophetaverint,
799 4522 1183 4592 appellantur.
1233 4523 1376 4579 Nam
1424 4523 1663 4580 Holdam
1711 4524 1859 4580 liber

156 4615 386 4684 Regum
426 4612 535 4667 sub
562 4625 697 4682 rege
726 4610 877 4668 Josia
922 4625 1038 4667 non
1092 4611 1526 4681 prophetissam,
1583 4612 1679 4667 sed
1735 4626 1860 4681 pro-

159 4703 391 4773 phetam
425 4707 588 4756 vocat
621 4699 727 4770 (IV
755 4701 883 4768 Reg.
921 4713 1063 4766 xxn,
1098 4702 1208 4768 l4).
1251 4701 1315 4754 In
1366 4699 1526 4755 libris
1570 4700 1858 4756 veteribus

160 4792 207 4847 si
241 4790 387 4846 alias
420 4789 642 4859 uspiam
675 4787 908 4860 legerim
938 4789 1048 4844 hoc
1076 4787 1424 4844 vocabulum
1472 4788 1679 4845 nescio.
1739 4789 1857 4845 Sel-

164 4878 285 4935 lum
318 4886 510 4933 tamen
564 4877 758 4933 Holda
803 4876 1074 4933 maritum
1123 4891 1239 4932 non
1290 4878 1481 4933 vocari
1523 4878 1859 4948 prophetam

160 4966 279 5023 scio
310 4966 516 5037 (Ibid.).
555 4968 858 5033 Ponamus,
893 4980 1105 5036 quaso,
1141 4965 1348 5022 iterum
1369 4973 1423 5022 et
1444 4966 1593 5022 hanc
1619 4981 1859 5023 uxorem

160 5054 341 5111 fuisse
397 5054 710 5125 propheta,
778 5068 913 5109 cum
980 5063 1131 5110 certo
1191 5053 1405 5109 certius
1458 5055 1652 5122 sciam,
1713 5054 1861 5111 sicut

163 5144 317 5213 apud
351 5158 455 5199 nos
501 5158 691 5215 neque
734 5143 1040 5211 abbatissa,
1084 5158 1273 5214 neque
1316 5143 1656 5210 diaconissa,
1712 5158 1862 5199 uxor

165 5232 410 5299 abbatis,
445 5239 547 5288 aut
598 5232 824 5287 diaconi
868 5240 988 5301 est;
1036 5246 1143 5287 nec
1198 5232 1382 5302 virgo,
1440 5247 1544 5287 nec
1590 5233 1769 5288 vidua
1815 5232 1861 5287 si

167 5322 505 5376 comitatum
542 5328 780 5390 regeret,
813 5320 1116 5377 comitissa
1148 5335 1357 5376 nomen
1406 5321 1725 5387 amitteret;
1782 5321 1863 5375 sic

167 5409 528 5480 prophetissa
582 5424 653 5465 ex
705 5408 823 5465 solo
880 5424 985 5465 suo
1029 5408 1233 5476 officio,
1291 5410 1445 5480 quod
1492 5409 1577 5465 sic
1624 5413 1865 5466 vocatur

1962 4353 2135 4409 avida
2162 4351 2325 4407 fauce
2357 4349 2647 4419 diripiam,
2682 4363 2813 4405 cum
2844 4362 2912 4404 ea
2942 4349 3257 4406 docueritis
3281 4363 3408 4405 eam
3449 4350 3661 4405 habere

1962 4442 2101 4496 vim.
2134 4439 2280 4506 Scio,
2313 4438 2452 4509 quia
2481 4437 2604 4493 loco
2636 4438 2694 4492 in
2736 4438 2862 4505 hoc,
2907 4445 3095 4493 vestro
3144 4451 3301 4493 more
3346 4437 3662 4493 cornicabi-

1965 4529 2126 4586 mini.
2161 4527 2389 4592 Audite,
2420 4526 2525 4582 etsi
2556 4526 2762 4593 aversi,
2796 4525 2951 4596 quod
2984 4540 3183 4581 verum
3234 4533 3336 4581 est.
3375 4526 3659 4593 Butyrum

1963 4632 2035 4674 ex
2066 4630 2240 4673 carne
2268 4624 2371 4683 est,
2405 4615 2515 4671 mel
2548 4629 2621 4671 ex
2650 4629 2777 4670 rore
2805 4613 3014 4670 calcsti
3040 4614 3360 4669 conficitur.
3402 4615 3507 4669 Per
3544 4613 3659 4669 bu-

1966 4714 2160 4776 tyrum
2209 4719 2346 4776 ergo
2394 4703 2725 4760 humanitas
2770 4702 3082 4758 Salvatoris
3123 4700 3422 4770 accipitur,
3487 4702 3658 4772 cujus

1968 4795 2198 4851 lenitate
2253 4801 2617 4864 peccatorum
2678 4798 3008 4847 nostrorum
3056 4790 3330 4859 asperitas
3372 4797 3659 4859 tempera-

1967 4890 2085 4938 tur.
2116 4881 2223 4938 Mel
2253 4879 2528 4936 divinitas
2551 4879 2909 4950 designatur,
2944 4878 3112 4948 cujus
3137 4877 3418 4946 sapientia
3450 4885 3659 4933 nostra

1966 4969 2205 5026 rationis
2273 4968 2651 5037 intelligentia
2713 4965 3068 5022 dulcoratur.
3143 4968 3272 5021 Hac
3328 4965 3658 5022 benedictus

1969 5060 2117 5115 Puer
2148 5057 2240 5114 ille
2263 5056 2524 5123 comedit,
2552 5055 2693 5125 quia
2721 5054 2779 5109 in
2811 5068 2870 5108 se
2899 5068 3016 5109 uno
3050 5061 3356 5123 utramque
3383 5054 3659 5111 substan-

1971 5148 2107 5203 tiam
2160 5145 2256 5202 Dei
2286 5159 2356 5201 ac
2386 5144 2633 5201 hominis
2668 5142 2965 5198 adunavit.
3009 5141 3112 5197 Per
3155 5142 3471 5196 humanam
3520 5154 3658 5211 ergo

1969 5243 2262 5301 naturam,
2297 5247 2414 5303 qua
2442 5232 2724 5288 virtutum
2755 5230 3021 5299 exempla
3054 5229 3320 5299 prabuit,
3363 5231 3550 5302 scivit,
3601 5230 3657 5286 id

1968 5330 2071 5391 est,
2124 5336 2227 5378 nos
2270 5322 2401 5378 fecit
2451 5321 2594 5376 scire
2636 5319 2947 5375 criminum
2995 5318 3302 5387 feditatem,
3340 5327 3394 5375 et
3439 5334 3539 5390 per
3566 5320 3659 5376 di-

1970 5411 2228 5468 vinitatis
2314 5410 2586 5465 haustum
2659 5408 2899 5464 interna
2970 5406 3292 5464 dulcedinis
3374 5408 3662 5464 intimavit
