3928 6070
319 239 420 292 503

1218 244 1288 299 ν.
1351 244 1682 301 GUIBERTI
1739 246 2030 303 ABBATIS
2075 248 2131 302 S.
2191 249 2428 305 MARI/E
2486 253 2575 307 DE
2636 252 3024 312 NOVIGENTO

3709 265 3815 318 504

314 371 674 430 charitatem.
707 373 813 431 Sed
843 376 964 432 hac
995 392 1126 448 quae
1152 377 1294 446 dixi,
1329 380 1469 435 risui
1515 389 1702 438 vestro
1749 383 2011 454 exposita
2044 385 2092 439 Α
2115 387 2408 442 secundum
2438 390 2689 444 auditum
2719 387 2940 446 aurium
2969 398 3162 461 arguet
3191 393 3319 463 (Isa.
3344 410 3418 459 xx,
3455 397 3532 467 3.)
3555 397 3694 464 Quis
3714 413 3819 454 un-

313 468 470 516 sunt.

978 535 1209 594 CAPUT
1247 539 1340 594 IV.

382 639 575 704 Instat,
631 643 681 692 et
707 643 1057 709 prosequitur
1087 645 1252 698 Isaiae
1301 648 1622 701 vaticinium
1672 678 1744 690 —
1811 649 2004 719 Sequi-

311 733 408 782 tur
436 726 583 781 idem
617 729 896 798 propheta
923 739 1044 798 post
1077 733 1327 801 plurima
1360 749 1371 788 :
1405 737 1746 805 Egredietur,
1793 739 2000 808 inquit,

307 816 470 881 virga
498 816 559 869 de
591 817 778 870 radice
800 820 984 883 Iesse;
1017 825 1066 873 et
1095 824 1190 888 ﬂos
1240 823 1306 876 de
1355 824 1541 878 radice
1594 827 1709 893 ejus
1756 828 2006 882 ascendet

309 901 447 972 (Isa.
488 917 566 970 x1,
621 903 690 974 1).
749 904 938 972 Quare
995 908 1206 979 virga?
1263 910 1402 979 quia
1457 920 1630 978 recta,
1690 913 2004 984 singularis

306 997 361 1045 et
410 991 582 1047 unica
635 994 899 1061 puritatis
943 997 1303 1062 omnimodze,
1353 1000 1668 1057 subtilitate
1717 1011 1998 1071 porrecta.

308 1078 485 1134 Dicite
513 1079 674 1146 mihi,
709 1083 807 1151 qui
859 1083 985 1138 licet
1026 1085 1081 1139 in
1122 1087 1384 1156 quinque
1436 1089 1596 1145 libris
1640 1091 1818 1160 Moysi
1867 1091 1998 1146 nul-

305 1167 389 1222 las
446 1169 694 1238 recipere
750 1170 1058 1241 allegorias
1109 1175 1314 1242 velitis,
1377 1178 1736 1247 propheticus
1807 1188 1999 1236 tamen

305 1254 482 1311 libros
543 1259 826 1326 mysteriis
902 1260 1260 1328 plenissimos
1313 1279 1425 1319 non
1478 1269 1743 1337 negatis?
1801 1267 1995 1336 Dicite,

307 1343 568 1413 inquam,
601 1361 732 1414 quae
765 1347 837 1401 sit
868 1347 1081 1418 virga?
1131 1350 1276 1415 Quid
1315 1352 1386 1406 sit
1429 1354 1668 1423 egredi?
1711 1355 1848 1420 Quis
1897 1357 2000 1412 flos

304 1446 420 1486 non
471 1432 540 1486 de
597 1447 776 1502 ramo,
836 1436 933 1491 sed
991 1438 1059 1492 de
1119 1439 1308 1495 radice
1359 1444 1794 1499 conscendens?
1840 1447 2000 1502 Certe

305 1519 460 1576 haud
497 1510 740 1576 dubium
775 1523 917 1593 quin
949 1525 1016 1580 de
1051 1534 1244 1582 nostro
1273 1528 1490 1585 dictum
1523 1532 1717 1587 Messia
1767 1534 1994 1603 putetis.

304 1607 435 1663 Peto
475 1607 673 1678 igitur,
708 1617 768 1665 ut
797 1626 865 1666 ea
894 1628 1014 1682 qua
1044 1616 1314 1684 proposui
1340 1630 1374 1670 a
1406 1619 1565 1674 vobis
1596 1620 1996 1678 distributione

301 1696 547 1752 dicatur.
581 1699 636 1753 Si
685 1699 949 1756 Messiam
991 1702 1177 1758 dicitis
1220 1705 1467 1776 virgam,
1520 1709 1650 1776 quis
1689 1711 1798 1765 erit
1842 1710 1994 1767 ﬂos?

299 1787 602 1854 Attendite,
635 1801 707 1842 an
741 1790 895 1857 quod
923 1790 1122 1846 dixero
1162 1793 1249 1847 vel
1295 1795 1415 1849 veri
1457 1795 1639 1851 simile
1692 1798 1989 1855 habeatur.

301 1873 354 1927 Si
389 1874 565 1946 virgae
600 1876 896 1945 pluraliter
935 1879 1283 1942 dicerentur,
1312 1882 1380 1937 de
1406 1884 1622 1952 quibus
1669 1885 1770 1941 ﬂos
1815 1889 1992 1945 orire-

299 1969 413 2030 tur,
450 1964 784 2035 conjugales
812 1967 1136 2036 significare
1167 1984 1437 2039 personas
1472 1973 1672 2028 merito
1721 1984 1992 2044 putaren-

300 2057 414 2104 tur.
470 2057 536 2107 At
593 2054 870 2121 quoniam
922 2057 1087 2125 virga
1132 2066 1236 2124 est,
1288 2059 1708 2129 simplicitatem
1752 2064 1993 2122 innuere

297 2138 545 2194 videtur.
582 2139 633 2195 Si
666 2150 885 2210 patrem
917 2144 1039 2200 sine
1068 2160 1174 2200 sua
1201 2147 1385 2217 jugali
1429 2149 1736 2221 intelligas,
1779 2154 1993 2209 scimus

297 2227 437 2295 quia
469 2228 641 2295 juxta
684 2238 953 2286 naturam
1007 2248 1108 2302 per
1164 2249 1222 2289 se
1282 2236 1362 2291 nil
1410 2239 1528 2308 agit
1578 2241 1889 2297 masculus.
1937 2243 1990 2312 Si

294 2322 534 2370 matrem
605 2317 726 2373 sine
798 2328 976 2387 patre,
1050 2321 1193 2377 nihil
1267 2325 1586 2381 secundum
1659 2328 1984 2397 opinionem

295 2409 492 2469 tuam;
529 2404 750 2474 aliquid
783 2421 924 2462 vero
952 2416 1037 2464 est
1074 2412 1395 2468 secundum
1436 2428 1641 2483 meam,
1689 2417 1804 2473 imo
1852 2433 1989 2488 pru-

294 2493 596 2560 pheticam.
630 2495 762 2550 Haec
789 2509 1021 2566 egressa
1050 2506 1156 2565 est,
1189 2500 1328 2569 quia
1359 2503 1756 2574 praeeminens,
1786 2515 1840 2562 et
1866 2508 1988 2564 sine

290 2581 555 2650 exemplo
609 2581 670 2636 in
723 2590 838 2639 toto
887 2585 1144 2642 humano
1193 2603 1400 2658 genere
1465 2599 1692 2648 ostensa
1762 2603 1863 2652 est.
1931 2597 1986 2652 Si

291 2668 574 2724 dixisset:
636 2671 982 2740 Egredietur
1041 2676 1226 2746 virga,
1290 2677 1360 2733 de
1405 2679 1576 2750 cujus
1648 2696 1810 2739 ramo
1884 2685 1987 2741 flos

290 2757 573 2822 ascendet,
632 2758 869 2816 forsitan
913 2762 1126 2832 aliquis
1167 2766 1460 2834 maritum,
1501 2773 1557 2824 et
1603 2779 1814 2828 costam
1862 2774 1988 2844 ejus

295 2842 584 2901 lateralem
619 2847 881 2905 videlicet
911 2864 1075 2906 suam
1108 2853 1397 2925 crederet;
1430 2865 1488 2912 at
1517 2873 1629 2914 non
1685 2862 1753 2916 de
1801 2842 1980 2932 ramo,

2034 1680 2318 1756 Bsuorum
2394 1707 2680 1774 interﬁciet
2749 1680 2978 1778 impium
3045 1680 3450 1785 (Isa.’x1,‘4).

2115 489 2292 544 quam
2323 477 2492 532 homo
2516 478 2670 547 juste
2694 478 2936 549 judicat,
2975 481 3084 537 nisi
3115 482 3184 538 de
3216 483 3304 538 his
3332 485 3465 541 solis
3503 494 3637 558 agat
3679 501 3817 557 qua:

2114 563 2274 619 visus
2302 573 2355 620 et
2405 567 2640 622 auditus
2687 569 3010 637 approbat?
3062 572 3132 626 Et
3163 573 3314 628 unde
3354 573 3412 628 in
3458 575 3576 644 lege
3618 584 3818 632 vestra

2118 657 2230 705 tres
2259 660 2361 707 aut
2408 653 2553 708 duos
2601 663 2788 722 testes,
2849 657 2957 712 sub
3018 673 3268 728 quorum
3328 662 3646 718 testimonio
3697 671 3816 719 stat

2112 752 2280 793 omne
2309 740 2574 806 verbum,
2607 756 2725 796 esse
2753 743 3034 808 jubentur
3063 747 3247 814 (Deut.
3281 763 3417 814 xvn,
3459 749 3534 818 6),
3578 750 3688 805 nisi
3740 751 3816 805 de

2115 825 2182 880 iis
2211 841 2341 896 quae
2377 829 2703 886 audiuntur
2749 837 2803 886 et
2851 834 3136 890 Videntur.
3175 835 3275 891 Est
3320 836 3516 906 itaque
3553 852 3760 894 sensus
3797 854 3811 893 :

2113 914 2384 971 Homines
2407 917 2672 986 judicant
2703 919 2771 974 de
2818 920 2906 976 his
2953 936 3084 991 quae
3119 923 3382 980 sensibus
3427 928 3817 996 comprehen--

2110 1001 2354 1069 duntur,
2389 1004 2583 1060 minus
2615 1006 2842 1062 interna
2872 1017 3178 1079 curantes;
3226 1012 3326 1066 iste
3371 1013 3632 1077 interius,
3665 1014 3813 1070 dum

2109 1096 2162 1144 et
2185 1089 2410 1159 judicat
2441 1091 2708 1161 humiles,
2744 1094 2798 1149 id
2830 1103 2913 1150 est
2935 1097 3202 1153 discernit
3244 1099 3401 1168 juste
3450 1101 3652 1156 merita
3680 1103 3813 1156 sin-

2109 1177 2397 1246 gulorum,
2451 1193 2558 1235 sua
2614 1181 2826 1252 cuique
2883 1183 3254 1250 distribuens,
3307 1197 3360 1242 et
3433 1190 3627 1259 arguit
3703 1206 3812 1260 pro

2108 1266 2425 1320 mansuetis
2482 1275 2647 1323 terrre
2702 1270 2758 1324 in
2805 1272 3100 1341 zequitate,
3155 1273 3294 1328 dum
3349 1275 3601 1346 ﬂagellat
3660 1293 3814 1346 quos

2108 1360 2283 1415 amat,
2319 1361 2381 1409 ut
2415 1354 2744 1424 bonitatem,
2778 1362 2853 1425 et;
2880 1359 3240 1429 disciplinam
3287 1363 3504 1430 doceat,
3557 1372 3812 1420 terram-

2108 1455 2222 1509 que
2248 1441 2435 1510 faciat,
2469 1458 2584 1498 non
2620 1445 2914 1514 pulverem
2942 1463 3113 1518 quem
3148 1459 3356 1506 ventus
3388 1452 3563 1518 tollat,
3603 1460 3806 1523 potum

2107 1527 2296 1582 dando
2328 1529 2385 1584 in
2412 1531 2680 1600 lacrymis
2713 1533 2769 1588 in
2802 1548 3090 1590 mensura.

2174 1616 2244 1667 Et
2273 1621 2535 1684 percutiet
2566 1626 2764 1674 terram
2795 1625 2955 1688 virga
2979 1627 3090 1677 oris
3110 1627 3216 1692 sui,
3237 1631 3286 1679 et
3311 1629 3514 1695 Spiritu
3535 1629 3805 1683 tabiorum

3516 1716 3802 1782 Christus,

2103 1803 2276 1858 quem
2312 1807 2414 1847 nos
2443 1802 2496 1848 et
2530 1810 2629 1851 vos
2661 1796 2752 1851 hic
2781 1797 3175 1869 intelligimus,
3209 1802 3432 1867 fterram
3476 1805 3640 1873 virga
3688 1804 3807 1860 oris

2101 1878 2191 1932 sui
2223 1883 2512 1948 quomodo
2538 1886 2804 1953 percutit,
2829 1887 2873 1941 si
2905 1901 3088 1956 purus
3122 1890 3286 1945 homo
3333 1891 3575 1948 existit?
3629 1896 3804 1960 Virga

2101 1970 2212 2021 oris
2275 1972 2477 2024 terram
2526 1973 2762 2040 caedere,
2815 1982 2898 2030 est
2950 1984 3052 2032 aut
3105 1977 3311 2034 famem
3365 1994 3540 2050 super
3586 1989 3800 2038 terram

2100 2069 2324 2120 vocare,
2355 2062 2457 2114 aut
2485 2060 2838 2130 quibuslibet
2862 2064 2988 2119 aliis
3023 2069 3469 2124 correctionibus
3499 2069 3797 2126 hominum

2099 2153 2330 2212 peccata
2386 2147 2612 2215 punire.
2686 2153 2857 2219 Virga
2910 2158 3021 2208 oris
3079 2161 3281 2210 terram
3330 2167 3644 2226 percutere,
3714 2168 3800 2216 est

2099 2232 2190 2288 sui
2222 2234 2435 2290 virtute
2485 2239 2764 2292 sermonis
2811 2241 3274 2312 delinquentium
3323 2246 3545 2301 animos
3590 2255 3795 2316 perter-

2099 2334 2244 2376 rere.
2317 2323 2532 2391 Spiritu
2608 2327 2877 2382 labiorum
2951 2345 3171 2386 suorum
3245 2336 3500 2402 interﬁcit
3562 2337 3795 2404 impium

2100 2409 2314 2478 (Ibid.),
2374 2411 2513 2470 dum
2565 2416 2909 2485 propheticae
2960 2418 3335 2490 intelligentia
3391 2422 3708 2490 locutionis,
3760 2439 3796 2479 a

2097 2505 2252 2553 statu
2327 2502 2541 2569 peccati
2590 2504 2832 2562 destruit
2882 2509 3264 2579 temetipsum.
3322 2513 3479 2576 Quod
3529 2513 3575 2568 si
3619 2513 3795 2583 juxta

2097 2585 2237 2642 illud
2268 2589 2370 2644 Job
2404 2605 2416 2644 :
2452 2592 2535 2647 Tu
2568 2607 2681 2647 non
2707 2609 2768 2650 es
2802 2595 3012 2665 impius
3044 2612 3057 2651 :
3097 2599 3228 2668 quis
3256 2615 3391 2670 ergo
3437 2603 3566 2656 est?
3615 2603 3794 2658 Labia

2097 2683 2288 2730 autem
2331 2676 2559 2747 Christi,
2615 2683 2902 2751 prophetzn
2946 2694 3100 2741 sunt.
3157 2687 3398 2756 Spiritus
3439 2704 3658 2758 eorum,
3711 2691 3795 2745 in-

2098 2764 2271 2818 terior
2301 2779 2505 2823 sensus
2535 2777 2616 2824 est
2642 2784 2654 2822 :
2675 2778 2737 2826 tu
2758 2772 2910 2827 enim
2929 2787 3137 2843 corpus
3159 2779 3431 2845 sequeris,
3457 2778 3510 2833 id
3531 2788 3615 2834 est
3635 2779 3790 2836 litte-

2094 2865 2238 2906 ram.
2267 2854 2480 2922 Spiritu
2502 2871 2735 2927 quoque
2757 2861 3023 2916 labiorum
3040 2879 3257 2917 suorum
3277 2867 3536 2920 interﬁcit
3559 2869 3789 2935 impium

289 2946 404 2987 non
436 2933 506 2988 de
540 2937 681 3004 pari,
713 2939 988 3007 ascendit,
1026 2942 1122 2995 sed
1158 2942 1226 2996 de
1272 2945 1450 3015 virgae
1496 2947 1706 3012 radice,
1755 2951 1822 3006 de
1867 2953 1983 3008 solo

2144 2941 2302 3009 bid),
2337 2944 2496 2999 illum
2529 2945 2790 3003 videlicet
2822 2964 2996 3018 quem
3031 2965 3132 3020 pro
3162 2953 3383 3021 Messia,
3438 2933 3789 3024 praestolaris

285 3031 589 3079 concretus
651 3039 749 3094 per
802 3026 1075 3096 Spiritum
1127 3041 1391 3088 sanctum
1458 3036 1712 3108 Virginis
1781 3042 1982 3098 matris

285 3111 588 3179 sanguine.
619 3113 726 3168 Sed
748 3128 928 3182 quare
969 3116 1117 3172 ﬂos?
1160 3127 1389 3189 propter
1437 3125 1696 3180 omnium
1747 3127 1978 3185 odorem

285 3196 590 3266 virtutum,
624 3208 678 3256 et
705 3201 844 3271 quia
875 3205 1165 3274 speciosus
1211 3218 1293 3264 est
1340 3224 1457 3279 prae
1509 3213 1639 3269 ﬁliis
1677 3214 1977 3274 hominum

284 3285 452 3350 (Psal.
497 3301 648 3351 κων,
693 3289 770 3356 3),
820 3299 876 3346 et
932 3294 1073 3364 quia
1123 3296 1192 3351 de
1250 3297 1388 3353 ﬂore
1433 3300 1655 3357 fructus
1691 3307 1972 3376 exsurgit.

283 3371 408 3439 Ipse
432 3373 584 3429 enim
611 3383 694 3432 est
723 3377 946 3448 lignum
978 3395 1144 3437 secus
1173 3385 1453 3443 decursus
1474 3403 1762 3458 aquarum
1805 3371 1975 3462 plan-

280 3464 485 3526 tatum,
520 3463 672 3530 quod
725 3463 980 3536 fructum
1024 3483 1197 3526 suum
1251 3473 1308 3528 in
1355 3466 1607 3545 tempore
1659 3494 1762 3536 suo
1823 3481 1976 3538 dedit

282 3548 444 3612 (Psal.
482 3563 520 3614 ι,
551 3551 623 3617 3).

354 3637 538 3692 Totius
583 3639 899 3697 divinitatis
948 3647 1007 3698 in
1062 3647 1277 3702 Christo
1334 3651 1610 3706 inhabitat
1666 3657 1970 3725 plenitudo,

277 3728 480 3780 caeteris
535 3743 659 3783 vero
711 3731 1019 3787 hominihus
1075 3738 1366 3792 secundum
1425 3757 1729 3798 mensuram
1793 3750 1970 3801 virtu-

278 3813 370 3865 tis.
403 3843 471 3851 ——
497 3815 670 3882 Super
697 3817 856 3884 hunc,
899 3820 1088 3890 inquit
1151 3827 1334 3891 florem
1390 3833 1684 3897 requiescet
1738 3837 1974 3902 spiritus

277 3901 494 3954 Domini
555 3905 678 3971 (Isa.
735 3921 794 3972 ιι,
850 3909 926 3975 2),
986 3918 1091 3965 etc.
1152 3912 1434 3975 Quoniam
1495 3901 1778 3974 convenit
1822 3922 1970 3978 inter

276 4001 380 4042 nos
407 3997 462 4044 et
512 4004 628 4058 vos,
674 4001 736 4047 ut
790 3995 910 4050 haec
965 3998 1034 4052 de
1086 3999 1308 4057 Christo
1348 4004 1502 4060 dicta
1550 4006 1965 4079 intelligantur,

273 4076 563 4134 Christum
596 4088 786 4136 autem
817 4093 968 4140 certo
1008 4102 1108 4142 vos
1158 4097 1406 4160 tempore
1455 4076 1764 4159 victurum.
1815 4076 1968 4156 certo

273 4159 592 4221 desiturum
627 4169 889 4239 credatis,
919 4190 1090 4244 quem
1129 4185 1185 4232 et
1232 4159 1299 4234 de
1349 4183 1491 4237 mari
1538 4191 1593 4238 et
1642 4182 1856 4240 femina
1902 4197 1967 4244 ut

273 4259 503 4309 caeteros
561 4256 746 4314 dicitis
787 4263 1170 4335 nasciturum,
1215 4268 1498 4326 aestimare
1548 4285 1663 4328 non
1736 4259 1967 4343 possum

273 4341 427 4410 quod
463 4342 635 4400 alicui
682 4361 827 4416 puro
870 4351 1087 4408 homini
1139 4362 1300 4410 tanta
1352 4357 1533 4414 inesse
1583 4341 1770 4417 valeat
1817 4378 1968 4433 opu-

272 4428 463 4496 lentia,
516 4439 573 4488 et
627 4437 978 4495 continuatio
1041 4443 1385 4512 gratiarum,
1456 4450 1766 4515 praesertim
1835 4428 1966 4508 cum

269 4531 386 4572 non
416 4518 693 4590 atl‘utura,
726 4526 823 4581 sed
871 4539 1163 4585 asseratur
1211 4533 1547 4601 requietura
1587 4550 1761 4607 super
1808 4554 1962 4596 eum.

272 4605 386 4661 Etsi
419 4621 673 4679 namque
719 4614 958 4682 spiritus
1005 4617 1141 4673 Elim
1202 4633 1373 4688 super
1419 4605 1689 4679 Elisaeum
1739 4629 1964 4698 requie-

268 4693 418 4749 visse
465 4697 756 4767 scribitur,
809 4702 967 4758 aliud
1023 4714 1108 4760 est
1165 4714 1358 4764 tamen
1403 4711 1670 4781 spiritum
1713 4693 1966 4772 hominis

269 4781 327 4837 in
376 4782 665 4841 hominem
723 4788 1036 4860 devenisse,
1079 4808 1250 4864 quem
1306 4805 1360 4853 et
1407 4800 1694 4870 duplicem
1754 4804 1965 4876 legitur

265 4873 564 4940 meruisse,
592 4873 750 4930 aliud
779 4884 862 4932 est
902 4881 1075 4938 totius
1118 4883 1301 4940 divini
1351 4890 1608 4944 muneris
1655 4873 1962 4959 plenitudi-

266 4973 392 5015 nem
425 4960 712 5018 habuisse.
765 4965 844 5022 De
890 4971 1072 5026 servis
1115 4972 1282 5042 plane
1325 4977 1584 5032 dicitur:
1627 4980 1769 5044 Quia
1810 4982 1964 5037 dedit

263 5046 375 5099 illis
425 5047 563 5101 bona
600 5063 720 5117 sua,
765 5055 1057 5126 unicuique
1107 5068 1295 5116 tamen
1338 5064 1629 5119 secundum
1675 5071 1960 5136 prapriam

262 5137 517 5189 virtutem
561 5137 776 5208 (Matth.
809 5155 946 5213 xxv,
993 5148 1095 5214 l5).
1128 5148 1206 5204 De
1236 5148 1460 5207 Christo
1497 5160 1690 5210 autem
1739 5169 1855 5210 non
1886 5156 1959 5212 ad

263 5235 594 5280 mensuram
639 5226 735 5284 dat
792 5230 945 5288 Deus
985 5235 1273 5303 spiritum.
1327 5243 1398 5294 At
1445 5240 1583 5309 quia
1628 5250 1957 5300 nostrarum

263 5307 690 5379 Scripturarum
720 5320 984 5390 exempla
1022 5337 1137 5379 non
1184 5307 1478 5396 recipitis;
1504 5330 1777 5386 intendite
1823 5347 1955 5402 qum

261 5407 610 5466 sequuntur,
651 5404 791 5472 quia
836 5409 1142 5480 plusquam
1191 5414 1448 5471 humana
1495 5417 1784 5475 videntur.
1835 5424 1953 5476 Non

261 5486 573 5555 secundum,
609 5489 819 5561 inquit,
849 5499 1108 5553 visionem
1141 5503 1415 5557 acutorum
1438 5505 1739 5574 judicabit,
1784 5524 1954 5579 neque

2089 3028 2548 3102 Antichristum;
2582 3048 2711 3089 nam
2746 3051 2846 3105 per
2878 3037 3312 3096 illustratiunem
3361 3043 3449 3098 sui
3499 3044 3787 3100 adventus

2088 3117 2342 3175 destruet
2375 3120 2534 3176 illum
2569 3123 2759 3191 (Ibid.,
2791 3125 2862 3194 5).
2902 3128 3143 3183 Haecine
3176 3131 3405 3186 videtur
3445 3133 3544 3187 tibi
3585 3133 3788 3188 huma-

2088 3206 2245 3261 nitus
2299 3209 2611 3278 quisquam
2657 3226 2828 3282 agere
2871 3216 3085 3282 posse?
3132 3218 3195 3272 Et
3257 3222 3546 3288 quomodo
3612 3224 3784 3278 etiam

2079 3295 2318 3364 justitia,
2353 3305 2408 3352 et
2461 3299 2598 3354 fides
2655 3301 2996 3359 cinctorium
3025 3311 3172 3360 eos
3225 3322 3429 3363 renum
3481 3310 3608 3380 ejus
3659 3311 3781 3366 ﬁeri

2087 3384 2313 3451 poterit,
2350 3385 2504 3454 quod
2533 3385 2588 3440 in
2627 3389 3022 3447 materialibus
3051 3393 3123 3447 ad
3165 3397 3480 3451 materialia
3514 3398 3782 3454 admistio

2083 3471 2244 3526 nulla
2276 3473 2367 3527 sit.
2402 3474 2502 3528 Est
2529 3473 2726 3546 itaque
2756 3491 2822 3533 ac
2854 3478 2900 3534 si
2931 3480 3143 3536 diceret
3176 3497 3187 3536 :
3225 3483 3515 3561 Quidquid
3569 3488 3623 3542 in
3682 3489 3781 3543 illa

2083 3559 2183 3614 Dei
2215 3568 2267 3615 et
2299 3561 2548 3616 hominis
2581 3578 2824 3632 persona
2857 3569 3087 3625 carnale
3129 3579 3387 3640 putatur,
3436 3559 3611 3630 totum
3663 3578 3780 3647 spi-

2081 3645 2274 3703 rituali
2307 3649 2519 3705 virtute
2550 3653 2821 3709 ambitur.
2862 3657 3064 3713 Lumbi
3097 3668 3288 3715 autem
3331 3669 3385 3716 et
3432 3676 3597 3718 renes
3647 3645 3780 3734 qua:

2081 3733 2394 3803 voluptatis
2469 3737 2588 3792 loca
2655 3750 2996 3810 noscuntur,
3074 3754 3224 3802 recte
3282 3762 3385 3817 pro
3437 3733 3779 3808 carnalitate

2081 3832 2397 3891 ponuntur.
2434 3827 2601 3882 Rides
2631 3829 2865 3886 fortasse
2908 3847 3092 3888 meam
3122 3851 3137 3904 ;
3170 3844 3348 3905 tuam,
3402 3855 3620 3908 qtireso,
3673 3856 3776 3910 pro

2078 3925 2167 3966 me
2219 3915 2578 3982 sententiam,
2640 3918 2737 3973 sed
2803 3921 3136 3978 nullatenus
3179 3925 3289 3980 dici
3349 3927 3571 3996 poterit,
3617 3931 3774 3999 quod

2077 3999 2389 4057 hoctotum
2445 4018 2585 4072 pure
2637 4005 2850 4062 homini
2899 4012 3244 4068 conveniens
3293 4015 3400 4084 sit;
3451 4017 3571 4072 hzec
3615 4018 3773 4073 enim

2076 4094 2302 4144 terrena
2361 4092 2637 4159 potentia"
2662 4102 2873 4150 terram
2930 4112 3027 4152 ore
3083 4102 3381 4168 percutiet,
3436 4113 3538 4159 aut
3588 4106 3772 4175 respi-

2073 4175 2538 4234 ciendum-mere
2568 4179 2756 4249 faciet,
2791 4199 2903 4239 non
2957 4186 3197 4256 impium
3247 4190 3455 4259 spiritu
3505 4193 3767 4262 perimet,

2010 4267 2052 4320 D
2080 4279 2191 4319 non
2225 4265 2354 4331 ﬁde,
2386 4281 2500 4322 non
2527 4269 2755 4339 justitia
2788 4272 3014 4330 lumbos
3043 4276 3247 4346 cinget.

2144 4352 2421 4410 Inferiura
2478 4371 2608 4425 quae
2650 4369 2981 4429 sequuntur
3041 4364 3109 4418 de
3156 4367 3580 4425 contrariarum
3631 4371 3742 4427 sub

2080 4443 2426 4498 stantiarum
2455 4445 2976 4506 cohabitationibus
3023 4460 3357 4520 attexerem,
3411 4457 3520 4511 nisi
3568 4474 3776 4528 supcr-

2074 4544 2396 4587 vacaneum
2429 4534 2791 4590 aestimarem.
2824 4537 2878 4592 Si
2911 4539 3044 4608 quis
3068 4541 3219 4595 enim
3254 4543 3388 4598 velit
3417 4543 3472 4598 in
3522 4546 3629 4613 his,
3666 4549 3776 4602 ho-

2075 4632 2324 4688 rumque
2381 4621 2664 4678 similibus
2719 4624 3010 4682 Christum
3074 4633 3521 4697 praenuntiatum
3586 4638 3773 4692 amica

2073 4705 2293 4759 ratione
2369 4706 2656 4779 colligere,
2735 4710 2894 4768 facile
2949 4716 3152 4782 poterit
3210 4717 3305 4772 illa
3355 4734 3486 4788 quae
3537 4723 3773 4790 paciﬁce

2070 4793 2338 4848 convenit
2382 4795 2611 4851 diversa
2660 4798 2872 4866 videre,
2924 4803 3076 4871 quod
3141 4811 3322 4861 totum
3383 4816 3512 4862 est:
3575 4813 3770 4867 Omnes

2069 4883 2248 4946 gentes
2278 4896 2625 4951 quascunque
2653 4887 2835 4951 fecisti
2864 4891 3097 4955 venient,
3140 4896 3190 4944 et
3231 4892 3540 4949 adorabunt
3586 4913 3769 4952 coram

2070 4972 2137 5033 te,
2173 4969 2397 5023 Domine
2421 4970 2590 5039 (Psal.
2627 4986 2845 5040 Lxxxv,
2879 4975 2958 5045 9).
3005 4977 3075 5032 Et
3110 4993 3124 5030 :
3174 4981 3410 5048 Populus
3455 4999 3612 5050 quem
3660 5002 3767 5041 non

2067 5059 2292 5124 cognovi
2319 5060 2541 5112 servivit
2569 5061 2707 5113 mihi
2737 5061 2906 5129 (Psat.
2942 5078 3082 5132 xvu,
3113 5068 3229 5134 45).

2746 5221 2975 5280 CAPUT
3012 5227 3075 5278 V.

2610 5363 2751 5416 Item
2779 5363 2846 5417 de
2870 5367 3203 5433 virginitate.

2129 5494 2208 5550 De
2239 5495 2580 5566 virginitate
2618 5513 2757 5570 ergo
2802 5501 2982 5559 beatae
3032 5505 3229 5564 Mariae
3273 5509 3412 5579 quid
3467 5512 3759 5582 quaeritur
