3934 6086
150 264 253 315 505

890 259 1130 316 TRACT.
1177 261 1265 314 DE
1303 260 1819 317 INCABNATIONE
1853 260 2137 317 CONTRA
2176 259 2474 316 JUD:EOS.
2508 289 2575 297 ——
2619 259 2754 314 LIB.
2797 259 2900 313 III.
3549 263 3649 314 506

145 406 280 447 cum
322 402 509 476 aperte
546 394 779 461 sciatur,
827 393 965 464 quia
1005 393 1105 449 ubi
1145 393 1404 449 Christus
1443 393 1596 449 ﬁlius
1635 393 1844 464 delegit
1880 396 1927 448 Α
1957 393 2234 463 plurimos
2292 391 2618 463 elanguisse
2673 397 2727 446 et
2785 395 3090 461 aegrotasse
3139 389 3356 461 legatis.
3419 391 3650 446 Asinam

148 481 330 546 nasci,
386 483 755 538 mundissimo
803 496 868 537 ac
924 481 1440 552 superexcellenter
1497 483 1693 538 debuit
1741 497 1844 551 ap-

149 571 362 638 parari.
397 570 552 627 Certe
580 579 781 627 uterus
811 571 958 626 idem
995 577 1153 625 tanto
1185 570 1289 625 fuit
1326 570 1598 626 mundior
1628 579 1846 640 quanto

149 656 570 726 impassibilior.
631 659 866 715 Multum
925 660 1100 729 digna
1153 666 1236 713 est
1288 658 1610 729 virginitas,
1668 649 1842 713 etiam

147 761 280 816 quae
319 748 729 803 tentationibus
770 756 1136 818 perurgetur,
1179 747 1274 802 sed
1315 747 1482 817 longe
1523 747 1841 817 gloriosior,

148 835 191 889 si
237 836 440 891 evictis
489 850 556 891 ac
612 837 808 906 sopitis
858 835 1144 891 universis
1202 837 1470 903 motibus,
1523 835 1843 905 primorum

150 932 458 990 parentum
507 924 690 994 primo
735 924 912 979 statui
950 932 1335 992 comparetur.
1399 923 1638 980 Creditis
1680 923 1847 992 plane

148 1011 245 1065 Dei
285 1012 552 1080 spiritum
595 1020 818 1067 sanctos
857 1012 1148 1082 quondam
1197 1013 1545 1068 inhabitasse
1580 1014 1751 1079 viros,
1792 1021 1848 1067 et

144 1115 240 1155 eos
298 1115 413 1155 non
473 1101 637 1155 modo
696 1102 767 1155 ad
826 1101 968 1156 bene
1023 1101 1358 1168 vivendum,
1421 1116 1619 1156 verum
1672 1103 1845 1156 etiam

145 1189 217 1242 ad
255 1188 713 1256 prophetandum
756 1189 962 1256 saepius
1006 1187 1306 1242 animasse.
1342 1189 1391 1244 ls
1421 1203 1673 1258 quoque,
1709 1189 1848 1258 quia

147 1278 298 1330 Deus
359 1284 463 1342 est,
532 1276 654 1345 lege
721 1276 955 1331 minime
1009 1276 1422 1346 stringebatur,
1492 1278 1634 1345 quin
1703 1291 1848 1346 quos

143 1364 318 1419 vellet
346 1365 518 1418 etiam
571 1363 748 1418 malos
798 1363 1098 1428 imbueret,
1150 1367 1205 1417 et
1251 1363 1549 1432 prophetia
1595 1371 1843 1418 acueret.

145 1452 200 1509 Si
259 1453 415 1508 enim
469 1451 717 1515 Saulem,
774 1466 944 1521 quem
991 1451 1214 1506 dudum
1260 1451 1497 1520 spiritus
1550 1452 1848 1520 pravitatis

144 1541 467 1606 obsederat,
509 1547 562 1594 et
610 1539 964 1609 apparitores
1002 1541 1128 1610 ejus
1175 1540 1277 1607 qui
1317 1540 1387 1594 ad
1440 1541 1847 1595 trucidandum

145 1629 332 1684 David
386 1636 679 1694 venerant,
733 1642 934 1684 eversa
979 1628 1152 1697 priori
1204 1628 1486 1695 vecordia,
1537 1628 1683 1684 idem
1729 1629 1848 1698 spi—

144 1719 295 1773 ritus
356 1717 702 1782 immutavit,
767 1723 830 1771 ut
885 1716 1136 1785 perfidus
1195 1730 1297 1771 rex
1363 1731 1495 1772 cum
1555 1717 1849 1786 prophetis

144 1807 344 1861 nudus
405 1805 653 1860 interdiu
708 1811 763 1859 et
816 1812 979 1860 nocte
1031 1805 1392 1873 praecineret;
1453 1805 1595 1874 quid
1649 1813 1850 1861 contra

141 1903 419 1949 naturam
469 1893 678 1947 factum
720 1906 895 1962 super
933 1901 1211 1961 conceptu
1260 1892 1514 1963 Virginis
1554 1893 1850 1963 disputare

144 1981 452 2037 molimini.
487 1980 634 2046 Quid
655 1981 855 2051 Emagis
882 1988 1078 2035 contra
1113 1989 1405 2048 naturam,
1440 1995 1615 2051 quam
1647 1990 1850 2037 aucto-

143 2086 265 2126 rem
303 2071 483 2125 Deum
520 2070 820 2124 munditiae
850 2070 1093 2124 sordidis
1124 2070 1275 2124 illabi
1310 2070 1655 2140 pectoribus.
1689 2070 1851 2126 Certe

141 2159 366 2215 multos
409 2159 469 2213 in
520 2167 711 2213 vestra
766 2166 1050 2214 vetustate
1099 2159 1254 2214 viros
1300 2167 1525 2214 sanctos
1581 2159 1852 2214 habuisse

140 2263 249 2303 vos
295 2249 470 2315 scitis,
521 2247 738 2318 quibus
775 2247 1011 2318 angelos
1050 2261 1356 2317 nunquam
1407 2248 1740 2316 apparuisse
1773 2248 1850 2302 le-

144 2337 334 2409 gistis,
383 2351 515 2391 cum
561 2335 850 2390 Danielem
900 2336 1053 2390 omni
1105 2336 1271 2390 modo
1312 2335 1577 2391 czelibatu
1635 2335 1851 2406 dignis-

144 2425 364 2480 simum
425 2439 498 2480 ex
555 2424 791 2490 visione,
854 2425 913 2479 ni
967 2424 1163 2493 fallor,
1213 2424 1522 2490 Gabrielis,
1580 2439 1679 2494 per
1734 2424 1856 2480 dies

1953 496 2109 549 vero,
2157 481 2358 551 angelo
2416 479 2523 535 sibi
2567 479 3030 548 conspicabiliter
3081 486 3409 548 apparente,
3460 495 3530 533 ne
3579 479 3651 534 ad

1956 569 2242 625 modicum
2293 569 2523 638 quidem
2572 568 2922 622 claudicasse
2969 567 3261 622 noveritis.
3299 572 3383 621 An
3425 567 3654 637 dignior

1954 658 2117 713 asina
2161 670 2338 726 quam
2379 654 2693 725 propheta?
2737 655 2824 709 An
2869 655 3104 709 brutum
3144 654 3358 708 animal
3400 655 3653 710 sanctius
3719 696 3724 701 .

1955 747 2066 802 illis
2106 746 2337 808 sanctis,
2380 744 2481 814 qui
2528 743 2606 797 nil
2653 743 2759 798 tale
2797 743 3010 809 videre,
3057 742 3431 798 hominibus?
3474 744 3652 798 Taceo

1955 836 2095 906 quia
2135 835 2324 890 locuta
2366 841 2467 899 est,
2503 832 2656 901 quod
2704 840 2913 885 natura
2962 845 3076 885 non
3124 839 3226 896 est,
3279 830 3415 885 illud
3466 831 3651 886 dicam

1956 923 2110 994 quod
2178 922 2331 978 omni
2403 920 2721 975 irrationali
2787 927 3064 974 creatura:
3127 933 3217 974 res
3293 919 3653 975 intellectua—

1955 1013 2071 1079 les,
2132 1019 2186 1066 et
2243 1009 2533 1082 angelicas
2589 1022 2896 1080 agnoscere
2963 1008 3144 1063 multo
3206 1008 3389 1079 magis
3443 1016 3654 1064 natura

1955 1117 2069 1156 non
2109 1108 2211 1156 ρει.

2028 1189 2321 1255 Desistite,
2392 1187 2747 1256 pertinaces,
2816 1185 3131 1241 verbositas
3190 1192 3378 1239 vestra
3450 1193 3648 1252 vacet,

1957 1277 2095 1348 quia
2165 1277 2310 1332 ratio
2375 1279 2490 1330 tota
2549 1275 2738 1343 jacet.
2797 1273 2901 1339 Qui
2970 1273 3139 1328 furtis
3201 1282 3300 1328 aut
3364 1272 3654 1329 fenoribus

1955 1367 2129 1422 corda
2194 1363 2553 1428 convolvitis,
2623 1376 2827 1417 causas
2896 1362 2992 1416 Dei
3057 1370 3544 1416 sacramentorum
3599 1369 3654 1416 et

1956 1461 2319 1511 sacramenta
2387 1465 2696 1507 causarum
2778 1450 3064 1520 quomodo
3149 1450 3499 1518 pervidetis?
3564 1450 3654 1504 An

1960 1543 2244 1599 tantillum
2295 1541 2435 1596 illud
2488 1539 2725 1595 humani
2771 1539 3024 1605 seminis,
3066 1538 3160 1592 Dei
3207 1538 3651 1606 omnipotentize,

1958 1641 2058 1688 aut
2112 1631 2397 1687 voluntati
2455 1629 2871 1698 praeponderat,
2938 1634 3000 1682 ut
3058 1627 3163 1681 nisi
3228 1626 3365 1680 illud
3426 1633 3652 1695 praeeat,

1958 1720 2099 1775 nihil
2150 1721 2301 1774 Deus
2327 1717 2550 1772 efﬁcere
2587 1723 2782 1786 queat,
2828 1729 2894 1770 ac
2935 1715 2982 1769 si
3018 1723 3217 1770 auctor
3258 1722 3498 1780 naturae,
3546 1727 3656 1768 na—

1958 1819 2104 1867 turae
2170 1805 2536 1864 adminiculis
2595 1804 2799 1875 egeat?
2863 1805 3102 1858 Frustra
3157 1804 3212 1858 in
3281 1802 3656 1858 obstinaciam

1962 1906 2203 1953 vestram
2257 1896 2426 1963 nitor,
2481 1895 2620 1965 quia
2672 1894 2780 1948 nisi
2843 1893 2999 1948 hunc
3055 1891 3428 1957 credideritis,
3483 1906 3656 1960 quem

1959 1986 2246 2042 credimus
2277 1984 2588 2048 Christum,
2620 1990 2927 2038 tractatum
2973 1989 3174 2037 contra
3214 1996 3312 2035 nos
3351 1993 3657 2050 nunquam

1959 2075 2217 2130 omittere
2267 2071 2520 2141 poteritis
2567 2071 2757 2137 istum,
2801 2085 2906 2125 nec
2943 2070 3012 2125 de
3052 2077 3234 2124 matre
3275 2070 3415 2124 bene
3455 2069 3658 2124 sentic-

1959 2163 2049 2229 tis,
2086 2162 2186 2231 qui
2234 2161 2439 2215 Filium
2471 2159 2812 2214 exhorretis.
2847 2159 3258 2214 Verumtamen
3295 2158 3451 2226 quod
3494 2158 3657 2212 vobis

1962 2264 2074 2306 non
2122 2249 2396 2318 proderit,
2446 2248 2710 2304 fidelibus
2748 2247 2919 2302 scisse
2957 2261 3070 2302 non
3117 2245 3315 2301 oberit.
3349 2246 3474 2300 Jam
3519 2258 3655 2315 ergo

1961 2338 2031 2393 ad
2065 2337 2178 2394 alia
2208 2345 2584 2393 transeamus.

1427 2709 1779 2795 LIBER
1872 2644 2378 2795 TERTIUS.

1763 2873 2045 2886 -ι-

709 3007 952 3064 CAPUM
993 3007 1276 3062 PRIMUM.

227 3097 300 3148 De
337 3094 576 3146 humana
613 3097 672 3148 in
715 3096 876 3147 terris
908 3095 1117 3148 Christi
1157 3096 1574 3147 conversatione.
1605 3123 1678 3134 —
1709 3093 1856 3158 Quid

150 3184 222 3238 de
269 3182 494 3237 Domini
533 3184 666 3238 Jesu
709 3183 914 3238 Christi
954 3182 1180 3238 diutina
1220 3183 1364 3236 inter
1413 3182 1674 3237 homines
1721 3197 1856 3237 con-

151 3271 480 3326 versatione
546 3271 871 3340 loquimini,
932 3271 1032 3340 qui
1094 3272 1274 3325 Deum
1343 3270 1528 3339 ipsum
1597 3277 1854 3326 vestrum

151 3359 550 3429 quadraginta
587 3360 880 3414 vobiscum
924 3358 1094 3414 annis
1134 3358 1418 3414 habitasse
1464 3358 1762 3414 fatemini?
1790 3360 1855 3414 In

153 3447 339 3504 David
368 3447 536 3516 plane
567 3447 778 3517 legitur
811 3463 822 3500 :
859 3447 1240 3514 Quadraginta
1270 3451 1428 3500 annis
1454 3450 1739 3516 proximus
1767 3450 1858 3513 fui

151 3538 494 3605 generotioni
536 3536 621 3590 illi
667 3537 832 3605 (Psal.
879 3550 958 3602 IX,
1010 3537 1114 3605 i0).
1169 3537 1234 3590 Et
1280 3535 1338 3589 in
1387 3535 1532 3590 libro
1579 3536 1802 3605 Regum
1840 3551 1852 3588 :

154 3625 544 3688 Ambulabam,
599 3623 812 3694 inquit,
871 3627 931 3678 in
985 3623 1355 3689 tabernaculo,
1407 3628 1459 3677 et
1511 3626 1570 3677 in
1631 3625 1856 3677 tentorio

151 3731 252 3784 per
311 3718 504 3766 cuncta
561 3715 694 3778 loca,
759 3729 877 3782 qua:
929 3716 1183 3778 transivi,
1254 3729 1373 3768 cum
1426 3713 1671 3767 omnibus
1724 3714 1857 3780 ﬁliis

152 3805 338 3858 Israel
386 3804 462 3870 (If
509 3805 637 3869 Reg.
693 3817 788 3867 vn,
839 3804 910 3867 6).
961 3803 1024 3855 In
1073 3801 1515 3857 Deuteronomio
1559 3815 1793 3870 quoque
1840 3816 1854 3855 :

155 3891 421 3957 Habebis,
473 3889 683 3959 inquit,
733 3891 902 3944 locum
944 3894 1103 3942 extra
1150 3894 1331 3943 castra
1380 3889 1454 3941 ad
1504 3904 1659 3957 quem
1708 3905 1854 3956 egre-

154 3982 336 4034 diaris
369 3979 443 4032 ad
479 3981 745 4046 requisita
785 3983 1019 4044 naturae,
1050 3993 1238 4045 gerens
1267 3978 1544 4046 pamillum
1573 3979 1632 4030 in
1663 3977 1853 4032 balteo.

155 4070 398 4137 Cumque
433 4066 654 4131 sederis,
696 4067 872 4132 fodies
910 4081 1008 4133 per
1043 4067 1350 4132 circuitum,
1388 4070 1437 4118 et
1475 4069 1655 4132 egesta
1698 4065 1856 4119 humo

153 4159 309 4220 fossa
351 4157 577 4225 cperies,
631 4169 736 4222 quo
775 4155 1048 4208 relevatus
1095 4168 1168 4219 es,
1221 4155 1476 4208 Dominus
1525 4153 1670 4208 enim
1721 4156 1855 4206 Deus

156 4251 282 4297 tuus
314 4244 559 4296 ambulat
596 4244 654 4295 in
686 4242 862 4296 medio
893 4248 1218 4306 castrorum,
1248 4247 1308 4295 ut
1347 4247 1503 4295 eruat
1538 4247 1606 4308 te,
1647 4247 1709 4295 ut
1745 4244 1856 4295 sint

1885 3011 1924 3065 C
1961 3013 2106 3061 :69
2147 3007 2352 3063 subitis
2397 3007 2856 3075 circumquaque
2908 3005 3252 3060 movebatur
3291 3004 3654 3070 occursibus,

1963 3103 2065 3150 aut
2094 3095 2328 3151 minime
2348 3095 2458 3150 ista
2489 3095 2736 3158 videbat,
2766 3101 2867 3150 aut
2896 3094 3202 3163 spurcitias
3228 3094 3476 3148 marium
3506 3107 3660 3164 aegre

1963 3184 2194 3250 ferebat,
2239 3184 2498 3239 femineis
2527 3197 2593 3238 ac
2626 3183 2990 3238 infantilibus
3021 3183 3351 3238 nullatenus
3381 3183 3661 3252 gravaba-

1962 3281 2076 3328 tur.
2110 3272 2277 3339 Quid,
2307 3273 2460 3342 quod
2495 3271 2720 3342 peculia
2753 3271 2889 3326 inibi
2921 3285 2987 3326 ac
3017 3279 3276 3326 armenta
3312 3269 3660 3325 manebant?

1962 3362 2149 3428 Quare
2191 3376 2306 3416 non
2350 3362 2630 3417 bonorum
2671 3368 2975 3430 parentum
3024 3368 3345 3414 vestrorum
3383 3359 3523 3429 vigil
3570 3373 3659 3412 so-

1964 3451 2146 3517 lertia,
2199 3458 2322 3520 post
2376 3450 2615 3521 vestigia
2669 3463 2909 3519 gregum
2959 3448 3224 3504 cadentes
3281 3462 3314 3502 a
3363 3447 3661 3516 podicibus

1963 3552 2292 3607 caprarum,
2333 3547 2386 3594 et
2426 3538 2621 3592 ovium
2655 3537 2865 3606 pilulas
2897 3535 3220 3605 colligebat,
3258 3543 3313 3589 et
3352 3534 3570 3603 spuria,
3597 3539 3662 3588 ut

1964 3628 2043 3683 ita
2094 3627 2302 3692 dicam,
2353 3625 2699 3681 vitulamina
2749 3621 3016 3694 sepulcro
3055 3622 3356 3689 condebat,
3402 3636 3473 3675 ne
3519 3621 3660 3674 dum

1967 3717 2113 3770 Deus
2141 3714 2419 3770 oberrans
2460 3715 2580 3780 iret,
2626 3714 2757 3768 fimo
2797 3727 2986 3768 vaccze
3027 3711 3210 3780 pluris
3241 3710 3404 3779 pretii
3444 3708 3661 3764 calceos

1963 3804 2299 3860 macularet.
2347 3804 2600 3859 Profecto
2629 3809 2682 3858 et
2722 3803 2778 3856 in
2824 3799 3188 3870 crepitacults
3221 3797 3661 3853 incontinentias

1962 3895 2178 3948 scimus
2208 3893 2513 3960 infantum,
2549 3899 2604 3948 et
2635 3899 2864 3956 matres,
2895 3897 2996 3945 aut
3020 3889 3294 3944 assecnlze
3325 3887 3659 3958 hujusmodi

1963 3980 2232 4035 eluebant
2280 3978 2520 4034 illuvies.
2572 3977 2709 4044 Quis
2751 3978 2941 4033 dicere
2990 3977 3195 4046 poterit
3243 3975 3467 4044 quoties
3496 3974 3658 4041 ostio,

1964 4067 2062 4123 ubi
2110 4067 2230 4122 haec
2273 4066 2493 4133 fierent,
2545 4068 2697 4122 Deus
2746 4067 2978 4122 minime
3023 4064 3259 4121 feriatus
3295 4063 3491 4118 astitit.
3545 4062 3661 4118 Illae

1962 4155 2132 4211 etiam
2183 4155 2324 4217 lues,
2377 4169 2507 4225 quae
2571 4157 2628 4210 in
2675 4155 3067 4224 penetralibus
3123 4153 3524 4209 cubiculorum
3565 4152 3662 4223 agi

1968 4244 2167 4309 solent,
2227 4243 2495 4314 nunquid
2543 4244 2661 4298 fieri
2714 4244 2826 4298 Deo
2874 4243 3266 4298 circumeunte
3305 4241 3658 4297 destiterant.

153 4337 339 4386 castra
386 4337 479 4384 tua
514 4330 741 4395 munda,
787 4335 838 4384 et
882 4331 1025 4384 nihil
1061 4333 1118 4384 in
1158 4305 1234 4385 eis
1282 4335 1547 4399 appareat
1585 4305 1853 4396 foeditatis
1892 4305 1936 4358 D
1970 4305 2270 4387 Miserrimi
2299 4305 2619 4398 hominum,
2654 4333 2753 4402 qui
2785 4332 2988 4399 Deum,
3023 4332 3125 4402 qui
3154 4330 3391 4400 spiritus
3422 4337 3524 4395 est,
3560 4329 3662 4383 hos

154 4421 336 4487 (Deut.
386 4433 547 4484 χχιιι,
599 4419 810 4483 12-14).
863 4418 969 4484 Qui
1031 4433 1168 4489 ergo
1230 4418 1430 4473 tandiu
1478 4419 1658 4473 Deum
1707 4417 1856 4473 inter

156 4522 257 4563 vos
285 4507 574 4562 habitasse
599 4506 850 4577 jactatis,
882 4515 946 4562 ut
979 4515 1168 4562 castra
1208 4514 1401 4562 vestra
1440 4514 1679 4576 regeret,
1725 4521 1854 4562 vos-

154 4610 273 4666 que
321 4595 391 4650 de
440 4603 594 4649 terra
657 4595 712 4649 in
759 4603 971 4650 terram
1023 4595 1275 4658 duceret,
1327 4594 1646 4650 absurdum
1697 4595 1858 4650 vobis

153 4685 311 4739 unde
368 4683 659 4738 videbitur
697 4683 877 4737 Deum
931 4682 1031 4737 Dei
1090 4683 1320 4748 Filium,
1380 4691 1444 4738 ut
1503 4691 1702 4752 gentes
1759 4683 1855 4739 Dei

153 4772 374 4828 notitiae
424 4778 735 4840 repararet,
781 4778 836 4825 et
881 4785 982 4826 vos
1037 4771 1106 4825 ad
1159 4770 1550 4840 spiritualiora
1605 4779 1854 4839 vocaret,

157 4859 538 4915 humanitatis
607 4867 662 4914 et
737 4858 1095 4915 contubernii
1165 4860 1490 4915 communis
1560 4860 1858 4929 pertulisse

154 4946 496 5003 fastidium?

224 5035 390 5102 Quod
450 5035 496 5090 si
573 5035 796 5090 sordem
860 5035 1301 5091 cohabitationis
1373 5035 1652 5106 objicitis,
1719 5037 1858 5106 quia

155 5125 452 5195 quondam
493 5124 652 5193 palos
684 5123 738 5177 in
783 5124 982 5180 balteis
1021 5125 1305 5190 ferebatis,
1351 5133 1406 5180 et
1447 5132 1642 5194 egesta
1680 5125 1858 5181 humo

155 5211 307 5267 fossa
337 5211 632 5283 tegebatis,
672 5218 734 5266 ut
763 5219 952 5267 castra
983 5211 1165 5267 nitida
1195 5212 1305 5267 Deo
1339 5212 1659 5268 ambulanti
1689 5227 1856 5282 para-

158 5301 314 5367 retis,
368 5307 520 5355 certe
566 5299 794 5368 parvuli
842 5299 1037 5364 vestri,
1093 5307 1147 5356 et
1195 5301 1469 5371 coniuges
1511 5314 1546 5354 a
1596 5301 1859 5370 palorum

157 5387 594 5444 circumlatione
653 5388 959 5454 vacabant,
1019 5402 1125 5443 nec
1189 5388 1385 5443 minus
1447 5397 1634 5444 tamen
1700 5389 1860 5444 alvos

159 5477 350 5533 urinis
406 5475 871 5546 stercoribusque
927 5477 1217 5532 levabant.
1277 5477 1430 5532 Deus
1485 5477 1700 5548 itaque,
1757 5478 1857 5546 qui

1964 4435 2265 4490 corporum
2313 4421 2609 4476 aestimatis
2661 4421 2892 4476 haurire
2938 4419 3197 4490 putores!
3229 4419 3515 4474 Mirumne
3555 4417 3662 4472 fuit

1963 4508 2008 4562 si
2047 4509 2222 4564 Filius
2253 4511 2403 4565 Deus
2427 4518 2765 4579 corporatus
2801 4510 2937 4566 istas
2967 4509 3264 4574 sustinuit,
3300 4522 3431 4577 quae
3461 4521 3562 4561 vos
3597 4507 3652 4561 in

1963 4610 2300 4666 corporeum
2341 4599 2521 4652 Deum
2563 4612 2934 4668 nequaquam
2977 4612 3076 4666 per
3123 4596 3511 4665 quadraginta
3549 4608 3660 4647 an-

1965 4699 2068 4738 nos
2115 4685 2270 4754 apud
2327 4700 2428 4740 vos
2481 4686 2748 4742 tolerasse
2806 4686 3068 4756 negotia?
3119 4684 3270 4743 Nihil
3319 4699 3455 4739 sane
3512 4684 3661 4737 Deus

1965 4771 2136 4827 homo
2187 4775 2425 4843 gravius
2479 4775 2610 4830 tulit
2656 4790 2831 4846 quam
2880 4778 3026 4830 Deus
3069 4781 3255 4830 vester
3293 4781 3483 4828 vestra
3523 4779 3661 4827 tunc

1966 4860 2425 4916 murmuratione
2453 4862 2750 4917 sustinuit.
2797 4861 2922 4930 Ipse
2953 4873 3154 4916 revera
3190 4873 3293 4914 vos
3336 4859 3414 4913 uti
3462 4856 3662 4927 aquila

1965 4947 2154 5016 pullos
2200 4963 2335 5004 suos
2380 4951 2626 5018 portavit
2679 4950 2738 5004 in
2787 4949 3060 5013 humeris,
3115 4962 3260 5017 quos
3307 4945 3583 5001 victualia
3629 4960 3660 5000 e

1965 5037 2288 5092 coelestibus
2344 5038 2534 5104 missa,
2593 5038 2990 5106 miraculaqne
3045 5036 3386 5106 frequentia,
3446 5043 3501 5090 et
3559 5034 3659 5090 Dei

1964 5125 2279 5196 legationes
2342 5127 2623 5194 assiduae,
2687 5134 2742 5182 et
2805 5127 3131 5180 futurorum
3197 5125 3661 5180 denuntiationes

1967 5214 2246 5270 bonorum
2284 5230 2318 5270 a
2354 5215 2591 5285 querela
2635 5215 2899 5270 cohibere
2941 5228 3053 5269 non
3100 5221 3379 5282 poterant.
3414 5213 3662 5270 Facilius

1967 5303 2183 5359 scimus
2226 5305 2336 5359 Deo
2372 5311 2566 5360 nostro
2608 5317 2775 5358 suam
2820 5310 3074 5372 portasse
3113 5316 3366 5366 carnem,
3409 5302 3520 5357 imo
3561 5316 3658 5371 po-

1967 5391 2083 5446 tius
2129 5406 2379 5456 crucem,
2423 5407 2599 5462 quam
2647 5391 2722 5447 illi
2773 5400 2962 5448 vestro
3006 5401 3251 5448 vestram
3300 5391 3657 5462 inquietudi-

1966 5493 2118 5536 nem.
2154 5479 2296 5536 Cum
2321 5481 2475 5536 enim
2511 5479 2785 5537 occideret
2827 5495 2946 5546 vos,
2979 5481 3324 5549 quaerebatis
3353 5494 3522 5548 eum;
3562 5492 3660 5534 ore
