3934 6086
286 226 387 279 507

1199 225 1258 279 ν.
1298 223 1630 280 GUIBERTI
1664 222 1957 280 ABBA'I‘IS
1993 224 2050 279 S.
2089 222 2324 280 MABL‘E
2363 218 2451 278 DE
2487 221 2881 279 NOVIGENTO

3674 219 3789 274 508

284 368 420 412 eum
463 354 783 426 diligentes,
831 354 999 410 corde
1039 354 1280 410 mentiti.
1315 356 1438 409 lam
1490 368 1629 425 ergo
1666 354 1866 425 aliqua
1908 354 1978 410 de
2015 357 2061 409 A
2087 356 2271 410 tollis?
2312 356 2374 410 Si
2422 360 2481 409 tu
2526 371 2580 410 es
2633 357 2904 423 Christus,
2937 356 3025 411 dic
3073 356 3227 410 nobis
3262 357 3449 426 palam
3494 359 3665 424 (Joan.
3721 369 3788 421 x,

285 445 411 516 ejus
436 445 694 514 passione
720 443 1092 513 attingamus.

957 530 1187 587 CAPUT
1228 530 1292 585 II.

829 623 899 674 De
924 621 1132 676 Christi
1156 622 1427 688 passione.

354 711 705 776 Ingloriosus,
763 708 843 764 ait
897 710 1092 775 Isaias,
1141 714 1387 778 aspectus
1442 706 1557 778 ejus
1614 710 1757 763 inter
1805 711 1973 776 viros,

284 802 335 852 et
383 799 565 864 forma
620 799 734 865 ejus
789 799 943 851 inter
985 798 1124 865 ﬁlios
1185 798 1459 851 hominum
1510 799 1644 868 (Isa.
1708 814 1803 862 ιιι,
1864 799 1972 869 14).

283 891 557 955 Aspectus
584 893 638 940 et
686 885 886 951 forma,
938 900 1058 956 qua
1098 886 1387 955 speciosus
1423 894 1507 942 est
1546 902 1663 956 prae
1710 888 1842 943 tiliis
1886 889 1979 944 ho~

283 974 527 1041 minum,
580 974 770 1029 adhuc
823 975 1210 1030 contemnitur
1261 989 1295 1029 a
1338 975 1572 1043 Iudaeis,
1615 976 1754 1032 dum
1803 992 1977 1048 opera

284 1063 483 1118 divina
531 1071 891 1132 premuntur,
933 1071 987 1118 et
1029 1063 1222 1119 carnis
1267 1064 1612 1132 communio,
1660 1066 1977 1136 mortisque

287 1151 654 1221 proponitur.
700 1152 807 1206 Iste
844 1152 1093 1221 aspergit
1140 1152 1352 1208 multas
1397 1161 1591 1223 gentes
1634 1153 1821 1224 (Ibid,
1876 1155 1973 1225 15).

285 1240 447 1296 Unde
496 1246 775 1310 asperget,
828 1239 915 1295 vel
957 1240 1146 1309 quid?
1196 1240 1450 1309 Hyssopo
1493 1240 1658 1310 plane
1702 1242 1819 1309 illo,
1872 1243 1975 1312 qui

284 1328 544 1383 nascitur
576 1328 633 1382 in
684 1328 915 1397 pariete,
967 1343 1083 1397 quo
1132 1328 1315 1383 David
1368 1329 1592 1399 aspergi
1631 1344 1690 1384 se
1730 1330 1875 1397 vult,
1921 1337 1975 1386 et

285 1416 683 1483 mundabitur,
747 1430 863 1485 quo
928 1415 1134 1484 leprosi
1196 1416 1649 1486 aspergebantur
1716 1417 1773 1471 in
1836 1417 1975 1490 lege.

283 1506 554 1573 Asperget
597 1518 731 1557 vero
764 1502 1128 1572 sanguinem,
1161 1503 1257 1558 sed
1289 1518 1456 1559 suum
1493 1504 1683 1570 (chit.
1722 1519 1836 1573 xxv,
1879 1506 1971 1575 7):

286 1591 517 1660 multas,
572 1591 781 1662 inquit,
824 1599 1037 1662 gentes,
1082 1606 1196 1646 non
1237 1607 1433 1647 omnes
1471 1592 1629 1647 novit
1659 1593 1812 1649 enim
1860 1595 1970 1650 Do-

284 1679 481 1736 minus
508 1679 611 1749 qui
642 1687 777 1735 sunt
808 1681 953 1750 ejus.
998 1682 1171 1749 Super
1204 1682 1382 1749 ipsum
1413 1680 1757 1735 continebant
1799 1688 1978 1750 gentes

291 1766 409 1841 [al.,
453 1768 622 1839 reges]
673 1783 729 1823 os
782 1784 940 1823 suum
989 1771 1113 1835 (Isa.
1165 1784 1257 1836 LII,
1315 1768 1418 1835 l5).
1469 1768 1677 1825 Nullus
1727 1784 1981 1841 namque

284 1870 483 1913 eorum
519 1857 647 1912 licet
677 1856 1187 1924 sanctissimorum,
1217 1855 1319 1927 qui
1350 1857 1422 1911 ad
1454 1856 1741 1928 integrum
1770 1866 1981 1930 regunt

283 1945 521 2015 seipsos,
561 1945 1002 2014 dispensationis
1047 1945 1173 2016 ejus
1221 1945 1491 2015 mysteria
1541 1952 1818 2002 temerare
1872 1961 1978 2003 au-

283 2048 384 2090 sus
413 2041 530 2102 est;
581 2034 795 2103 quibus
838 2049 951 2089 non
993 2041 1076 2089 est
1120 2041 1421 2090 narratum
1459 2034 1527 2090 de
1565 2049 1650 2102 eo,
1688 2035 1975 2091 viderunt.

282 2122 398 2179 Nos
451 2136 654 2178 sumus
703 2123 804 2192 qui
856 2123 1137 2190 videmus,
1188 2124 1325 2194 quia
1384 2123 1442 2178 in
1489 2138 1621 2179 eum
1671 2123 1976 2192 credimus,

283 2210 413 2268 licet
467 2211 770 2283 aliquoties
826 2211 1006 2279 ipsius
1063 2211 1191 2267 fidei
1250 2211 1480 2281 plenam
1541 2211 1977 2281 intelligentiam

286 2310 401 2351 non
447 2296 786 2352 habeamus.
837 2297 1071 2352 Patrum
1114 2304 1306 2352 tamen
1348 2297 1514 2353 tidem
1549 2300 1822 2355 tenaciter
1849 2314 1979 2369 pro—

286 2384 607 2454 sequimur,
640 2391 695 2440 et
735 2384 903 2455 quasi
945 2385 1067 2439 sine
1109 2385 1477 2454 praedicatore
1520 2387 1975 2457 complectimur.

283 2472 355 2527 Et
384 2473 485 2542 qui
525 2487 639 2528 non
678 2472 1001 2539 audierant,
1035 2473 1398 2541 contemplati
1426 2482 1582 2542 sunt,
1624 2482 1755 2531 ante
1783 2476 1981 2532 oculos

281 2561 436 2616 enim
477 2561 684 2617 mentis
718 2567 925 2616 nostra:
970 2560 1328 2616 credulitatis
1369 2575 1563 2618 amore
1612 2563 1982 2633 praescriptus

282 2657 384 2716 est,
414 2664 589 2719 quem
628 2649 731 2705 etsi
765 2664 909 2718 pene
951 2649 1150 2705 nullus
1173 2649 1501 2718 annuntiat,
1534 2651 1759 2720 pietatis
1790 2660 1983 2709 tamen

282 2736 528 2805 allectat,
576 2738 660 2793 vel
702 2738 808 2793 hoc
855 2746 1039 2793 totum
1077 2746 1203 2794 est:
1236 2740 1397 2793 Multi
1434 2755 1584 2807 reges
1617 2745 1671 2796 et
1706 2743 1982 2810 prophetae

190 2862 192 2866 ν
281 2827 565 2880 voluerunt
608 2826 789 2882 videre
831 2843 949 2895 qua
993 2843 1086 2882 vos
1130 2827 1349 2892 videtis,
1379 2832 1430 2882 et
1474 2845 1579 2883 non
1625 2830 1900 2894 viderunt,
1932 2836 1983 2886 et

283 2915 477 2969 audire
523 2931 641 2984 qaz
686 2916 894 2970 auditis
941 2921 991 2971 et
1040 2931 1145 2971 non
1192 2916 1488 2971 audierunt
1530 2918 1684 2988 (Luc.
1735 2934 1791 2985 x,
1841 2919 1974 2988 24):

281 3009 336 3057 et
363 3010 608 3072 utraque
638 3011 825 3059 tamen
864 3004 1213 3067 habuerunt,
1250 3004 1389 3074 quia
1416 3004 1477 3059 in
1509 3012 1817 3061 venturum
1848 3020 1975 3060 cre-

282 3090 572 3145 diderunt.
626 3091 786 3147 Unde
821 3090 969 3146 idem
1020 3093 1342 3162 propheta:
1377 3094 1594 3148 Utinam
1640 3093 1975 3163 dirumperes

281 3180 433 3234 caelos
484 3183 535 3233 et
577 3181 787 3234 venires
840 3182 967 3250 (Isa.
1024 3196 1172 3245 wa,
1231 3182 1311 3247 l)!
1373 3181 1553 3238 leos
1611 3182 1826 3252 quippe
1882 3183 1976 3237 di-

280 3266 520 3337 rumpit,
564 3267 666 3338 qui
706 3268 767 3323 in
805 3267 1070 3326 effectum
1118 3269 1450 3340 prophetica
1478 3270 1547 3326 de
1594 3284 1652 3326 se
1695 3270 1976 3340 promissa

280 3354 576 3426 produxit.

351 3443 629 3515 Sequitur
682 3459 795 3501 vox
850 3447 1205 3503 credentium
1262 3454 1577 3518 conquesta
1624 3448 1692 3504 de
1745 3448 1908 3504 vobis
1959 3464 1972 3504 :

281 3533 410 3598 Quis
449 3535 684 3590 credidit
725 3535 943 3590 auditui
979 3541 1182 3604 nostro,
1226 3542 1279 3593 et
1317 3537 1599 3591 brachium
1637 3540 1852 3592 Domini
1888 3540 1977 3593 cui

278 3624 576 3678 revelatum
610 3629 689 3678 est
733 3625 864 3694 (Isa.
900 3640 1017 3692 Lm,
1054 3624 1157 3693 l)?
1203 3625 1294 3693 Iis,
1344 3625 1637 3695 inquiunt,
1689 3641 1822 3696 qum
1863 3641 1975 3683 au-

280 3710 551 3780 divnmus,
601 3712 653 3767 id
707 3719 792 3768 est
848 3712 1253 3780 intelleximus,
1307 3714 1408 3769 vix
1452 3715 1680 3770 credere
1732 3715 1973 3787 quidam

279 3799 502 3867 volunt,
553 3807 608 3855 et
656 3801 715 3854 in
771 3800 1023 3856 hominis
1070 3800 1401 3857 inﬁrmitate
1456 3816 1826 3873 nequaquam
1875 3804 1974 3860 Dei

281 3888 555 3944 fortitudo
611 3890 996 3959 cognoscitur.
1054 3893 1124 3945 Et
1173 3891 1422 3945 ascendet
1480 3894 1623 3946 sicut
1678 3894 1975 3960 virgultum

280 3976 468 4043 (Ibid,
490 3980 562 4043 2),
586 3977 725 4046 quia
755 3977 994 4034 humilis
1022 3979 1310 4049 apparuit,
1343 3980 1438 4036 sed
1471 3996 1649 4034 coram
1674 3996 1731 4034 eo
1757 3981 1972 4049 (Ibid),

280 4065 422 4134 quia
478 4065 596 4134 ipse
652 4073 737 4121 est
793 4067 851 4121 in
908 4081 1023 4138 quo
1080 4068 1233 4123 Patri
1288 4069 1654 4138 complacuit.
1705 4070 1974 4125 Ascendit

278 4153 450 4209 etiam
498 4153 665 4224 quasi
710 4155 881 4209 rudia:
924 4156 990 4209 de
1032 4161 1181 4209 terra
1217 4157 1442 4211 sitiendi
1490 4156 1677 4227 (Ibid),
1733 4159 1871 4227 quia
1913 4172 1973 4215 se

2083 445 2190 510 24).
2236 443 2364 499 Non
2414 444 2813 514 reputabatur,
2858 459 2989 500 cum
3032 452 3263 500 vorator
3299 453 3354 500 et
3401 445 3624 509 bibitor,
3656 442 3789 498 dm-

2083 532 2500 600 moniacusque
2543 540 2864 599 vocaretur,
2906 539 3006 587 aut
3038 531 3093 586 in
3126 546 3295 588 cruce
3328 533 3627 587 rideretur.
3664 533 3791 585 Pu-

2086 621 2339 683 tavimus,
2390 620 2596 689 inquit,
2639 636 2757 675 eum
2796 624 2956 688 quasi
2990 622 3277 689 leprosum,
3324 626 3374 674 et
3402 636 3724 690 percussum
3754 635 3795 673 a

2084 709 2208 774 Deo,
2251 713 2301 761 et
2349 709 2697 763 humiliatum
2738 710 2866 779 (Isa.
2903 725 3016 776 LIII,
3058 708 3133 780 4),
3179 714 3234 765 et
3271 709 3596 766 ludzeorum
3641 723 3794 763 voce

2084 810 2119 851 a
2166 796 2279 851 Deo
2322 811 2437 851 non
2489 812 2629 864 esse,
2682 805 2736 854 et
2784 807 3044 867 peccator
3083 812 3220 864 esse,
3276 797 3412 869 quia
3464 797 3799 852 Sabbatum

2086 900 2200 939 non
2268 885 2636 953 custodierat,
2704 886 3085 953 clamabatur,
3146 895 3199 942 et
3262 901 3363 956 pro
3425 886 3789 955 arrogantia,

2084 973 2222 1043 quia
2247 973 2345 1027 Dei
2380 973 2586 1030 Filium
2618 989 2675 1029 se
2706 975 2949 1040 dixerat,
2985 989 3290 1045 percussus
3325 989 3338 1029 :
3377 976 3497 1043 Ipse
3526 975 3792 1027 vulnera—

2086 1066 2169 1115 tus
2208 1066 2285 1115 est
2320 1068 2545 1130 propter
2574 1065 2894 1132 iniquitates
2936 1068 3172 1131 nostras,
3203 1069 3251 1117 et
3291 1068 3513 1116 attritus
3557 1068 3794 1131 prepter

2082 1151 2282 1203 scelera
2337 1155 2543 1203 nostra.
2605 1152 2736 1205 Vere
2787 1152 3071 1218 languores
3118 1159 3326 1206 nostros
3375 1154 3490 1219 ipse
3535 1152 3682 1217 tulit,
3738 1156 3795 1202 et

2084 1237 2291 1291 dolores
2330 1244 2540 1292 nostros
2584 1242 2698 1308 ipse
2735 1244 3005 1309 portavit.
3061 1242 3364 1310 Disciplina
3399 1241 3552 1310 pacis
3586 1246 3797 1293 nostrae

2083 1341 2245 1394 super
2286 1343 2404 1380 eum
2455 1327 2641 1397 (Ibid,
2695 1329 2746 1393 4,
2797 1332 2869 1397 5).
2918 1329 3045 1398 Ipse
3088 1328 3239 1384 enim
3290 1329 3484 1384 docuit
3539 1337 3593 1384 et
3651 1329 3797 1385 fecit

2084 1414 2316 1470 modum
2385 1416 2862 1471 reconciliationis
2928 1418 3001 1471 ad
3068 1418 3271 1472 Deum.
3328 1420 3398 1472 Et
3446 1420 3613 1471 livore
3663 1417 3796 1487 (jus

2083 1505 2269 1558 sanati
2300 1518 2491 1558 sumus
2517 1505 2706 1571 (Ibid,
2746 1508 2812 1572 ὅ).

2155 1590 2302 1658 Quid
2358 1606 2694 1661 prosequor,
2751 1593 2821 1648 de
2885 1592 3084 1650 alienis
3137 1608 3264 1649 mea
3321 1593 3510 1649 verbis
3574 1593 3800 1649 interti-

2015 1652 2056 1706 Β
2087 1652 2284 1735 ciens?
2336 1652 2439 1736 (iui
2492 1652 2765 1747 ascrib'is,
2798 1682 3012 1749 Iudice,
3047 1696 3178 1752 quae
3228 1682 3478 1752 przetuli,
3524 1688 3675 1736 220
3736 1691 3799 1738 et

2086 1781 2217 1837 quae
2248 1766 2730 1838 subsequuntur?
2761 1769 2891 1838 quis
2920 1777 3004 1824 est
3038 1768 3148 1835 ille,
3188 1769 3244 1823 in
3273 1784 3389 1838 quo
3420 1770 3602 1838 posuit
3634 1770 3799 1825 Deus

2086 1856 2449 1927 iniquitatem
2489 1858 2750 1913 omnium
2799 1864 3081 1914 nostrum.
3118 1857 3224 1922 Qui
3261 1858 3474 1912 oblatus
3520 1863 3618 1921 est,
3653 1860 3798 1925 quia

2084 1945 2274 2013 voluit,
2306 1961 2468 2014 osque
2495 1962 2653 2001 suum
2685 1963 2792 2002 non
2837 1949 3072 2014 aperuit,
3113 1949 3275 2015 quasi
3302 1949 3417 2000 ovis
3461 1946 3533 1999 ad
3563 1949 3794 2000 occisio-

2084 2048 2203 2086 nem
2248 2033 2462 2102 ductus,
2513 2038 2611 2104 qui
2655 2041 2716 2089 ut
2765 2051 2939 2102 agnus
2991 2050 3171 2089 coram
3217 2035 3465 2089 tondente
3520 2035 3797 2088 obmutuit

2087 2120 2263 2190 (Ibid.
2320 2124 2399 2189 7),
2451 2124 2549 2193 qui
2607 2123 2672 2178 de
2732 2126 2991 2191 angustia
3054 2130 3104 2177 et
3137 2124 3222 2177 ‘de
3267 2124 3479 2192 judicio
3540 2124 3795 2178 sublatus

2088 2209 2249 2279 (Ibid.
2302 2210 2375 2280 8),
2420 2218 2637 2266 tantam
2680 2211 2846 2267 habet
2878 2211 3302 2282 generationem
3346 2227 3476 2282 quze
3523 2211 3794 2266 enarrari

2087 2312 2202 2353 non
2251 2298 2442 2368 possit.
2486 2300 2610 2369 Ipse
2653 2301 2971 2355 secundum
3020 2299 3342 2369 opinionem
3387 2309 3632 2356 vestram
3683 2300 3797 2353 ab-

2085 2388 2261 2440 scisus
2297 2386 2363 2442 de
2396 2393 2543 2442 terra
2575 2391 2889 2455 viventium,
2930 2388 3086 2451 dabit
3119 2397 3307 2444 tamen
3345 2392 3539 2458 impios
3573 2405 3675 2458 pro
3705 2404 3794 2443 se-

2086 2477 2316 2545 pultura
2348 2477 2515 2543 (Ibid.
2563 2480 2614 2543 8,
2662 2478 2741 2548 9),
2794 2484 2858 2533 ut
2899 2491 2994 2532 eos
3028 2477 3084 2530 in
3134 2477 3415 2546 baptismo
3455 2476 3562 2532 sibi
3601 2492 3799 2531 consc-

2087 2563 2347 2632 peliendo
2381 2563 2453 2618 ab
2479 2565 2767 2634 impietate
2796 2564 3108 2631 distrahat;
3142 2570 3193 2618 ct
3232 2566 3453 2619 divitem
3483 2565 3643 2631 (Ibid.
3685 2564 3791 2633 9.),

2088 2650 2300 2707 scilicet
2347 2652 2662 2720 diabolum,
2717 2653 2896 2722 pretio
2940 2668 3060 2708 suae
3112 2654 3309 2709 mortis
3358 2654 3596 2709 occidat.
3646 2653 3794 2718 Quis

2088 2747 2189 2805 est,
2220 2753 2437 2808 precor,
2472 2749 2536 2795 ut
2577 2740 2829 2809 plurima
2859 2756 3058 2797 eorum
3092 2756 3224 2812 qua
3254 2751 3583 2811 sequuntur
3609 2742 3793 2797 omit-

2088 2835 2203 2884 tam
2240 2844 2253 2881 :
2293 2829 2544 2893 Quicum
2581 2830 2854 2883 sceleratis
2884 2835 3169 2898 reputatus
3194 2836 3272 2885 est
3305 2830 3493 2900 (Ibid.,
3530 2832 3640 2897 l2),
3682 2830 3791 2900 qui

2017 2947 2059 3002 ρ
2090 2924 2383 2985 peccatum
2428 2916 2743 2973 multorum
2785 2917 2936 2984 tulit,
2979 2918 3081 2988 qui
3121 2933 3223 2988 pro
3264 2918 3794 2989 transgressoribus

2085 3005 2272 3059 oravit
2325 3004 2528 3073 (Ibid),
2587 3012 2652 3061 ut
2719 3019 2835 3060 non
2901 3008 3170 3076 perirent.
3225 3007 3501 3077 Nunquid
3556 3007 3794 3061 Messias

2082 3091 2197 3159 ille,
2241 3106 2415 3162 quem
2450 3106 2552 3148 vos
2589 3094 2998 3163 prmstolamini
3038 3094 3277 3150 feliciter
3317 3103 3721 3160 regnaturum,
3752 3110 3791 3150 a

2083 3181 2246 3237 vobis
2292 3180 2384 3236 hic
2427 3182 2788 3252 signiﬁcatus
2827 3183 3168 3252 putabitur?
3216 3184 3345 3239 Non
3377 3184 3482 3239 hoc
3526 3183 3576 3240 ei
3615 3183 3792 3239 attri-

2084 3268 2280 3334 buitis,
2320 3276 2386 3325 ut
2423 3270 2668 3325 credatis
2696 3285 2909 3340 purum
2951 3271 3238 3327 hominem
3280 3272 3505 3327 dolores
3542 3280 3790 3339 vestros,

2082 3364 2139 3413 et
2184 3365 2416 3428 peccata
2470 3358 2744 3424 laturum,
2794 3374 2911 3414 non
2967 3359 3161 3415 minus
3205 3359 3550 3426 voluntarie,
3606 3374 3792 3429 quam

2083 3444 2417 3515 simpliciter
2448 3447 2815 3515 moriturum,
2858 3463 2989 3503 cum
3035 3448 3322 3504 sceleratis
3360 3449 3787 3518 deputandum,

2086 3547 2188 3604 pro
2217 3534 2756 3605 transgressoribus,
2784 3550 2855 3591 ne
2888 3544 3143 3606 pereant,
3171 3545 3495 3592 oraturum.

2153 3623 2401 3691 Simplex
2435 3624 2587 3677 homo
2636 3639 2737 3693 pro
2776 3629 3011 3694 peccatis
3045 3628 3366 3691 satisfacere
3406 3626 3664 3694 nequibat
3693 3656 3789 3680 —.

2084 3710 2153 3766 Et
2198 3725 2331 3767 cum
2379 3712 2699 3768 secundum
2750 3727 2853 3768 vos
2896 3727 3010 3769 non
3048 3714 3155 3769 hoc
3183 3714 3234 3769 ei
3279 3715 3576 3784 pertineat,
3623 3721 3790 3770 tanta

2083 3813 2215 3869 quae
2246 3798 2306 3854 in
2332 3813 2449 3855 uno
2478 3814 2543 3855 eo
2569 3814 2904 3868 convenere,
2934 3801 3162 3858 miseria
3188 3803 3400 3872 pariter
3420 3816 3487 3858 ac
3514 3810 3784 3872 potestas,

2085 3887 2143 3943 in
2174 3901 2351 3957 quam
2391 3887 2682 3943 videbitur
2718 3889 3064 3945 concessisse
3103 3904 3400 3960 personam
3423 3890 3452 3945 ‘l
3480 3890 3587 3956 Qui
3627 3890 3784 3945 enim

2082 3983 2282 4032 tantus
2327 3983 2412 4031 est
2461 3983 2544 4042 ut,
2594 3976 2709 4032 Deo
2758 3984 3186 4047 transponente,
3241 3979 3501 4034 omnium
3550 3986 3787 4048 peccata

2081 4072 2397 4135 supportet,
2430 4072 2495 4120 ut
2522 4074 2678 4134 puto,
2713 4079 2831 4121 non
2866 4066 3057 4133 homo,
3089 4068 3185 4122 sed
3230 4067 3381 4123 Deus
3408 4075 3508 4122 est.
3542 4066 3595 4121 Si
3624 4067 3784 4121 enim

2082 4167 2275 4209 coram
2309 4154 2417 4208 Deo
2447 4168 2561 4208 non
2587 4161 2690 4222 est,
2729 4168 2834 4210 nec
2870 4154 3059 4210 infans
3104 4156 3282 4211 unius
3321 4155 3452 4221 diei,
3485 4156 3530 4209 si
3561 4155 3633 4210 sit
3662 4154 3785 4209 vita

281 4255 483 4312 passus
529 4250 612 4298 est
659 4244 817 4299 tarde
864 4245 1145 4315 cognosci.
1198 4247 1320 4315 Ipse
1366 4245 1534 4316 plane
1584 4246 1782 4302 vivum
1839 4261 1970 4317 gra-
2009 4243 2053 4297 D
2083 4243 2210 4313 ejus
2253 4255 2427 4311 super
2470 4249 2703 4311 terram,
2750 4244 3027 4313 mundus,
3078 4244 3388 4314 praesertim
3438 4258 3568 4299 eum
3611 4242 3685 4299 sit
3714 4243 3789 4299 de

280 4344 424 4385 num
446 4329 630 4386 solum
654 4346 796 4402 pene
825 4333 1060 4400 mansit;
1090 4342 1408 4400 mortuum,
1443 4334 1688 4389 multum
1721 4335 1974 4390 fructum

282 4418 473 4475 attulit
508 4419 691 4487 (Joan.
751 4435 848 4487 xu,
900 4423 1017 4492 24).
1061 4423 1158 4478 Vel
1200 4422 1454 4478 ascendit
1485 4432 1760 4492 tanquam
1807 4423 1975 4478 radix

282 4507 351 4564 de
400 4515 555 4564 terra
601 4509 786 4576 arida,
834 4511 976 4580 quia
1025 4511 1142 4580 ipse
1184 4510 1292 4565 sibi
1331 4510 1493 4581 origo
1535 4511 1590 4565 in
1639 4511 1834 4578 Maria,
1881 4511 1975 4567 cui

282 4596 445 4652 nulla
476 4612 535 4652 se
564 4596 772 4654 infudit
806 4598 1043 4654 humani
1076 4598 1310 4653 seminis
1337 4599 1515 4653 unda.

352 4687 474 4743 Non
519 4692 599 4741 est
643 4689 841 4756 species
883 4688 933 4741 ei
979 4702 1149 4755 neque
1200 4687 1375 4742 decor.
1439 4688 1684 4741 Vidimus
1728 4703 1867 4752 eum,
1927 4692 1978 4742 et

281 4790 388 4829 non
425 4781 544 4830 erat
580 4780 846 4846 aspectus,
879 4780 929 4829 et
960 4775 1390 4831 desiderauimus
1432 4793 1552 4831 cum
1588 4777 1893 4844 despectum
1928 4781 1978 4831 et

282 4867 633 4919 novissimum
694 4866 958 4929 uirorum,
1024 4868 1206 4919 uirum
1278 4866 1560 4931 dolorum,
1622 4871 1674 4919 et
1728 4867 1978 4918 scientem

283 4953 674 5019 inﬁmitatem,
720 4956 773 5006 et
810 4953 974 5020 quasi
1011 4952 1359 5008 absconditus
1397 4954 1579 5006 uultus
1617 4952 1756 5021 ejus,
1803 4957 1853 5005 et
1884 4950 1977 5005 de-

285 5044 520 5106 spectus,
564 5037 707 5091 unde
748 5052 843 5092 nec
889 5040 1266 5106 reputavimus
1305 5055 1424 5092 eum
1473 5040 1604 5109 (lsa.
1652 5052 1767 5101 LIII,
1815 5039 1867 5104 2,
1900 5036 1973 5107 3).

286 5125 352 5180 In
382 5125 452 5180 iis
480 5124 690 5193 verbis,
727 5124 825 5179 ubi
857 5138 972 5180 non
1004 5139 1257 5194 personae
1285 5127 1430 5197 ejus,
1457 5126 1553 5181 sed
1585 5125 1978 5180 humanarum

286 5213 347 5268 in
415 5226 660 5282 persona
711 5212 1042 5283 passionum
1096 5213 1521 5283 despicabilitas
1572 5212 1654 5266 sic
1709 5219 1976 5278 notatur;

288 5299 430 5355 illud
463 5300 765 5369 quaestioni
798 5307 966 5369 patet,
997 5302 1172 5371 quod,
1204 5316 1375 5372 quem
1404 5302 1539 5357 dicit
1568 5299 1974 5364 desideratum,

288 5395 416 5458 post
445 5402 630 5458 pauca
667 5389 838 5444 refert
858 5404 963 5444 nec
1000 5398 1352 5460 reputatum.
1405 5389 1866 5456 Desiderabatur,
1913 5392 1981 5444 ut

293 5485 450 5548 puto,
497 5490 629 5532 eum
665 5477 717 5533 ei
749 5477 1085 5534 dicebatur:
1120 5480 1403 5550 Quousque
1445 5482 1686 5534 animam
1736 5486 1979 5534 nostram

2084 4330 2385 4386 immundo
2414 4338 2726 4400 conceptus
2750 4333 2984 4400 semine,
3015 4348 3147 4389 cum
3182 4333 3334 4388 dicat
3375 4332 3577 4397 David,
3607 4345 3784 4401 quem

2085 4418 2238 4474 Deus
2274 4418 2574 4475 invenerat
2614 4421 2932 4476 secundum
2977 4435 3074 4477 cor
3116 4435 3288 4476 suum
3325 4436 3337 4475 :
3371 4423 3438 4477 Si
3455 4423 3788 4489 iniquitates

2084 4508 2473 4569 observaveris,
2527 4511 2650 4576 quis
2703 4509 3011 4573 sustinebit,
3059 4511 3319 4564 Domine?
3366 4509 3534 4579 (Psal.
3585 4522 3785 4575 CXXIX,

2087 4597 2166 4665 3.)
2218 4596 2287 4650 Et
2333 4594 2508 4650 Isaias
2556 4611 2569 4648 ε
2618 4598 2810 4653 Omnes
2841 4598 3074 4663 justitizc
3118 4603 3317 4652 nostra
3359 4601 3521 4666 quasi
3569 4612 3789 4664 pannus

2085 4690 2434 4739 menstruam
2470 4686 2531 4738 in
2573 4690 2855 4754 conspectu
2903 4691 2991 4738 tuo
3033 4685 3160 4754 (Isa.
3214 4698 3363 4750 LXIV,
3417 4688 3491 4751 6).
3545 4685 3615 4739 Et
3665 4684 3790 4752 ipse

2086 4772 2326 4842 Moyses,
2369 4772 2473 4842 qui
2514 4772 2762 4829 aliorum
2810 4772 3229 4843 deprecabatur
3275 4773 3472 4839 exitia,
3519 4787 3623 4828 nec
3658 4772 3791 4829 aliis

2087 4860 2437 4931 impetravit,
2496 4870 2549 4917 et
2611 4862 2780 4931 culpa
2840 4861 3125 4933 exigente,
3184 4868 3338 4916 terra
3397 4860 3791 4931 promissionis

2085 4949 2291 5007 caruit.
2340 4949 2418 5014 Si,
2469 4950 2732 5021 inquam,
2770 4964 2969 5007 omnes
3014 4949 3261 5020 propriis
3307 4956 3445 5005 sunt
3491 4948 3789 5019 praepediti

2087 5038 2363 5107 rentibus,
2398 5040 2532 5108 quis
2562 5047 2647 5094 est
2684 5039 2785 5109 qui
2827 5039 3066 5095 idoneus
3102 5039 3362 5094 omnium
3403 5037 3619 5108 peccati
3648 5052 3789 5107 por-

2090 5134 2209 5182 tare
2248 5125 2320 5181 sit
2362 5126 2628 5195 pondus?
2659 5126 2712 5182 Si
2743 5127 2898 5182 enim
2927 5141 3131 5182 verum
3166 5134 3250 5182 est
3284 5126 3426 5196 quia
3452 5140 3542 5181 va:
3579 5125 3790 5181 lauda-

2086 5214 2186 5271 bili
2227 5214 2359 5270 vitae
2393 5214 2714 5282 hominum,
2761 5216 2809 5270 si
2848 5222 3067 5270 remota
3103 5216 3330 5285 pietate,
3375 5214 3699 5284 judicetur;
3729 5215 3788 5270 in

2084 5310 2393 5372 conspectu
2437 5303 2587 5359 enim
2647 5303 2748 5358 Dei
2791 5303 2980 5358 omnis
3030 5303 3232 5358 vivens
3278 5317 3393 5358 non
3432 5301 3791 5372 justifieatur

2087 5391 2253 5461 (Psal.
2296 5405 2467 5458 cxm,
2516 5394 2591 5462 2),
2637 5393 2924 5462 quomodo
2955 5391 3025 5447 de
3062 5402 3407 5461 paucorum,
3448 5404 3563 5445 non
3600 5391 3784 5446 dicam

2088 5481 2493 5536 universorum
2550 5481 2717 5536 malis
2775 5494 2948 5550 penes
3000 5481 3183 5537 Deum
3242 5487 3481 5552 acturus
3529 5486 3634 5547 est,
3687 5482 3786 5549 qui
