3928 6070
207 222 316 279 509

953 219 1200 277 TRACT.
1244 219 1335 276 DE
1376 217 1889 276 lNCAHNATIONE
1928 216 2205 275 CONTRA
2241 216 2539 274 JUDIEOS.
2589 247 2655 256 —
2695 216 2826 271 LIB.
2866 215 2964 271 III.

3608 217 3712 270 510

206 354 318 410 sibi
348 353 454 410 soli
487 350 928 410 insufﬁciendus
956 358 1043 407 est
1062 351 1091 406 7
1138 350 1195 406 Si
1224 357 1418 407 autem
1449 350 1519 406 de
1545 356 1907 419 peccatorum
1946 358 1989 411 Α
2014 350 2122 405 nisi
2152 364 2251 406 cor
2280 348 2411 405 ﬁdei
2438 347 2764 406 admoveris
2789 345 3213 419 aequanimiter,
3240 346 3367 419 ejus
3394 347 3471 402 rei
3528 361 3708 417 quam

206 444 530 513 quantitate
573 441 790 511 agitur,
842 439 1082 495 solerter
1128 437 1448 493 astruimus
1495 436 1722 493 nullum
1772 448 1905 505 par-

204 543 349 586 vum
379 529 493 585 dici
542 543 704 600 posse
755 536 1070 598 peccatum,
1103 526 1258 597 quod
1297 527 1369 581 ad
1407 526 1502 581 Dei
1552 524 1909 595 dignoscitur

208 618 335 674 ﬁeri
360 626 773 688 contemptum.
814 616 961 684 Quia
990 617 1169 688 igitur
1191 614 1577 671 satisfactione
1600 613 1735 683 quis
1762 613 1904 682 luat,

206 705 318 762 nisi
348 720 481 762 eum
513 719 686 776 quem
726 702 1025 760 offenderit
1068 702 1230 773 pium
1256 702 1412 772 apud
1452 714 1511 758 se
1540 701 1905 770 interpretem

208 794 455 851 habeat?

276 883 507 938 Justum
560 882 755 952 itaque
785 887 927 945 erat,
986 885 1051 934 ut
1093 877 1138 934 is
1182 891 1284 948 pro
1313 876 1647 933 hominibus
1688 882 1905 947 ageret,

204 972 332 1041 qui,
361 970 682 1026 secundum
714 969 868 1039 quod
900 968 1090 1035 homo,
1136 967 1280 1022 mori
1324 981 1429 1037 pro
1484 965 1713 1022 homine
1761 972 1910 1034 pote-

204 1068 297 1114 rat
324 1074 341 1128 ;
378 1058 594 1127 peccati
628 1065 819 1112 tamen
852 1070 1069 1117 exsors.
1104 1054 1404 1110 hominum
1436 1061 1664 1123 peccata
1711 1060 1908 1123 porta-

208 1155 336 1213 ret;
367 1155 421 1201 et
449 1146 767 1202 secundum
800 1145 953 1215 quod
1000 1145 1149 1199 Deus
1176 1151 1318 1210 erat,
1354 1143 1467 1198 Deo
1499 1151 1554 1198 et
1596 1141 1724 1210 sibi,
1768 1141 1908 1211 quia

205 1248 396 1289 unum
427 1240 582 1300 sunt,
615 1233 881 1288 eumdem
913 1229 1324 1287 reconciliaret.
1372 1230 1514 1287 Vide
1552 1243 1689 1300 ergo
1730 1242 1907 1300 quor-

203 1335 360 1388 sum,
414 1321 610 1377 Judzee
670 1334 943 1389 nequam,
998 1318 1275 1388 propheta
1326 1325 1462 1373 tuus
1498 1317 1775 1385 intendat,
1808 1317 1908 1372 ubi

204 1423 314 1465 nec
346 1409 516 1465 etiam
568 1409 909 1479 propheticis
936 1406 1279 1478 ambagibus
1316 1414 1617 1476 evagatur;
1652 1406 1749 1461 sed
1796 1405 1910 1461 vel-

204 1498 293 1554 uti
343 1497 707 1554 historialiter
738 1504 975 1566 narrat;
1007 1504 1061 1552 et
1090 1496 1136 1551 si
1185 1496 1540 1566 praeteritum
1574 1494 1906 1565 quempiam

203 1588 297 1643 cui
332 1594 616 1658 congruat
658 1587 862 1652 nescis,
911 1594 965 1640 et
1019 1585 1285 1640 futurum
1332 1584 1584 1654 ignoras,
1628 1597 1762 1639 eum
1811 1582 1907 1638 cui

205 1674 517 1731 innitimur
537 1682 685 1741 tene,
720 1674 779 1745 in
809 1687 926 1744 quo
956 1672 1111 1743 quod
1138 1672 1500 1743 praelibatum
1526 1679 1609 1727 est
1639 1670 1764 1726 luce
1778 1670 1902 1726 evi-
1944 1658 1985 1714 Β

208 1763 444 1819 dentius
490 1764 837 1833 completum
892 1769 1140 1817 constat.
1179 1761 1409 1817 Discute
1436 1760 1758 1832 evangelia,
1790 1760 1906 1815 dis-

210 1860 344 1906 cute
388 1850 545 1921 quod
594 1850 903 1918 credimus,
958 1849 1249 1920 prophetae
1300 1848 1465 1905 nobis
1493 1862 1728 1904 sensum
1764 1862 1906 1919 ape-

203 1938 324 1995 ruit
350 1939 514 1995 factis
544 1939 828 1995 Christus.

874 2026 1102 2082 CAPUT
1142 2027 1245 2082 Ill.

491 2118 683 2171 Utrum
713 2115 961 2171 Christus
996 2118 1135 2169 mori
1168 2118 1371 2185 potuit,
1404 2130 1477 2168 an
1505 2129 1632 2169 non.

281 2205 541 2258 Christus
589 2205 728 2257 Deus
777 2209 829 2259 et
880 2204 1034 2258 homo
1077 2209 1155 2258 est
1201 2206 1317 2257 sine
1359 2205 1673 2270 confusione
1702 2204 1909 2256 utrius-

207 2308 314 2362 que
342 2298 575 2346 naturae.
628 2293 809 2358 Quare
866 2292 1132 2346 hominem
1162 2294 1327 2345 Deum
1360 2307 1463 2361 pro
1493 2291 1739 2345 omnibus
1771 2291 1910 2343 mori

204 2396 415 2435 necesse
453 2385 590 2434 erat.
622 2410 691 2419 —
722 2379 883 2446 Quod
932 2380 979 2435 si
1020 2380 1158 2450 quia
1182 2394 1316 2435 eum
1347 2379 1456 2435 dici
1501 2380 1681 2435 Deum
1713 2378 1905 2447 audis,

206 2469 334 2525 ideo
360 2470 431 2525 de
463 2477 644 2525 morte
686 2470 963 2535 causaris,
1000 2470 1142 2523 mori
1195 2468 1349 2524 enim
1383 2469 1497 2523 Deo
1529 2483 1644 2523 non
1690 2481 1907 2523 conve-

207 2558 315 2622 nit,
357 2558 502 2613 scire
539 2557 710 2613 debes
756 2557 895 2628 quia
935 2558 1108 2624 Deus,
1157 2557 1260 2628 qui
1309 2557 1599 2613 hominem
1636 2556 1906 2626 suscepit,

205 2648 389 2703 Deum
447 2660 819 2717 nequaquam
876 2645 1225 2701 humanitati
1282 2644 1560 2710 confudit,
1591 2658 1694 2700 nec
1729 2644 1910 2699 homi-

212 2750 344 2791 nem
376 2736 489 2790 Deo
522 2734 772 2802 miscuit,
824 2735 921 2789 sed
969 2734 1027 2789 in
1070 2748 1130 2789 se
1172 2732 1454 2789 stabiliter
1499 2740 1745 2804 utraque
1780 2746 1909 2788 con-

203 2822 436 2879 sistente
466 2832 698 2890 natura,
758 2837 876 2878 una
902 2836 975 2878 ex
1024 2823 1275 2885 duabus,
1309 2831 1364 2877 et
1418 2821 1474 2875 in
1506 2821 1734 2876 duabus
1780 2820 1907 2876 sub-

206 2911 436 2968 stantiis
461 2911 679 2967 exstitit
736 2911 855 2982 ipse
906 2924 1165 2981 persona.
1211 2910 1335 2977 Qua
1363 2923 1499 2980 ergo
1536 2918 1693 2979 parte
1724 2909 1907 2964 homi-

2012 454 2247 495 exosam
2274 440 2488 495 habeas
2520 439 2798 495 rationem
2839 444 2965 494 291
3002 439 3287 507 suscipere
3326 451 3439 492 non
3474 436 3700 506 poteris.

2089 529 2335 583 Danielis
2392 528 2457 581 de
2512 528 2723 584 Christo
2779 527 3073 596 prophetia
3128 525 3474 594 empenditur.
3519 554 3587 563 -—
3638 524 3704 580 Et

2015 618 2154 687 quia
2197 616 2542 687 propheticis
2596 619 2651 672 te
2697 616 2948 672 oraculis
2987 614 3327 684 compellare
3354 615 3477 685 jam
3528 613 3699 684 empi-

2016 722 2169 774 mus,
2207 714 2262 762 et
2311 714 2540 761 tuorum
2598 705 2697 761 tibi
2754 704 3117 760 voluminum
3166 703 3443 757 innovare
3491 715 3702 757 memo-

2014 796 2182 862 riam,
2243 793 2510 865 argutius
2556 794 2711 849 enim
2780 793 3023 849 aliorum
3106 792 3365 848 carmina
3420 789 3702 847 discutere

2012 884 2279 950 solemus,
2333 895 2509 952 quam
2564 890 2781 950 nostra,
2830 883 2967 939 audi
3001 881 3286 937 Danielem
3336 878 3486 949 ipsos
3530 894 3701 935 even-

2014 978 2127 1039 tus,
2176 978 2230 1027 et
2257 978 2571 1026 eventuum
2623 977 2992 1040 contempera
3040 968 3442 1024 declarantem.
3474 968 3703 1036 Septua-

2014 1060 2169 1130 ginta
2247 1060 2600 1113 hebdomadcs
2679 1059 3006 1113 abbreviatae
3049 1064 3175 1111 sunt
3221 1072 3383 1126 super
3444 1058 3705 1125 populum

2015 1154 2188 1214 tuum,
2220 1154 2270 1202 et
2305 1163 2470 1216 super
2498 1148 2684 1202 urbem
2738 1152 2983 1201 sanctam
3036 1152 3203 1212 tuam,
3260 1153 3318 1199 ut
3371 1159 3703 1199 consumme-

2017 1243 2107 1292 tur
2161 1239 2561 1307 przvaricatio,
2633 1242 2683 1290 et
2754 1240 2912 1305 finem
2969 1238 3206 1304 accipiat
3280 1241 3578 1303 peccatum,
3656 1235 3707 1286 et

2014 1326 2259 1381 deleatur
2302 1327 2592 1393 iniquitas,
2642 1330 2693 1378 et
2737 1324 3049 1378 adducatur
3090 1324 3315 1393 justitiu
3357 1324 3705 1390 sempiterna,

2013 1423 2064 1469 et
2101 1416 2395 1484 impleatur
2448 1416 2588 1468 visio
2641 1417 2693 1466 et
2732 1414 3043 1482 prophetia,
3077 1418 3128 1466 et
3176 1416 3417 1479 ungatur
3471 1411 3705 1465 Sanctus

2014 1509 2323 1558 sanctorum
2355 1504 2516 1575 (Dan.
2548 1517 2624 1564 1x,
2657 1500 2768 1571 24).
2830 1501 3090 1571 Iutellige
3132 1501 3402 1570 angelum
3456 1498 3708 1568 prophe-

2014 1600 2085 1648 tae
2118 1593 2463 1662 loquentem,
2497 1605 2564 1646 ac
2616 1590 2664 1645 si
2692 1590 2941 1646 diceret:
2974 1588 3252 1656 Quoniam
3298 1588 3366 1643 de
3400 1585 3591 1657 populi
3624 1584 3708 1641 tui

2015 1681 2361 1738 abductione
2412 1688 2466 1735 et
2494 1680 2843 1750 dispersione
2897 1677 3284 1748 conquereris,
3320 1675 3504 1745 spatia
3543 1674 3708 1729 adhi-

2017 1769 2183 1824 bendi
2217 1767 2450 1824 remedii
2500 1768 2680 1824 Deum
2733 1766 2945 1822 factum
3004 1766 3313 1837 propitium
3353 1763 3710 1820 contraxisse

2015 1856 2265 1922 noveris,
2312 1865 2376 1912 ut
2432 1856 2681 1927 populus
2729 1854 2960 1927 quidem
2995 1856 3065 1911 de
3110 1854 3347 1925 justitiis
3394 1852 3584 1908 carnis
3636 1851 3709 1907 ad

2015 1945 2371 2015 spiritualem
2429 1958 2549 2000 sese
2597 1944 2904 1999 transferat
2971 1942 3216 2009 cultum,
3274 1949 3328 1997 et
3388 1940 3527 1996 urbs
3591 1939 3705 2008 illa,

2011 2033 2132 2105 jam
2191 2033 2397 2089 Christi
2473 2032 2758 2104 sanguine
2832 2039 3051 2098 sancta,
3132 2029 3296 2085 novis
3365 2036 3708 2084 vetustatem

2015 2122 2263 2177 mutabit
2316 2120 2655 2189 honoribus,
2717 2128 2779 2177 ut
2833 2118 3294 2190 praevaricatoris
3347 2118 3481 2173 Adae
3538 2116 3711 2185 culpa

2016 2210 2260 2277 fatiscat,
2292 2217 2346 2265 et
2387 2208 2547 2276 illud,
2582 2209 2736 2279 quod
2784 2208 3235 2263 antonomastice
3283 2216 3575 2277 peccatum
3602 2212 3707 2270 est,

2015 2298 2335 2354 idololatria
2361 2297 2782 2368 inﬁdelitasque
2811 2297 3053 2352 deﬁciat.
3086 2296 3153 2351 Et
3178 2294 3462 2365 quidquid
3491 2294 3710 2364 absque

2015 2388 2289 2458 aequitate
2318 2387 2391 2442 ad
2451 2387 2778 2456 proximum
2834 2386 3075 2457 geritur,
3110 2384 3390 2454 sopiatur,
3440 2392 3495 2439 et
3542 2383 3707 2452 quie-

2014 2462 2156 2541 scat,
2190 2484 2244 2533 et
2279 2476 2604 2531 adducatur
2645 2489 2759 2530 non
2803 2480 3069 2541 sanctum,
3126 2481 3189 2529 ut
3246 2473 3324 2528 ait
3381 2471 3707 2541 Apostolus,

2014 2567 2269 2620 saeculare
2300 2564 2485 2633 (Hebr.
2541 2579 2614 2628 ix,
2669 2562 2743 2633 1),
2773 2562 2869 2617 sed
2909 2563 3137 2630 justitia
3164 2564 3528 2630 sempiterna;
3563 2559 3712 2614 hanc

2013 2652 2166 2709 enim
2199 2652 2529 2723 erigendam
2584 2651 2819 2706 domum
2869 2650 3026 2705 decet
3058 2648 3381 2705 sanctitudo
3432 2648 3486 2701 in
3536 2645 3713 2717 longi-

2016 2742 2271 2799 tudinem
2329 2740 2577 2807 dierum,
2641 2746 2703 2795 ut
2783 2738 3093 2804 visionum,
3166 2750 3234 2791 ac
3297 2734 3711 2805 prophetarum

2015 2830 2237 2888 effectui
2271 2830 2592 2899 mancipata
2632 2827 2919 2884 reveletur
2976 2825 3242 2896 impletio.
3281 2825 3351 2879 Et
3382 2824 3489 2878 hoc
3529 2830 3711 2879 totum

2020 2921 2112 2976 fiet
2140 2919 2374 2991 quando
2404 2918 2526 2974 oleo
2561 2915 2769 2972 laetitiae
2806 2930 2921 2986 prae
2952 2913 3328 2985 participibus
3352 2914 3474 2968 suis
3520 2912 3711 2967 Sancti

206 3013 361 3065 nem,
396 3012 465 3055 ea
495 2999 695 3055 merito
725 3014 785 3055 se
838 2999 1082 3069 praebuit
1135 2998 1254 3068 ipse
1307 2998 1630 3065 mortalem,
1661 3004 1723 3053 ut
1770 2998 1911 3067 quia
1947 2998 1987 3018 υ
2017 3016 2348 3065 sanctorum
2379 3006 2765 3063 celebrabitur
2788 3005 3000 3061 unctio,

207 3101 365 3143 mors
396 3102 468 3143 ex
499 3095 729 3157 peccato
760 3088 1089 3154 obvenerat,
1121 3088 1239 3156 ipse
1272 3086 1484 3156 peccati
1513 3100 1737 3155 expers,
1774 3099 1907 3141 cum

204 3182 410 3245 sponte
454 3190 514 3231 se
562 3176 729 3232 morti
785 3175 1074 3231 addiceret
1106 3177 1308 3245 (quam
1355 3183 1565 3241 tamen,
1609 3174 1749 3244 quia
1791 3187 1908 3229 non

206 3271 566 3333 peccaverat,
627 3264 880 3319 indebita
951 3263 1169 3333 ferret),
1226 3277 1423 3319 omnes
1477 3263 1758 3319 obnoxios
1828 3261 1911 3316 illi

205 3352 431 3407 miserae
462 3351 776 3408 conditioni
807 3352 1144 3408 absolveret.
1191 3351 1412 3407 Natura
1452 3365 1705 3421 namque
1747 3351 1911 3406 nulla

204 3440 322 3495 alia
353 3448 561 3510 praeter
585 3454 732 3507 eam,
767 3455 898 3511 quae
928 3448 1281 3510 peccaverat,
1312 3454 1416 3510 pro
1456 3439 1653 3495 eadem
1686 3439 1908 3495 satisfa-

209 3542 343 3583 cere
399 3536 637 3598 poterat.
692 3529 1031 3600 Congruum
1087 3537 1278 3584 tamen
1307 3542 1424 3583 non
1452 3535 1616 3596 esset,
1652 3535 1716 3584 ut
1752 3526 1906 3597 quod

206 3617 546 3672 humanitas
601 3617 995 3685 commisisset,
1054 3617 1124 3672 de
1175 3616 1433 3688 angelico
1480 3616 1771 3687 quispiam
1817 3629 1911 3670 or-

208 3705 346 3761 dine
376 3707 656 3775 expiaret.
683 3708 844 3761 Juste
875 3707 1072 3776 itaque
1100 3704 1291 3771 homo,
1345 3704 1446 3775 qui
1479 3706 1738 3760 omnium
1772 3717 1907 3759 cau-

205 3807 303 3850 sas
355 3794 509 3864 apud
570 3795 748 3850 Deum
807 3794 1142 3857 insumeret,
1185 3793 1282 3849 sed
1326 3793 1448 3849 sine
1499 3793 1684 3862 culpae
1733 3793 1911 3848 ullius

209 3882 441 3938 macula
482 3882 607 3938 fuit.
660 3882 804 3939 Nam
837 3883 977 3952 quia
1027 3882 1107 3938 nil
1138 3880 1358 3951 debuit,
1387 3888 1444 3937 et
1472 3895 1506 3936 a
1544 3881 1769 3938 diabolo
1803 3881 1907 3936 im-

209 3970 423 4040 petitus
453 3979 686 4028 coactus
713 3979 797 4027 est
822 3972 1045 4027 solvere
1085 3984 1217 4041 quae
1250 3985 1365 4025 non
1396 3972 1609 4040 rapuit,
1641 3985 1775 4027 eum
1807 3970 1908 4040 qui

208 4073 270 4114 se
299 4059 679 4130 impetiverat,
714 4061 811 4116 sed
843 4060 1071 4131 injuste,
1105 4059 1404 4129 corripuit,
1448 4066 1503 4115 et
1553 4061 1625 4115 ab
1669 4058 1911 4114 humani

208 4149 436 4218 generis
471 4149 818 4217 possessione
859 4147 1171 4205 submovit.
1203 4149 1347 4203 Cum
1386 4161 1522 4219 ergo
1555 4162 1613 4204 se
1664 4148 1911 4203 moriens

211 4236 464 4303 homine,
492 4245 548 4291 et
576 4236 870 4292 diabolum
919 4237 1151 4292 domino
1186 4236 1277 4305 [r.,
1311 4235 1583 4307 dominio]
1614 4236 1813 4303 exuit;
1853 4243 1909 4291 et

210 4324 367 4379 unde
394 4325 713 4381 secundum
740 4333 899 4381 tuam
919 4325 1244 4395 opinionem
1268 4324 1535 4380 infirmus
1559 4324 1686 4390 fuit,
1711 4337 1909 4394 super-

207 4413 306 4469 bia
366 4412 542 4469 hostis
594 4427 720 4481 sua,
770 4421 833 4469 ut
892 4427 997 4484 par
1048 4420 1190 4481 erat,
1268 4413 1591 4470 humilitate
1645 4412 1904 4480 confusa,

208 4501 379 4559 nobis
406 4502 593 4557 virtus
621 4502 890 4558 accrevit.

282 4590 437 4646 Dicis
493 4590 779 4646 forsitan:
838 4589 948 4658 Qui
980 4591 1133 4647 Deus
1180 4596 1324 4659 erat,
1385 4604 1500 4646 non
1544 4588 1746 4660 potuit,
1797 4588 1909 4645 nisi

207 4686 552 4744 moreretur,
589 4680 643 4735 id
671 4679 855 4735 facere
877 4679 905 4733 ?
938 4678 1149 4747 Potuit,
1184 4678 1446 4750 inquam,
1480 4688 1536 4735 et
1569 4681 1717 4735 Deus
1747 4687 1904 4746 tuus,

207 4781 344 4823 cum
402 4768 650 4823 Abrahae
703 4769 759 4823 in
817 4768 1067 4824 convalli
1105 4768 1397 4838 apparuit,
1449 4775 1505 4824 et
1553 4769 1792 4839 jejunus
1849 4768 1907 4823 in

206 4855 421 4912 caelum
451 4857 655 4912 redire.
707 4856 765 4912 Si
794 4857 951 4912 dicas
999 4856 1139 4912 mihi
1189 4870 1395 4912 causas
1434 4857 1681 4926 prandii,
1726 4856 1908 4912 multo

206 4944 485 5001 clariores
513 4945 782 5014 polliceor
829 4960 919 5001 me
964 4959 1169 5001 causas
1200 4945 1388 5001 dicere
1412 4959 1574 5016 posse
1616 4944 1906 5015 supplicii.

206 5034 267 5091 Si
294 5033 512 5089 diceres
544 5032 683 5089 mihi
716 5050 729 5087 :
768 5034 918 5090 Deus
965 5041 1170 5101 vester,
1204 5034 1305 5105 qui
1333 5034 1381 5090 si
1430 5035 1617 5103 vellet,
1652 5041 1715 5090 ut
1761 5034 1909 5089 dici—

206 5132 328 5187 tur,
378 5121 540 5178 fabas
567 5136 779 5177 aurum
826 5122 1055 5189 faceret,
1097 5136 1204 5177 cur
1256 5123 1585 5193 praeceperit
1632 5130 1696 5178 ut
1736 5137 1910 5192 super

207 5225 377 5276 auro,
423 5218 478 5266 et
508 5218 766 5282 argento,
800 5224 867 5266 ac
898 5210 1150 5267 vestibus
1180 5209 1341 5266 fraus
1385 5211 1692 5267 inferretur
1716 5211 1908 5281 Egyp~

207 5299 348 5357 tiis?
365 5299 431 5355 Et
458 5312 641 5370 quare
668 5299 804 5369 agni
826 5299 1111 5369 sanguine
1134 5286 1345 5355 vestris
1376 5298 1514 5355 illito
1541 5299 1797 5370 postibus
1814 5312 1912 5353 an-

206 5388 377 5460 gelus
406 5388 559 5444 ultor
572 5387 887 5458 pepercerit
911 5387 1460 5459 primogenitis‘lego
1472 5388 1911 5444 occasionestibi

208 5475 666 5535 luculentissima
694 5476 969 5532 disseram
1018 5476 1317 5547 passionis.
1374 5476 1500 5533 Scio
1542 5484 1732 5533 autem
1771 5475 1913 5548 quia

2086 3098 2251 3163 Scito,
2330 3096 2538 3166 inquit,
2599 3099 2650 3148 et
2732 3092 3160 3147 animadverte:
3244 3090 3330 3145 Ab
3389 3091 3543 3144 exitu
3595 3103 3709 3142 ser-

2015 3188 2188 3239 monis
2239 3189 2301 3239 ut
2360 3187 2556 3238 iterum
2629 3180 2932 3251 aediﬁcetur
3002 3180 3329 3245 Jerusalem,
3406 3192 3574 3246 usque
3636 3175 3711 3229 ad

2018 3276 2303 3329 Christum
2368 3273 2575 3339 ducem,
2655 3270 3009 3325 hebdomadas
3078 3275 3297 3337 septem,
3379 3274 3428 3321 et
3501 3266 3710 3321 hebdo-

2016 3361 2202 3415 mades
2280 3363 2568 3428 sexaginta
2647 3358 2769 3413 duae
2834 3362 2993 3411 erunt
3065 3357 3223 3426 (Dan.
3275 3372 3351 3420 1x,
3427 3356 3537 3423 25).
3618 3352 3704 3408 Ab
3760 3380 3773 3393 ε

2017 3449 2183 3505 exitu
2232 3448 2513 3503 sermonis
2561 3461 2677 3517 quo
2707 3461 2741 3501 a
2791 3446 2962 3501 Dario
3015 3446 3180 3516 jussa
3206 3452 3289 3500 est
3320 3443 3545 3499 restitui
3575 3441 3711 3497 civi-

2018 3544 2126 3604 tas,
2155 3544 2209 3592 et
2240 3536 2539 3606 templum,
2591 3534 2767 3589 habes
2818 3547 3127 3589 numerum
3184 3545 3473 3587 annorum
3524 3543 3711 3599 usque

2017 3626 2090 3681 ad
2125 3624 2414 3681 Christum
2447 3622 2767 3694 specialiter
2794 3623 3020 3678 ducem.
3075 3620 3467 3677 Hebdomades
3517 3627 3710 3674 autem

2016 3727 2132 3768 non
2167 3712 2413 3777 dierum,
2459 3712 2555 3767 sed
2605 3723 2891 3766 annorum
2928 3708 3198 3779 intellige.
3231 3706 3488 3774 Qualiter
3516 3714 3708 3760 autem

2017 3809 2232 3871 septem
2282 3799 2479 3870 prima:
2543 3799 2944 3866 hebdomades,
2996 3805 3051 3853 et
3106 3795 3348 3852 residuae
3407 3794 3711 3865 sexaginta

2018 3890 2148 3945 duae
2179 3888 2485 3960 vigilanter
2508 3888 2648 3943 adeo
2682 3886 3076 3943 subdistinctze
3123 3892 3259 3940 sunt
3305 3882 3707 3953 intelligendas,

2018 3977 2193 4033 lector
2221 3976 2377 4047 apud
2419 3976 2831 4046 Hieronymum
2890 3975 3128 4045 (Expos.
3162 3977 3222 4027 in
3282 3972 3502 4027 Daniel.
3537 3971 3634 4027 lib.
3669 3988 3707 4037 ι,

2018 4081 2139 4135 cap.
2174 4066 2255 4136 9),
2286 4065 2726 4135 quamplurium
2780 4063 2919 4119 inibi
2961 4073 3265 4119 auctorum
3312 4059 3711 4131 compilatione

2018 4154 2187 4217 facta,
2221 4153 2498 4223 requirat.
2535 4154 2603 4210 Ut
2634 4152 2884 4209 breviter
2912 4166 3047 4208 vero
3090 4157 3415 4223 cognoscat,
3474 4156 3711 4218 septua-

1947 4269 1990 4323 ι)
2020 4241 2201 4312 ginta,
2236 4242 2343 4296 nisi
2374 4241 2558 4308 fallor,
2592 4241 2994 4307 hebdomades,
3046 4238 3501 4309 quadringentos
3529 4249 3711 4291 nona-

2018 4329 2179 4399 ginta
2208 4330 2501 4385 continent
2529 4343 2732 4385 annos.
2766 4331 2831 4384 Et
2877 4333 2999 4398 post
3028 4326 3382 4383 hebdomades
3420 4326 3712 4392 sexaginta

2016 4418 2155 4472 duas
2188 4418 2460 4472 occidetur
2492 4419 2760 4480 Christus,
2793 4423 2844 4472 et
2872 4433 2979 4471 non
3009 4419 3114 4471 erit
3145 4417 3262 4485 ejus
3308 4415 3563 4484 populus,
3614 4414 3712 4481 qui

2016 4520 2133 4560 eum
2153 4513 2449 4574 negaturus
2470 4511 2565 4572 est,
2593 4512 2644 4560 et
2668 4509 2941 4561 civitatem
2962 4511 3011 4560 et
3025 4507 3397 4561 sanctum-ium
3415 4502 3711 4571 dissipabit

2010 4596 2247 4664 populus
2300 4609 2421 4647 cum
2472 4594 2603 4647 duce
2649 4600 2890 4655 venturo.
2941 4600 2992 4647 et
3036 4595 3162 4663 ﬁnis
3199 4593 3315 4663 ejus
3354 4593 3605 4656 vastitas,
3660 4595 3711 4643 et

2013 4688 2136 4752 post
2183 4686 2343 4752 ﬁnem
2403 4681 2531 4737 belli
2581 4687 2790 4737 statuta
2836 4683 3095 4736 desolatio
3152 4681 3341 4751 (lbid.,
3390 4680 3505 4749 26).
3570 4679 3707 4742 Hac,
3802 4664 3815 4673 \

2017 4770 2225 4840 inquit,
2256 4778 2459 4826 exacta
2504 4784 2793 4826 annorum
2851 4770 3015 4836 serie,
3069 4769 3204 4838 ipsa:
3261 4778 3554 4824 vocaturze
3614 4767 3706 4838 [r.,

2015 4858 2351 4929 vacaturae],
2419 4866 2472 4914 et
2519 4858 2892 4914 essentialiter
2969 4857 3231 4913 Christus
3287 4857 3596 4919 occidetur,
3656 4864 3711 4911 et

2018 4948 2267 5019 populus
2297 4947 2398 5017 qui
2432 4947 2693 5002 dicturus
2723 4954 2806 5002 est
2838 4961 2851 5000 :
2911 4948 3029 5002 Non
3080 4946 3341 4999 habemus
3394 4961 3570 5010 regem
3599 4946 3713 4999 nisi

2016 5037 2277 5093 Caesarem
2335 5036 2509 5105 (Joan.
2569 5049 2686 5097 XIX,
2741 5037 2846 5103 15),
2901 5034 3281 5090 conclamabit
3326 5033 3544 5089 Pilato:
3588 5034 3713 5089 Noli

2017 5125 2249 5179 scribere
2281 5125 2443 5179 :Rem
2491 5124 2803 5180 Judaeorum
2836 5123 3020 5192 (lbid.,
3082 5126 3194 5193 21).
3246 5121 3353 5178 Cui
3405 5129 3604 5177 contra
3650 5122 3710 5177 iu

2021 5212 2262 5268 Psalmis
2294 5211 2442 5268 tituli
2479 5212 2907 5282 inscriptionem
2939 5225 3009 5266 ne
3038 5224 3394 5281 corrumpas.
3430 5210 3518 5264 Ex
3548 5217 3711 5279 patre

2020 5300 2245 5356 diabolo
2295 5300 2423 5369 erit,
2504 5315 2618 5355 non
2686 5301 2833 5371 ejus,
2918 5298 3311 5370 quapropter?
3374 5297 3520 5365 Quia
3595 5313 3711 5354 non

2022 5388 2289 5458 cognovit
2323 5397 2544 5457 tempus
2598 5388 2939 5444 visitationis
2985 5404 3103 5444 sum
3137 5391 3281 5451 (Luc.
3324 5402 3440 5451 xxx,
3496 5389 3623 5453 4's);
3657 5397 3711 5443 et

2024 5477 2247 5545 urbem,
2281 5485 2335 5533 et
2366 5478 2763 5536 sanctuarium
2806 5476 3107 5551 dissipabit
3140 5478 3387 5551 populus
3420 5462 3711 5540 Romanus
3792 5522 3799 5529 .
