3928 6070
236 227 331 277 511
1117 224 1178 279 ν.
1222 221 1559 279 GUIBERTI
1599 219 1893 276 ABBATIS

2098 220 2275 275 ARle
2312 220 2403 275 DE
2442 219 2571 275 NOV
2583 219 2830 276 [GENTO

3628 221 3733 271 512

237 375 370 417 cum
428 360 573 416 duce
624 358 993 430 Vespasiano,
1059 338 1228 429 cujus
1285 358 1365 414 rei
1426 357 1559 435 ﬁnis
1615 370 1926 427 perennem
1968 354 2260 426 Aignoro.
2321 357 2438 411 Hoc
2486 363 2676 411 tamen
2733 354 2870 422 scio,
2912 354 3052 426 quia
3104 355 3148 411 si
3200 355 3282 411 sic
3336 355 3594 411 eminens
3621 360 3734 421 est,

238 448 374 504 inibi
410 448 775 504 habitationis
805 447 1058 503 Judaicze
1086 448 1266 517 pariet
1286 452 1629 507 vastitatem.

304 540 376 592 Et
426 541 550 606 post
592 537 716 589 belli
762 538 919 604 ﬁnem
968 536 1136 605 (Dan.
1190 553 1263 605 Ix,
1322 540 1436 611 26),
1496 539 1679 594 ﬁxum
1717 534 1928 591 faciens

237 624 392 694 quod
422 623 587 687 dixit,
631 623 948 693 ingeminat
982 639 994 677 :
1062 625 1482 683 Exterminium
1534 626 1679 680 idem
1712 629 1929 679 statuta

235 711 576 767 desolatione
633 711 977 766 lirmabitur.
1046 713 1407 781 Conﬁrmabit
1472 720 1650 769 autem
1705 717 1929 782 pactum

233 800 418 853 multis
476 799 811 853 hebdomada
863 815 975 854 una
1025 816 1037 853 :
1097 806 1147 855 et
1192 805 1251 856 in
1303 804 1531 858 dimidio
1578 798 1927 855 hebdomadis

233 887 442 957 deﬁciet
490 889 667 941 hostia
715 892 766 941 et
822 890 1151 956 sacriﬁcium
1200 906 1213 943 :
1290 897 1340 945 et
1421 893 1480 945 in
1557 891 1749 959 templo
1819 890 1929 943 erit

232 975 560 1029 abominatio
608 976 974 1039 desolationis,
1020 983 1070 1031 et
1117 993 1285 1049 usque
1313 980 1387 1033 ad
1421 978 1929 1034 consummationem

232 1068 282 1116 et
320 1066 479 1132 ﬁnem
530 1063 899 1133 perseverabit
945 1064 1204 1120 desolatio
1266 1068 1451 1131 (Ibid,
1496 1066 1607 1134 27).
1660 1066 1796 1132 Quae
1844 1071 1929 1119 est

230 1152 382 1207 enim
416 1152 744 1219 hebdomas,
787 1166 905 1222 qua
934 1153 1237 1209 conﬁrmat
1287 1155 1481 1210 multis
1531 1162 1785 1225 pactum,
1818 1153 1927 1209 nisi

233 1241 388 1310 quod
421 1240 563 1295 alias
615 1240 846 1303 dicitur,
912 1243 1156 1310 Tempus,
1189 1248 1238 1297 et
1283 1250 1524 1313 tempora
1553 1250 1603 1297 et
1636 1243 1928 1297 dimidium

233 1331 487 1398 temporis
548 1330 747 1399 (Apoc.
806 1343 904 1395 xu,
971 1330 1080 1397 14),
1144 1338 1256 1386 tres
1301 1331 1565 1388 videlicet
1652 1331 1810 1397 anni,
1873 1338 1927 1387 et

234 1416 510 1472 dimidius
569 1416 989 1486 praedicationis
1037 1418 1364 1488 Dominicae,
1414 1428 1469 1476 et
1516 1428 1629 1476 tres
1669 1435 1801 1475 cum
1840 1419 1926 1474 di-

232 1504 407 1560 midio
445 1505 881 1574 subsequentes,
938 1506 993 1561 in
1042 1507 1254 1576 quibus
1311 1508 1667 1578 potissimum
1710 1522 1928 1563 cuneus

232 1593 596 1662 apostolicus,
633 1607 767 1649 cum
815 1594 973 1649 omni
1013 1594 1364 1664 discipulatu
1411 1597 1627 1666 pariter
1681 1610 1738 1653 se
1790 1610 1923 1652 cum
1965 1634 2004 1687 Β

230 1680 442 1737 Iudaeis
517 1681 777 1737 exercuit
848 1687 902 1737 et
976 1683 1190 1739 multos
1266 1685 1335 1739 ab
1406 1699 1599 1741 errore
1672 1684 1921 1741 diduxit.

230 1769 491 1837 Quorum
523 1777 714 1825 tamen
774 1769 1032 1825 omnium
1093 1771 1356 1828 doctrina
1402 1774 1535 1829 Jesu
1576 1774 1802 1828 Domini
1833 1787 1928 1828 se-

126 1869 134 1878 '
230 1857 544 1914 minarium
596 1857 722 1913 fuit.
770 1858 834 1913 In
877 1859 1049 1930 cujus
1078 1860 1315 1916 dimidio
1365 1861 1735 1917 hebdomadis
1762 1861 1929 1918 sacri-

230 1945 425 2002 ﬁcium
477 1946 678 2002 defecit
732 1954 787 2002 et
847 1947 1052 2015 hostia,
1108 1953 1247 2018 quia
1302 1964 1557 2019 corpore,
1625 1951 1781 2021 quod
1844 1958 1927 2007 est

228 2034 506 2100 Christus,
578 2035 874 2102 exhibitio,
946 2035 1263 2092 vitulorum
1321 2045 1377 2094 et
1432 2045 1733 2095 taurorum
1788 2039 1924 2110 [jam

227 2122 373 2177 nihil
434 2122 646 2192 profuit
698 2123 922 2178 umbra.
1001 2125 1066 2179 In
1127 2124 1338 2194 templo
1402 2125 1507 2182 fuit
1574 2128 1925 2183 abominatio

227 2210 613 2278 desolationis,
643 2212 784 2282 quia
836 2212 933 2268 ubi
971 2214 1119 2268 Deus
1165 2228 1280 2269 non
1340 2222 1446 2282 est,
1500 2229 1688 2285 neque
1739 2215 1925 2272 ullum

228 2298 447 2355 bonum
491 2306 574 2355 est
620 2314 806 2366 omen,
864 2314 1053 2371 neque
1110 2301 1358 2358 habitari
1412 2302 1523 2358 dici
1571 2311 1772 2373 potest,
1825 2304 1926 2360 ubi

227 2387 426 2443 nullus
481 2396 582 2444 est.
632 2388 779 2456 Quia
821 2390 976 2445 enim
1032 2390 1297 2447 diabolus
1353 2406 1469 2448 non
1528 2406 1658 2448 vere
1687 2400 1789 2459 est,
1823 2392 1925 2448 ubi

228 2490 366 2532 vera
422 2477 670 2532 essentia
717 2491 834 2532 non
886 2485 991 2543 est,
1052 2478 1262 2534 misera
1316 2478 1562 2535 solitudo
1593 2486 1723 2535 est:
1758 2480 1921 2549 Ecce,

230 2564 438 2636 inquit.
462 2567 800 2634 relinquetur
826 2567 977 2621 vobis
1003 2566 1191 2621 domus
1222 2573 1405 2637 vestra
1443 2568 1656 2623 deserta
1701 2569 1920 2645 (Matth.

226 2668 389 2718 xxut,
424 2655 529 2723 38;
580 2656 711 2708 Luc.
762 2669 882 2719 χιιι,
941 2654 1049 2724 35).
1098 2655 1324 2710 Etenim
1386 2657 1595 2712 umbra
1637 2658 1925 2727 quomodo

228 2755 349 2795 esse
409 2749 626 2810 poterat
681 2742 902 2811 absque
961 2743 1242 2812 corpore?
1300 2743 1454 2814 Ergo
1499 2744 1582 2800 nil
1634 2744 1777 2800 inibi
1810 2760 1924 2801 non

230 2841 657 2897 supervacuum
688 2842 827 2885 erat.

2037 457 2151 498 non
2183 444 2332 500 alius
2381 459 2559 515 quam
2589 444 2852 501 Christus
2902 451 3002 501 est.
3035 444 3195 510 Quod
3248 443 3295 499 si
3337 444 3597 499 Christus
3624 450 3734 508 est,

2035 538 2090 587 et
2120 531 2169 587 is
2197 533 2419 589 occisus
2455 533 2583 589 talis
2633 533 2904 603 temporis
2932 532 3273 588 difﬁnitione
3304 532 3600 602 probatur,
3635 530 3736 587 cui

2037 621 2261 676 aversio
2317 621 2510 691 populi
2559 630 2733 691 atque
2780 622 3029 693 negatio,
3071 621 3318 677 civitatis
3366 619 3613 691 denique
3666 634 3740 676 ac

2036 710 2349 765 sanctuarii
2411 710 2705 780 dissipatio
2776 710 2847 765 ad
2908 710 3197 780 integrum
3276 708 3545 779 congruit
3598 723 3739 764 cum

2035 798 2180 854 duce
2230 798 2483 868 praefato.
2544 798 2698 854 Pacti
2762 812 3013 869 quoque,
3070 797 3225 867 quod
3275 811 3390 852 non
3446 803 3527 852 est
3573 795 3739 851 aliud

2036 901 2211 957 quam
2262 888 2580 958 promissio,
2631 887 2795 958 regni
2856 885 3096 943 caelestis
3129 884 3509 941 conlirmatio.
3544 886 3734 952 Agite,

2034 974 2132 1042 ait,
2155 977 2542 1044 pa'nitentiam,
2570 974 3043 1069 appropinquabit
3083 973 3206 1045 [al.,
3239 973 3736 1044 appropinquavit]

2035 1066 2173 1116 enim
2228 1078 2450 1129 regnum
2498 1064 2747 1118 cmlorum
2804 1062 3014 1132 (Matth.
3052 1078 3131 1129 ιιι,
3167 1063 3238 1130 2).
3292 1065 3362 1116 Et
3410 1065 3468 1115 in
3498 1062 3734 1116 dimidio

2036 1150 2403 1217 hebdomadis,
2507 1166 2639 1207 eum
2740 1150 3002 1207 Christus
3105 1166 3163 1206 se
3264 1151 3417 1205 Patri
3500 1150 3731 1215 obtulit,

2036 1239 2233 1295 hostiae
2283 1239 2664 1310 saeriﬁciique
2713 1239 2971 1304 defectio,
3031 1238 3103 1293 ad
3167 1238 3432 1295 ultimum
3494 1237 3600 1292 loci
3656 1237 3734 1292 ab

2038 1326 2456 1382 habitatoribus
2529 1327 2823 1396 tripliciter
2906 1328 3144 1397 repetita
3212 1326 3523 1381 damnatio.
3580 1325 3731 1391 Quid

2035 1412 2250 1479 dicetis,
2311 1413 2414 1483 qui
2469 1415 2753 1470 neminem
2810 1414 2901 1469 cui
2951 1414 3253 1468 conveniat
3310 1413 3417 1468 nisi
3453 1414 3606 1468 hunc
3637 1412 3729 1466 in-

2035 1500 2183 1555 t‘erre
2239 1501 2512 1571 potestis?
2569 1503 2685 1557 Aut
2729 1516 2864 1572 ergo
2927 1510 3147 1558 vestras
3210 1502 3349 1557 mihi
3407 1502 3736 1571 Scripturas

2034 1591 2323 1659 exponite,
2377 1598 2440 1646 ut
2490 1604 2525 1645 a
2573 1597 2889 1660 praetaxata
2940 1591 3084 1647 serie
3154 1591 3485 1659 explanatio
3539 1597 3737 1645 vestra

2037 1693 2152 1733 non
2210 1678 2507 1749 discrepet,
2567 1686 2669 1734 aut
2737 1678 3051 1735 intellectui
3098 1678 3419 1736 Christiano
3492 1677 3731 1748 acquie-

2033 1766 2190 1832 scite,
2225 1781 2258 1821 a
2283 1782 2398 1837 quo
2432 1768 2760 1837 prophetica
2788 1767 3028 1824 intentio
3053 1782 3167 1823 non
3201 1768 3489 1823 abhorret.

2106 1854 2161 1909 Si
2193 1854 2294 1910 tibi
2326 1855 2520 1910 minus
2550 1854 2849 1924 perspicua
2903 1855 3025 1911 haec
3064 1863 3219 1922 sunt,
3267 1855 3458 1925 accipe
3505 1854 3738 1911 eviden-

2033 1942 2149 2000 tius
2177 1943 2450 2013 quiddam
2488 1958 2501 1997 :
2537 1944 2904 2012 Aspiciebam,
2947 1945 3027 2000 ait
3060 1944 3228 2011 idem,
3262 1947 3321 1998 in
3372 1947 3495 1998 uisu
3531 1947 3734 2013 noctis,

2033 2037 2085 2086 et
2112 2047 2224 2086 ecce
2248 2034 2306 2085 in
2353 2032 2586 2086 nubibus
2632 2032 2756 2086 caeli
2784 2035 2947 2101 quasi
2974 2033 3133 2101 ﬁlius
3183 2034 3412 2087 hominis
3461 2032 3732 2099 veniebat,

2032 2127 2083 2174 et
2106 2136 2275 2190 usque
2303 2120 2379 2174 ad
2417 2122 2722 2191 Antiquum
2771 2121 2982 2175 dierum
3011 2124 3277 2190 pervenit,
3312 2129 3364 2177 et
3422 2124 3479 2175 in
3519 2136 3737 2190 conspe-

2033 2214 2121 2263 ctu
2170 2210 2287 2278 ejus
2342 2209 2648 2263 obtulerunt
2686 2225 2844 2267 eum:
2893 2215 2943 2263 et
2993 2209 3144 2264 dedit
3192 2212 3242 2263 ei
3286 2214 3620 2279 potestatem,
3681 2213 3734 2262 et

2035 2298 2307 2365 honorem,
2376 2302 2427 2351 et
2490 2313 2736 2365 regnum,
2804 2303 2855 2352 et
2920 2314 3096 2352 omnes
3159 2298 3371 2368 populi,
3435 2298 3631 2366 tribus,
3681 2302 3733 2351 et

2031 2387 2235 2457 lingua
2299 2389 2531 2440 servient
2606 2388 2658 2439 ei
2724 2388 2876 2457 (Dan.
2942 2402 3036 2453 vn,
3091 2389 3175 2451 l3,
3243 2389 3349 2453 14).
3403 2387 3728 2456 Antiquum

2031 2477 2256 2533 dierum
2285 2477 2441 2531 haud
2472 2476 2716 2533 dubium
2748 2476 2891 2547 quin
2919 2476 3108 2547 ipsum
3140 2478 3319 2533 Deum
3358 2477 3725 2548 intelligatis;

2032 2566 2130 2622 sed
2158 2566 2291 2635 quis
2319 2573 2403 2622 est
2454 2564 2608 2622 ﬁlius
2666 2565 2933 2633 hominis,
2978 2566 3079 2636 qui
3112 2567 3372 2636 pervenit
3401 2566 3471 2621 ad
3516 2566 3675 2621 illum
3701 2565 3731 2621 ?

2029 2654 2309 2724 Nunquid
2360 2654 2788 2724 comparabitur
2814 2654 3007 2714 ihomo
3040 2655 3262 2711 Factori
3291 2670 3394 2711 suo
3413 2654 3441 2709 ‘I
3469 2655 3730 2711 Potestas

2030 2742 2206 2809 enim,
2263 2742 2449 2797 honor
2502 2750 2558 2798 et
2600 2756 2845 2812 regnum
2907 2742 2964 2798 in
3012 2744 3327 2799 aeternitate
3377 2743 3473 2798 illa
3511 2743 3731 2799 nemini

2030 2830 2224 2904 datur,
2256 2829 2367 2886 nisi
2398 2830 2469 2897 ei,
2504 2830 2605 2900 qui
2656 2832 2802 2886 Deus
2834 2830 3137 2886 habeatur.
3181 2830 3405 2901 Populi,
3439 2831 3642 2900 tribus,
3671 2838 3731 2888 et

298 2917 369 2972 Et
425 2924 489 2972 ut
546 2925 698 2972 certo
765 2918 978 2974 certius
1053 2926 1377 2976 teneremus
1442 2921 1597 2991 quod
1658 2922 1812 2978 mille
1869 2931 1924 2979 et
1964 2916 2247 2988 clinguae
2294 2916 2368 2973 ibi
2430 2916 2573 2972 nulli
2625 2916 2905 2985 serviunt,
2962 2917 3068 2971 nisi
3120 2920 3290 2987 quem
3324 2918 3731 2974 transcendere

229 3003 478 3074 amplius
526 3006 692 3061 annis
735 3004 856 3076 jam
901 3008 1213 3076 perstitisse
1268 3008 1550 3078 videmus,
1597 3012 1759 3066 tertio
1793 3026 1921 3067 sen-

229 3094 466 3149 tentiam
516 3092 881 3150 desolationis
927 3094 1199 3151 inculcat.
1261 3097 1661 3167 Perseverabit,
1711 3099 1922 3170 inquit,

228 3180 485 3235 desolatio
543 3184 700 3246 (Dan.
755 3196 831 3249 ιχ,
878 3182 989 3254 27),
1057 3184 1197 3240 dum
1262 3193 1318 3241 et
1394 3187 1813 3243 consummatio
1869 3196 1924 3244 et

156 3328 173 3343 _
231 3269 360 3324 finis
389 3269 649 3326 videlicet
669 3271 1013 3328 saeculorum
1044 3272 1331 3330 deveniat.
1380 3274 1579 3342 Dicite,
1615 3275 1922 3346 profanum

227 3363 284 3412 et
311 3357 574 3427 pertinax
604 3359 834 3430 vulgus,
852 3360 1086 3416 cuinam
1110 3361 1214 3417 ista
1234 3362 1571 3432 judicabitis
1596 3364 1923 3434 pertinere?

229 3444 488 3499 Forsitan
520 3445 591 3501 ad
622 3446 960 3515 Hircanum,
1002 3464 1176 3519 quem
1205 3459 1532 3507 extremum
1565 3467 1695 3508 cum
1744 3453 1925 3522 ponti-

226 3532 331 3588 ﬁco
363 3532 447 3604 [f.,
484 3535 768 3604 pontifice,
798 3537 881 3591 vel
911 3538 1218 3609 pontiﬁcio]
1242 3553 1428 3610 regem
1456 3541 1791 3597 habueritis.
1816 3541 1922 3597 Sed

176 3642 187 3657 ι
226 3621 366 3691 quid
396 3620 504 3677 ista
535 3622 608 3677 ad
640 3622 803 3680 illum
825 3623 853 3678 ?
886 3625 1156 3696 nunquid
1206 3627 1475 3697 populus,
1508 3629 1610 3698 qui
1631 3630 1759 3699 ejus
1777 3637 1919 3697 erat,

224 3708 492 3780 negavit?
520 3711 789 3781 nunquid
838 3727 955 3769 non
988 3713 1186 3783 parchi
1217 3714 1345 3785 ejus
1373 3715 1766 3785 desecuerant,
1806 3732 1922 3772 non

225 3798 396 3868 ferro,
439 3800 537 3855 sed
580 3801 851 3857 dentibus
897 3815 1088 3869 aures,
1143 3811 1206 3860 ut
1247 3805 1564 3861 sacerdotio
1613 3805 1923 3863 damnare—

228 3887 376 3943 tur?
439 3887 639 3957 Neque
710 3888 865 3944 enim
918 3904 952 3944 a
1004 3891 1212 3960 populo
1263 3902 1365 3949 aut
1414 3895 1553 3960 vita,
1604 3902 1705 3950 aut
1750 3909 1923 3966 regno

227 3975 491 4044 privatus
541 3984 641 4030 est.
698 3975 879 4031 Velim
933 3977 1102 4047 plane
1133 3992 1168 4034 a
1223 3979 1387 4036 vobis
1445 3996 1626 4050 nosse,
1682 3997 1814 4053 quae
1852 3984 1924 4039 sit

229 4069 352 4133 post
381 4062 869 4119 abbrevnationem
918 4067 1286 4138 septuaginta
1330 4068 1755 4125 hebdomadum
1796 4086 1926 4126 con-

224 4152 532 4206 summatio
609 4153 1101 4221 przevarieationis
1151 4163 1208 4210 et
1268 4158 1503 4225 peccati,
1575 4157 1728 4213 unde
1785 4167 1924 4215 tunc

2031 3005 2204 3060 totius
2251 3005 2390 3074 jura
2441 3004 2818 3060 humanitatis
2868 3005 3081 3061 sciunt.
3118 3005 3248 3060 Ideo
3297 3006 3455 3062 hunc
3502 3006 3561 3061 in
3598 3021 3732 3062 con-

2028 3101 2227 3163 spectu
2258 3093 2355 3148 Dei
2390 3091 2659 3159 offerunt,
2695 3095 2833 3163 quia
2881 3108 3012 3148 eum
3054 3094 3272 3164 quique
3304 3093 3496 3150 ﬁdeles
3540 3095 3730 3151 solum

2028 3182 2182 3237 Patri
2275 3180 2737 3251 conspicabilem,
2817 3181 2969 3236 Patri
3053 3182 3374 3251 specialiter
3450 3182 3730 3252 placitum

2029 3269 2292 3325 credunt.
2347 3271 2507 3324 Nemo
2556 3272 2699 3323 enim
2749 3272 2899 3324 novit
2927 3271 3129 3323 Filium
3154 3272 3266 3323 nisi
3317 3272 3505 3333 Pater,
3558 3287 3731 3341 neque

2026 3359 2244 3412 Patrem
2301 3360 2424 3427 quis
2468 3359 2580 3412 nisi
2628 3358 2831 3423 Filius,
2871 3363 2922 3413 et
2950 3361 3039 3412 cui
3093 3359 3322 3412 voluerit
3353 3359 3540 3428 fFitius
3584 3376 3732 3415 rere-

2027 3446 2182 3501 tare?
2214 3446 2433 3517 (Matth.
2472 3461 2548 3514 ιχ,
2598 3447 2715 3518 27.)
2767 3448 2891 3516 Ipse
2921 3448 3092 3502 etiam
3135 3446 3440 3519 subjungit
3473 3448 3722 3507 ibidem:

2029 3535 2224 3591 Omnia
2271 3538 2409 3589 mihi
2459 3535 2671 3590 tradita
2724 3538 2854 3590 sunt
2887 3552 2922 3589 a
2971 3538 3134 3590 Patre
3193 3553 3306 3590 meo
3359 3536 3551 3609 (Ibid)
3605 3538 3725 3593 Et:

2031 3626 2176 3680 Data
2229 3630 2307 3680 est
2362 3626 2502 3679 mihi
2553 3627 2728 3680 omnis
2780 3629 3019 3695 potestas
3078 3627 3137 3679 in
3192 3626 3315 3680 casto
3367 3631 3417 3680 et
3463 3629 3520 3679 in
3581 3631 3731 3681 terra

2031 3713 2252 3781 (Matth.
2305 3729 2501 3782 xxvui,
2581 3715 2691 3785 18).
2778 3713 2869 3770 Sic
2930 3714 3191 3783 pervenit
3256 3714 3328 3770 ad
3402 3713 3726 3785 Antiquum

2029 3801 2279 3867 dierum,
2310 3801 2452 3871 quia
2481 3801 2583 3871 qui
2605 3800 2665 3879 in
2691 3800 2804 3858 sole
2833 3810 3098 3871 posuerat
3129 3802 3588 3870 tabernaculum,
3623 3802 3729 3873 qui

2031 3898 2309 3960 tanquam
2361 3903 2606 3958 sponsus
2652 3889 2721 3945 de
2776 3889 3027 3945 thalamo
3079 3904 3183 3946 suo
3220 3905 3485 3962 egressus
3518 3890 3727 3958 fuerat,

2030 3978 2133 4049 qui
2186 3978 2493 4049 plusquam
2553 3979 2741 4046 homo,
2830 3978 2953 4033 ideo
3004 3978 3185 4049 gigas,
3245 3980 3317 4034 ad
3378 3980 3724 4035 eurrendam

2028 4065 2422 4122 exsultaverat
2469 4063 2646 4134 viam,
2703 4066 2874 4137 cujus
2927 4081 3194 4138 egressus
3248 4082 3534 4133 asummo
3586 4070 3728 4126 caelo

2030 4154 2268 4221 exstitit,
2328 4169 2604 4211 occursus
2660 4170 2897 4226 quoque
2963 4155 3034 4210 ad
3085 4171 3381 4213 summum
3454 4159 3597 4228 ejus,
3653 4159 3727 4214 ad

226 4238 378 4306 tinis,
413 4252 545 4308 quae
601 4239 922 4309 iniquitatis
972 4240 1227 4309 deiectio,
1279 4243 1412 4313 quis
1453 4251 1590 4299 tunc
1613 4246 1922 4303 adduxerit
1958 4253 2002 4307 D
2034 4243 2255 4298 Patrem
2291 4243 2552 4299 Videlicet
2584 4242 2693 4299 fuit
2718 4244 2883 4315 (Ρεαῑο
2908 4259 3065 4312 XVIII.
3098 4248 3176 4313 5)-

219 4327 503 4398 justitiam
587 4329 1014 4398 sempiternam.
1101 4329 1381 4399 Conferte,
1456 4333 1777 4401 mendaces,
1865 4342 1920 4390 et

225 4424 374 4471 certe
423 4430 797 4486 nequaquam
850 4417 1101 4488 reperire
1176 4419 1450 4488 poteritis,
1500 4420 1656 4491 quod
1697 4421 1920 4492 aliquid

225 4504 435 4560 horum
469 4504 549 4560 illi
584 4505 699 4560 ullo
726 4505 893 4562 modo
940 4506 1180 4577 tempori
1212 4508 1398 4564 valeat
1443 4512 1766 4566 convenire.
1798 4511 1919 4567 Imo

226 4591 335 4647 sub
388 4592 556 4648 novis
592 4593 824 4665 regibus
874 4592 1155 4650 bellorum
1226 4610 1291 4652 ac
1338 4598 1582 4653 medium
1647 4599 1917 4669 plurima,

225 4681 546 4737 secundum
577 4681 864 4749 historias,
901 4692 1267 4740 excrementa
1287 4686 1536 4741 saevisse.

295 4769 374 4826 De
410 4769 623 4825 visione
674 4777 730 4825 et
783 4772 1065 4843 propheta
1091 4772 1232 4843 quid
1261 4774 1511 4830 sentiant
1538 4774 1733 4843 miror,
1780 4775 1921 4846 quia

224 4856 368 4912 nihil
424 4858 556 4912 novi
610 4858 930 4913 secundum
984 4859 1142 4929 quod
1192 4860 1528 4930 opinantur,
1585 4867 1731 4916 ἰνδ
1807 4864 1918 4919 illis

224 4944 427 5001 diebus
478 4944 769 5001 acciderit.
823 4946 895 5002 Et
948 4961 1082 5003 cum
1112 4962 1399 5005 annorum
1431 4951 1569 5006 adeo
1623 4950 1920 5008 evidenter

226 5032 498 5102 przeﬁxus
523 5032 594 5088 sit
624 5033 923 5102 terminus,
977 5043 1039 5092 ut
1070 5043 1393 5106 temporum
1421 5037 1621 5094 notitia
1651 5038 1918 5095 vacillare

224 5134 339 5175 non
424 5121 616 5190 possit,
682 5129 739 5177 et
826 5122 933 5193 ipsi
1017 5138 1134 5179 non
1206 5124 1426 5195 aliquid
1495 5126 1915 5196 propheticum,

223 5206 500 5263 visionive
537 5208 905 5277 conveniens,
957 5225 1023 5267 eo
1071 5211 1174 5268 loci
1229 5220 1366 5269 tunc
1408 5215 1665 5270 evenisse
1710 5222 1920 5271 testen-

221 5301 319 5350 tur
370 5309 382 5349 :
441 5310 574 5365 quae
626 5297 737 5352 erit
792 5298 964 5368 illius,
1039 5314 1256 5370 quaeso,
1318 5301 1508 5358 Sancti
1583 5309 1918 5359 sanctorum

222 5381 461 5439 unctio?
537 5383 593 5440 Si
667 5384 912 5443 Sanctus
984 5395 1316 5446 sanctorum
1399 5397 1502 5457 est,
1581 5399 1914 5448 sanctorum

221 5469 482 5528 omnium
530 5473 858 5543 praecipuus
904 5482 1017 5541 est;
1068 5490 1242 5546 quem
1296 5490 1399 5534 vos
1455 5478 1613 5535 hunc
1662 5481 1919 5536 sentiatis

2098 4338 2150 4389 Is
2183 4352 2279 4404 per
2298 4338 2476 4390 visum
2506 4338 2675 4391 noctis
2704 4337 2865 4404 quasi
2902 4336 3082 4390 Filius
3130 4336 3364 4392 hominis
3393 4338 3639 4392 veniebat
3668 4340 3727 4392 in

2026 4423 2260 4478 nubibus
2310 4427 2467 4493 (Dan.
2519 4439 2616 4490 vn,
2674 4426 2781 4493 13).
2826 4423 2972 4488 Quia
3011 4425 3253 4481 obscure
3310 4426 3543 4481 omnino
3592 4441 3727 4482 ven-

2029 4520 2197 4568 turus
2263 4511 2687 4581 praedicabatur
2767 4512 2826 4566 in
2914 4513 3257 4582 propheticis
3340 4512 3726 4569 locationibus

2029 4600 2196 4670 quasi
2228 4600 2398 4655 homo
2431 4615 2652 4670 purus;
2689 4600 2775 4656 vel
2810 4601 2979 4671 quasi
3030 4598 3181 4657 ﬁlius
3205 4601 3477 4669 hominis,
3510 4602 3617 4657 hoc
3638 4610 3723 4658 est

2027 4703 2228 4744 revera
2287 4687 2442 4744 ﬁlius
2499 4688 2785 4758 hominis;
2832 4688 2988 4759 quod
3042 4704 3156 4744 non
3206 4698 3291 4745 est
3350 4690 3508 4746 aliud
3543 4704 3718 4758 quam

2028 4776 2301 4848 Virginis.
2371 4776 2442 4833 Ut
2508 4785 2592 4832 est
2667 4777 2845 4833 illud:
2904 4780 3076 4843 Quasi
3136 4780 3412 4845 Unigeniti
3473 4795 3507 4832 a
3560 4780 3723 4832 Patre

2027 4863 2208 4933 (Joan.
2266 4879 2300 4929 ι,
2383 4864 2488 4933 14).
2569 4864 2901 4935 Sequitur:
2967 4867 3209 4920 Potestas
3288 4867 3407 4934 ejus
3486 4870 3721 4935 potestas

2024 4957 2245 5019 aeterna,
2280 4969 2399 5021 quae
2425 4968 2531 5007 non
2554 4955 2853 5022 auferetur,
2888 4957 2939 5008 et
2966 4970 3195 5022 regnum
3248 4954 3385 5024 ejus,
3434 4955 3580 5026 quod
3618 4970 3723 5010 non

2025 5046 2397 5111 corrumpetur
2444 5043 2603 5108 (Dan.
2664 5056 2762 5107 vn,
2819 5044 2923 5110 14).
2982 5041 3037 5097 Si
3098 5041 3252 5098 ﬁlius
3310 5043 3560 5099 hominis
3613 5052 3718 5113 est,

2023 5137 2079 5185 et
2116 5136 2363 5199 potestas
2406 5130 2535 5200 ejus
2580 5136 2828 5199 potestas
2886 5138 3122 5198 zeterna,
3164 5131 3491 5199 immobilis,
3525 5131 3721 5188 incor-

2024 5216 2435 5287 ruptibilisque
2464 5226 2565 5285 est,
2604 5231 2741 5288 ergo
2791 5217 2944 5273 Deus
2986 5226 3042 5275 et
3090 5217 3263 5276 homo
3305 5227 3406 5276 est.
3458 5219 3585 5290 Ipse
3634 5228 3720 5275 est

2024 5304 2193 5360 homo
2258 5304 2380 5361 sine
2453 5304 2737 5376 adjutorio
2794 5305 2945 5361 inter
3008 5313 3265 5363 mortuos
3328 5305 3475 5363 liber
3549 5307 3714 5377 (Psat.

2026 5407 2280 5458 Lxxxvu,
2314 5395 2386 5457 6).

2099 5478 2238 5543 Quis
2262 5487 2347 5536 est
2375 5479 2545 5536 etiam
2575 5478 2730 5549 apud
2760 5478 2919 5535 hunc
2969 5478 3158 5549 ipsum
3202 5479 3540 5550 prophetam
3572 5480 3717 5551 lapis
