3928 6070
196 222 303 277 513

946 217 1195 276 TRACT.
1239 220 1331 277 DE
1373 219 1894 277 INCABNATIONE
1933 219 2214 278 CONTRA
2255 220 2330 277 1U
2342 221 2551 278 DAEOS.
2578 220 2795 276 —LIB.
2838 221 2934 275 ΙΙΙ.

3602 224 3706 277 514

197 358 292 414 illc
357 355 616 414 abscisus
665 355 733 410 de
789 363 980 411 monte
1029 356 1151 412 sine
1201 356 1494 422 manibus,
1562 356 1661 427 qui
1726 363 1895 413 terra;
1932 361 2119 427 Apies
2158 374 2260 422 me,
2313 359 2411 427 ait,
2461 359 2526 413 de
2576 359 3096 414 contradictionibus
3145 360 3359 430 populi,
3412 363 3704 415 constitues

194 445 395 501 omnia
436 460 616 517 regna
660 444 1040 501 comminuit?
1076 444 1236 515 (Dan.
1278 462 1337 513 ιι,
1403 447 1489 511 34,
1544 446 1656 515 35.)
1706 460 1896 501 nonne

196 534 258 589 in
316 533 695 605 sequentibus
748 547 879 589 cum
933 532 1287 603 explanaret,
1358 533 1663 604 adjungit?
1714 534 1895 589 Susci-

197 621 339 675 tabit
414 622 559 675 Deus
626 622 747 675 cceli
811 637 1037 689 regnum
1110 624 1257 693 quod
1332 626 1389 678 in
1468 628 1726 678 aeternum
1789 638 1897 676 non

194 709 583 779 dissipabitur,
617 714 670 765 et
709 725 936 778 regnum
965 713 1082 780 ejus
1123 712 1325 782 populo
1373 712 1536 767 alteri
1573 728 1679 767 non
1713 712 1895 766 trade-

194 800 305 851 tur.
359 798 691 853 Comminuet
735 802 786 851 et
827 798 1135 866 confringet
1175 801 1431 853 universa
1472 799 1579 853 haec
1617 813 1805 868 regna,
1848 802 1898 851 et

194 887 377 954 ipsum
406 886 575 940 stabit
606 888 663 940 in
693 891 953 940 aeternum
985 886 1185 955 (Ibid,
1227 888 1337 955 44).
1382 887 1437 943 Si
1478 901 1676 943 omnes
1712 885 1894 941 homi-

194 988 297 1029 nes
354 974 623 1030 mortales
690 988 805 1029 non
861 988 1059 1046 negas,
1118 982 1172 1031 et
1230 975 1424 1031 omnia
1491 990 1623 1046 qua:
1688 988 1897 1045 corpus

192 1062 412 1118 habent
448 1061 778 1119 transitoria
822 1063 1022 1130 credis,
1064 1078 1195 1134 quae
1232 1064 1339 1120 erit
1381 1063 1481 1120 ulli
1522 1062 1684 1134 regni
1725 1070 1895 1118 teter-

191 1149 385 1205 nitas?
444 1149 691 1205 Illumne
758 1148 1007 1219 lapidem
1066 1150 1337 1206 stolidum
1407 1149 1628 1221 aliquid
1688 1147 1895 1219 putas?

191 1235 358 1303 Quod
389 1236 437 1292 si
478 1251 644 1293 mons
683 1250 934 1309 magnus
984 1237 1170 1294 factus
1207 1245 1310 1305 est,
1364 1238 1506 1293 adeo
1545 1245 1609 1293 ut
1640 1236 1895 1307 impleret

192 1324 532 1381 universam
579 1332 815 1392 terram,
864 1325 964 1382 ubi
1010 1339 1149 1397 ergo
1207 1326 1655 1382 commanebunt
1715 1324 1896 1381 homi-

193 1413 336 1468 nes?
377 1414 535 1469 vides
582 1422 636 1469 et
672 1413 829 1484 rejici
879 1414 951 1470 ab
997 1414 1253 1489 historia,
1302 1423 1356 1471 et
1406 1422 1604 1485 typum
1647 1415 1895 1484 apertis-

191 1501 335 1558 sime
366 1501 663 1571 parturiri.
696 1502 902 1573 Accipe
930 1503 1125 1573 itaque
1164 1503 1302 1573 quia
1341 1502 1492 1558 lalias
1531 1517 1645 1557 non
1686 1502 1896 1572 poteris

192 1591 406 1648 Christi
482 1606 711 1655 nomen,
799 1591 939 1662 quia
1000 1592 1189 1662 ipsum
1261 1599 1364 1659 est,
1443 1592 1599 1661 quod
1668 1592 1894 1660 penitus

193 1678 486 1736 obliterari
519 1694 633 1735 non
665 1679 878 1736 valebit
921 1694 1023 1750 per
1049 1687 1346 1735 externam
1380 1680 1735 1750 religionem.
1769 1679 1894 1749 Ipse

192 1768 317 1823 sine
375 1768 649 1823 manibus
714 1767 994 1833 abscisus,
1060 1767 1238 1822 n‘ullis
1304 1768 1563 1823 venereis
1625 1767 1895 1836 operibus

193 1864 552 1926 procreatus.
586 1856 786 1927 Regna
816 1856 1175 1923 comminuit,
1218 1856 1491 1926 quoniam
1534 1857 1650 1925 ipse
1677 1863 1760 1911 est
1792 1855 1895 1925 qui

192 1945 254 1999 in
321 1944 591 2000 omnibus
666 1944 935 2014 gentibus
1007 1943 1382 2000 haereditavit.
1454 1945 1715 2014 Regnum
1779 1958 1894 1999 non

191 2032 529 2103 dissipatur,
562 2047 667 2088 nec
695 2031 857 2089 alteri
904 2032 1115 2103 populo
1158 2032 1427 2099 traditur,
1472 2032 1611 2103 quia
1648 2032 1890 2103 justitia,

193 2135 329 2191 quae
380 2134 483 2191 per
530 2120 804 2176 Sanctum
847 2127 1179 2176 sanctorum
1224 2119 1490 2186 infertur,
1533 2120 1893 2191 sempiterni-

195 2215 309 2264 tate
361 2208 644 2264 ﬁrmatur.
690 2208 805 2264 Nec
854 2207 1043 2264 aliena
1081 2207 1295 2263 scilicet
1335 2208 1612 2263 haereseos
1648 2208 1896 2279 alicujus

195 2296 503 2352 traditione
536 2296 948 2366 corrumpitur,
998 2295 1154 2366 quod
1186 2297 1345 2352 alteri
1394 2296 1605 2366 populo
1644 2296 1895 2352 tradere-

190 2392 307 2448 tur,
352 2385 452 2456 qui
495 2384 935 2455 superveniente
974 2384 1216 2455 perﬁdia
1264 2392 1609 2440 mutaretur.
1670 2387 1895 2439 Domum

191 2474 346 2529 enim
382 2476 600 2528 Domini
627 2473 774 2528 decet
814 2473 1124 2529 sanctitudo
1152 2475 1210 2527 in
1251 2473 1644 2542 longitudinem
1683 2473 1895 2527 dierum

194 2559 364 2632 (Psal.
396 2576 528 2630 xc",
563 2562 637 2632 5).

264 2648 492 2718 Videtis,
535 2663 568 2704 ο
610 2649 843 2720 ingenia
874 2649 1031 2705 omni
1075 2648 1317 2705 tortiora
1355 2649 1514 2717 falce,
1553 2649 1642 2705 his
1694 2649 1895 2719 paucis

194 2737 533 2792 testimoniis
578 2738 926 2793 evidentiam
985 2737 1115 2793 ﬁdei
1165 2738 1523 2804 Christianae,
1590 2752 1721 2808 quae
1778 2752 1893 2792 non

196 2825 321 2881 ideo
354 2832 492 2881 sunt
534 2839 738 2895 pauca,
778 2833 842 2881 ut
891 2826 947 2881 in
992 2826 1193 2882 vestris
1224 2826 1619 2883 voluminibus
1650 2826 1895 2882 habean-

2007 464 2089 501 me
2116 449 2177 500 in
2209 452 2372 517 caput
2404 450 2661 515 gentium.
2716 447 2950 517 Populus
2981 464 3135 516 quem
3186 464 3290 502 non
3338 451 3563 516 cognovi
3588 463 3701 502 ser-

2004 534 2141 590 vivit
2165 537 2305 589 mihi
2330 544 2385 591 et
2414 536 2639 606 reliqua
2680 551 2865 605 usque
2892 538 3028 590 vivit
3060 538 3322 591 Dominus
3353 536 3528 607 (Psal.
3557 551 3698 604 xvu,

2007 625 2094 691 44,
2163 624 2294 695 46):
2358 631 2507 679 certe
2552 631 2605 680 et
2663 626 2706 679 si
2769 624 3245 680 contradictiones
3297 625 3520 690 habuit,
3583 639 3701 680 non

2007 713 2193 783 populi
2252 714 2345 769 sed
2398 713 2494 769 ﬁlii
2555 713 2803 769 Absalon
2861 727 2950 769 res
3000 727 3181 769 novas
3235 713 3538 769 molientis.
3593 712 3699 769 Sed

2004 809 2122 856 esto
2152 800 2249 857 ubi
2295 802 2641 857 constitutus
2671 807 2755 856 est
2785 800 2843 856 in
2887 808 3058 870 caput
3090 801 3391 872 gentium?
3437 800 3562 857 Non
3614 800 3699 857 di-

2005 902 2131 944 cam
2161 902 2298 943 sane
2338 889 2614 959 gentium.
2658 887 2752 943 sed
2786 901 2888 942 nec
2927 887 3105 942 unius
3144 888 3346 957 gentis.
3384 888 3472 942 An
3502 887 3701 944 dicetis

2004 976 2161 1047 quod
2192 990 2323 1031 cum
2354 975 2425 1030 ad
2459 975 2784 1032 Ahimelech
2828 974 3301 1029 Philisthinorum
3331 988 3520 1046 regem
3549 974 3698 1036 Sau-

2005 1064 2072 1119 lis
2123 1062 2361 1119 timidus
2403 1063 2787 1130 concessisset,
2843 1062 2915 1118 sit
2970 1069 3145 1131 caput
3174 1061 3433 1132 gentium
3476 1062 3700 1119 institu-

2004 1151 2136 1209 tus?
2167 1151 2269 1209 Sed
2303 1166 2405 1207 nec
2433 1165 2630 1207 eorum
2676 1151 2908 1207 decimae
2953 1150 3147 1220 partis.
3189 1148 3329 1216 Quis
3363 1149 3472 1206 fuit
3514 1164 3698 1221 popu-

2003 1241 2094 1297 lus
2119 1254 2289 1312 quem
2321 1254 2435 1296 non
2471 1239 2776 1310 cognovit?
2806 1239 2966 1296 Certe
3004 1238 3380 1306 Philisthaaos,
3421 1246 3477 1295 et
3504 1242 3699 1295 omnia

2004 1343 2202 1384 eorum
2246 1327 2366 1398 ipse
2411 1334 2778 1397 cognoverat.
2822 1328 2886 1382 Et
2925 1327 3080 1382 unde
3120 1333 3281 1382 tanta
3323 1340 3523 1383 eorum
3570 1326 3701 1383 ohe-

2005 1416 2217 1472 dientia
2258 1415 2716 1479 commendatur,
2760 1421 2823 1469 ut
2861 1413 2920 1469 in
2961 1414 3165 1469 auditu
3209 1414 3369 1470 auris
3415 1415 3700 1485 obtempe-

2007 1518 2160 1559 rasse
2202 1503 2507 1559 dicantur?
2558 1516 2751 1559 nonne
2800 1502 3129 1558 Ahimelech
3182 1511 3383 1557 contra
3426 1503 3696 1558 Israelem

2008 1600 2338 1663 pugnaturo
2384 1590 2659 1646 dixerunt
2698 1598 2942 1660 satrasz
2993 1591 3118 1661 ejus
3169 1590 3241 1644 ad
3287 1591 3470 1659 ipsum
3509 1605 3522 1645 :
3573 1590 3697 1646 Non

2002 1679 2330 1750 egredietur
2370 1679 2551 1734 David
2589 1678 2911 1746 nobiscum,
2964 1692 3078 1733 non
3126 1678 3277 1733 enim
3318 1678 3525 1733 melius
3569 1677 3699 1745 pla-

2003 1783 2135 1825 care
2179 1772 2379 1839 poterit
2421 1772 2706 1824 Dominum
2756 1784 2932 1834 suum,
2980 1784 3143 1837 quam
3190 1771 3248 1821 in
3291 1768 3563 1837 capitibus
3610 1783 3701 1822 no-

2002 1858 2184 1913 stris?
2218 1861 2267 1925 (I
2311 1861 2439 1926 Reg.
2471 1873 2628 1923 XXIX,
2676 1857 2748 1928 4).
2789 1858 2913 1913 Non
2952 1862 3092 1912 sunt
3131 1856 3255 1912 haec
3288 1858 3466 1912 verba
3514 1871 3700 1912 mem-

2003 1946 2239 2002 brorum
2272 1945 2340 2001 de
2370 1946 2571 2015 capite.
2611 1945 2745 1999 Filii
2772 1946 2941 1998 alieni
2964 1946 3178 1998 mentiti
3196 1950 3323 1998 sunt
3351 1946 3490 1998 mihi
3526 1945 3696 2015 (Psal.

2000 2049 2141 2101 xvn,
2178 2034 2287 2106 46).
2338 2033 2615 2104 Nunquid
2660 2032 2761 2088 ﬁlii
2813 2032 2983 2088 alieni
3028 2032 3279 2088 secundo
3322 2032 3694 2102 replicantur,

2004 2121 2306 2177 inveterati
2336 2129 2390 2177 et
2421 2121 2812 2177 claudicantes
2833 2120 3222 2190 appellantur,
3246 2120 3387 2191 quia
3415 2135 3477 2176 os
3501 2134 3697 2186 suum,

1997 2218 2051 2266 et
2108 2223 2240 2266 caro
2290 2223 2397 2265 sua
2439 2216 2666 2264 mortuo
2717 2209 2984 2275 Absalon,
3041 2209 3111 2263 ab
3168 2209 3285 2277 ipso
3329 2207 3661 2263 vocantur?

2075 2299 2321 2362 Dellcite,
2378 2312 2593 2368 quaeso,
2656 2297 2797 2367 quia
2851 2297 2996 2352 ratio
3060 2295 3223 2351 vobis
3283 2295 3489 2351 deﬁcit.
3560 2296 3700 2360 Quis

2001 2401 2138 2458 ergo
2194 2394 2368 2457 caput
2420 2376 2716 2457 gentium?
2771 2385 3035 2441 Christus
3085 2384 3377 2454 profecto:
3423 2386 3539 2440 Non
3590 2400 3694 2438 au-

2000 2479 2208 2543 feretur
2257 2481 2525 2545 sceptrum
2583 2475 2649 2529 de
2706 2474 2872 2540 Juda,
2926 2479 2976 2528 et
3025 2473 3141 2527 dum
3193 2473 3259 2527 de
3304 2476 3508 2540 femore
3556 2474 3694 2542 ejus,

2003 2565 2166 2619 donec
2193 2566 2375 2618 veniat
2402 2567 2498 2634 qui
2527 2563 2821 2618 mittendus
2856 2567 2954 2631 est,
2986 2566 3037 2616 et
3064 2564 3182 2632 ipse
3221 2563 3323 2616 erit
3362 2564 3695 2631 exspectatio

2004 2654 2253 2709 Gentium
2294 2652 2448 2721 (Gen.
2495 2667 2647 2721 XLVI,
2697 2654 2804 2720 l0).
2856 2652 2982 2720 Ispe
3018 2656 3096 2704 est
3127 2652 3225 2719 qui
3253 2654 3366 2704 stat
3392 2653 3452 2703 in
3482 2653 3699 2716 signum

1999 2742 2344 2811 populorum,
2392 2756 2547 2809 quem
2585 2746 2765 2807 gentes
2806 2739 3241 2808 deprecabuntur
3289 2739 3422 2809 (Isa.
3482 2754 3536 2801 ιι,
3589 2738 3696 2808 10).

2003 2830 2150 2899 Lege
2188 2829 2415 2896 Isaiam,
2464 2829 2643 2885 recole
2689 2827 2959 2893 Psalmos,
2990 2827 3133 2899 quid
3163 2827 3321 2883 aliud
3374 2840 3552 2897 quam
3604 2841 3702 2882 vo-

193 2921 292 2970 tur
350 2928 504 2982 rara,
576 2913 674 2969 sed
725 2921 844 2969 tam
894 2914 1257 2986 multiplicia,
1321 2921 1387 2970 ut
1443 2914 1509 2969 iis
1569 2914 1896 2983 retexendis
1933 2939 1973 2995 ρ
2002 2918 2281 2973 cationem
2320 2918 2576 2989 gentium
2621 2916 2865 2973 sonant?
2910 2917 2967 2971 in
3007 2917 3237 2971 nomine
3272 2916 3480 2972 Christi
3507 2922 3701 2987 gentes
3766 2990 3769 2993 _

193 3002 442 3058 sufﬁciat
490 3002 712 3058 nullius
751 3002 1008 3070 scientia,
1051 3003 1312 3059 omnium
1348 3003 1739 3058 retundantur
1775 3002 1888 3057 elo-

193 3091 350 3162 quia.
400 3090 455 3147 Si
496 3091 660 3146 illum
708 3091 807 3162 qui
850 3091 1027 3146 bonos
1072 3091 1130 3147 in
1168 3098 1378 3147 terram
1419 3100 1632 3147 rectam
1662 3090 1896 3147 deducit

193 3179 472 3249 Spiritum
521 3180 826 3248 haberetis,
880 3186 1032 3236 certe
1080 3193 1167 3248 ea,
1223 3193 1353 3251 qum
1400 3180 1544 3235 idem
1607 3194 1708 3250 per
1758 3193 1893 3235 suos

191 3268 500 3339 prophetas
542 3268 773 3325 locutus
809 3275 911 3336 est,
945 3268 1203 3339 ejusdem
1246 3268 1609 3324 condimento
1656 3267 1892 3324 indubie

190 3357 487 3426 saperetis.
538 3357 610 3412 At
640 3356 782 3428 quia
826 3356 970 3412 nihil
1000 3356 1181 3426 {plane
1221 3356 1379 3412 aliud
1422 3370 1598 3427 quam
1631 3356 1803 3424 furta,
1838 3364 1893 3413 et

191 3445 413 3500 fmnora
456 3445 732 3517 cogitatis,
787 3444 931 3500 nihil
983 3444 1154 3515 plane
1192 3444 1259 3499 ad
1321 3444 1473 3514 piam
1517 3445 1889 3501 subtilitatem

192 3533 486 3603 pertinens
528 3532 823 3589 aifectatis.
867 3533 922 3589 Si
956 3547 1157 3589 verum
1208 3541 1309 3601 est,
1361 3533 1500 3603 quia
1538 3534 1683 3602 quod
1719 3535 1891 3588 voluit

192 3624 451 3676 Dominus
481 3625 613 3689 fecit
649 3624 708 3676 in
757 3623 882 3678 caelo
927 3627 978 3677 et
1018 3625 1077 3675 in
1117 3628 1267 3677 terra
1310 3623 1479 3691 (Psal.
1526 3636 1761 3688 cxxxxv,
1809 3623 1886 3692 6),

190 3717 247 3765 et
284 3710 525 3777 caeteris,
573 3712 673 3781 qui
718 3711 871 3766 Deus
910 3711 1282 3781 probabiliter
1316 3712 1568 3768 existens
1601 3712 1889 3768 hominem

192 3798 529 3868 assumpsit,
593 3798 734 3868 quid
789 3798 1045 3869 scrupuli
1098 3798 1287 3867 habet,
1339 3814 1555 3870 quaeso,
1616 3807 1671 3855 et
1735 3800 1890 3870 quod

194 3887 481 3942 hominem
535 3902 646 3941 non
706 3887 925 3957 absque
978 3887 1198 3943 salubri
1260 3888 1531 3958 mysterio
1595 3888 1892 3945 humiliari

190 3974 412 4041 siverit,
437 3989 671 4046 quoque
698 3975 946 4031 voluerit
979 3976 1341 4045 postmodum
1376 3977 1741 4047 provexerit?

268 4063 551 4134 Exponite
601 4064 755 4134 quod
811 4065 1301 4135 contemporaneis
1356 4068 1521 4122 Jesus
1575 4071 1724 4122 πθ
1783 4067 1891 4123 Do-

191 4153 388 4208 minus
441 4154 557 4222 ipse
608 4155 915 4223 proposuit.
964 4156 1122 4209 Dixit
1172 4155 1437 4209 Dominus
1488 4158 1709 4209 Domino
1754 4171 1886 4224 meo,

191 4242 373 4296 sedea
411 4241 621 4297 dextris
668 4245 797 4297 meis
839 4243 1006 4314 (Psal.
1049 4257 1162 4307 cux,
1214 4243 1284 4314 1),
1326 4251 1381 4300 et
1427 4252 1631 4299 caetera
1663 4245 1889 4315 psalmi,

192 4344 326 4400 qua)
357 4330 521 4387 valde
563 4338 752 4387 vestro
787 4340 922 4388 sunt
963 4332 1145 4388 errori
1195 4333 1501 4389 contraria.
1538 4333 1886 4403 Perspicaci-

195 4426 282 4474 tas
309 4419 477 4473 etiam
511 4426 701 4475 vestra
735 4428 836 4476 aut
876 4420 1047 4489 dicat,
1089 4428 1188 4476 aut
1225 4421 1405 4477 discat
1451 4421 1591 4491 quid
1637 4420 1744 4476 sibi
1783 4435 1889 4477 ve-

190 4507 257 4563 lit
306 4508 650 4563 Davidicum
704 4508 845 4564 illud
880 4525 892 4564 :
948 4512 1206 4564 Dominus
1249 4509 1398 4563 dia-it
1434 4509 1512 4563 ad
1559 4525 1639 4563 me
1668 4526 1686 4563 :
1717 4511 1890 4565 Filius

188 4610 338 4650 meus
393 4611 447 4649 es
497 4602 575 4665 tu,
636 4612 729 4668 ego
780 4598 937 4652 hodie
981 4599 1146 4665 genui
1181 4602 1248 4652 te.
1307 4599 1525 4652 Postulo
1579 4614 1613 4650 α
1678 4614 1780 4665 me,
1840 4602 1891 4653 et

187 4684 332 4738 dabo
385 4685 488 4737 tibi
542 4691 723 4753 gentes
776 4686 1146 4740 hereditatem
1184 4691 1354 4752 tuam,
1402 4692 1452 4740 et
1506 4690 1889 4755 possessionem

187 4776 342 4826 tuam
383 4774 637 4827 terminos
677 4780 833 4829 terrae
874 4775 1036 4845 (Psal.
1083 4791 1142 4841 ιι,
1178 4777 1229 4841 7,
1282 4773 1359 4842 8).
1404 4775 1471 4829 Et
1513 4773 1560 4829 si
1589 4773 1740 4829 enim
1774 4773 1888 4828 Da-

185 4859 306 4927 vid,
343 4861 631 4931 quomodo
662 4861 842 4918 Filius
874 4862 1011 4919 Dei?
1046 4863 1167 4930 Ego
1198 4862 1355 4917 hodie
1397 4864 1562 4930 genui
1593 4867 1660 4931 te,
1714 4875 1887 4932 quem

183 4960 424 5002 sensum
463 4961 496 5002 a
533 4947 699 5003 vobis
734 4948 961 5015 habeat,
1016 4963 1174 5019 rogo.
1220 4949 1425 5006 Gentes
1478 4964 1711 5020 quoque
1750 4962 1824 5004 an
1854 4963 1888 5004 a

185 5034 358 5089 Patre
397 5042 597 5091 utrum
642 5049 676 5091 a
724 5044 910 5093 matre
952 5037 1255 5093 haereditas
1292 5038 1419 5109 ejus
1459 5044 1643 5106 erant,
1672 5044 1726 5093 et
1756 5052 1885 5108 pos-

183 5122 367 5178 sessio
402 5123 632 5179 termini
669 5130 838 5181 terraa
882 5125 1067 5181 multa
1112 5138 1147 5180 a
1186 5125 1351 5181 vobis
1380 5133 1570 5182 mente
1601 5126 1882 5197 disquiro.

184 5208 341 5265 Licet
384 5210 660 5280 contigua
708 5210 877 5281 plane
933 5210 1042 5267 sibi
1109 5211 1232 5267 loca
1289 5211 1722 5269 Palaestinorum
1786 5219 1888 5269 aut

182 5298 653 5354 Ammonitarum
687 5300 996 5356 tributaria
1044 5299 1256 5369 fecerit,
1305 5300 1575 5357 abhorret
1629 5308 1821 5357 tamen
1854 5316 1889 5357 a

182 5400 344 5453 vero,
392 5385 550 5457 quod
592 5386 915 5444 haereditari
952 5394 1148 5459 gentes
1184 5396 1239 5443 et
1274 5388 1585 5456 possessive
1624 5401 1738 5443 non
1779 5387 1887 5443 tri-

181 5472 415 5530 butarie
444 5473 719 5530 terminos
750 5484 918 5531 teme
944 5475 1211 5531 tenuerit.
1255 5475 1402 5531 Illud
1434 5489 1669 5546 quoque
1705 5489 1717 5529 :
1754 5476 1889 5531 Eri-

2003 3005 2377 3077 speraturas?
2426 3006 2741 3061 Dicendum
2782 3005 2840 3060 in
2881 3004 3209 3061 nationibus
3251 3005 3393 3076 quia
3423 3004 3701 3060 Dominus

2000 3095 2310 3166 regnavit:
2361 3098 2407 3148 A
2457 3094 2588 3150 solis
2643 3101 2774 3149 ortu
2821 3107 3008 3164 usque
3056 3092 3125 3147 ad
3174 3106 3441 3149 occasum
3491 3105 3699 3147 nomen

2004 3182 2229 3237 Domini
2277 3181 2540 3237 futurum
2585 3180 2891 3247 laudabile,
2941 3181 3248 3250 ipsumque
3291 3194 3468 3250 super
3507 3186 3701 3251 gentes

2000 3270 2291 3326 excelsum
2342 3270 2510 3334 (Psal.
2568 3282 2707 3336 cxn,
2761 3271 2813 3335 3,
2874 3268 2948 3337 4).
3009 3268 3081 3323 Et
3138 3266 3536 3323 deﬁcientibus
3576 3266 3699 3338 jam

2000 3359 2059 3413 in
2130 3357 2337 3427 templo
2401 3365 2592 3412 vestro
2646 3357 2936 3412 sacerdote
2994 3363 3047 3413 et
3103 3355 3309 3424 hostia,
3386 3355 3701 3412 Malacbias

2002 3446 2170 3502 infert
2202 3460 2214 3500 :
2253 3446 2339 3501 Ab
2378 3451 2503 3500 ortu
2542 3447 2672 3500 solis
2715 3459 2886 3514 usque
2924 3444 2999 3498 ad
3035 3459 3281 3499 occasum
3324 3459 3583 3512 magnum
3618 3449 3700 3499 est

1998 3550 2188 3589 nomen
2217 3550 2391 3589 meum
2433 3536 2490 3587 in
2527 3534 2798 3602 gentibus,
2835 3538 2885 3588 et
2926 3536 2987 3587 in
3026 3535 3172 3587 omni
3205 3534 3313 3588 loco
3355 3535 3700 3601 sacriﬁcatur

1999 3629 2050 3677 et
2098 3622 2327 3691 offertur
2381 3624 2588 3677 nomini
2620 3637 2733 3676 meo
2757 3622 2963 3676 oblatio
3009 3620 3234 3687 munda,
3268 3623 3401 3689 quia
3437 3636 3699 3689 magnum

1999 3715 2078 3766 est
2113 3726 2302 3765 nomen
2332 3726 2505 3765 meum
2546 3714 2603 3765 in
2645 3710 2893 3777 gentibus
2943 3710 3093 3778 (Mal.
3130 3726 3166 3777 ι,
3214 3710 3319 3778 11).
3357 3708 3473 3765 Vos
3504 3716 3698 3764 autem

1998 3814 2131 3855 cum
2165 3813 2199 3855 a
2227 3799 2392 3855 nobis
2422 3798 2860 3870 interrogamini
2892 3811 3073 3868 quare
3107 3797 3334 3867 templo,
3379 3796 3695 3866 pontiﬁcio,

1998 3895 2055 3944 et
2098 3901 2200 3943 ara
2241 3887 2501 3955 careatis,
2548 3887 2701 3943 illico
2740 3886 2810 3942 de
2849 3893 3001 3942 terra
3041 3886 3100 3940 tn
3132 3898 3249 3956 qua
3282 3885 3553 3941 habitatis
3584 3885 3699 3940 im-

2000 3976 2217 4032 munda
2261 3975 2603 4044 causamini,
2666 3975 2763 4031 sed
2804 3975 3112 4045 praedictus
3153 3972 3211 4029 in
3264 3974 3370 4030 hoc
3421 3974 3700 4045 propheta

2000 4079 2115 4120 non
2144 4064 2295 4121 favet
2319 4065 2498 4121 vobis.

2070 4152 2218 4220 Quid
2250 4160 2525 4223 praeterea
2559 4152 2787 4208 Balaam
2818 4151 2911 4207 ille
2940 4150 3189 4208 ariolus:
3216 4151 3453 4217 Orietur,
3486 4151 3694 4223 inquit,

1931 4249 1974 4303 Ι)
2002 4243 2159 4297 stella
2190 4257 2257 4294 ea:
2280 4241 2477 4308 Jacob,
2504 4246 2553 4295 et
2579 4247 2857 4308 consurget
2883 4241 2949 4294 de
2966 4243 3128 4309 virga
3156 4241 3342 4308 Israel,
3371 4245 3422 4294 et
3449 4242 3694 4307 confrin-

1997 4335 2084 4396 get
2114 4345 2291 4383 omnes
2319 4329 2477 4383 duces
2506 4326 2691 4396 Moab,
2722 4329 3069 4398 vastabitque
3100 4343 3277 4383 omnes
3308 4329 3447 4395 ﬁlios
3478 4329 3616 4394 Eth;
3647 4333 3698 4383 et

1998 4420 2104 4471 erit
2130 4417 2350 4471 Idumea
2367 4418 2633 4487 possessio
2653 4418 2788 4486 ejus.
2811 4416 3131 4471 Hereditas
3151 4418 3273 4472 Seir
3291 4416 3438 4471 cedet
3458 4419 3697 4472 inimicis

1999 4509 2133 4560 suis.
2167 4506 2341 4561 Israel
2370 4521 2493 4560 vero
2521 4506 2743 4572 fortiter
2770 4510 2895 4574 aget
2921 4504 3105 4574 (Num.
3129 4519 3286 4569 xxxv,
3308 4504 3398 4572 17,
3427 4504 3533 4575 18).
3555 4505 3695 4569 Qua:

1997 4603 2080 4650 est
2110 4593 2317 4650 stella?
2347 4593 2527 4649 Maria
2574 4606 2608 4648 a
2654 4607 2791 4649 vero
2831 4593 2946 4649 sole
2988 4592 3331 4660 illuminata,
3377 4598 3433 4647 et
3478 4592 3548 4647 de
3578 4606 3695 4662 qua

1997 4690 2198 4738 exorta
2227 4689 2311 4738 est
2341 4683 2398 4737 in
2427 4682 2676 4738 tenebris
2702 4681 2896 4738 lumen
2920 4681 3087 4737 rectis
3114 4681 3300 4748 corde,
3328 4680 3627 4736 miseratur
3641 4688 3696 4737 et

1997 4769 2319 4826 misericors
2348 4777 2403 4825 et
2425 4770 2621 4841 justus
2656 4769 2832 4840 (Psal.
2865 4786 2945 4837 ιιι,
2977 4768 3055 4837 4).
3102 4768 3323 4823 Exinde
3352 4769 3519 4839 virga
3550 4783 3695 4824 con—

1997 4859 2204 4930 surgit,
2249 4857 2423 4914 totius
2463 4857 2728 4913 videlicet
2772 4856 3133 4913 rectitudinis
3164 4855 3536 4927 singularitas
3578 4854 3696 4924 ipse

1996 4948 2258 5003 Christus
2303 4946 2563 5017 emergit.
2598 4946 2741 5004 Vide
2768 4945 2829 5001 in
2860 4945 2950 5001 his
2988 4944 3264 5015 exemplis
3302 4959 3434 5016 quae
3480 4945 3550 5000 de
3579 4943 3696 5000 tuis

1998 5044 2295 5106 assumpta
2320 5043 2403 5092 est
2450 5035 2630 5103 libris,
2665 5049 2842 5106 quam
2887 5049 3031 5105 pure
3070 5034 3191 5091 sine
3228 5034 3346 5089 ullo
3383 5033 3561 5104 patris
3592 5039 3695 5088 aut

1994 5125 2225 5181 seminis
2288 5124 2561 5180 memoria
2610 5124 2948 5180 enuntietur
3012 5121 3193 5193 origo.
3255 5122 3402 5178 Audi
3470 5120 3694 5178 stellam

1996 5226 2127 5283 quae
2173 5213 2295 5269 sine
2336 5212 2425 5269 sui
2469 5210 2809 5268 detrimento
2866 5211 3060 5267 lumen
3110 5209 3252 5266 illud
3297 5210 3568 5267 emiserit.
3620 5211 3694 5267 At

1996 5300 2137 5370 quia
2192 5300 2385 5357 lumen
2439 5299 2621 5357 oculis
2664 5313 2779 5356 non
2827 5299 3135 5356 videbatur
3181 5298 3444 5366 inﬁrmis,
3490 5304 3694 5369 partus

1996 5388 2170 5445 stellae
2215 5396 2478 5445 mutatur
2526 5389 2586 5444 in
2618 5390 2869 5460 virgam,
2915 5402 3047 5459 qua;
3084 5387 3280 5443 devios
3315 5386 3545 5459 dirigat,
3592 5399 3693 5442 su-

1995 5476 2200 5547 perbos
2248 5477 2548 5559 deprimat,
2606 5476 2986 5533 imbecillibus
3049 5475 3507 5533 sustentaculum
3570 5474 3689 5531 ﬁat.
