3934 6086
306 282 410 332 515

1186 278 1252 332 v.
1301 276 1635 333 GUIBERTI
1676 276 1967 333 seems
2003 275 2058 331 s.
2101 274 2344 332 MARIAE
2376 232 2467 333 ut:
2511 275 2906 333 NOVIGENTO

3713 281 3824 333 516

307 418 440 473 Haec
486 415 795 487 confringit
854 431 889 470 a
944 414 1132 484 rigore
1184 414 1535 484 nequissimo
1582 414 1757 470 duces
1815 413 1995 479 Moab,
2035 413 2445 479 Avastitatem,
2499 426 2785 469 annorum
2828 412 2951 483 jam
3001 411 3155 468 mille
3205 412 3637 470 continuatione
3670 428 3823 485 pro-

305 506 608 577 gentilium
640 505 841 574 utique
868 503 971 573 qui
1010 503 1131 558 sine
1171 503 1294 573 lege
1324 510 1478 569 sunt,
1520 511 1859 572 patremque
1890 503 2000 557 ha-

305 595 442 651 bent
471 593 780 649 diabolum.
806 592 968 648 Moab
997 605 1248 661 namque
1277 607 1344 645 em
1374 596 1533 660 patre
1558 591 1644 647 vel
1675 593 1837 645 exiere
1866 590 2001 646 dici—

306 690 421 739 tur.
449 683 559 737 Eth
586 690 776 737 autem
818 680 1227 750 interpretatur
1261 685 1501 749 stupens.
1548 680 1655 743 Qui
1694 686 1830 735 sunt
1870 686 1999 734 stu-

305 778 520 841 pentes,
554 770 661 824 nisi
684 768 861 824 Judaei
889 768 991 838 qui
1013 769 1339 824 nescierunt
1362 782 1547 838 neque
1570 768 1994 834 intellexerunt,

304 865 361 914 et
390 859 448 913 in
489 858 738 913 tenebris
775 856 1121 913 ambulant?
1154 856 1219 911 Hi
1264 864 1404 912 sunt
1452 856 1571 923 lilii,
1612 856 1709 911 sed
1755 855 1996 921 mentiti,

305 944 403 1001 sed
433 944 684 1000 alienati.
732 945 841 999 Hos
872 945 1039 1014 virga
1076 950 1281 1010 vastat,
1330 945 1470 1013 quia
1510 943 1649 1014 legis
1676 942 1996 1009 scientiam,

305 1046 482 1103 quam
514 1032 654 1088 falso
697 1033 897 1088 Iudaea
936 1039 1198 1101 usurpat,
1242 1032 1440 1101 gentili
1486 1031 1748 1087 Christus
1787 1032 1999 1101 populo

302 1120 586 1176 veraciter
615 1120 732 1175 dat.
764 1122 936 1174 Catia:
973 1124 1114 1174 enim
1144 1122 1203 1173 in
1232 1135 1400 1173 manu
1443 1120 1663 1173 Domini
1699 1122 1817 1173 vini
1863 1122 2001 1173 meri

302 1210 493 1279 plenus
531 1212 709 1271 misto,
742 1213 794 1263 et
837 1209 1126 1262 inclinavit
1155 1224 1223 1261 ea:
1270 1209 1364 1262 hoc
1410 1207 1467 1263 in
1516 1208 1668 1263 hunc
1698 1208 1994 1278 populum.

310 1299 689 1353 Verumtamen
737 1300 850 1364 fma:
881 1297 996 1366 ejus
1046 1312 1150 1350 non
1182 1302 1263 1351 est
1310 1299 1615 1363 eminanita,
1662 1297 1838 1351 bibent
1885 1313 1997 1351 om-

302 1403 394 1443 nes
459 1392 760 1457 peccatores
821 1393 977 1441 terrae
1036 1387 1201 1453 (Psal.
1251 1400 1444 1452 Lxxw,
1512 1388 1563 1453 8,
1623 1386 1693 1453 9).
1751 1385 1999 1441 ldumzea

302 1476 431 1546 ejus
489 1477 763 1545 possessio
813 1483 914 1542 est,
985 1476 1124 1544 quia
1168 1482 1325 1529 tanto
1372 1474 1706 1544 castigatius
1750 1488 1999 1544 quaeque

303 1578 465 1621 mens
512 1565 582 1619 ad
640 1565 822 1619 Deum
867 1562 1241 1630 convertitur,
1296 1571 1514 1632 quanto
1570 1562 1850 1617 terrenior
1890 1570 1994 1617 est.

303 1653 458 1709 Sicut
516 1666 679 1708 mons
739 1651 892 1719 Sion,
948 1646 1051 1707 ita
1094 1659 1148 1707 et
1204 1651 1384 1707 latera
1439 1651 1729 1721 aquilonis
1793 1650 1996 1706 civitas

302 1741 472 1812 Regis
523 1740 750 1811 magni;
807 1741 907 1797 ubi
960 1740 1114 1795 enim
1158 1739 1418 1795 abundat
1463 1747 1758 1809 peccatum
1798 1753 1995 1809 super-

301 1829 562 1885 abundat
617 1829 823 1900 gratia.
883 1828 1008 1883 Seir
1054 1828 1266 1898 pilosus
1320 1828 1573 1883 dicitur:
1633 1827 1733 1897 pili
1785 1841 1993 1897 super-

301 1917 494 1974 ﬂuunt
539 1918 783 1987 corpori,
834 1916 1279 1987 significantque
1331 1916 1713 1971 substantiam
1772 1915 1985 1971 szeculi.

300 2006 438 2071 Quae
474 2014 558 2061 est
589 2004 892 2061 haereditas
922 2004 1062 2071 Seir,
1091 2004 1195 2059 nisi
1242 2004 1353 2070 lex,
1386 2012 1488 2059 aut
1519 2004 1703 2073 ipsum
1745 2018 1989 2073 regnum

297 2095 650 2161 Iudaeorum,
687 2108 818 2163 qua:
852 2092 970 2162 jam
1005 2092 1253 2162 possidet
1290 2092 1448 2161 plebs
1500 2091 1988 2163 Christianorum;

298 2183 396 2238 sed
427 2182 520 2237 hic
565 2196 768 2237 sensus
795 2181 945 2251 apud
992 2195 1094 2236 vos
1130 2180 1417 2251 quomodo
1454 2194 1513 2235 se
1557 2180 1707 2250 capit
1740 2180 1811 2235 ad
1844 2181 1988 2237 litte-

297 2270 463 2326 ram?
504 2271 585 2325 nil
624 2270 777 2325 enim
827 2270 887 2324 in
923 2268 1308 2325 Pentateucho
1351 2268 1799 2339 signiﬁcativum
1838 2268 1988 2324 acci-

295 2360 480 2429 pietis.
532 2360 597 2415 In
652 2359 818 2414 terris
849 2371 986 2413 sane
1034 2357 1145 2412 illis
1195 2356 1587 2426 Assyriorum,
1621 2356 1987 2418 Parthorum,

294 2448 576 2515 Arabum,
611 2447 1079 2514 Francorumque
1114 2444 1443 2514 nuperrime
1472 2443 1792 2499 alternante
1825 2442 1991 2498 victo-

294 2536 401 2603 ria,
434 2535 693 2607 gentium
736 2534 975 2589 istarum
1012 2547 1083 2588 ne
1127 2533 1249 2602 ipsa
1290 2532 1523 2602 quidem
1561 2531 1796 2588 nomina
1835 2545 1986 2587 rese-

294 2625 446 2681 dere.
481 2623 714 2680 Messias
742 2636 879 2693 ergo
911 2632 1096 2677 vester
1126 2621 1267 2690 quid
1290 2620 1493 2676 faciet?
1514 2622 1778 2690 sequitur
1810 2635 1822 2674 :

362 2714 532 2768 Israel
582 2727 705 2766 vero
751 2713 972 2777 fortiter
1020 2715 1144 2778 aget
1194 2710 1377 2779 (Num.
1429 2724 1584 2772 xxw,
1644 2708 1751 2780 l8).
1812 2708 1986 2766 Israel

292 2800 504 2857 dicitur
533 2805 679 2853 124
712 2798 947 2852 directus
976 2813 1097 2851 cum
1130 2801 1256 2852 Dea.
1293 2797 1360 2853 Et
1381 2797 1513 2867 quis
1540 2812 1672 2852 cum
1706 2798 1815 2853 Deo
1846 2797 1984 2852 diri-

293 2889 469 2961 gitur,
506 2888 615 2943 nisi
641 2887 745 2957 qui
775 2887 900 2942 lidei
927 2886 1186 2957 regulam
1208 2885 1512 2956 sequitur?
1535 2886 1588 2942 Is
1605 2886 1823 2943 fortiter
1842 2887 1981 2958 agit,

2105 500 2301 558 basiis.

2779 587 3014 645 CAPUT
3053 589 3146 647 IV.

2177 699 2257 751 De
2305 696 2512 753 Christi
2563 698 2969 750 resurrectione.
3026 726 3095 736 —
3156 697 3441 753 Habentes
3489 696 3669 768 igitur
3717 710 3821 753 ra-

2108 783 2287 840 tiones
2342 799 2410 839 ac
2481 784 2744 853 exempla
2819 784 2889 840 de
2965 784 3345 841 humanitatis
3414 786 3821 856 assumptione

2107 870 2166 927 in
2237 873 2372 940 Deo,
2448 872 2519 928 de
2609 871 2890 941 passione,
2962 872 3399 940 resurrectione,
3479 881 3533 929 et
3611 888 3821 929 ascen-

2104 959 2283 1023 sione,
2355 968 2513 1016 tanta
2587 960 2836 1030 profecto
2902 967 2966 1016 ut
3032 975 3233 1017 eorum
3316 961 3478 1031 copia
3547 962 3816 1032 inopiam

2105 1048 2329 1105 dicendi
2402 1049 2588 1118 pariat
2666 1064 2920 1120 quorum
3008 1049 3510 1119 multiplicitatcm,
3596 1059 3653 1106 et
3709 1052 3821 1106 mi-

2103 1152 2215 1194 nus
2264 1138 2471 1194 eruditi
2530 1137 2601 1193 ad
2634 1152 2873 1193 manum
2930 1137 3163 1204 habent,
3223 1145 3279 1194 et
3351 1138 3607 1194 Ecclesia
3661 1153 3817 1195 can-

2104 1227 2254 1290 titat,
2309 1241 2377 1283 ea
2428 1226 2548 1282 sola
2618 1226 2925 1297 protulisse
2983 1227 3243 1284 collibuit
3321 1241 3453 1297 qua:
3502 1228 3689 1284 Deum
3755 1230 3820 1284 in

2105 1315 2338 1372 homine
2411 1315 2889 1371 demonstrarent.
2955 1314 3114 1379 Quod
3198 1316 3246 1371 si
3326 1316 3478 1371 Deus
3552 1325 3820 1372 aeternus

2104 1412 2302 1472 aperta
2346 1403 2776 1473 Scripturarum
2823 1412 3149 1460 vestrarum
3208 1404 3616 1473 astipulatione
3670 1420 3815 1476 pro-

2106 1492 2297 1553 batur,
2348 1492 2490 1562 quid
2540 1506 2818 1563 magnum
2864 1490 3014 1553 fecit,
3068 1492 3114 1547 si
3167 1506 3378 1562 corpus
3429 1506 3661 1562 passum
3716 1494 3816 1549 vi-

2108 1589 2177 1636 tm
2230 1581 2498 1647 restituit,
2552 1596 2685 1637 cum
2725 1588 2778 1635 et
2821 1579 2994 1636 Elisei
3039 1580 3287 1636 cadaver
3331 1581 3385 1635 id
3419 1582 3637 1652 egerit?
3684 1582 3815 1637 Au-

2107 1668 2194 1725 dis
2225 1668 2406 1724 David
2451 1683 2585 1724 cum
2630 1668 2699 1724 de
2746 1681 3145 1737 pressurarum
3193 1667 3484 1723 nimietate
3530 1682 3815 1738 querere-

2107 1764 2222 1819 tur,
2273 1771 2404 1827 quaa
2451 1755 2631 1812 solent
2661 1757 2815 1826 apud
2866 1756 3125 1812 homines
3173 1770 3482 1826 provocare
3523 1755 3806 1827 vigilias:

2104 1848 2369 1911 Dormivi,
2419 1845 2517 1911 ait,
2568 1850 2618 1900 et
2668 1850 2952 1914 separatus
2994 1861 3133 1907 sum,
3187 1851 3238 1899 et
3295 1848 3586 1899 exsurrexi
3633 1848 3805 1915 (Psal.

2099 1948 2179 2001 ιιι,
2237 1933 2309 1995 6),
2363 1933 2541 1988 fossas
2586 1932 2719 1988 alibi
2770 1947 2977 1989 manus
3016 1940 3071 1989 et
3118 1933 3289 2003 pcdcs
3330 1947 3590 1989 asserens
3619 1935 3804 2005 (Psal.

2098 2036 2220 2087 χχι,
2274 2024 2385 2089 l7);
2435 2021 2588 2091 apud
2630 2021 2788 2082 Osee,
2834 2030 3075 2078 mortem
3132 2036 3193 2078 se
3241 2023 3441 2077 mortis
3488 2023 3603 2078 Deo
3639 2022 3810 2078 exhi—

2099 2110 2265 2167 beate
2298 2111 2561 2166 futurum
2613 2112 2747 2181 (Ose.
2776 2125 2896 2176 xm,
2939 2110 3049 2181 44).
3082 2111 3427 2182 Rursusque
3472 2112 3528 2166 in
3580 2113 3807 2182 psalmo

2096 2199 2417 2255 ascendisse
2467 2199 2523 2254 in
2570 2198 2915 2269 jubilatione
2972 2199 3142 2263 Deus,
3203 2206 3261 2255 et
3315 2200 3373 2255 in
3444 2214 3584 2256 voce
3644 2200 3807 2256 tubae

2098 2289 2264 2354 (Psal.
2297 2302 2451 2354 XLVI,
2502 2290 2597 2356 6):
2652 2287 2945 2358 Aliasquc,
2992 2287 3425 2343 ascendissesin
3482 2287 3692 2356 altum,
3752 2296 3807 2344 et

2095 2376 2386 2445 captivam
2432 2375 2670 2432 duxisse
2718 2376 3127 2445 captivitatem,
3160 2390 3229 2431 ac
3266 2377 3601 2432 hominibus
3648 2377 3808 2432 dona

2095 2464 2317 2520 dedisse
2376 2464 2589 2520 dicitur
2645 2464 2862 2535 (Ephes.
2921 2480 2997 2532 ιν,
3058 2466 3132 2535 8).
3202 2464 3346 2521 Cum
3404 2473 3577 2532 certo,
3625 2464 3806 2536 juxta

2095 2553 2431 2623 Apostolum
2478 2560 2715 2614 constet,
2770 2552 3057 2609 neminem
3112 2554 3416 2610 ascendere
3461 2553 3574 2610 nisi
3621 2568 3804 2623 quem

2094 2642 2453 2697 descendisse
2482 2641 2797 2697 constiterit
2832 2642 3032 2711 (Ibid.,
3065 2643 3145 2711 9).

2165 2732 2239 2784 De
2270 2732 2552 2796 vocatione
2601 2732 2863 2797 gentium.
2912 2761 2981 2770 -—
3018 2730 3162 2786 Cum
3201 2729 3421 2801 ubique
3472 2729 3801 2801 Scriptura-

2094 2828 2225 2870 rum
2254 2822 2487 2871 tuarum
2526 2815 2849 2871 testimonia
2876 2815 3209 2886 hujusmodi
3258 2816 3315 2871 in
3356 2816 3591 2872 modum
3633 2819 3799 2873 scin-

2093 2903 2349 2960 tillarum
2375 2904 2638 2967 emicent,
2674 2904 2816 2960 illud
2843 2918 3207 2974 summopere
3236 2905 3414 2961 claret
3454 2906 3611 2976 quod
3654 2922 3799 2977 gen-

292 2977 393 3047 qui
425 2976 590 3032 tidem
621 2974 1005 3068 Christianam
1054 2973 1227 3068 etiam
1252 2973 1419 3068 inter
1457 2973 1672 3030 atrocia
1702 2981 1985 3068 tormenta
2023 3014 2062 3068 ο
2092 2992 2239 3048 tium
2288 2993 2509 3049 γορεηίο
2568 2992 2731 3048 libris
2794 2992 3002 3062 passim
3059 2973 3345 3050 58.8mm
3421 2973 3794 3064 ριίοριιθιῖοίε,

291 3065 561 3121 defendit.
610 3066 689 3118 De
733 3064 895 3117 Jacob
941 3065 1044 3117 erit
1091 3064 1188 3131 qui
1230 3062 1536 3117 dominetur
1580 3069 1630 3117 et
1672 3064 1871 3132 perdat
1899 3080 1984 3118 re-

289 3155 491 3223 liquias
521 3155 765 3208 civitatis
821 3152 1018 3222 (Ibia.,
1074 3151 1181 3221 t9).
1230 3151 1392 3215 Quod
1438 3159 1522 3207 est
1560 3152 1789 3208 dicere:
1834 3153 1986 3209 Licet

291 3242 441 3297 inter
476 3249 674 3313 gentes
712 3249 1032 3311 martyrum
1070 3239 1345 3295 fortitudo
1392 3240 1684 3308 laudetur,
1726 3241 1793 3296 de
1815 3241 1984 3297 Iacob

290 3338 502 3398 tamen,
549 3329 607 3385 id
654 3336 738 3385 est
787 3329 856 3385 de
903 3329 1138 3397 Iudaeis,
1187 3328 1288 3399 qui
1341 3329 1515 3396 Esau,
1556 3329 1611 3385 id
1650 3337 1735 3385 est
1766 3338 1981 3400 gentes,

289 3432 349 3475 se
401 3433 499 3489 per
544 3417 931 3488 acceptionem
984 3416 1127 3488 legis
1173 3416 1575 3486 supplantasse
1628 3418 1979 3488 gaudebant,

287 3507 548 3566 Christus
595 3505 872 3563 Dominus
915 3504 1118 3560 oritur.
1178 3504 1340 3561 Unde
1388 3504 1657 3575 superius
1702 3505 1864 3561 stella
1913 3522 1985 3561 ex

285 3596 479 3664 Iacob,
531 3596 698 3666 virga
742 3594 811 3650 de
859 3593 1027 3649 Israel
1071 3599 1175 3649 est.
1234 3592 1415 3648 Maria
1460 3592 1614 3648 enim
1664 3593 1734 3649 de
1770 3595 1984 3650 Iudaeis

288 3686 521 3756 quidem
561 3683 719 3739 ducit
755 3682 1057 3753 originem,
1109 3680 1208 3736 sed
1259 3680 1519 3752 gentium
1552 3681 1802 3751 populus
1848 3698 1979 3738 cum

286 3773 510 3831 Christo
540 3771 859 3842 specialiter
901 3770 1176 3835 directus,
1215 3768 1424 3826 Christi
1466 3770 1750 3840 praecipue
1797 3778 1982 3827 osten-

288 3862 370 3918 dit
425 3860 837 3917 fortitudinem.
898 3858 1089 3914 Perdit
1153 3865 1346 3914 autem
1394 3858 1669 3929 reliquias
1708 3858 1975 3923 civitatis,

287 3951 429 4021 quia
454 3950 582 4005 licet
630 3948 798 4003 homo
831 3960 905 4002 ex
946 3946 1161 4002 femina
1202 3947 1508 4012 oriundus,
1538 3961 1614 4004 ex
1649 3947 1865 4005 virtute
1894 3956 1978 4004 ta-

186 4054 191 4057 ·
286 4053 417 4095 men
448 4036 681 4093 Deitatis
716 4049 864 4105 quos
894 4049 926 4089 a
957 4036 1054 4090 Dei
1094 4035 1322 4091 civitate
1365 4034 1650 4106 judicabit
1701 4044 1976 4101 extorres,

287 4125 576 4198 perpetuis
602 4123 806 4195 poterit
836 4123 1043 4193 punire
1071 4123 1387 4193 suppliciis.

355 4214 517 4278 Quod
567 4219 747 4268 totum
775 4219 859 4268 est
901 4212 1131 4267 dicere?
1182 4212 1300 4274 Ille,
1354 4211 1458 4282 qui
1507 4211 1729 4268 Judaici
1779 4212 1974 4270 induet

287 4301 513 4375 generis
550 4300 847 4362 vilitatem,
890 4307 1109 4356 tantam
1147 4299 1380 4356 habebit
1419 4300 1666 4367 Domini,
1709 4301 1862 4371 quod
1902 4302 1973 4357 ad
2014 4307 2056 4361 D

288 4390 490 4461 impios
542 4389 802 4460 pertinet,
878 4388 1261 4458 quantitatem
1305 4389 1643 4458 (paternitas
1696 4390 1848 4445 enim
1905 4390 1974 4445 ad

286 4478 428 4549 pios)
462 4490 524 4534 ut
572 4491 717 4548 quos
745 4491 864 4532 suae
905 4476 1112 4531 viderit
1157 4476 1505 4531 urbanitatis
1550 4476 1841 4548 indignos,
1881 4492 1977 4534 eos

286 4568 345 4624 in
410 4568 570 4639 ignes
632 4569 831 4637 potens
895 4565 970 4621 sit
1042 4564 1280 4634 perdere
1344 4566 1735 4635 sempiternos.
1803 4568 1978 4622 Pater

283 4660 426 4711 enim
480 4672 586 4711 non
657 4654 879 4725 judicat
939 4668 1283 4722 quemquam,
1344 4653 1440 4709 sed
1491 4653 1770 4724 judicium
1826 4672 1978 4711 omne

284 4746 435 4801 dedit
485 4745 627 4799 Filio
655 4744 837 4811 (Joan.
880 4757 935 4810 v,
973 4743 1077 4811 l2).
1121 4743 1218 4797 Est
1259 4749 1449 4798 autem
1491 4744 1808 4812 Jerusalem,
1857 4761 1978 4815 qua

281 4835 590 4901 aediﬁcatur
624 4838 687 4887 ut
715 4834 909 4887 civitas
947 4833 1115 4897 (Psal.
1150 4846 1299 4893 cxxr,
1340 4833 1419 4902 3).
1461 4832 1639 4888 Miror
1685 4847 1832 4904 quas
1884 4834 1979 4889 hic

280 4929 502 4979 vestras
555 4920 935 4977 beatitudines
984 4918 1314 4989 intelligatis
1368 4921 1440 4977 ad
1492 4921 1759 4977 litteram.
1812 4921 1975 4986 Quod

282 5011 328 5066 si
377 5012 454 5066 ita
493 5009 775 5073 tallimini,
820 5008 1093 5064 attendite
1141 5022 1271 5077 quae
1320 5017 1443 5079 post
1494 5023 1679 5078 pauca
1725 5022 1978 5080 sequun-

283 5106 397 5156 tur.
451 5100 750 5168 Assumpta
801 5100 998 5151 iterum
1055 5097 1286 5151 Balaam
1327 5098 1596 5167 parabole
1647 5098 1767 5153 ait:
1826 5100 1975 5153 Heu!

282 5190 406 5257 quis
455 5190 700 5241 victuma
758 5190 857 5252 est,
910 5185 1128 5254 quando
1182 5187 1293 5241 ista
1327 5188 1496 5252 faciet
1549 5185 1741 5240 Deus?
1789 5187 1971 5251 (Num.

278 5287 445 5339 xxw,
476 5276 566 5339 23)
601 5288 613 5328 :
644 5272 745 5329 ubi
776 5273 1051 5342 praemisit
1090 5275 1210 5342 heu,
1232 5274 1759 5345 spoponditutique
1783 5288 1842 5330 se
1864 5274 1975 5330 do—

280 5361 450 5419 lenda
504 5361 816 5417 dicturum.
880 5364 1124 5428 Venient,
1179 5360 1390 5433 inquit,
1457 5364 1518 5416 in
1597 5362 1855 5418 trieribus
1910 5362 1976 5417 de

282 5450 478 5519 Italia,
538 5449 870 5518 superabunt
930 5450 1210 5513 Assurios,
1268 5448 1667 5518 vastabuntque
1736 5450 1975 5506 Hebrzos

282 5538 482 5608 (Ibid.,
527 5537 637 5607 24).
684 5537 844 5591 Hanc
892 5551 1070 5607 quam
1117 5537 1220 5593 iste
1275 5546 1633 5607 praecouatus
1673 5545 1757 5596 est
1807 5539 1975 5596 vobis

2094 3081 2330 3138 indubie
2376 3081 2659 3152 completa
2708 3081 2961 3138 videtur.
3020 3082 3086 3138 In
3135 3096 3360 3138 omnem
3404 3089 3614 3137 terram
3670 3083 3797 3153 jam

2092 3171 2273 3226 exivit
2300 3185 2476 3226 sonus
2523 3170 2988 3240 praedicatorum,
3029 3178 3085 3226 et
3123 3169 3182 3224 in
3230 3170 3369 3226 lines
3419 3171 3576 3226 orbis
3624 3178 3796 3227 terrze

2093 3258 2272 3315 verba
2300 3272 2498 3314 eorum
2538 3260 2702 3329 (Psal.
2752 3273 2914 3321 xvm,
2961 3257 3035 3329 4).
3088 3259 3151 3313 In
3181 3272 3297 3327 quo
3339 3257 3502 3312 nobis
3544 3257 3799 3327 objicere

2093 3360 2259 3403 nemo
2304 3354 2485 3417 potest
2516 3346 2902 3417 quarumdam
2938 3346 3198 3417 gentium
3230 3345 3594 3416 apostasiam,
3642 3346 3797 3403 sicut

2092 3448 2198 3491 nec
2226 3434 2388 3490 Isaiae
2420 3435 2520 3504 qui
2566 3434 2816 3500 Iudaeos,
2865 3442 3095 3505 gentem
3147 3433 3541 3503 peccatricem,
3593 3448 3796 3491 semen

2091 3536 2366 3594 nequam,
2423 3522 2568 3579 ﬁlios
2636 3522 2940 3579 sceleratos
3003 3529 3310 3578 vocaverat
3382 3524 3531 3588 (Isai.
3594 3538 3635 3587 ι,
3714 3524 3791 3594 4).

2092 3611 2460 3668 Postmodum
2486 3612 2601 3668 ait:
2664 3612 2840 3679 Audi,
2885 3612 3076 3678 Israel,
3116 3626 3264 3666 serve
3295 3625 3461 3672 meus.
3510 3616 3561 3665 et
3591 3616 3793 3667 rectis-

2088 3702 2241 3768 sime,
2293 3716 2449 3769 quem
2516 3700 2657 3768 elegi
2716 3700 2850 3769 (Isa.
2910 3713 3062 3762 XLIV,
3129 3701 3202 3769 1).
3261 3699 3315 3754 Si
3370 3698 3523 3755 enim
3590 3714 3789 3756 semen

2087 3802 2361 3858 nequam,
2416 3801 2672 3859 gensque
2726 3787 3037 3859 peccatrix,
3093 3788 3381 3859 quomodo
3430 3787 3789 3845 rectissimus

2088 3891 2261 3948 quem
2312 3877 2602 3947 elegerat?
2659 3876 2766 3933 Sed
2811 3884 2993 3933 totum
3043 3891 3145 3946 pro
3199 3883 3377 3946 parte,
3440 3885 3784 3947 partemque

2087 3979 2192 4034 pro
2231 3972 2347 4022 toto
2396 3966 2453 4020 in
2495 3964 2804 4035 Scripturis
2832 3964 3038 4021 vestris
3084 3979 3153 4021 ac
3200 3966 3426 4027 nostris,
3469 3964 3650 4021 solere
3679 3980 3783 4022 ac-

2085 4054 2198 4123 cipi
2230 4068 2343 4109 non
2377 4053 2619 4109 dubium
2652 4054 2818 4110 vobis
2855 4060 2959 4121 est,
2995 4060 3057 4109 ut
3080 4060 3165 4109 est
3196 4053 3376 4109 illud:
3413 4052 3504 4108 Ad
3534 4058 3584 4107 te
3604 4057 3782 4109 omnis

2085 4158 2210 4198 caro
2252 4145 2424 4198 veniet
2453 4144 2632 4213 (Psal.
2682 4159 2833 4205 wa,
2885 4143 2958 4214 2),
3015 4142 3171 4213 quod
3227 4157 3342 4198 non
3373 4142 3537 4198 aliter
3566 4142 3781 4198 intelli-

2086 4232 2296 4304 gimus,
2328 4245 2505 4302 quam
2549 4231 2595 4286 si
2640 4231 2851 4287 diceret
2884 4246 2897 4286 :
2951 4232 3037 4287 Ad
3085 4240 3136 4287 te
3175 4231 3245 4287 de
3274 4230 3447 4286 omni
3474 4244 3649 4286 carne
3677 4244 3783 4286 ve-

2084 4320 2218 4376 niet.
2252 4319 2340 4375 Illi
2368 4320 2522 4375 enim
2570 4320 2638 4375 de
2677 4327 2859 4376 morte
2893 4326 3225 4375 surrecturo
3274 4319 3486 4374 dicitur
3534 4334 3547 4372 :
3583 4319 3784 4387 Surge,

2085 4413 2249 4476 Deus,
2300 4408 2502 4479 judico
2554 4415 2775 4474 terram,
2827 4412 3086 4478 quoniam
3128 4414 3188 4463 tu
3236 4409 3604 4475 hereditabis,
3665 4423 3784 4463 non

2085 4511 2283 4552 omnes
2312 4504 2527 4567 gentes,
2560 4497 2654 4550 sed
2683 4498 2741 4549 in
2757 4495 3002 4550 omnibus
3021 4496 3267 4561 gentibus
3290 4496 3454 4565 (Psal.
3480 4509 3671 4555 Lxxxt,
3701 4496 3780 4562 8).

2084 4586 2303 4641 Etcum
2336 4586 2488 4640 Elias
2517 4592 2859 4655 quereretur
2882 4584 3066 4640 solum
3105 4598 3165 4639 se
3193 4583 3455 4640 relictum
3489 4585 3587 4650 (ιιι
3640 4584 3778 4650 Reg.

2084 4688 2200 4739 xrx,
2239 4675 2342 4742 10),
2389 4674 2549 4728 audit
2597 4674 2666 4729 de
2692 4682 2907 4742 septem
2956 4672 3235 4739 millibus,
3272 4672 3376 4743 qui
3407 4685 3523 4727 non
3569 4684 3781 4726 curva-

2084 4768 2288 4817 verant
2314 4775 2505 4831 genua
2556 4761 2692 4816 Baal
2723 4761 2909 4831 (Ibid.,
2957 4761 3064 4831 18).
3107 4760 3161 4816 Si
3201 4761 3353 4817 enim
3387 4758 3634 4829 populus
3680 4758 3779 4815 Dei

2084 4849 2379 4918 quondam
2429 4849 2790 4917 dicebamini,
2846 4849 2975 4905 licet
3025 4849 3283 4905 maxima
3327 4857 3587 4905 vestrum
3645 4861 3779 4918 pars

2084 4937 2398 5001 aberraret,
2455 4953 2570 4994 non
2630 4946 2819 4994 tamen
2873 4938 3035 4994 bonae
3106 4938 3286 5008 partis
3343 4937 3562 4993 intuitu
3620 4936 3778 5008 quod

2080 5026 2450 5094 vocabimini,
2482 5027 2820 5097 perdebatis.
2858 5029 3060 5097 Itaque
3084 5027 3189 5082 etsi
3221 5026 3425 5082 mundi
3457 5025 3779 5096 plurimum

2084 5121 2235 5171 retro
2264 5115 2424 5177 abiit,
2475 5115 2534 5170 in
2584 5115 2691 5172 hoc
2733 5123 2923 5171 tamen
2971 5114 3183 5172 Christi
3226 5114 3535 5185 potentiam
3568 5128 3645 5170 ex
3673 5127 3782 5170 sua

2082 5204 2573 5274 retrogradatione
2600 5217 2718 5260 non
2748 5203 2978 5259 minuit.

2757 5344 2992 5403 CAPUT
3030 5344 3100 5401 V.

2151 5452 2364 5509 Iudaeos
2435 5453 2752 5522 alloquitur.
2832 5482 2903 5493 -—
2977 5451 3163 5523 Igitur
3219 5451 3498 5524 quoniam
3581 5451 3779 5523 aliqua

2084 5540 2144 5597 in
2217 5556 2321 5598 vos
2388 5541 2831 5598 auctoritatibus
2916 5547 2973 5597 et
3066 5539 3500 5597 ratiocinatione
3583 5548 3779 5598 contu-
