3934 6086
149 317 254 368 517

929 311 1175 368 TRACT.
1220 311 1309 366 DE
1348 310 1862 367 INCABNATIONE
1900 310 2180 366 CONTRA
2216 307 2607 365 JUD/EOS.—
2632 307 2761 363 LIB.
2803 307 2892 361 ΙΙΙ.

3560 309 3662 360 518

150 445 349 513 limus,
415 445 534 516 jam
617 457 717 499 vos
788 443 1053 514 pauculis
1128 442 1524 515 rogationibus
1600 440 1853 512 compel-
1890 444 2100 495 Acum
2140 439 2197 494 in
2246 438 2625 510 sequentibus
2681 438 2751 492 oh
2803 437 2973 506 plura
3028 437 3318 493 connubia
3375 436 3662 493 diluvium

151 534 307 589 labe.

1966 528 2278 584 inundasse
2326 527 2603 598 legamus,
2657 534 2712 582 et
2765 533 2955 581 tamen
3004 525 3298 580 Abraham
3364 539 3437 580 ex
3492 525 3664 582 latere

230 623 437 692 Legem
484 620 642 676 illam
689 620 827 676 adeo
876 618 1183 675 carnaliter
1240 632 1358 689 qua
1404 618 1715 674 intentione
1767 625 1853 673 te-
1955 617 2109 673 Sara
2139 617 2314 687 Agar,
2374 617 2485 671 Deo
2537 616 2709 671 etiam
2756 613 3060 683 aliquoties
3106 628 3234 668 eam
3286 623 3655 682 procurante,

152 709 350 765 netis?
400 708 523 765 Seio
564 723 668 765 vos
712 709 1011 764 dicturos:
1091 709 1159 762 Et
1215 707 1502 777 quomodo
1568 708 1747 777 legem
1819 720 1854 761 a

155 798 271 852 Deo
303 797 373 852 de
406 796 562 851 calis
586 796 905 866 prabitam,
939 796 1051 851 imo
1100 794 1277 865 ipsius
1316 794 1493 865 digito
1531 803 1851 861 exaratam,

154 899 368 940 vocum
422 885 754 950 terroribus,
798 884 1131 954 lampadum
1178 882 1501 954 fulgoribus
1544 891 1599 939 et
1646 883 1855 939 montis

154 973 629 1029 exbalationibus
666 972 1111 1043 promulgatam,
1159 971 1302 1027 nulli
1348 971 1503 1042 genti
1559 986 1593 1026 a
1648 972 1855 1027 saeulo

156 1061 354 1116 datam
411 1068 638 1116 mutare
694 1059 1061 1129 poterimus?
1123 1060 1193 1114 Et
1249 1059 1295 1113 si
1350 1059 1500 1130 leges
1555 1060 1855 1116 hominum

156 1158 449 1216 constant,
482 1149 615 1220 quis
644 1149 740 1203 Dei
774 1157 1059 1218 praecepta
1089 1147 1373 1202 destituet.

231 1238 538 1308 Respondet
599 1237 837 1303 Judais,
894 1237 1197 1305 probatque
1250 1239 1415 1289 Deum
1474 1237 1638 1303 legem
1689 1235 1858 1290 abro—

158 1342 342 1393 gasse,
373 1325 791 1380 auctoritatibus
832 1326 1147 1393 Scriptura.
1182 1353 1251 1362 —
1281 1323 1368 1378 Ad
1405 1323 1525 1378 hac
1569 1323 1809 1378 inferam
1840 1338 1853 1377 :

160 1414 458 1485 Quidquid
512 1414 786 1480 horroris,
820 1412 1107 1482 quidquid
1151 1411 1590 1483 magniﬁcentia
1632 1412 1860 1468 extrin—

160 1518 330 1560 secus
373 1503 514 1574 legis
571 1502 773 1557 danda
820 1509 1043 1556 constat
1094 1500 1437 1565 adhibitum,
1499 1515 1613 1555 non
1662 1502 1860 1572 magni

162 1592 479 1663 penditur;
538 1591 658 1646 hac
712 1591 865 1646 enim
924 1590 981 1645 in
1040 1589 1362 1645 minoribus
1413 1603 1561 1658 sape
1617 1592 1860 1660 negotiis

161 1685 316 1733 275
361 1680 791 1749 expenduntur.
835 1678 1009 1734 Plane
1047 1676 1274 1732 Samuel
1322 1691 1455 1732 eum
1523 1685 1863 1734 causaretur

1957 706 2243 762 habuisse.
2273 706 2444 759 Jacob
2478 719 2731 774 quoque,
2766 712 2819 757 et
2864 704 3110 772 Moysen,
3167 702 3495 772 multosque
3544 704 3654 759 sub

1961 794 2084 865 lege
2133 793 2577 864 probatissimos.
2622 806 2932 847 numerum
2986 792 3302 861 conjugum
3351 792 3474 846 sine
3524 792 3665 862 legis

1962 882 2406 938 contradictione
2432 881 2827 951 cognovimus.
2860 880 2995 933 Ada
3024 888 3214 934 autem
3247 880 3398 935 dicta
3428 881 3663 937 indubie

1963 985 2063 1041 pro
2096 971 2191 1026 Dei
2229 970 2419 1026 verbis
2466 970 2775 1038 ponimus;
2839 983 3011 1038 quem
3066 968 3501 1037 paradisicolam
3564 970 3662 1025 Dei

1959 1056 2134 1114 fuisse
2175 1067 2312 1114 tunc
2361 1057 2627 1112 intimum
2677 1056 2912 1111 scimus.
2966 1057 3128 1111 Jesus
3170 1058 3341 1111 etiam
3382 1057 3663 1114 Dominus

1964 1147 2083 1203 hac
2114 1147 2227 1201 Deo
2262 1147 2437 1201 verba
2468 1145 2727 1200 ascribit.

2036 1234 2258 1291 Mulieri
2287 1235 2511 1290 dixerat
2541 1234 2689 1288 Deus
2721 1247 2851 1303 qua
2880 1232 3073 1289 virum
3124 1232 3419 1290 inobedire
3466 1248 3663 1291 suase-

1963 1332 2053 1381 rat
2085 1325 2239 1381 :Sub
2266 1326 2375 1378 viri
2397 1328 2661 1392 potestate
2706 1324 2841 1389 eris,
2893 1327 2942 1375 et
2990 1325 3106 1390 ipse
3157 1323 3538 1377 dominabitur
3582 1326 3665 1378 tui

1968 1413 2121 1481 (Gen.
2156 1428 2235 1479 Ill,
2273 1413 2377 1485 l6).
2436 1413 2557 1482 Ipse
2618 1412 2763 1466 idem
2815 1410 3061 1465 Abraha
3113 1411 3416 1480 loquitur:
3470 1413 3664 1468 Omnia

1967 1518 2294 1573 quacunque
2339 1502 2547 1555 dixerit
2583 1499 2686 1553 tibi
2732 1501 2894 1557 Sara,
2942 1499 3077 1552 audi
3118 1515 3292 1553 vocem
3341 1502 3454 1569 ejus
3501 1500 3659 1570 (Gen.

1966 1605 2091 1658 xxi,
2128 1591 2234 1662 l2).
2263 1592 2406 1645 Ecce
2435 1597 2741 1660 quantum,
2778 1603 3074 1658 quamque
3119 1588 3486 1657 spectabilem
3528 1603 3663 1645 mu-

1972 1679 2097 1735 lieri
2128 1679 2431 1746 addixerit,
2467 1692 2637 1748 quem
2671 1690 2770 1747 per
2800 1690 2858 1731 se
2888 1676 3089 1731 docere
3123 1683 3404 1745 potuerat.

159 1769 393 1824 Judaos
418 1732 962 1838 regiumifastigium
994 1765 1345 1821 aﬁectantes.
1398 1767 1601 1834 Nonne,
1647 1732 1856 1837 inquit,
1898 1741 1940 1795 Β
1972 1732 2443 1832 iit—Iainﬁetvsveth',
2481 1732 2581 1820 iilii
2632 1732 2782 1828 Ada,
2837 1764 2990 1819 unde
3038 1732 3309 1835 conjugia
3358 1764 3466 1821 sibi
3521 1779 3657 1821 eon-
3715 1732 3719 1736 l

160 1856 353 1912 messis
383 1859 557 1911 triciti
587 1860 668 1910 est
720 1855 922 1909 hodie?
971 1855 1234 1910 Invocabo
1279 1858 1563 1909 Dominum
1614 1861 1665 1909 et
1706 1855 1862 1909 dabit

158 1960 315 1999 voces
346 1950 396 1999 et
423 1945 681 2014 pluvias;
717 1949 768 1997 et
805 1945 986 1997 scietis
1034 1945 1169 2011 quia
1214 1944 1423 2011 grande
1470 1944 1671 1996 malum
1715 1944 1862 2008 fece-

157 2035 294 2088 ritis
321 2032 375 2103 (ι
406 2035 534 2099 Reg.
566 2047 669 2098 xu,
708 2033 810 2096 t7).
844 2034 1006 2087 Certe
1034 2039 1087 2087 et
1134 2031 1294 2086 Osias
1345 2045 1446 2086 rex
1495 2031 1864 2085 sacerdotalis

160 2121 416 2177 amulus
448 2120 662 2187 infula,
694 2133 825 2174 eum
854 2127 1055 2174 sancta
1082 2118 1304 2189 ingredi
1337 2126 1688 2188 usurpasset,
1736 2133 1863 2174 mo-

163 2210 325 2265 tibus
359 2217 521 2264 terra
550 2208 878 2279 ingentibus
907 2207 1089 2275 factis,
1114 2221 1365 2277 quorum
1385 2210 1557 2261 Amos
1583 2205 1862 2273 meminit,

163 2305 338 2353 terra
370 2311 605 2367 quoque
634 2296 829 2351 hiatus
861 2294 1299 2365 praruptissimi
1330 2302 1661 2365 patuerunt.
1712 2294 1865 2351 Nihil

165 2401 311 2455 sane
341 2387 418 2442 ibi
446 2386 652 2441 accidit
684 2385 841 2455 quod
866 2400 982 2441 non
1014 2386 1242 2455 uspiam
1274 2385 1500 2441 facilius
1545 2385 1861 2442 accidisset.

167 2476 228 2531 Si
259 2475 480 2544 Moyses
532 2473 923 2545 quadraginta
970 2473 1193 2530 distulit
1241 2474 1443 2530 diebus
1493 2474 1761 2542 inediam,
1811 2482 1866 2530 et

169 2564 368 2619 itidem
423 2562 621 2619 leviori
690 2577 764 2619 ex
817 2577 993 2619 causa
1040 2562 1235 2618 fecisse
1290 2563 1504 2619 scimus
1552 2564 1757 2619 Eliam.
1810 2563 1866 2619 Si

169 2663 308 2705 cum
332 2648 573 2703 Domino
600 2649 818 2718 Moyses
844 2648 1187 2717 loquebatur
1235 2646 1375 2703 facie
1422 2647 1491 2702 ad
1542 2647 1762 2717 faciem,
1812 2657 1867 2705 et

171 2737 350 2793 Isaias
392 2738 693 2806 profitetur
734 2737 1042 2792 Dominum
1090 2736 1337 2791 Sabaoth
1389 2736 1509 2791 suis
1554 2751 1612 2791 se
1659 2738 1869 2794 vidisse

170 2826 375 2892 oculis,
444 2839 615 2895 quem
669 2826 893 2881 viderat
949 2825 1154 2880 solium
1212 2824 1503 2880 excelsum
1557 2824 1866 2890 sedentem,

170 2914 427 2984 idipsum
476 2921 529 2969 et
585 2912 683 2968 alii
735 2927 806 2969 ex
868 2913 1157 2983 prophetis
1205 2912 1460 2982 quidam.
1514 2913 1660 2978 Quid
1712 2912 1868 2983 quod

1971 1855 2257 1912 traxerint
2285 1854 2455 1920 nosti,
2488 1868 2560 1909 ex
2591 1866 2698 1909 sua
2730 1852 3111 1923 germanitate
3140 1852 3407 1922 profecto.
3444 1855 3669 1912 Poterat

1966 1960 2104 2002 vero
2129 1945 2207 2000 eis
2238 1945 2390 1999 Deus
2437 1943 2669 1998 aliunde
2724 1955 2918 1996 creare
2971 1954 3199 2006 uxores,
3251 1949 3309 1997 at
3364 1942 3483 2012 ipse
3539 1943 3667 2000 fecit

1968 2032 2146 2089 utsic
2178 2032 2499 2087 necessario
2532 2031 2705 2085 fieret.
2741 2028 2901 2095 Quod
2943 2029 3113 2084 etiam
3160 2030 3229 2085 de
3276 2031 3486 2099 amitis,
3539 2046 3667 2087 ma-

1968 2122 2191 2177 terteris
2216 2118 2444 2189 penitus
2486 2118 2634 2174 idem
2684 2125 2787 2173 est.
2846 2118 2915 2173 Et
2969 2118 3090 2173 hac
3137 2117 3418 2188 siquidem
3473 2121 3666 2176 omnia

1970 2209 2089 2276 Dei,
2124 2208 2222 2278 qui
2253 2222 2320 2264 ea
2354 2208 2535 2277 primo
2564 2208 2644 2262 sic
2678 2206 2883 2261 fecerat
2900 2206 3087 2276 jussu,
3111 2207 3363 2263 etedicto
3386 2208 3666 2279 Moysaico

1970 2295 2277 2364 asperrime
2303 2294 2663 2364 postmodum
2698 2294 2873 2348 vetita
2904 2300 3058 2349 sunt.
3101 2294 3246 2360 Quid
3287 2296 3441 2365 quod
3486 2311 3665 2352 unam

1971 2384 2127 2440 illam
2159 2398 2335 2455 quam
2367 2384 2489 2439 viro
2516 2391 2729 2438 costam
2760 2382 3108 2446 detraxerat,
3141 2382 3319 2453 inque
3368 2384 3664 2441 mulierem

1972 2472 2378 2539 adiﬁcaverat,
2412 2472 2470 2527 in
2508 2479 2584 2527 tot
2614 2471 2792 2526 dividi
2847 2471 3003 2527 brevi
3044 2480 3167 2541 post
3215 2472 3333 2542 ipse
3388 2474 3661 2543 permisit,

1971 2569 2038 2617 ut
2062 2562 2183 2632 jam
2213 2575 2328 2616 non
2359 2561 2472 2617 duo
2501 2560 2596 2616 sed
2626 2560 2818 2630 plures
2846 2560 3155 2614 admodum
3178 2560 3377 2616 tierent
3406 2561 3464 2617 in
3494 2575 3667 2618 carne

1971 2650 2140 2706 una?
2170 2653 2325 2721 Agar
2352 2649 2641 2717 ancillam,
2674 2662 2707 2703 a
2735 2648 2971 2703 domina
3000 2649 3140 2704 Sara
3185 2649 3430 2719 pulsam,
3485 2664 3665 2720 ange-

1973 2739 2066 2795 lus
2128 2741 2354 2809 reperit,
2417 2739 2601 2793 redire
2653 2752 2719 2793 ac
2777 2737 3067 2793 humiliari
3117 2738 3225 2793 sub
3273 2738 3412 2793 hera
3463 2740 3663 2794 suasit.

1977 2829 2232 2899 Denique
2308 2830 2467 2883 Isaac
2529 2826 2876 2896 jamdudum
2937 2834 3090 2894 nato,
3147 2833 3201 2882 et
3254 2826 3667 2897 grandiusculo

1975 2918 2231 2985 Ismaele,
2263 2931 2397 2972 cum
2429 2916 2569 2972 Sara
2598 2915 2762 2971 lusus
2787 2929 2986 2970 eorum
3018 2928 3170 2986 agre
3203 2915 3441 2983 tulisset,
3488 2915 3667 2971 invito

170 3004 347 3059 etiam
378 3002 612 3057 Balaam
645 3002 827 3091 ariolo
853 3009 908 3057 et
937 3002 1376 3091 apparuisse,et
1424 3001 1634 3071 sapius
1666 3016 1869 3091 oceur-
1908 3035 1950 3091 ο
1978 3007 2292 3073 Abraham,
2320 3005 2561 3075 iubetur
2592 3004 2935 3060 muliercula
2964 3018 3095 3059 cum
3127 3004 3283 3074 prole
3314 3004 3529 3075 repelli.
3562 3004 3666 3061 Cui

172 3092 315 3147 risse
373 3091 521 3147 Deus
574 3090 838 3146 dicitur?
891 3091 1168 3146 Tonitrua
1216 3090 1666 3161 hujusmodique
1720 3089 1873 3145 cian-

171 3194 339 3250 gores
363 3194 436 3235 ex
458 3193 658 3235 aerum
688 3178 1119 3250 importunitate
1149 3179 1509 3251 contingunt.
1534 3177 1675 3237 Cum
1698 3180 1868 3234 etiam

170 3282 275 3339 per
308 3266 634 3338 provincias
662 3266 803 3321 alias
844 3266 1048 3334 hieme,
1091 3266 1232 3322 alias
1268 3275 1462 3323 astate
1505 3268 1866 3338 proveniant.

172 3357 272 3413 Sin
305 3355 490 3422 aliter,
523 3363 843 3410 monstrum
875 3355 1204 3411 exhibeant.

246 3445 310 3500 Id
342 3445 521 3515 igitur
543 3444 730 3499 solum
779 3444 839 3498 in
882 3458 1058 3500 causa
1103 3450 1383 3512 versetur,
1429 3445 1568 3515 quia
1609 3446 1757 3502 Deus
1804 3459 1871 3501 ea

173 3534 452 3589 mandata
483 3533 811 3603 prabuerit.
841 3532 978 3599 Qua
1016 3533 1062 3589 si
1111 3533 1232 3589 ideo
1280 3533 1665 3589 immutabilia
1707 3534 1870 3604 judi-

170 3631 402 3687 centur,
464 3622 761 3677 videamus
816 3621 888 3676 ab
954 3621 1091 3691 ipsis
1140 3621 1483 3677 saculorum
1544 3622 1872 3691 primordiis

174 3724 311 3781 qua
343 3709 673 3777 instituerit,
703 3722 833 3779 qua
864 3724 1098 3780 quoque
1128 3708 1392 3765 instituta
1439 3709 1595 3776 locis,
1648 3718 1872 3780 tempo-

173 3798 363 3863 ribus,
419 3796 794 3867 personisque
842 3798 1168 3853 mutaverit.
1218 3798 1378 3854 Certe
1431 3799 1487 3853 in
1553 3798 1870 3868 primorum

172 3887 482 3942 hominum
519 3885 747 3941 illorum
778 3885 1082 3952 creatione,
1126 3901 1258 3942 cum
1314 3887 1576 3957 pralatos
1621 3901 1718 3943 eos
1766 3894 1874 3942 ter-

174 3974 351 4040 renis,
372 3974 840 4044 aquatilibusque
864 3975 1157 4044 Scriptura
1178 3975 1431 4044 dixisset,
1456 3976 1634 4030 Deum
1662 3976 1875 4045 pariter

173 4062 394 4119 dixisse
430 4062 791 4118 subnexuit:
854 4063 995 4117 Ecce
1052 4064 1180 4118 dedi
1222 4079 1428 4118 omnem
1472 4065 1692 4118 herbam
1733 4065 1874 4134 affe-

174 4158 381 4209 rentem
406 4156 649 4219 fructum
684 4167 849 4221 super
892 4158 1113 4219 terram,
1169 4158 1217 4207 et
1256 4156 1512 4207 universa
1556 4155 1706 4220 ligna
1756 4169 1876 4224 qua

176 4242 378 4295 habent
406 4245 467 4294 in
494 4243 796 4310 semetipsis
824 4246 1109 4296 sementem
1138 4244 1347 4309 generis
1378 4244 1484 4307 sui,
1509 4248 1568 4296 ut
1588 4245 1701 4296 sint
1724 4243 1874 4296 vobis

1978 3095 2382 3152 controversia
2412 3108 2525 3150 vox
2556 3093 2773 3161 divina,
2809 3107 2939 3163 qua
2969 3094 3236 3163 superius
3265 3106 3391 3149 eam
3422 3092 3667 3148 domina

1979 3183 2333 3240 reconciliari
2397 3189 2759 3253 praceperat,
2819 3180 3033 3248 intulit,
3089 3191 3143 3237 et
3214 3181 3381 3252 quasi
3443 3180 3664 3251 pristini

1979 3271 2154 3328 oblita
2180 3270 2421 3331 consilii,
2452 3271 2759 3340 postposito
2790 3269 3104 3337 Abraham,
3140 3269 3294 3325 Sara
3331 3269 3566 3325 mandat
3607 3268 3669 3324 in

1976 3359 2247 3416 omnibus
2272 3358 2507 3414 obediri.

2053 3448 2323 3517 Pracepit
2355 3455 2627 3516 praeterea
2654 3448 2804 3502 Deus
2831 3461 2902 3501 ne
2931 3445 3215 3516 sculptile,
3249 3461 3319 3503 ne
3358 3447 3668 3516 conflatile,

1979 3551 2051 3592 ne
2081 3550 2199 3606 qua
2227 3535 2561 3602 similitudo,
2590 3550 2661 3590 ne
2692 3535 2845 3604 quod
2885 3535 3114 3602 signum
3175 3535 3234 3589 in
3282 3543 3433 3590 terra
3480 3542 3670 3591 vestra

1979 3624 2317 3695 erigeretur,
2348 3631 2403 3679 et
2436 3633 2625 3679 tamen
2658 3624 2714 3678 in
2760 3623 3129 3679 tabernaculo
3177 3623 3510 3687 Cherubim,
3554 3625 3671 3679 Do-

1979 3714 2135 3769 mino
2182 3712 2441 3784 jubente,
2493 3720 2629 3767 sunt
2681 3711 2925 3781 sculpta.
2980 3710 3125 3777 Quid
3169 3711 3354 3767 dicam
3405 3712 3473 3767 de
3512 3726 3670 3767 aneo

1980 3808 2240 3871 serpente
2282 3799 2479 3871 ignitis
2519 3799 2739 3870 objecta
2788 3799 3169 3868 serpentibus,
3219 3799 3288 3854 ad
3339 3813 3510 3870 quem
3558 3807 3673 3856 toto

1979 3889 2255 3946 exercitui
2289 3888 2652 3956 eminentem,
2687 3887 2789 3958 qui
2836 3901 3144 3958 percussus
3194 3888 3518 3958 respiceret,
3563 3888 3671 3944 sal-

1981 3986 2219 4034 varetur
2237 3977 2265 4032 ‘3
2286 3977 2436 4034 Num
2463 3977 2716 4048 signum,
2740 3990 2883 4032 num
2908 3976 3221 4033 similitudo
3244 3976 3388 4033 fuit?
3412 3978 3484 4033 Et
3502 3984 3672 4046 certe,

1985 4066 2129 4123 libro
2156 4068 2378 4137 Regum
2412 4073 2567 4132 teste,
2600 4079 2786 4136 usque
2824 4064 2895 4120 ad
2937 4065 3192 4120 Ezechia
3240 4072 3498 4135 tempora
3541 4079 3676 4121 eum

1982 4156 2207 4211 coluere
2238 4155 2413 4211 thura
2438 4154 2745 4209 cremando
2774 4154 2956 4210 Judai
2981 4169 2998 4223 ;
3029 4161 3082 4209 et
3109 4154 3275 4223 plane
3310 4168 3425 4209 non
3456 4154 3677 4210 nescie-

1984 4244 2082 4300 bat
2133 4244 2285 4299 Deus
2339 4243 2493 4298 illius
2542 4242 2834 4298 institutor
2880 4242 3104 4310 ostenti,
3159 4243 3310 4299 istud
3355 4257 3557 4299 eorum
3604 4243 3677 4299 ad

177 4333 236 4384 in
268 4344 443 4383 escam
469 4328 626 4399 (Gen.
673 4343 711 4395 ι,
746 4330 858 4398 29).
908 4329 981 4384 At
1023 4328 1354 4399 cataclysmi
1394 4336 1597 4385 exacta
1648 4330 1865 4399 pluvia,
1907 4329 1953 4386 D
1986 4330 2135 4386 idola
2169 4330 2513 4400 proclivium
2544 4343 2754 4401 magno
2780 4329 3097 4386 valiturum
3144 4332 3343 4386 errori.
3402 4333 3532 4398 Hoc,
3584 4330 3679 4386 in-

177 4432 311 4475 cum
345 4418 464 4473 Noe
492 4425 545 4474 et
574 4418 706 4473 ﬁliis
747 4417 875 4488 ejus
918 4418 1170 4473 secundo
1218 4418 1472 4489 ejusdem
1526 4419 1875 4489 pralationis

176 4507 359 4563 verba
389 4505 645 4573 fudisset,
680 4506 897 4562 addidit
934 4521 946 4559 :
998 4506 1187 4561 Omnes
1232 4509 1405 4576 pisces
1452 4510 1642 4561 manui
1685 4512 1875 4564 vestra

179 4596 381 4650 traditi
424 4600 570 4661 sunt,
618 4600 669 4649 et
694 4610 845 4649 omne
874 4595 1021 4665 quod
1063 4601 1306 4651 movetur
1344 4602 1393 4650 et
1425 4598 1565 4650 vivit
1594 4599 1699 4651 erit
1725 4597 1874 4651 vobis

177 4687 237 4737 in
285 4683 485 4749 cibum,
539 4688 758 4753 excepto
820 4684 967 4752 quod
1020 4699 1236 4738 carnem
1288 4700 1406 4738 cum
1455 4687 1721 4750 sanguine
1769 4700 1877 4740 non

178 4772 465 4826 comedetis
495 4773 647 4842 (Gen.
680 4785 760 4838 ix,
790 4774 844 4838 2,
881 4774 957 4839 3).
992 4773 1177 4828 Habes
1219 4772 1399 4828 Deum
1453 4783 1705 4829 mutasse
1746 4788 1875 4829 sen-

179 4859 440 4927 tentiam,
477 4870 542 4915 ut
573 4860 643 4915 de
689 4861 1051 4931 graminibus
1097 4862 1167 4916 ad
1220 4862 1484 4917 carnium
1536 4861 1730 4917 edulia
1774 4876 1876 4918 nos

177 4947 426 5003 laxaret.
463 4947 724 5018 Denique
748 4949 855 5004 sub
887 4949 1077 5020 Moyse
1107 4964 1240 5005 cum
1292 4949 1360 5005 de
1406 4964 1611 5006 esuum
1661 4950 1878 5007 discre-

177 5038 334 5092 tione
392 5045 683 5106 tractaret,
745 5038 911 5107 quasi
970 5038 1145 5094 oblito
1190 5039 1345 5109 quod
1405 5046 1689 5095 annuerat
1736 5039 1874 5107 istis,

177 5140 349 5182 omne
404 5124 616 5181 scilicet
663 5126 817 5196 quod
867 5134 1131 5183 movetur
1183 5135 1239 5185 et
1287 5128 1450 5197 vivit,
1513 5128 1569 5183 in
1611 5142 1873 5197 munera,

178 5211 401 5269 comedi
434 5214 634 5268 vetuit.

249 5300 439 5355 Adam
492 5314 725 5370 quoque
781 5314 964 5357 uxore
1028 5301 1137 5357 sibi
1211 5301 1509 5359 exhibita:
1573 5303 1875 5372 Relinquat,

180 5386 396 5458 inquit,
428 5387 582 5441 homo
610 5393 840 5456 patrem,
883 5393 933 5443 et
980 5394 1229 5458 matrem,
1285 5396 1335 5444 et
1373 5390 1669 5444 adharebit
1714 5392 1880 5445 umori

177 5489 289 5530 sua
321 5475 485 5546 (Gen.
538 5489 596 5543 ιι,
646 5475 757 5546 24).
810 5475 933 5531 Non
974 5476 1165 5533 dixit:
1219 5478 1422 5545 Homo,
1472 5479 1584 5534 Deo
1632 5485 1772 5533 tunc
1824 5485 1881 5535 et

175 5563 469 5633 sapientia
531 5563 755 5633 plenus,
812 5565 1123 5621 adharebit
1169 5567 1472 5634 uxoribus,
1523 5565 1621 5622 sed
1683 5566 1877 5635 uxori,

1984 4433 2184 4489 quam,
2244 4427 2447 4475 contra
2502 4432 2610 4474 sua
2660 4417 2707 4474 si
2756 4417 2944 4475 dicere
2995 4419 3261 4487 audeam,
3317 4417 3458 4475 scita
3506 4418 3680 4490 jussit

1984 4507 2153 4564 Deus.

2055 4594 2517 4652 Tabernaculum
2548 4609 2684 4651 vero
2718 4595 2927 4665 ipsum,
2961 4594 3113 4665 quod
3134 4595 3207 4651 ab
3238 4594 3367 4650 imis
3392 4594 3462 4650 ad
3482 4608 3681 4665 supre-

1986 4697 2079 4738 ma
2110 4685 2336 4754 proprio
2370 4684 2521 4740 Deus
2545 4683 2767 4739 orditus
2798 4691 2881 4738 est
2908 4697 3023 4749 ore,
3059 4682 3324 4738 Salomon
3356 4696 3507 4737 nova
3536 4682 3679 4738 adi-

1988 4772 2250 4828 ﬁcatione
2279 4772 2554 4840 destituit,
2588 4772 2646 4827 in
2683 4779 2906 4828 tantum
2937 4778 3001 4827 ut
3030 4770 3350 4841 sacrilegio,
3376 4771 3489 4826 imo
3515 4769 3683 4826 idolo-

1986 4861 2167 4917 latria
2207 4860 2512 4927 diceretur,
2554 4861 2599 4917 si
2650 4860 2785 4931 quis
2840 4867 2966 4929 post
3023 4858 3215 4928 templi
3264 4859 3680 4915 dedicationem

1985 4963 2053 5004 ea
2079 4948 2202 5004 loca
2242 4949 2404 5006 cultu
2435 4949 2632 5019 aliquo
2677 4954 3062 5018 respectasset.
3100 4946 3261 5002 Unde
3282 4953 3337 5003 et
3360 4947 3417 5002 in
3449 4946 3680 5003 calum-

1986 5038 2144 5092 niam
2177 5037 2318 5093 illud
2352 5038 2551 5094 crebro
2577 5036 2788 5093 dicitur
2819 5051 2832 5091 :
2865 5036 3061 5091 Adhuc
3102 5036 3338 5105 populus
3366 5037 3682 5093 immolabat

1985 5128 2046 5179 in
2076 5128 2299 5181 excelsis
2347 5127 2446 5197 (IV
2478 5128 2606 5194 Reg.
2664 5139 2784 5192 xiv,
2831 5123 2911 5195 4).
2957 5123 3061 5180 Cui
3112 5132 3303 5180 tamen
3349 5124 3581 5195 templo,
3627 5133 3683 5182 et

1987 5222 2140 5283 ante,
2172 5223 2227 5271 et
2255 5223 2380 5285 post
2408 5212 2842 5270 aditicationem
2880 5212 3043 5268 favor
3088 5212 3322 5269 divinus
3382 5212 3539 5268 haud
3582 5213 3682 5271 de-

1986 5301 2114 5359 fuit.

2057 5396 2304 5459 Aurum,
2351 5396 2679 5462 argentum,
2735 5403 2896 5458 vasa,
2954 5396 3009 5446 et
3054 5395 3240 5445 vestes
3280 5388 3683 5461 zEgyptiorum

1989 5486 2194 5536 mutuo
2224 5479 2377 5534 Deus
2402 5478 2475 5533 ab
2504 5478 2586 5534 eis
2615 5476 2872 5547 accipere
2900 5491 3003 5532 vos
3035 5476 3308 5546 jusserat,
3362 5480 3512 5529 πη
3554 5488 3686 5544 qua

1990 5566 2247 5623 humane
2276 5566 2438 5622 vobis
2469 5565 2737 5636 prastita,
2793 5565 3132 5633 inhumane,
3166 5571 3232 5620 ut
3255 5563 3506 5630 videtur,
3547 5560 3688 5618 satis
