3928 6070
265 217 366 268 519

1154 208 1212 263 ν.
1252 206 1587 265 GUIBERTI
1625 207 1919 264 ABBATIS
1955 206 2010 263 S.
2052 206 2295 263 MARIIE
2334 207 2424 264 DE
2465 204 2860 265 NOVIGENTO

3657 210 3766 266 520

262 350 376 406 Deo
429 356 619 405 tamen
660 347 1039 418 permittente,
1089 344 1317 410 tulistis,
1367 344 1521 400 unde
1548 344 1777 411 dicitur,
1814 343 1955 414 quia
1991 344 2223 410 Atium,
2255 348 2305 398 et
2332 344 2540 398 labores
2566 344 2899 413 populorum
2924 342 3297 414 possederunt,
3348 348 3411 400 ut
3453 345 3768 402 custodiant

262 438 419 494 dedit
476 436 638 493 vobis
689 435 930 507 gratiam
984 448 1174 491 coram
1221 433 1505 505 Egyptiis
1560 434 1712 489 Deus
1756 433 1954 504 (Exod.

261 539 362 594 xn,
396 527 482 593 35,
517 524 627 595 36).
686 522 1049 579 Postmodum
1096 536 1229 578 cum
1282 521 1398 591 ipse
1444 521 1585 593 legis
1629 521 1782 578 illius
1824 536 1957 578 cen-

262 627 432 670 suras
486 611 751 679 ediceret,
803 611 1042 678 furtum,
1102 610 1384 677 fraudem,
1416 610 1959 680 concupiscentiam-

264 715 378 772 que
408 699 722 771 prohibuit.

920 768 1152 826 CAPUT
1191 769 1288 826 VI.

332 880 454 935 Etsi
478 877 836 933 immutabilis
864 878 1052 944 Deum,
1084 892 1288 940 verum,
1316 879 1376 930 ut
1397 875 1758 931 mutabilitati
1779 876 1957 930 homi-

261 983 392 1024 num
418 982 474 1023 se
502 971 671 1037 aptet,
701 968 992 1021 sententias
1023 970 1233 1021 mutare
1275 964 1512 1019 videtur.
1563 964 1719 1030 Quod
1766 970 1817 1019 et
1861 981 1953 1019 ra-

265 1057 501 1112 tionibus
527 1054 900 1127 conﬁrmatur.
931 1085 1000 1094 —
1032 1053 1283 1121 Habetis,
1317 1060 1381 1108 ut
1411 1052 1649 1120 aestimo,
1682 1052 1956 1125 pleraque

263 1144 595 1202 divinarum
659 1143 1075 1200 sententiarum
1150 1141 1482 1198 mutationis
1541 1143 1826 1212 exempla,
1896 1142 1955 1198 in

263 1233 479 1305 quibus
508 1233 785 1304 conjicere
810 1232 1040 1302 potestis
1070 1231 1271 1299 Deum,
1321 1238 1376 1287 et
1418 1230 1465 1285 si
1514 1230 1954 1293 immutabilem.

264 1321 529 1379 mutabili
592 1319 911 1385 hominum,
973 1332 1077 1389 pro
1147 1318 1403 1388 ipsorum
1459 1317 1791 1373 erudiendis
1846 1331 1956 1373 no-

263 1410 559 1476 vitatibus,
591 1408 897 1465 mutabiles
948 1407 1170 1463 dedisse
1218 1405 1550 1461 sententias.
1602 1405 1759 1461 Sicut
1801 1406 1955 1461 enim

263 1498 467 1555 videtis
512 1497 784 1568 puerulos
825 1495 953 1551 aliis
1003 1494 1060 1550 in
1110 1494 1355 1551 infantia
1400 1494 1760 1558 rudimentis,
1806 1493 1954 1561 aliis,

263 1602 397 1645 cum
454 1585 825 1652 adoleverint,
894 1583 1254 1639 documentis
1302 1583 1524 1653 imbui;
1556 1590 1613 1637 at
1651 1590 1954 1652 postquam

264 1674 757 1746 permaturuerint
807 1672 975 1728 modo
1024 1686 1118 1727 eos
1169 1671 1451 1727 severiore
1515 1670 1761 1740 disponi,
1821 1685 1952 1727 cum

263 1763 499 1820 senibus
554 1777 689 1817 vero
748 1759 1195 1832 profundissima
1246 1774 1494 1831 quaeque
1548 1759 1802 1827 tractari,
1882 1760 1959 1815 ita

265 1851 562 1922 intelligite
593 1851 796 1920 Deum,
828 1863 959 1905 cum
987 1848 1164 1919 hujus
1192 1846 1388 1904 saeculi
1427 1848 1785 1917 processibus
1819 1863 1960 1917 ope—

264 1948 477 1997 ratum.
510 1939 653 1995 Nam
685 1938 859 1995 veluti
894 1937 1204 2007 parvulum
1235 1937 1480 1993 assiduis
1504 1937 1860 2007 gerulorum,
1894 1950 1961 1992 ac

264 2028 558 2085 nutricum
600 2025 1182 2094 confabulationibus,
1234 2026 1304 2081 ad
1349 2025 1676 2082 rudimenta
1717 2024 1959 2096 loquela:

265 2117 535 2174 convenit
594 2114 913 2183 informari,
971 2122 1026 2170 et
1082 2122 1532 2170 succrescentem
1591 2113 1797 2170 acriori
1838 2112 1959 2184 jam

266 2205 526 2277 paedagio
582 2219 616 2260 a
676 2204 904 2260 licentia
963 2202 1221 2259 infantiae
1267 2202 1539 2271 cohiberi,
1594 2217 1628 2258 a
1682 2202 1960 2272 pueribus

263 2293 435 2349 etiam
474 2307 597 2349 aevo
643 2293 986 2363 pubescente
1039 2291 1272 2346 omnino
1316 2289 1605 2362 restringi,
1656 2289 1958 2360 juventam

263 2395 401 2438 vero
428 2382 499 2437 ad
531 2381 818 2451 integrum
848 2378 1133 2435 eruditam
1165 2390 1270 2432 sua
1302 2383 1520 2446 sponte,
1554 2376 1783 2447 propria
1820 2391 1960 2448 gra-

265 2469 459 2538 vitate,
494 2476 714 2525 rcmota
762 2467 968 2534 ferula,
1017 2480 1086 2521 ex
1137 2466 1371 2521 virtutis
1412 2478 1607 2521 amore
1648 2466 1770 2534 jam
1812 2467 1954 2539 regi.

265 2559 352 2615 Ita
382 2572 581 2615 recens
611 2557 761 2612 Deus
789 2555 1062 2611 saeculum
1120 2553 1306 2623 primo
1347 2554 1486 2620 suis,
1521 2561 1575 2609 et
1619 2554 1959 2624 angelorum

264 2647 503 2703 vocibus
532 2646 806 2710 assuevit,
841 2650 895 2699 et
929 2642 1093 2713 quasi
1122 2655 1361 2697 suorum
1405 2640 1589 2696 forma
1625 2656 1957 2700 sermonum

266 2733 644 2791 balbutientia
674 2730 874 2787 mundi
924 2730 1086 2786 labra
1121 2729 1389 2785 correxit.
1428 2729 1498 2785 Ut
1530 2730 1684 2799 quod
1732 2732 1962 2800 optimis

265 2823 435 2880 modo
464 2836 577 2879 non
628 2821 720 2887 sit,
783 2827 920 2875 tunc
969 2817 1141 2873 etiam
1196 2817 1651 2887 improbissimis,
1707 2826 1761 2876 et
1820 2820 1960 2890 ipsis

2058 433 2502 501 justiﬂcationcs,
2535 437 2586 487 et
2610 434 2774 500 legem
2802 433 2919 501 eius
2947 437 3232 502 requirant
3257 434 3432 504 (Psal.
3482 449 3590 503 Civ,
3642 433 3761 502 44).

2067 521 2368 578 Librorum
2403 528 2727 578 vestrorum
2758 520 3092 592 quibusque
3121 522 3493 592 peccantibus
3522 525 3764 579 commi-

2065 608 2364 665 nationes:
2400 610 2521 666 Non
2564 610 2848 676 inferetur,
2906 608 3201 681 inquiunt,
3258 625 3455 679 comas
3501 615 3651 665 tuum
3701 614 3766 665 in

2064 698 2369 766 sepulcrum
2419 702 2643 767 patrum
2696 701 2911 751 tuorum
2961 698 3073 769 (III
3111 699 3243 766 Reg.
3292 712 3414 767 xm,
3469 697 3581 768 22).
3641 700 3761 755 Et:

2067 786 2207 851 Quia
2246 786 2565 840 humiliatus
2614 791 2695 841 est
2734 785 2930 841 Achab
2981 801 3162 841 coram
3206 802 3309 854 me,
3349 802 3455 841 non
3502 787 3766 843 inducam

2062 874 2210 928 mala
2238 875 2299 928 in
2335 874 2524 929 diebus
2553 874 2667 942 eius
2702 873 2804 943 (III
2850 874 2983 941 Reg.
3032 889 3148 943 XX],
3197 873 3305 945 29).
3359 874 3514 931 Multi
3569 875 3770 945 philo-

2064 962 2378 1032 sophorum
2407 962 2731 1033 gentilium,
2765 977 2896 1033 quze
2928 962 3090 1019 vobis
3130 963 3614 1033 promittebantur
3644 963 3771 1020 du—

2063 1064 2200 1106 xere
2229 1050 2613 1121 contemptui;
2646 1058 2701 1108 et
2730 1050 2945 1119 habita,
2972 1060 3034 1107 ut
3065 1052 3364 1123 Diogenes,
3399 1050 3766 1122 abjecerunt,

2063 1140 2135 1195 Et
2163 1153 2297 1196 cum
2326 1139 2482 1195 orbis
2513 1153 2741 1196 summa
2772 1139 3068 1210 aliquibus
3096 1140 3473 1208 incumberet,
3505 1147 3571 1197 ut
3593 1139 3769 1197 Octa-

2062 1229 2276 1285 vianus
2297 1226 2506 1297 Caesar,
2562 1227 3074 1299 parvipenderunt.
3119 1227 3268 1296 Quid
3315 1228 3502 1285 dicam
3549 1228 3774 1285 vobis?

2063 1317 2154 1373 An
2186 1316 2337 1372 bona
2362 1316 2452 1372 lex
2483 1324 2588 1383 est,
2619 1316 2787 1387 cujus
2828 1318 3063 1387 praemia
3101 1316 3182 1373 nil
3230 1316 3429 1374 stabile
3484 1317 3772 1388 pollicen-

2064 1406 2210 1462 tur?
2258 1405 2403 1471 Quid
2453 1405 2823 1462 victimarum
2877 1405 3057 1462 millia
3130 1406 3500 1475 pontleratis?
3553 1405 3771 1461 Audite

2065 1494 2375 1549 Dominum
2406 1493 2463 1548 in
2492 1494 2640 1548 Isaia
2673 1509 2685 1548 :
2722 1494 2950 1563 Plenus,
2986 1494 3197 1566 inquit,
3246 1510 3385 1549 sum.
3439 1495 3769 1549 Holocausta

2066 1585 2313 1645 arietum,
2372 1588 2420 1637 et
2466 1585 2739 1638 hircorum
2795 1585 2947 1638 nolui
2995 1583 3123 1655 (Isa.
3169 1600 3207 1653 I,
3269 1584 3376 1654 ll.)
3440 1583 3768 1654 Subditque

2065 1685 2271 1727 causas
2298 1687 2310 1726 :
2347 1674 2539 1727 Manus
2564 1678 2752 1728 vestra
2780 1675 3044 1740 sanguine
3069 1673 3239 1742 plenae
3263 1678 3389 1727 sunt
3416 1672 3563 1744 {Ibid
3593 1714 3607 1740 ,
3648 1675 3760 1739 15).

2066 1759 2212 1826 Quid
2241 1768 2430 1815 autem
2464 1761 2600 1817 velit
2637 1761 2920 1830 extemplo
2970 1762 3339 1831 prosequitur
3370 1776 3383 1816 :
3430 1762 3722 1817 Lavamini
3740 1777 3764 1822 ,-

2067 1849 2261 1903 mundi
2286 1855 2486 1903 estote:
2521 1851 2737 1916 auferte
2771 1850 2974 1903 malum
3023 1852 3410 1917 cogitationum
3456 1856 3765 1904 vestrarum

2068 1938 2135 1990 ab
2166 1939 2332 1992 oculis
2371 1940 2542 1992 meis:
2595 1940 2852 2007 quiescile
2899 1953 3057 2005 agere
3096 1954 3347 2007 perverse
3401 1939 3585 2005 (Ibid,
3652 1938 3757 2005 16).

2067 2033 2122 2082 et
2152 2026 2471 2096 sequentia.
2506 2028 2622 2082 Non
2652 2029 2711 2081 in
2739 2027 3044 2095 sacriﬁciis,
3078 2027 3158 2081 ait
3187 2025 3350 2093 alter,
3400 2027 3647 2095 Arguam
3691 2033 3760 2093 te,

2069 2117 2200 2184 quia
2229 2115 2539 2170 holocausta
2568 2119 2665 2169 tua
2707 2130 2824 2168 mea
2869 2114 3152 2184 subjacent
3199 2115 3450 2169 arbitrio.
3501 2117 3619 2171 Non
3669 2131 3763 2168 ac-

2067 2205 2268 2273 cipiam
2332 2202 2398 2256 de
2444 2203 2598 2257 domo
2658 2207 2752 2257 tua
2806 2204 3025 2259 vitulos.
3108 2203 3374 2271 Nunquid
3426 2203 3765 2257 manducabo

2068 2305 2253 2347 carnes
2286 2296 2566 2344 taurorum
2588 2293 2617 2345 ?
2639 2289 2750 2343 Sed
2778 2291 2997 2344 immota
3031 2291 3139 2344 Deo
3180 2290 3513 2359 sacriﬁcium
3555 2291 3764 2361 laudis,

2066 2379 2233 2434 redde
2284 2380 2568 2433 Altissimo
2625 2384 2752 2432 vota
2808 2392 2971 2448 super
3028 2381 3316 2448 sacriﬁciis
3370 2380 3547 2449 (Psal.
3599 2394 3760 2447 XLIX,

2067 2469 2240 2534 8-14).
2274 2467 2427 2523 Idem
2459 2467 2661 2537 utique
2690 2467 2768 2523 ait
2802 2481 2815 2521 :
2848 2467 3204 2522 Holocaustis
3232 2484 3340 2522 non
3385 2468 3760 2523 delectaberis.

2066 2556 2405 2625 Sacrificium
2433 2560 2611 2610 autem
2638 2558 2741 2611 Deo
2770 2557 3002 2625 spiritus
3042 2557 3436 2611 contribulatus
3484 2556 3650 2628 (Psal.
3705 2571 3759 2624 L,

2072 2644 2157 2708 l8,
2194 2643 2293 2711 19).

2139 2729 2321 2800 Super
2349 2728 2784 2785 circumcisione
2810 2736 2912 2785 tua
2934 2729 3104 2786 etiam
3137 2745 3283 2801 pone
3312 2744 3520 2803 nugas.
3556 2731 3762 2788 Nonne

2065 2818 2175 2883 lex,
2209 2832 2402 2874 nonne
2433 2817 2721 2887 prophetae
2759 2818 2973 2887 pariter
3002 2818 3102 2874 tibi
3132 2827 3385 2887 cantant,
3419 2828 3483 2875 ut
3529 2821 3764 2876 auferas

266 2926 502 2983 quoque
530 2908 879 2966 animalibus
910 2913 1301 2977 praestaretur.
1338 2905 1512 2962 Paulo
1550 2914 1831 2976 evectum,
1873 2908 1960 2965 uti
2000 2928 2041 2984 ρ
2069 2908 2418 2978 ρι’ωριιῐίωη
2449 2906 2637 2963 cordis
2662 2906 2747 2962 tui
2773 2906 2801 2960 ‘I
2847 2906 3007 2970 Quod
3056 2906 3102 2962 si
3151 2907 3338 2963 cordis
3380 2917 3435 2965 et
3479 2922 3759 2965 sensuum

263 2999 381 3057 Noe
425 2998 742 3055 Abrahtevc
795 2994 1167 3065 temporibus,
1229 2994 1428 3064 paucis
1494 2993 1623 3050 licet
1681 2993 1737 3049 in
1785 2993 1959 3050 rebus

265 3085 563 3155 castigare,
598 3090 652 3138 et
683 3080 863 3151 signis
890 3079 994 3136 sibi
1021 3079 1289 3135 denotare
1311 3077 1609 3149 inciperet.
1630 3078 1748 3136 Sub
1768 3078 1957 3149 Moyse

264 3186 401 3229 vero
432 3170 600 3242 quasi
634 3169 1046 3225 adolescentem
1095 3180 1129 3221 a
1180 3166 1437 3236 pristinis
1485 3166 1801 3223 vilitatibus
1845 3166 1957 3221 ali-

267 3259 619 3331 quantulum
648 3256 972 3313 sublevare.
1007 3262 1061 3311 et
1091 3254 1288 3325 aliqua
1316 3254 1385 3310 de
1416 3254 1542 3310 viro
1570 3254 1779 3311 sentire
1801 3269 1956 3311 com-

264 3347 514 3419 pelleret.

334 3436 504 3491 Λείας
527 3435 773 3505 perfecta
800 3433 1019 3502 incmpit
1049 3447 1083 3485 a
1114 3431 1347 3487 Ghristo.
1384 3432 1549 3486 Vetus
1576 3430 1665 3485 lea:
1691 3434 1959 3501 tempora-

265 3525 362 3591 lia,
396 3524 601 3581 Christi
627 3538 751 3578 vero
779 3529 979 3577 eterna
1024 3519 1175 3575 docet
1211 3522 1482 3589 appetere.
1513 3549 1576 3559 —
1627 3518 1800 3575 Porro
1847 3519 1957 3574 sub

265 3611 659 3683 Redemptoris
689 3610 875 3683 gratia
927 3607 1095 3679 quasi
1142 3606 1534 3678 ponderosiori
1571 3606 1694 3677 jam
1742 3608 1954 3676 animo,

262 3710 318 3758 et
349 3701 857 3773 intelligentiarum
887 3697 1083 3769 capaci
1125 3697 1297 3754 totius
1341 3712 1460 3754 suae
1503 3696 1841 3764 divinitatis,
1892 3711 1958 3752 ac

264 3790 310 3847 si
344 3791 553 3857 interni
581 3790 669 3846 sui
712 3787 932 3845 consilii
984 3793 1279 3857 praerupta
1321 3786 1644 3856 detegeret;
1695 3785 1762 3841 iis
1802 3787 1957 3842 enim

265 3878 367 3950 qui
400 3878 518 3935 solo
552 3876 799 3933 dominis
836 3874 1197 3931 famulantur
1241 3888 1453 3942 amore,
1493 3888 1690 3930 eorum
1733 3872 1958 3931 facilius

263 3967 449 4024 solent
480 3966 785 4022 enuntiare
835 3970 1097 4018 secreta:
1155 3964 1284 4019 Jam
1333 3977 1439 4017 non
1490 3961 1689 4026 dicam,
1741 3963 1953 4034 inquit,

262 4072 356 4112 vos
394 4070 611 4125 servos;
672 4057 804 4123 quia
851 4067 1037 4107 servus
1075 4055 1243 4106 nescit
1289 4050 1427 4122 quid
1477 4053 1657 4117 faciat
1706 4051 1957 4108 dominus

264 4145 420 4214 ejus;
456 4158 547 4199 vos
573 4148 752 4197 autem
781 4141 908 4195 dixi
936 4142 1156 4207 amicos,
1190 4142 1323 4209 quia
1364 4141 1545 4194 omnia
1595 4154 1714 4208 qua:
1764 4140 1958 4196 audivi

2066 2995 2170 3052 tibi
2200 2994 2693 3051 circumcisionem
2740 2994 3117 3063 inclamitant,
3172 2996 3327 3052 illam
3357 3011 3489 3067 quae
3522 2996 3762 3068 pellium

2064 3091 2149 3140 est
2180 3084 2425 3154 figuram
2454 3082 2812 3139 solummodo
2841 3083 3125 3141 interioris
3149 3091 3366 3141 notant.

2135 3171 2282 3239 Quid
2314 3172 2381 3227 de
2407 3172 2645 3243 jejuniis
2675 3171 2821 3242 agis,
2864 3171 2920 3227 in
2973 3172 3188 3243 quibus
3235 3172 3418 3245 litigia
3464 3172 3763 3244 caedesque

2066 3259 2380 3317 videntur?
2408 3259 2531 3327 Quo
2559 3267 2757 3316 contra
2798 3261 3073 3330 propheta
3106 3275 3118 3315 :
3171 3262 3344 3331 Solve,
3393 3262 3491 3331 ait,
3541 3264 3765 3333 colliga-

2068 3352 2235 3405 tiones
2260 3351 2560 3418 impietatis
2587 3349 2881 3416 fasciculos
2911 3349 3270 3419 deprimentes
3301 3351 3441 3423 (Isa.
3492 3367 3647 3417 Lvm,
3679 3351 3763 3423 6),

2065 3443 2120 3492 et
2152 3442 2377 3505 caetera,
2411 3450 2542 3506 quae
2568 3435 2645 3492 ibi
2676 3436 2828 3493 Deus
2854 3436 3167 3506 appretiari
3200 3436 3521 3508 jejunando
3550 3439 3765 3510 digno—

2065 3525 2266 3581 scitur.
3466 3552 3471 3559 -

2137 3611 2199 3665 In
2256 3610 2569 3682 diligentiis
2625 3610 3010 3670 Sabbatorum
3060 3613 3245 3671 multa
3301 3614 3463 3672 vobis
3508 3614 3764 3673 solertia.

2066 3699 2173 3755 Sed
2201 3701 2378 3755 Deum
2413 3699 2651 3756 forsitan
2698 3701 2928 3757 creditis
2972 3711 3160 3759 vestro
3207 3702 3342 3771 otio,
3392 3703 3764 3774 spectaculis-

2066 3803 2180 3859 que
2206 3788 2474 3859 gaudere.
2501 3789 2616 3845 Nec
2645 3789 2814 3861 longe
2844 3798 2929 3845 est
2954 3805 3128 3861 super
3154 3791 3262 3846 hoc
3294 3791 3439 3848 idem
3486 3793 3767 3863 propheta

2066 3875 2209 3947 quid
2248 3877 2496 3933 sentiat:
2550 3878 2618 3933 Si
2668 3880 2929 3933 averteris
2988 3895 3023 3933 a
3080 3879 3321 3935 Sabbato
3370 3881 3562 3951 pedem
3609 3886 3766 3937 tuum

2063 3981 2170 4020 non
2200 3967 2380 4032 facere
2406 3967 2732 4020 voluntatem
2761 3971 2910 4021 tuam
2939 3969 2999 4021 in
3028 3967 3116 4021 die
3160 3972 3343 4023 sancto
3385 3984 3517 4034 meo,
3569 3975 3619 4024 et
3664 3986 3761 4025 vo-

2065 4055 2272 4107 caveris
2304 4053 2603 4108 Subbatum
2633 4053 2944 4121 delicatum,
2977 4060 3028 4109 et
3058 4056 3464 4126 gloriﬁcaveris,
3495 4057 3625 4112 dum
3653 4074 3764 4113 non

2064 4140 2207 4208 facis
2233 4142 2353 4195 vias
2393 4146 2515 4196 tuas
2543 4141 2736 4210 (Ibid,
2774 4139 2882 4213 13).

264 4247 301 4285 a
327 4232 503 4285 Patre
532 4245 645 4284 meo
678 4234 803 4284 nota
828 4231 936 4295 feci
984 4229 1134 4283 vobis
1183 4227 1361 4298 (Joan.
1411 4242 1508 4294 xv,
1563 4229 1666 4297 14).
1722 4228 1788 4284 In
1840 4228 1963 4301 lege
2001 4239 2045 4294 Ι)
2147 4234 2291 4282 277
2325 4229 2527 4284 Pedem
2558 4237 2817 4285 avertere
2847 4244 2881 4285 a
2919 4229 3165 4287 Sabbato
3211 4231 3468 4288 fortassis
3511 4232 3766 4289 aestimas

264 4326 455 4375 vestra
494 4333 624 4389 quae
654 4317 816 4374 vobis
866 4317 1017 4373 Deus
1062 4316 1295 4386 praemia
1342 4315 1692 4386 pollicetur?
1729 4319 1960 4374 Posses-

265 4407 470 4475 siones,
505 4406 794 4463 ventrium
833 4405 1238 4476 plenitudines,
1280 4418 1493 4461 uxores
1524 4418 1591 4460 ac
1637 4404 1800 4473 filios,
1843 4406 1962 4463 lon-

265 4496 578 4569 gae-vitales,
610 4503 665 4552 et
694 4494 856 4550 nulla
881 4493 990 4549 nisi
1022 4492 1091 4549 iis
1119 4492 1408 4549 contraria
1436 4493 1838 4549 comminatur.
1882 4494 1962 4550 De

264 4585 493 4642 aeternis
522 4584 810 4640 silentium
842 4590 939 4639 est.
978 4582 1111 4638 Coeli
1140 4583 1394 4652 praemia,
1429 4581 1630 4638 tartari
1678 4589 1961 4639 tormenta

263 4681 553 4730 tacentur.
591 4673 749 4730 Sicut
785 4671 905 4727 sola
933 4670 1251 4726 intentatur
1280 4670 1442 4741 virgo
1478 4670 1794 4740 juvenculo
1822 4670 1959 4727 libi-

265 4762 499 4818 dinibus
529 4760 816 4824 aestuanti,
849 4766 904 4815 et
938 4757 989 4813 ei
1023 4757 1329 4813 dehoneste
1377 4770 1563 4813 sermo
1610 4756 1674 4812 ﬁt
1722 4758 1955 4825 surdus,

266 4851 347 4908 ita
389 4848 762 4914 cruciatibus,
813 4855 914 4902 aut
960 4853 1141 4901 morte
1187 4844 1664 4901 absterrebantur
1710 4859 1744 4900 a
1795 4845 1951 4901 vitiis

266 4940 339 4996 ad
371 4940 521 4996 bona
545 4937 996 5009 qualiacunque,
1028 4949 1143 4990 non
1171 4932 1398 4999 ail‘ectu,
1431 4948 1547 4989 non
1576 4933 1826 5003 monitis,
1860 4934 1959 4990 sed

265 5028 468 5085 talium
501 5039 809 5083 munerum
843 5023 1121 5080 lenocinio
1149 5022 1548 5078 trahebantur.

336 5115 591 5181 Mentior,
652 5111 761 5169 nisi
820 5111 910 5167 lex
965 5111 1083 5180 ipsa
1134 5116 1372 5165 testetur
1418 5109 1709 5178 idipsum:
1777 5111 1954 5166 Intro-

266 5202 450 5270 duxit,
486 5201 693 5272 inquit,
722 5215 814 5256 vos
852 5202 1105 5254 Dominus
1133 5200 1192 5252 in
1230 5203 1437 5253 terram
1481 5199 1729 5265 ﬂuentem
1778 5199 1861 5254 lac
1908 5202 1960 5253 et

265 5290 389 5357 mel,
445 5294 506 5344 ut
556 5288 821 5344 mandata
870 5287 1084 5343 scilicet
1129 5286 1246 5356 ejus
1301 5286 1608 5353 observetis,
1672 5290 1722 5340 et
1766 5290 1827 5341 ut
1872 5287 1959 5341 lea:

268 5378 498 5433 Domini
541 5390 750 5446 semper
783 5378 860 5430 sit
914 5376 974 5429 in
1021 5389 1111 5429 ore
1154 5377 1330 5428 vestro
1378 5371 1587 5443 (Exod.
1638 5387 1835 5440 xxxm,
1879 5374 1957 5444 3).

266 5465 532 5524 Psalmus
560 5479 795 5537 quoque
826 5478 839 5519 :
874 5463 1045 5519 Dedit
1091 5462 1226 5531 illis,
1279 5461 1489 5532 inquit,
1537 5464 1780 5532 regiones
1822 5477 1959 5531 gen-

2071 4316 2454 4372 continentias
2480 4316 2552 4373 ab
2585 4316 2786 4374 itinere
2826 4316 3102 4374 faciendo.
3153 4318 3302 4386 Quid
3337 4335 3512 4390 super
3556 4321 3765 4378 volun-

2068 4411 2180 4460 tate
2211 4404 2609 4476 restringenda
2640 4406 2954 4463 tractabis?
3003 4406 3163 4473 Quod
3212 4407 3260 4462 si
3301 4407 3372 4464 ad
3418 4410 3768 4466 actionarias

2068 4500 2121 4549 te
2152 4494 2500 4549 converteris
2539 4493 2882 4561 voluntates,
2934 4495 3070 4551 audi
3130 4496 3475 4566 sequentia:
3528 4499 3609 4552 Et
3655 4515 3768 4553 non

2066 4583 2343 4636 invenitur
2372 4582 2619 4636 voluntas
2659 4588 2777 4651 tua,
2828 4587 2888 4636 ut
2948 4583 3190 4653 loquaris
3240 4599 3533 4639 sermonem
3576 4584 3764 4655 (Ibid).

2065 4669 2238 4726 Nulla
2270 4669 2359 4725 lex
2395 4668 2649 4726 imminet
2696 4670 2959 4727 Sabbatis
3004 4685 3039 4726 a
3084 4670 3371 4742 colloquio
3430 4671 3644 4740 feriari,
3702 4674 3766 4729 in

2067 4771 2183 4827 quo
2220 4756 2291 4812 ad
2325 4756 2377 4812 id
2403 4755 2525 4826 jam
2564 4758 2893 4814 necessitate
2921 4759 3333 4828 compellimur.
3365 4768 3429 4817 ut
3455 4760 3765 4817 delicatum

2066 4844 2127 4900 in
2151 4859 2217 4900 eo
2242 4844 2362 4900 solo
2393 4845 2708 4901 Sabbatum
2753 4853 3172 4915 computemus,
3219 4846 3267 4903 si
3310 4862 3344 4902 a
3394 4848 3560 4905 malis
3603 4849 3768 4919 spiri-

2065 4932 2296 4989 tualiter
2324 4933 2615 5001 subtilius,
2649 4948 2781 5003 quae
2812 4932 2935 5005 lege
2965 4949 3080 4990 non
3110 4943 3248 4991 sunt
3276 4936 3472 5005 vetita,
3503 4937 3766 5009 linguam

2066 5034 2134 5076 ac
2162 5022 2422 5078 animum
2453 5021 2863 5092 dispescamus.

2137 5107 2427 5178 Perpende
2480 5108 2660 5180 igitur
2720 5109 3068 5167 clarissimos
3126 5118 3236 5167 tua:
3286 5111 3428 5184 legis
3471 5121 3762 5182 auctores,

2066 5206 2353 5270 quantum
2383 5214 2417 5253 a
2449 5207 2549 5256 tuo
2580 5200 2900 5270 discrepent
2929 5202 3239 5272 intellectu,
3284 5205 3387 5275 qui
3437 5204 3582 5262 nihil
3630 5220 3763 5263 cor-

2066 5301 2271 5358 poreas
2298 5287 2736 5345 exercitationes
2768 5289 3041 5346 habentes
3065 5290 3251 5347 solum
3283 5292 3548 5350 medullis
3590 5294 3763 5365 spiri-

2065 5375 2324 5431 tualibus
2370 5375 2760 5433 intenderunt.
2812 5375 2939 5434 Sola
2984 5391 3241 5449 namque
3281 5379 3340 5435 in
3384 5381 3455 5437 iis
3498 5381 3766 5439 observa-

2066 5461 2320 5520 tionibus
2377 5464 2568 5519 carnis
2609 5464 2842 5523 vexatio
2893 5473 3017 5536 est;
3076 5465 3167 5523 his
3224 5474 3435 5539 tamen,
3490 5470 3594 5542 qui
3644 5485 3762 5527 non
