3934 6086
77 295 172 346 521

865 291 1112 347 TRACT.
1160 291 1251 345 DE
1290 291 1807 347 INCARNATIONE
1849 290 2116 347 CONTRA
2144 291 2434 348 JUDEOS.
2457 321 2526 331 —
2548 291 2677 347 LIB.
2711 293 2808 346 III.

3488 301 3590 352 522

71 423 296 493 aliquid
328 422 398 477 de
432 421 834 491 Spiritualitate
864 429 1182 478 senserunt.
1228 422 1344 477 Etsi
1382 421 1534 476 enim
1575 422 1633 476 in
1665 422 1787 493 lege
1823 425 1870 476 A
1899 437 2020 488 nus,
2059 423 2421 489 inclamatur,
2469 425 2561 479 hic
2609 439 2744 480 vero
2792 427 2953 479 Pater
2992 431 3173 480 noster
3214 429 3595 498 appellandus

72 521 176 567 tua
206 511 454 566 dicitur:
490 511 593 576 Qui
620 513 728 564 hac
768 513 960 575 fecerit
1000 511 1088 566 vel
1142 511 1236 565 illa
1293 511 1582 577 mandata,
1637 514 1780 564 vivet

67 603 128 651 in
157 602 232 653 eis
264 599 454 669 (Levii.
479 614 636 665 xvut,
671 601 742 664 5),
774 612 1077 668 nunquam
1113 607 1299 654 tamen
1339 607 1439 665 est,
1491 607 1777 668 quantum

70 690 139 742 ad
173 691 452 752 animam,
504 689 816 758 quisquam
863 688 1074 743 vixisse
1113 687 1454 752 credendus,
1503 687 1604 757 qui
1660 701 1777 742 non

71 791 268 832 amore
293 786 348 832 et
372 778 480 832 ﬁde
509 778 860 832 caeremoniis
895 776 1004 831 illis
1054 777 1358 832 inhaeserit.
1413 777 1572 833 Unde
1620 777 1774 846 apud

73 865 424 921 Ezechielem
494 865 748 936 legitur:
811 880 944 920 cum
1006 864 1157 920 enim
1227 865 1634 934 improperaret
1692 865 1775 920 eis

70 953 574 1022 praevaricationes
603 954 674 1008 ab
704 957 783 1007 eis
818 953 876 1008 in
917 954 1138 1009 deserto
1163 953 1376 1020 Efactas,
1420 954 1774 1009 idololatria-

72 1056 205 1097 rum
259 1043 546 1108 incursus,
599 1041 1101 1111 Sabbatorumque
1136 1042 1410 1108 incurias,
1472 1043 1545 1097 ad
1584 1050 1770 1097 extre-

71 1145 234 1185 mum
289 1130 483 1184 intulit
540 1131 728 1184 Deus:
781 1132 924 1196 Ergo
971 1135 1020 1183 et
1057 1145 1151 1196 ego
1198 1130 1325 1183 dedi
1373 1133 1448 1184 eis
1502 1136 1774 1199 pracepta

67 1234 178 1273 non
229 1219 386 1283 bona,
449 1223 498 1272 et
542 1219 758 1286 judicia
798 1220 858 1271 in
911 1219 1106 1286 quibus
1145 1234 1250 1272 non
1279 1221 1480 1283 vivent,
1512 1223 1562 1271 et
1601 1220 1775 1288 pollui

67 1311 127 1360 in
180 1308 494 1361 muneribus
549 1310 686 1371 suis,
735 1323 854 1360 cum
898 1306 1152 1374 offerrent
1196 1322 1347 1361 omne
1390 1307 1535 1374 quod
1595 1311 1774 1376 aperit

66 1397 293 1450 vulvam
356 1400 579 1465 propter
643 1395 841 1449 delicta
905 1410 1005 1450 sua
1067 1396 1282 1465 (Ezech.
1343 1411 1441 1461 xx,
1497 1399 1584 1462 25,
1653 1399 1767 1464 26).

66 1484 261 1550 Quare
313 1499 427 1539 non
491 1483 661 1548 bona,
714 1498 844 1539 cum
886 1484 1060 1554 juxta
1108 1484 1427 1554 apsotolum
1487 1491 1767 1552 nostrum,

69 1574 162 1627 lex
202 1573 277 1628 sit
319 1580 538 1638 sancta,
571 1581 626 1628 et
668 1573 1003 1636 mandatum
1056 1579 1110 1627 et
1151 1573 1374 1642 justum
1415 1579 1467 1627 et
1514 1571 1770 1628 bonum?

67 1663 240 1731 (Rom.
299 1676 396 1728 vn,
456 1661 572 1731 12.)
619 1661 894 1716 Corticem
971 1667 1026 1716 et
1075 1675 1202 1716 ossa
1261 1661 1595 1716 rodentibus
1654 1674 1768 1715 non

67 1747 249 1813 bona;
278 1745 550 1800 interiora
582 1745 954 1814 carpentibus
986 1745 1163 1811 utilis,
1214 1745 1628 1814 utentibusque
1660 1759 1770 1800 me-

65 1835 248 1890 dulla.
283 1834 348 1888 Hi
397 1842 534 1888 sunt
587 1833 803 1888 inimici
853 1834 909 1888 in
962 1834 1197 1903 psalmo,
1264 1834 1363 1902 qui
1411 1841 1620 1889 terram
1665 1834 1769 1888 lin-

64 1931 211 1994 gunt
243 1923 409 1991 (Psal.
440 1936 594 1988 Lxxi,
631 1924 703 1992 9).
745 1922 924 1977 Pollui
956 1937 1051 1977 eos
1097 1923 1152 1975 in
1197 1923 1556 1986 muneribus,
1596 1923 1765 1977 etiam

61 2026 195 2066 cum
258 2011 460 2082 legalia
515 2011 640 2079 ipsa
697 2018 983 2079 praecepta
1049 2010 1414 2079 complerent,
1477 2009 1766 2065 oil‘erendo

61 2099 330 2154 videlicet
380 2112 546 2152 omne
595 2097 749 2167 quod
803 2097 985 2166 aperit
1030 2097 1286 2164 vulvam,
1337 2111 1467 2152 cum
1511 2097 1569 2151 in
1631 2097 1766 2166 ipsis

59 2202 154 2242 eos
192 2186 415 2241 ostendi
466 2186 715 2255 pollutos
761 2185 1121 2252 muneribus,
1155 2186 1296 2241 dum
1331 2185 1474 2240 nihil
1515 2185 1764 2241 offerunt

62 2290 164 2345 pro
191 2274 454 2338 internis,
487 2274 584 2330 sed
617 2289 718 2344 pro
763 2274 1170 2330 exterioribus.
1203 2274 1365 2330 Unde
1408 2281 1491 2330 est
1531 2289 1543 2328 :
1579 2275 1765 2330 Oratio

58 2367 177 2432 ejus
203 2364 308 2426 ﬁat
337 2366 397 2416 in
425 2368 702 2432 peccatum
748 2365 916 2430 (Psal.
968 2378 1121 2429 CVIII,
1155 2362 1226 2433 8).
1263 2366 1513 2422 Lucrum
1563 2363 1765 2432 utique

59 2461 216 2522 petat
245 2466 280 2506 a
327 2453 440 2507 Deo
489 2452 815 2521 temporale,
871 2467 984 2507 non
1034 2453 1234 2508 Deum.
1293 2452 1360 2507 In
1418 2451 1553 2521 ipsis
1597 2452 1764 2522 plane

59 2539 351 2596 mandatis
403 2541 521 2595 vita
565 2547 730 2604 esset,
779 2539 825 2594 si
888 2540 1067 2594 Deum
1116 2539 1247 2609 quis
1301 2554 1374 2595 ex
1429 2548 1544 2596 toto
1593 2541 1764 2596 corde

58 2629 367 2699 diligeret;
419 2627 500 2683 uti
561 2628 605 2682 si
657 2628 984 2696 proximum
1035 2634 1284 2694 curaret,
1333 2627 1376 2682 si
1420 2628 1640 2684 furtum
1710 2637 1764 2684 et

62 2717 433 2772 mendacium
464 2725 785 2781 caveretur,
814 2716 1091 2785 frausquc
1123 2731 1238 2770 non
1290 2716 1465 2771 ﬁeret.
1504 2717 1576 2772 At
1607 2732 1760 2786 cum,

60 2805 127 2860 iis
168 2804 526 2874 posthabitis,
582 2805 844 2860 inanium
891 2804 1117 2860 illorum
1168 2805 1385 2859 rituum
1433 2804 1763 2874 superstitio

58 2893 403 2958 celebratur,
438 2894 559 2949 sine
589 2893 782 2948 fructu
810 2893 1086 2948 mentium
1113 2906 1246 2948 caro
1278 2900 1544 2948 vexatur.

126 2981 415 3047 Quoniam
443 2995 579 3052 ergo
613 2980 1116 3051 prosequebamini
1153 2995 1350 3036 omnes
1380 2980 1760 3050 conspicabile
1797 3012 1840 3068 α

57 3084 268 3139 corpus
318 3077 374 3124 et
427 3069 571 3123 nihil
621 3067 952 3138 pendebatis
1003 3068 1278 3134 animam,
1339 3082 1469 3137 qua:
1529 3068 1756 3134 latebat,

57 3157 240 3213 voluit
265 3153 496 3213 tandem
537 3158 690 3212 Deus
728 3157 916 3224 nobis,
951 3157 1063 3212 imo
1109 3156 1152 3212 si
1207 3156 1532 3212 voluissetis
1575 3158 1755 3223 vobis,

58 3261 170 3301 non
199 3247 325 3316 jam
368 3247 720 3316 exemplaria
762 3260 1054 3312 verorum,
1101 3245 1200 3300 sed
1240 3245 1361 3314 ipsa
1411 3260 1568 3314 vera,
1587 3255 1641 3301 et
1675 3260 1760 3300 sa-

58 3334 164 3390 luti
190 3335 470 3391 viciniora
507 3335 856 3407 producere;
896 3333 1015 3402 ipse
1065 3333 1219 3388 enim
1265 3347 1364 3402 per
1407 3335 1756 3402 'prtedictum

59 3425 399 3494 prophetam
448 3424 878 3494 praestillaverat
928 3423 1109 3478 vobis.
1145 3423 1306 3488 Ecce,
1369 3422 1578 3493 inquit,
1645 3424 1758 3479 dies

57 3515 302 3576 veniunt,
361 3512 495 3566 dicit
545 3515 820 3577 Dominus,
871 3516 921 3565 et
974 3512 1177 3578 feriam
1225 3511 1408 3565 domui
1460 3513 1660 3575 Israel,
1709 3518 1761 3567 et

57 3601 248 3655 domui
299 3601 447 3657 Iuda
499 3601 676 3667 foedus
734 3616 949 3668 novum,
1019 3615 1126 3654 non
1181 3601 1472 3654 secundum
1537 3606 1757 3670 pactum

60 3690 206 3758 quod
259 3692 448 3758 pepigi
485 3705 605 3743 cum
641 3690 894 3758 patribus
935 3704 1136 3755 eorum,
1187 3691 1247 3742 in
1296 3690 1384 3742 die
1414 3704 1524 3757 qua
1553 3705 1758 3758 appre-

60 3778 230 3832 hendi
291 3793 511 3831 manum
577 3793 774 3845 eorum,
851 3782 912 3832 ut
976 3777 1250 3831 educerem
1327 3792 1410 3832 eos
1477 3778 1542 3831 de
1613 3783 1760 3833 terra

58 3869 320 3936 Egypti.
363 3872 585 3936 pactum
630 3867 773 3935 quod
813 3869 1035 3920 irritum
1073 3868 1346 3932 fecerunt;
1376 3867 1469 3920 sed
1515 3867 1608 3921 hoc
1655 3871 1759 3923 erit

58 3962 283 4025 pactum
359 3956 503 4024 quod
556 3957 756 4022 feriam
821 3971 939 4009 cum
998 3955 1152 4009 domo
1201 3957 1407 4009 Israel:
1463 3958 1588 4010 Post
1643 3957 1758 4012 dies

59 4046 178 4099 illos
233 4044 374 4099 dabo
425 4046 591 4113 legem
636 4059 808 4098 meam
862 4047 922 4098 in
976 4043 1271 4098 visceribus
1329 4060 1530 4113 eorum,
1592 4049 1643 4099 et
1701 4049 1759 4100 in

60 4134 218 4188 corde
250 4149 431 4188 eorum
470 4133 707 4188 scribam
756 4148 892 4199 eam,
940 4137 990 4186 et
1029 4148 1137 4186 non
1184 4133 1443 4187 docebunt
1488 4135 1636 4188 ultra
1671 4138 1759 4188 vir

56 4224 375 4291 proximum
435 4237 613 4290 suum,
661 4226 712 4275 et
778 4223 866 4275 vir
897 4224 1131 4288 fratrem
1184 4236 1341 4275 suum
1391 4221 1612 4277 dicens:
1650 4226 1754 4278 Co-

61 4327 252 4378 gnosce
298 4312 622 4376 Dominum;
675 4325 852 4365 omnes
903 4311 1044 4363 enim
1086 4314 1396 4377 cognoscent
1443 4326 1525 4364 me
1571 4328 1605 4364 a
1658 4315 1761 4365 mi-

61 4402 205 4454 nimo
250 4414 420 4469 usque
457 4399 531 4454 ad
566 4401 888 4466 maximum,
933 4400 1066 4468 quia
1110 4399 1452 4467 propitiabor
1497 4401 1762 4467 iniquita-

63 4489 205 4541 tibus
234 4503 435 4554 eorum,
486 4499 535 4542 et
574 4490 786 4557 peccati
825 4502 1005 4541 eorum
1034 4503 1140 4542 non
1169 4503 1256 4541 ero
1282 4501 1481 4540 memor
1524 4490 1760 4556 amplius

62 4577 187 4643 (Jer.
245 4590 405 4642 xxxu,
465 4576 663 4647 31-35).
718 4575 827 4632 Ubi
881 4590 1098 4631 novum
1145 4575 1329 4631 fcedus
1371 4589 1405 4629 a
1464 4577 1568 4631 Deo
1627 4592 1760 4633 cum

59 4664 230 4719 domo
276 4664 448 4720 Israel
497 4664 716 4733 percuti
761 4664 990 4729 dicitur,
1034 4664 1090 4719 in
1149 4665 1323 4719 veteri
1364 4664 1487 4734 jam
1518 4679 1551 4720 a
1602 4665 1762 4722 vobis

59 4751 271 4808 foedere
303 4760 436 4807 noto
464 4753 710 4818 vivitur;
748 4759 812 4808 ut
854 4751 1008 4807 enim
1045 4753 1224 4808 nostri
1265 4753 1520 4821 Apostoli
1574 4755 1764 4811 verbis

60 4848 215 4908 utar,
246 4839 344 4894 ubi
371 4839 518 4894 dixit
552 4855 563 4893 :
605 4841 812 4894 Novum
850 4841 1114 4894 veteravit
1166 4842 1343 4908 prius,
1396 4841 1541 4908 quod
1587 4847 1765 4896 autem

59 4931 388 4997 antiquatur
418 4931 469 4981 et
501 4930 726 4982 senescit
759 4943 926 4997 prope
964 4927 1246 4982 interitum
1276 4933 1354 4982 est
1407 4928 1590 4999 (Hebr.
1643 4946 1764 4999 vm,

65 5019 172 5085 t3).
216 5015 328 5070 Sed
376 5023 583 5084 quatre
619 5022 784 5071 vetus
831 5016 1064 5081 dicitur,
1117 5015 1224 5071 nisi
1267 5015 1408 5085 quia
1456 5017 1678 5073 caduca
1712 5025 1767 5075 et

61 5112 288 5159 mature
321 5103 600 5172 peritura,
639 5103 887 5160 visibilia
918 5104 1201 5170 videlicet,
1241 5104 1626 5174 repromittit?

130 5193 263 5248 llud
311 5199 506 5248 autem
552 5195 684 5263 jure
728 5207 964 5260 novum,
1009 5193 1148 5263 quia
1185 5193 1661 5262 incorruptibilia,
1714 5203 1770 5251 et

63 5279 196 5334 solis
245 5279 674 5336 immortalibus
711 5281 893 5336 oculis
945 5282 1276 5351 conspicua,
1336 5281 1513 5336 nullis
1566 5283 1769 5338 usibus

65 5368 382 5434 atterenda,
415 5367 708 5437 promittit.
750 5368 865 5424 Nec
911 5369 1231 5426 secundum
1273 5368 1409 5424 illud
1461 5377 1564 5435 est,
1615 5371 1769 5440 quod

65 5470 197 5512 cum
226 5457 434 5512 vestris
464 5456 522 5510 in
551 5470 742 5513 eremo
767 5465 995 5527 pactum
1035 5465 1119 5514 est
1167 5458 1450 5528 patribus,
1497 5457 1637 5528 quia
1693 5458 1770 5514 ibi

67 5545 241 5600 minis
268 5552 326 5602 et
351 5543 673 5601 terroribus
702 5545 770 5600 ad
814 5545 1046 5616 singula
1087 5551 1389 5615 praecepta,
1434 5547 1549 5611 Ego
1588 5547 1774 5600 Domi-

435 5643 708 5708 PATROL.
762 5643 965 5711 CLVI.

1889 511 2235 579 praedicatur
2266 513 2480 580 (Matth.
2514 528 2592 578 vi,
2625 514 2696 583 9).
2752 515 2854 568 Hic
2896 514 3140 583 Spiritus
3187 524 3439 580 sanctus,
3489 518 3591 588 qui

1887 613 2049 654 amor
2076 606 2180 666 est,
2214 614 2311 669 pro
2345 601 2616 671 magistro
2647 601 2974 656 adhibetur.
3008 603 3111 658 Hic
3141 618 3255 659 non
3304 605 3364 660 in
3404 604 3592 676 lapide

1885 685 1995 753 lex,
2043 688 2141 742 sed
2184 688 2473 754 cordibus,
2518 688 2947 758 visceribusque
3003 690 3372 757 inscribitur;
3425 694 3586 763 quia,

1883 778 1947 828 ut
1978 774 2123 830 idem
2163 776 2303 829 alias
2353 777 2628 845 propheta
2677 784 2937 844 testatur,
2986 792 3082 833 cor
3121 780 3242 849 jam
3285 793 3584 852 corneum,

1880 861 2106 918 sublato
2172 862 2412 932 lapideo,
2492 864 2698 933 spiritu
2773 879 2923 920 novo
3007 866 3285 923 imbuitur
3367 868 3582 937 (Ezech.

1880 963 2078 1006 xxxvi.
2109 953 2225 1009 26).
2259 952 2441 1022 Tanta
2466 965 2602 1007 vero
2642 966 2744 1021 per
2777 953 2874 1006 Dei
2906 953 3152 1023 gratiam
3201 955 3332 1010 fidei
3377 965 3585 1014 nostras

1875 1039 1994 1108 jam
2027 1047 2108 1094 est
2139 1040 2446 1106 evidentia,
2482 1048 2546 1095 ut
2573 1054 2686 1095 non
2739 1041 2810 1096 sit
2860 1042 3230 1098 instruendus
3271 1043 3392 1114 jam
3437 1048 3588 1115 quis-

1881 1127 2033 1195 piam
2065 1127 2133 1182 de
2163 1127 2444 1182 incarnati
2487 1128 2586 1182 Dei
2624 1129 2744 1184 Filii
2787 1130 3010 1184 notitia.
3048 1132 3194 1198 (lam
3225 1131 3378 1187 enim
3410 1133 3584 1187 rudes

1880 1229 2044 1284 aeque
2070 1225 2134 1271 ut
2168 1216 2317 1271 docti
2347 1223 2563 1271 norunt
2590 1217 2730 1286 quia
2759 1217 2877 1287 ipse
2921 1226 3005 1273 est
3052 1220 3154 1288 qui
3202 1219 3274 1274 ad
3323 1221 3582 1277 omnium

1881 1305 2036 1359 venit
2061 1304 2350 1360 abluenda
2375 1304 2670 1375 crimina.)
2718 1305 2821 1361 Sed
2869 1307 2991 1376 jam
3034 1308 3244 1376 passim
3285 1309 3355 1364 de
3399 1311 3584 1366 corri-

1881 1392 2082 1462 gendis
2111 1393 2380 1462 operibus
2412 1399 2468 1448 et
2502 1393 2759 1448 moribus
2783 1395 2854 1448 sit
2885 1394 3166 1450 doctrina.

2532 1481 2765 1537 CAPUT
2807 1482 2929 1537 VII.

1948 1571 2036 1623 E1:
2083 1570 2268 1622 Vetere
2318 1571 2442 1622 item
2486 1573 2821 1623 Testamento
2861 1571 3093 1625 ostendit
3138 1572 3344 1627 Christi
3377 1574 3582 1628 adven-

1879 1656 2009 1705 tum.
2045 1682 2112 1692 —
2138 1653 2435 1707 Translato
2474 1652 2672 1723 igitur,
2699 1668 2814 1708 non
2841 1654 3066 1721 obruto,
3121 1655 3236 1710 tuis
3266 1656 3401 1711 olim
3447 1657 3582 1712 dato

1808 1718 1849 1772 Β
1878 1740 2136 1808 patribus
2176 1718 2534 1807 testamento,
2583 1741 2655 1796 ad
2698 1743 2943 1797 sanioris
2989 1718 3367 1799 observantiae
3411 1745 3583 1800 intel-

1877 1829 2074 1894 lectus,
2100 1829 2239 1898 quid
2291 1829 2428 1883 mihi
2457 1843 2713 1898 porcum,
2749 1831 2998 1899 leporem
3038 1838 3093 1886 et
3130 1841 3398 1898 ostream,
3443 1833 3583 1903 qui-

1877 1916 1985 1970 bus
2032 1917 2342 1980 vescimur,
2394 1931 2646 1986 nequam
2692 1917 2905 1984 Judaee,
2952 1919 3192 1987 objicis?
3240 1921 3459 1989 Templi
3493 1921 3575 1976 tui

1873 2003 2114 2073 vestigia
2175 2004 2336 2059 nulla
2390 2012 2722 2073 supersunt,
2790 2006 3081 2074 pontiiicia
3136 2007 3464 2074 subsedere,
3514 2018 3578 2064 ut

1874 2091 2021 2145 idem
2045 2091 2156 2146 fere
2187 2106 2370 2161 genus
2395 2099 2612 2147 constet
2639 2093 2921 2148 abolitum
2969 2094 3154 2163 gentis
3185 2104 3318 2159 tute,
3353 2096 3573 2166 ubique

1873 2185 2161 2234 terrarum
2207 2179 2586 2247 dispersiones
2630 2181 2920 2236 oberrant.
2977 2181 3316 2238 Sanctuario
3357 2183 3572 2254 itaque,

1871 2266 2204 2332 sacerdotio,
2261 2281 2458 2338 regno,
2513 2267 2754 2337 ipsaque
2801 2283 2941 2337 pene
2987 2278 3154 2340 gente
3204 2271 3568 2336 vacantibus,

1876 2343 1987 2409 imo
2049 2354 2373 2420 destructis,
2430 2356 2563 2425 quis
2603 2365 2773 2412 restat
2822 2358 2960 2428 legis
2994 2365 3187 2414 tenor!
3233 2360 3371 2414 Tota
3420 2360 3573 2415 enim

1873 2441 2048 2498 ferme
2078 2443 2171 2498 lex
2217 2446 2272 2498 in
2321 2444 2616 2514 diligentia
2650 2446 2842 2515 templi
2887 2461 2954 2501 ac
2998 2447 3298 2503 sacerdotii
3345 2450 3571 2517 pendet.

1872 2530 2181 2600 Postquam
2209 2533 2355 2588 hanc
2406 2533 2686 2590 universa:
2738 2534 2876 2603 legis
2918 2549 3226 2602 summam,
3270 2551 3386 2591 non
3425 2537 3570 2592 alter

1871 2632 2060 2688 quam
2080 2621 2231 2676 Deus
2263 2622 2378 2690 ipse
2408 2621 2660 2686 subruit,
2705 2623 2844 2692 quid
2877 2623 2946 2678 de
3003 2631 3341 2680 czeterorum
3371 2639 3574 2694 praece-

1872 2715 2098 2776 ptorum
2147 2709 2408 2765 minutiis
2456 2710 2647 2765 dices?
2696 2711 2877 2767 Audis
2924 2713 3060 2767 novi
3097 2712 3302 2768 sideris
3346 2713 3436 2783 [[2,
3472 2713 3572 2769 fua-

1870 2795 2045 2867 deris]
2080 2799 2420 2866 pactionem,
2451 2798 2622 2868 cujus
2668 2808 3021 2868 superventu
3060 2815 3226 2856 nemo
3261 2802 3571 2858 adnihilari

1869 2884 2095 2939 dubitat
2148 2894 2512 2941 vetustatem.
2565 2887 2743 2943 Cuine
2811 2888 3060 2958 imputas
3106 2891 3259 2959 quod
3310 2891 3565 2947 dicitur:

1869 2977 2014 3026 τῆς
2049 2975 2127 3026 Tu
2167 2990 2219 3027 es
2279 2976 2526 3030 sacerdos
2575 2979 2635 3029 in
2685 2981 2942 3031 aeternum
2981 2979 3273 3032 secundum
3325 2979 3569 3034 ordinem

1867 3061 2489 3133 Melchisedech?(Psal.
2543 3078 2655 3130 CIX,
2708 3066 2786 3135 4.)
2836 3065 3018 3135 Cujus
3053 3066 3122 3120 ad
3176 3067 3357 3121 Deum
3406 3067 3563 3138 loqui

1866 3147 1926 3202 in
1989 3149 2204 3218 psalmo
2262 3165 2562 3219 personam
2625 3153 2838 3221 putas?
2889 3154 3254 3224 Sacri/icium,
3287 3156 3472 3225 inquit
3519 3161 3571 3210 et

1867 3236 2189 3292 oblationem
2263 3240 2508 3307 noluisti,
2577 3255 2734 3294 aures
2795 3247 2972 3295 autem
3044 3246 3324 3310 perfecisti
3405 3246 3560 3298 mihi.

1866 3326 2246 3380 Holocaustum
2284 3333 2334 3382 et
2367 3344 2465 3396 pro
2506 3334 2724 3397 peccato
2771 3345 2877 3383 non
2907 3332 3218 3399 postulasti,
3254 3336 3378 3385 tunc
3421 3331 3561 3394 dimi,

1865 3413 2009 3469 Ecce
2053 3418 2248 3469 venio?
2279 3415 2661 3485 (Psal.)txxnt,
2692 3421 2746 3484 7,
2811 3417 2886 3488 8.)
2938 3420 2992 3473 Si
3043 3419 3114 3473 ad
3165 3419 3345 3474 David
3388 3420 3566 3476 verba

1865 3501 1989 3558 haec
2021 3504 2251 3572 referas,
2297 3504 2390 3559 cui
2450 3505 2600 3561 Deus
2654 3506 2775 3561 ideo
2813 3520 2983 3562 aures
3039 3506 3304 3574 en‘ecerit,
3375 3508 3429 3564 id
3480 3518 3565 3566 est

1865 3591 2245 3647 obedientiam
2323 3593 2558 3661 dederit,
2645 3594 2783 3663 quia
2862 3595 3143 3650 sacriﬁcia
3221 3597 3558 3667 neglexerit,

1863 3681 2239 3750 aequipollens
2292 3680 2373 3736 illi
2430 3684 2725 3736 sententiae
2779 3681 2887 3737 erit
2923 3698 2935 3737 :
2969 3684 3159 3737 Melior
3211 3690 3288 3738 est
3351 3685 3562 3741 scilicet

1865 3769 2168 3823 obedientia
2187 3785 2351 3838 quam
2367 3771 2597 3824 victimae
2627 3771 2685 3835 (I
2722 3773 2854 3837 Reg.
2895 3785 2992 3836 xv,
3047 3772 3159 3841 22).
3193 3771 3247 3827 Si
3298 3773 3369 3828 ad
3418 3773 3558 3830 Mes-

1865 3856 2029 3922 siam,
2069 3870 2239 3925 quem
2288 3855 2535 3910 inaniter
2576 3858 2924 3926 praestolaris
2966 3867 3153 3926 tuum,
3201 3859 3404 3915 falsum
3455 3868 3558 3929 est,

1866 3943 2006 4015 quia
2032 3959 2163 3999 eum
2195 3944 2443 4000 aestimas
2484 3944 2903 4015 subjectissime
2934 3947 3002 4002 iis
3041 3949 3395 4004 caeremoniis
3438 3963 3563 4004 ser-

1865 4033 2150 4089 viturum.

1939 4120 2114 4176 Porro
2143 4120 2188 4175 si
2216 4121 2287 4176 ad
2323 4120 2635 4184 Christum,
2688 4120 2806 4191 ipse
2856 4123 3230 4193 singulariter
3288 4123 3455 4193 plane
3497 4141 3564 4179 ea:

1865 4210 1937 4262 iis
1988 4225 2106 4278 qua
2147 4225 2342 4277 passus
2390 4216 2468 4264 est
2517 4209 2714 4265 didicit
2757 4211 3115 4266 obedientiam
3145 4212 3326 4282 (Hebr.
3375 4229 3432 4282 v,
3485 4214 3560 4285 8),

1799 4309 1843 4362 1)
1869 4299 2008 4367 quia
2037 4298 2406 4364 holocaustis,
2439 4305 2494 4354 et
2525 4313 2626 4368 pro
2676 4308 2903 4368 peccato
2955 4299 3286 4356 nullatenus
3346 4301 3561 4371 placari

1868 4385 2144 4442 didicerat
2205 4387 2449 4442 Patrem.
2512 4387 2654 4443 Cum
2713 4388 2881 4444 multi
2945 4388 3156 4444 fuerint
3221 4391 3564 4456 sacerdotes,

1869 4475 2002 4544 quis
2029 4489 2226 4530 eorum
2250 4474 2465 4530 exstitit
2492 4474 2551 4530 in
2599 4479 2918 4531 aeternum?
2955 4477 3092 4543 Quis
3139 4491 3273 4532 vero
3297 4485 3568 4543 aeternus,

1869 4562 1978 4618 nisi
2018 4563 2208 4618 Deus?
2243 4564 2418 4619 Deum
2457 4571 2647 4619 autem
2703 4565 3053 4620 sacerdotem
3087 4565 3194 4619 dici
3249 4579 3567 4635 nusquam,

1868 4666 1934 4715 ut
1965 4673 2093 4714 reor
2139 4659 2414 4726 invenies,
2460 4660 2570 4714 nisi
2610 4660 2900 4716 Christum
2954 4660 3254 4731 intelligas.
3303 4662 3568 4718 Christus

1870 4771 2007 4828 ergo
2067 4756 2125 4810 in
2179 4755 2285 4810 hoc
2329 4756 2445 4810 solo
2497 4757 2762 4812 sacerdos
2819 4757 2920 4828 qui
2980 4756 3160 4812 dixit:
3223 4761 3355 4812 Ecce
3415 4763 3569 4815 venio

1874 4845 2040 4913 (Psal.
2072 4857 2270 4909 XXXIX,
2303 4843 2377 4911 8),
2403 4843 2542 4913 quia
2583 4859 2642 4900 se
2687 4845 2977 4900 victimam
3024 4845 3173 4900 Patri
3217 4847 3419 4902 detulit
3467 4862 3569 4917 pro

1873 4938 2119 5003 peccato.
2161 4930 2324 4999 Quia,
2370 4933 2579 5002 inquit,
2639 4934 2708 4988 de
2766 4933 2912 4989 futili
2960 4934 3220 4990 causaris
3268 4936 3567 5006 sacrificio,

1867 5022 1990 5093 jam
2013 5019 2132 5085 tibi,
2180 5021 2364 5087 Pater,
2401 5035 2489 5075 me
2523 5021 2794 5076 litaturus
2826 5022 3012 5077 venio.
3061 5023 3180 5092 Ego
3221 5022 3374 5078 enim
3415 5039 3566 5094 sum,

1876 5110 1945 5166 de
1991 5123 2107 5178 quo
2149 5111 2207 5161 in
2255 5110 2433 5176 capite
2489 5109 2620 5162 libri
2653 5111 2916 5178 scriptum
2963 5114 3060 5174 est,
3114 5115 3172 5163 ut
3211 5113 3446 5176 facerem
3478 5129 3572 5167 vo-

1876 5201 2137 5254 luntatem
2173 5198 2322 5249 tuam
2367 5196 2545 5262 (ibid,
2580 5197 2654 5267 9).
2701 5198 2824 5252 Jam
2871 5211 2903 5251 a
2947 5211 3188 5266 persona
3234 5199 3412 5255 David
3466 5200 3570 5258 iste

1879 5296 2081 5338 sensus
2107 5282 2411 5338 exorbitat.
2441 5281 2588 5348 Quid
2621 5290 2704 5338 est
2733 5291 2906 5352 caput
2938 5283 3070 5339 libri
3109 5285 3326 5356 hujus?
3375 5289 3572 5343 Beatus

1877 5374 1964 5425 vir
1997 5374 2094 5440 qui
2119 5387 2224 5426 non
2255 5371 2409 5439 abiit,
2437 5379 2493 5426 et
2521 5372 2838 5441 sequentia,
2873 5386 3059 5441 usque
3088 5374 3160 5428 ad
3199 5377 3378 5429 omnia
3429 5392 3574 5445 qum-

1880 5475 2090 5529 cunque
2135 5463 2301 5527 faciet
2341 5460 2810 5529 prosperabuntur
2847 5461 3012 5530 (Psal.
3043 5476 3078 5515 1.
3120 5463 3256 5531 1-4).
3310 5463 3448 5530 Quis
3497 5473 3578 5522 est

1883 5547 1978 5604 cui
2002 5547 2266 5604 concinat
2294 5560 2544 5616 praesens
2566 5560 2782 5613 versus,
2813 5555 2876 5604 ut
2897 5549 3215 5614 secundum
3260 5552 3348 5606 sui
3378 5559 3578 5622 typum

3191 5656 3270 5714 17
