  <div class='ocr_page' id='page_1' title='image "/cluster/home/n/w/nwhite01/storage/ocr_20150623/156/hvd.32044054760145/267.png"; bbox 0 0 3934 6086; ppageno 0'>
   <div class='ocr_carea' id='block_1_1' title="bbox 318 287 420 340">
    <p class='ocr_par' dir='ltr' id='par_1_1' title="bbox 318 287 420 340">
     <span class='ocr_line' id='line_1_1' title="bbox 318 287 420 340; baseline 0 0"><span class='ocrx_word' id='word_1_1' title='bbox 318 287 420 340; x_wconf 82' lang='lat'>523</span> 
     </span>
    </p>
   </div>
   <div class='ocr_carea' id='block_1_2' title="bbox 1217 266 2933 329">
    <p class='ocr_par' dir='ltr' id='par_1_2' title="bbox 1217 266 2933 329">
     <span class='ocr_line' id='line_1_2' title="bbox 1217 266 2933 329; baseline -0.005 -1"><span class='ocrx_word' id='word_1_2' title='bbox 1217 277 1279 329; x_wconf 77' lang='grc' dir='ltr'><strong><em>ν.</em></strong></span> <span class='ocrx_word' id='word_1_3' title='bbox 1321 274 1652 329; x_wconf 81' lang='lat' dir='ltr'>GUIBERTI</span> <span class='ocrx_word' id='word_1_4' title='bbox 1694 271 1978 328; x_wconf 81' lang='lat' dir='ltr'>ABBATIS</span> <span class='ocrx_word' id='word_1_5' title='bbox 2016 271 2075 326; x_wconf 92' lang='lat' dir='ltr'>S.</span> <span class='ocrx_word' id='word_1_6' title='bbox 2123 271 2361 326; x_wconf 70' lang='grc' dir='ltr'>ΜΑΒΙᾸΞ</span> <span class='ocrx_word' id='word_1_7' title='bbox 2405 270 2495 323; x_wconf 75' lang='lat' dir='ltr'>DE</span> <span class='ocrx_word' id='word_1_8' title='bbox 2533 266 2933 323; x_wconf 84' lang='lat' dir='ltr'>NOVIGENTO</span> 
     </span>
    </p>
   </div>
   <div class='ocr_carea' id='block_1_3' title="bbox 3719 266 3818 317">
    <p class='ocr_par' dir='ltr' id='par_1_3' title="bbox 3719 266 3818 317">
     <span class='ocr_line' id='line_1_3' title="bbox 3719 266 3818 317; baseline 0.01 -2"><span class='ocrx_word' id='word_1_9' title='bbox 3719 266 3818 317; x_wconf 57' lang='lat' dir='ltr'>52&#39;s</span> 
     </span>
    </p>
   </div>
   <div class='ocr_carea' id='block_1_4' title="bbox 318 392 3822 478">
    <p class='ocr_par' dir='ltr' id='par_1_4' title="bbox 318 392 3822 478">
     <span class='ocr_line' id='line_1_4' title="bbox 318 392 3822 478; baseline -0.007 -5"><span class='ocrx_word' id='word_1_10' title='bbox 318 431 435 473; x_wconf 94' lang='lat' dir='ltr'>non</span> <span class='ocrx_word' id='word_1_11' title='bbox 495 413 719 478; x_wconf 82' lang='lat' dir='ltr'>abierit,</span> <span class='ocrx_word' id='word_1_12' title='bbox 786 425 901 466; x_wconf 92' lang='lat' dir='ltr'>non</span> <span class='ocrx_word' id='word_1_13' title='bbox 960 407 1195 474; x_wconf 78' lang='lat' dir='ltr'>steterit,</span> <span class='ocrx_word' id='word_1_14' title='bbox 1240 419 1357 461; x_wconf 91' lang='lat' dir='ltr'>non</span> <span class='ocrx_word' id='word_1_15' title='bbox 1424 403 1670 460; x_wconf 78' lang='lat' dir='ltr'>sederit?</span> <span class='ocrx_word' id='word_1_16' title='bbox 1734 402 1893 469; x_wconf 89' lang='lat' dir='ltr'>Quod</span> <span class='ocrx_word' id='word_1_17' title='bbox 1962 416 2009 457; x_wconf 92' lang='lat' dir='ltr'>Sl</span> <span class='ocrx_word' id='word_1_18' title='bbox 2048 400 2383 471; x_wconf 76' lang='lat' dir='ltr'>Aprzecepit</span> <span class='ocrx_word' id='word_1_19' title='bbox 2412 413 2525 454; x_wconf 92' lang='lat' dir='ltr'>non</span> <span class='ocrx_word' id='word_1_20' title='bbox 2554 399 2665 465; x_wconf 88' lang='lat' dir='ltr'>edi,</span> <span class='ocrx_word' id='word_1_21' title='bbox 2696 396 2814 467; x_wconf 89' lang='lat' dir='ltr'>ipse</span> <span class='ocrx_word' id='word_1_22' title='bbox 2856 396 3004 451; x_wconf 91' lang='lat' dir='ltr'>idem</span> <span class='ocrx_word' id='word_1_23' title='bbox 3055 395 3208 451; x_wconf 84' lang='lat' dir='ltr'>Deus</span> <span class='ocrx_word' id='word_1_24' title='bbox 3259 392 3555 450; x_wconf 82' lang='lat' dir='ltr'>mandavit</span> <span class='ocrx_word' id='word_1_25' title='bbox 3603 400 3661 448; x_wconf 90' lang='lat' dir='ltr'>et</span> <span class='ocrx_word' id='word_1_26' title='bbox 3706 393 3822 447; x_wconf 87' lang='lat' dir='ltr'>ﬁm-</span> 
     </span>
    </p>
   </div>
   <div class='ocr_carea' id='block_1_5' title="bbox 318 491 2010 570">
    <p class='ocr_par' dir='ltr' id='par_1_5' title="bbox 318 491 2010 570">
     <span class='ocr_line' id='line_1_5' title="bbox 318 491 2010 570; baseline -0.01 -9"><span class='ocrx_word' id='word_1_27' title='bbox 318 504 482 561; x_wconf 90' lang='lat' dir='ltr'>tertio</span> <span class='ocrx_word' id='word_1_28' title='bbox 513 502 623 558; x_wconf 93' lang='lat' dir='ltr'>hoc</span> <span class='ocrx_word' id='word_1_29' title='bbox 646 499 927 570; x_wconf 85' lang='lat' dir='ltr'>quispiam</span> <span class='ocrx_word' id='word_1_30' title='bbox 962 510 1143 566; x_wconf 90' lang='lat' dir='ltr'>purus</span> <span class='ocrx_word' id='word_1_31' title='bbox 1180 495 1349 550; x_wconf 90' lang='lat' dir='ltr'>homo</span> <span class='ocrx_word' id='word_1_32' title='bbox 1390 491 1628 548; x_wconf 84' lang='lat' dir='ltr'>fortasse</span> <span class='ocrx_word' id='word_1_33' title='bbox 1667 505 1861 546; x_wconf 80' lang='lat' dir='ltr'>carere</span> <span class='ocrx_word' id='word_1_34' title='bbox 1904 505 2010 559; x_wconf 91' lang='lat' dir='ltr'>po-</span> 
     </span>
    </p>
   </div>
   <div class='ocr_carea' id='block_1_6' title="bbox 319 580 2009 659">
    <p class='ocr_par' dir='ltr' id='par_1_6' title="bbox 319 580 2009 659">
     <span class='ocr_line' id='line_1_6' title="bbox 319 580 2009 659; baseline -0.009 -11"><span class='ocrx_word' id='word_1_35' title='bbox 319 594 469 659; x_wconf 91' lang='lat' dir='ltr'>terit,</span> <span class='ocrx_word' id='word_1_36' title='bbox 492 591 675 646; x_wconf 89' lang='lat' dir='ltr'>duum</span> <span class='ocrx_word' id='word_1_37' title='bbox 721 585 1147 657; x_wconf 68' lang='lat' dir='ltr'>praemissorum</span> <span class='ocrx_word' id='word_1_38' title='bbox 1196 583 1469 638; x_wconf 88' lang='lat' dir='ltr'>alterutro</span> <span class='ocrx_word' id='word_1_39' title='bbox 1500 581 1813 651; x_wconf 83' lang='lat' dir='ltr'>quisquam</span> <span class='ocrx_word' id='word_1_40' title='bbox 1842 580 2009 635; x_wconf 92' lang='lat' dir='ltr'>homo</span> 
     </span>
    </p>
   </div>
   <div class='ocr_carea' id='block_1_7' title="bbox 319 666 2013 737">
    <p class='ocr_par' dir='ltr' id='par_1_7' title="bbox 319 666 2013 737">
     <span class='ocr_line' id='line_1_7' title="bbox 319 666 2013 737; baseline -0.009 -1"><span class='ocrx_word' id='word_1_41' title='bbox 319 682 521 736; x_wconf 87' lang='lat' dir='ltr'>vivens</span> <span class='ocrx_word' id='word_1_42' title='bbox 545 673 820 732; x_wconf 91' lang='lat' dir='ltr'>immunis</span> <span class='ocrx_word' id='word_1_43' title='bbox 864 687 981 728; x_wconf 87' lang='lat' dir='ltr'>esse</span> <span class='ocrx_word' id='word_1_44' title='bbox 1014 686 1130 725; x_wconf 90' lang='lat' dir='ltr'>non</span> <span class='ocrx_word' id='word_1_45' title='bbox 1165 669 1366 725; x_wconf 90' lang='lat' dir='ltr'>valuit.</span> <span class='ocrx_word' id='word_1_46' title='bbox 1399 668 1538 734; x_wconf 87' lang='lat' dir='ltr'><strong>Quis</strong></span> <span class='ocrx_word' id='word_1_47' title='bbox 1573 677 1657 723; x_wconf 90' lang='lat' dir='ltr'>est</span> <span class='ocrx_word' id='word_1_48' title='bbox 1685 666 1787 737; x_wconf 89' lang='lat' dir='ltr'>qui</span> <span class='ocrx_word' id='word_1_49' title='bbox 1828 666 1917 722; x_wconf 87' lang='lat' dir='ltr'>die</span> <span class='ocrx_word' id='word_1_50' title='bbox 1944 679 2013 720; x_wconf 92' lang='lat' dir='ltr'>ac</span> 
     </span>
    </p>
   </div>
   <div class='ocr_carea' id='block_1_8' title="bbox 319 753 2005 834">
    <p class='ocr_par' dir='ltr' id='par_1_8' title="bbox 319 753 2005 834">
     <span class='ocr_line' id='line_1_8' title="bbox 319 753 2005 834; baseline -0.009 -10"><span class='ocrx_word' id='word_1_51' title='bbox 319 775 503 834; x_wconf 90' lang='lat' dir='ltr'>nocte,</span> <span class='ocrx_word' id='word_1_52' title='bbox 537 765 594 820; x_wconf 90' lang='lat' dir='ltr'><strong>id</strong></span> <span class='ocrx_word' id='word_1_53' title='bbox 624 772 708 820; x_wconf 90' lang='lat' dir='ltr'>est</span> <span class='ocrx_word' id='word_1_54' title='bbox 743 762 1144 826; x_wconf 87' lang='lat' dir='ltr'>indesinenter,</span> <span class='ocrx_word' id='word_1_55' title='bbox 1178 758 1239 812; x_wconf 93' lang='lat' dir='ltr'>in</span> <span class='ocrx_word' id='word_1_56' title='bbox 1269 756 1368 812; x_wconf 89' lang='lat' dir='ltr'>Dei</span> <span class='ocrx_word' id='word_1_57' title='bbox 1408 758 1530 827; x_wconf 91' lang='lat' dir='ltr'>lege</span> <span class='ocrx_word' id='word_1_58' title='bbox 1561 755 1867 810; x_wconf 90' lang='lat' dir='ltr'>meditatus</span> <span class='ocrx_word' id='word_1_59' title='bbox 1908 753 2005 809; x_wconf 85' lang='lat' dir='ltr'>sit!</span> 
     </span>
    </p>
   </div>
   <div class='ocr_carea' id='block_1_9' title="bbox 321 844 2011 912">
    <p class='ocr_par' dir='ltr' id='par_1_9' title="bbox 321 844 2011 912">
     <span class='ocr_line' id='line_1_9' title="bbox 321 844 2011 912; baseline -0.01 0"><span class='ocrx_word' id='word_1_60' title='bbox 321 869 511 911; x_wconf 88' lang='lat' dir='ltr'>nonne</span> <span class='ocrx_word' id='word_1_61' title='bbox 564 852 809 909; x_wconf 91' lang='lat' dir='ltr'>idithum</span> <span class='ocrx_word' id='word_1_62' title='bbox 851 857 1062 904; x_wconf 82' lang='lat' dir='ltr'>cantat.</span> <span class='ocrx_word' id='word_1_63' title='bbox 1099 849 1242 912; x_wconf 82' lang='lat' dir='ltr'>Quia</span> <span class='ocrx_word' id='word_1_64' title='bbox 1282 848 1537 900; x_wconf 87' lang='lat' dir='ltr'>universa</span> <span class='ocrx_word' id='word_1_65' title='bbox 1583 846 1801 897; x_wconf 85' lang='lat' dir='ltr'>vanitas</span> <span class='ocrx_word' id='word_1_66' title='bbox 1839 844 2011 897; x_wconf 87' lang='lat' dir='ltr'>omnis</span> 
     </span>
    </p>
   </div>
   <div class='ocr_carea' id='block_1_10' title="bbox 317 936 2015 1010">
    <p class='ocr_par' dir='ltr' id='par_1_10' title="bbox 317 936 2015 1010">
     <span class='ocr_line' id='line_1_10' title="bbox 317 936 2015 1010; baseline -0.008 -11"><span class='ocrx_word' id='word_1_67' title='bbox 317 946 530 1007; x_wconf 81' lang='lat' dir='ltr'>vivens;</span> <span class='ocrx_word' id='word_1_68' title='bbox 575 950 652 1010; x_wconf 91' lang='lat' dir='ltr'>et,</span> <span class='ocrx_word' id='word_1_69' title='bbox 709 942 776 996; x_wconf 89' lang='lat' dir='ltr'>In</span> <span class='ocrx_word' id='word_1_70' title='bbox 808 940 1047 1006; x_wconf 85' lang='lat' dir='ltr'>imagine</span> <span class='ocrx_word' id='word_1_71' title='bbox 1085 937 1480 1005; x_wconf 82' lang='lat' dir='ltr'>pertransiens,</span> <span class='ocrx_word' id='word_1_72' title='bbox 1535 936 1751 1000; x_wconf 84' lang='lat' dir='ltr'>frustra</span> <span class='ocrx_word' id='word_1_73' title='bbox 1800 937 2015 986; x_wconf 88' lang='lat' dir='ltr'>contur-</span> 
     </span>
    </p>
   </div>
   <div class='ocr_carea' id='block_1_11' title="bbox 321 1026 1157 1100">
    <p class='ocr_par' dir='ltr' id='par_1_11' title="bbox 321 1026 1157 1100">
     <span class='ocr_line' id='line_1_11' title="bbox 321 1026 1157 1100; baseline -0.011 -13"><span class='ocrx_word' id='word_1_74' title='bbox 321 1033 522 1087; x_wconf 86' lang='lat' dir='ltr'>batur?</span> <span class='ocrx_word' id='word_1_75' title='bbox 549 1030 716 1100; x_wconf 76' lang='lat' dir='ltr'>(Psal.</span> <span class='ocrx_word' id='word_1_76' title='bbox 740 1042 981 1091; x_wconf 77' lang='lat' dir='ltr'>xxxviii,</span> <span class='ocrx_word' id='word_1_77' title='bbox 1015 1028 1062 1089; x_wconf 87' lang='lat'>6,</span> <span class='ocrx_word' id='word_1_78' title='bbox 1084 1026 1157 1092; x_wconf 91' lang='lat'>7).</span> 
     </span>
    </p>
   </div>
   <div class='ocr_carea' id='block_1_12' title="bbox 389 1106 2013 1191">
    <p class='ocr_par' dir='ltr' id='par_1_12' title="bbox 389 1106 2013 1191">
     <span class='ocr_line' id='line_1_12' title="bbox 389 1106 2013 1191; baseline -0.009 -14"><span class='ocrx_word' id='word_1_79' title='bbox 389 1121 587 1191; x_wconf 85' lang='lat' dir='ltr'>Ipsum</span> <span class='ocrx_word' id='word_1_80' title='bbox 629 1117 940 1182; x_wconf 86' lang='lat' dir='ltr'>Christum,</span> <span class='ocrx_word' id='word_1_81' title='bbox 990 1114 1132 1170; x_wconf 86' lang='lat' dir='ltr'>velis</span> <span class='ocrx_word' id='word_1_82' title='bbox 1177 1112 1344 1177; x_wconf 89' lang='lat' dir='ltr'>nolis,</span> <span class='ocrx_word' id='word_1_83' title='bbox 1393 1110 1666 1179; x_wconf 86' lang='lat' dir='ltr'>accipies;</span> <span class='ocrx_word' id='word_1_84' title='bbox 1725 1106 2013 1180; x_wconf 83' lang='lat' dir='ltr'><strong>quidquid</strong></span> 
     </span>
    </p>
   </div>
   <div class='ocr_carea' id='block_1_13' title="bbox 317 1197 2014 1277">
    <p class='ocr_par' dir='ltr' id='par_1_13' title="bbox 317 1197 2014 1277">
     <span class='ocr_line' id='line_1_13' title="bbox 317 1197 2014 1277; baseline -0.007 -13"><span class='ocrx_word' id='word_1_85' title='bbox 317 1209 447 1266; x_wconf 91' lang='lat' dir='ltr'>istic</span> <span class='ocrx_word' id='word_1_86' title='bbox 473 1222 651 1277; x_wconf 86' lang='lat' dir='ltr'>supra</span> <span class='ocrx_word' id='word_1_87' title='bbox 710 1204 999 1261; x_wconf 85' lang='lat' dir='ltr'>hominem</span> <span class='ocrx_word' id='word_1_88' title='bbox 1052 1202 1246 1257; x_wconf 89' lang='lat' dir='ltr'>habes.</span> <span class='ocrx_word' id='word_1_89' title='bbox 1308 1201 1430 1269; x_wconf 87' lang='lat' dir='ltr'>Ipse</span> <span class='ocrx_word' id='word_1_90' title='bbox 1482 1214 1599 1254; x_wconf 91' lang='lat' dir='ltr'>non</span> <span class='ocrx_word' id='word_1_91' title='bbox 1651 1197 1711 1253; x_wconf 89' lang='lat' dir='ltr'>in</span> <span class='ocrx_word' id='word_1_92' title='bbox 1764 1198 2014 1253; x_wconf 89' lang='lat' dir='ltr'>decursu</span> 
     </span>
    </p>
   </div>
   <div class='ocr_carea' id='block_1_14' title="bbox 318 1285 2016 1367">
    <p class='ocr_par' dir='ltr' id='par_1_14' title="bbox 318 1285 2016 1367">
     <span class='ocr_line' id='line_1_14' title="bbox 318 1285 2016 1367; baseline -0.008 -15"><span class='ocrx_word' id='word_1_93' title='bbox 318 1308 627 1367; x_wconf 89' lang='lat' dir='ltr'>aquarum,</span> <span class='ocrx_word' id='word_1_94' title='bbox 680 1293 775 1348; x_wconf 86' lang='lat' dir='ltr'>sed</span> <span class='ocrx_word' id='word_1_95' title='bbox 826 1305 989 1345; x_wconf 91' lang='lat' dir='ltr'>secus</span> <span class='ocrx_word' id='word_1_96' title='bbox 1040 1286 1496 1356; x_wconf 86' lang='lat' dir='ltr'>nascitur;quia</span> <span class='ocrx_word' id='word_1_97' title='bbox 1543 1299 1657 1340; x_wconf 91' lang='lat' dir='ltr'>non</span> <span class='ocrx_word' id='word_1_98' title='bbox 1716 1285 1775 1339; x_wconf 91' lang='lat' dir='ltr'>in</span> <span class='ocrx_word' id='word_1_99' title='bbox 1804 1291 2016 1339; x_wconf 90' lang='lat' dir='ltr'>natura</span> 
     </span>
    </p>
   </div>
   <div class='ocr_carea' id='block_1_15' title="bbox 318 1372 2016 1455">
    <p class='ocr_par' dir='ltr' id='par_1_15' title="bbox 318 1372 2016 1455">
     <span class='ocr_line' id='line_1_15' title="bbox 318 1372 2016 1455; baseline -0.007 -15"><span class='ocrx_word' id='word_1_100' title='bbox 318 1399 420 1455; x_wconf 89' lang='lat' dir='ltr'>per</span> <span class='ocrx_word' id='word_1_101' title='bbox 443 1390 739 1453; x_wconf 89' lang='lat' dir='ltr'>peccatum</span> <span class='ocrx_word' id='word_1_102' title='bbox 778 1379 960 1435; x_wconf 87' lang='lat' dir='ltr'>ﬂuida</span> <span class='ocrx_word' id='word_1_103' title='bbox 1001 1382 1375 1447; x_wconf 82' lang='lat' dir='ltr'>propagatur,</span> <span class='ocrx_word' id='word_1_104' title='bbox 1427 1374 1525 1429; x_wconf 91' lang='lat' dir='ltr'>sed</span> <span class='ocrx_word' id='word_1_105' title='bbox 1555 1372 1614 1427; x_wconf 91' lang='lat' dir='ltr'>in</span> <span class='ocrx_word' id='word_1_106' title='bbox 1661 1372 1780 1428; x_wconf 91' lang='lat' dir='ltr'>sola</span> <span class='ocrx_word' id='word_1_107' title='bbox 1825 1372 2016 1428; x_wconf 90' lang='lat' dir='ltr'>carnis</span> 
     </span>
    </p>
   </div>
   <div class='ocr_carea' id='block_1_16' title="bbox 319 1461 2017 1542">
    <p class='ocr_par' dir='ltr' id='par_1_16' title="bbox 319 1461 2017 1542">
     <span class='ocr_line' id='line_1_16' title="bbox 319 1461 2017 1542; baseline -0.008 -15"><span class='ocrx_word' id='word_1_108' title='bbox 319 1471 533 1542; x_wconf 88' lang='lat' dir='ltr'>peccati</span> <span class='ocrx_word' id='word_1_109' title='bbox 574 1466 948 1524; x_wconf 89' lang='lat' dir='ltr'>similitudine</span> <span class='ocrx_word' id='word_1_110' title='bbox 993 1463 1363 1532; x_wconf 86' lang='lat' dir='ltr'>conspicitur.</span> <span class='ocrx_word' id='word_1_111' title='bbox 1413 1461 1484 1516; x_wconf 91' lang='lat' dir='ltr'>Et</span> <span class='ocrx_word' id='word_1_112' title='bbox 1537 1468 1685 1515; x_wconf 90' lang='lat' dir='ltr'>recte</span> <span class='ocrx_word' id='word_1_113' title='bbox 1743 1474 1858 1514; x_wconf 91' lang='lat' dir='ltr'>non</span> <span class='ocrx_word' id='word_1_114' title='bbox 1906 1468 2017 1514; x_wconf 88' lang='lat' dir='ltr'>sta-</span> 
     </span>
    </p>
   </div>
   <div class='ocr_carea' id='block_1_17' title="bbox 319 1547 2011 1631">
    <p class='ocr_par' dir='ltr' id='par_1_17' title="bbox 319 1547 2011 1631">
     <span class='ocr_line' id='line_1_17' title="bbox 319 1547 2011 1631; baseline -0.008 -15"><span class='ocrx_word' id='word_1_115' title='bbox 319 1573 523 1631; x_wconf 89' lang='lat' dir='ltr'>gnum,</span> <span class='ocrx_word' id='word_1_116' title='bbox 551 1557 649 1613; x_wconf 90' lang='lat' dir='ltr'>sed</span> <span class='ocrx_word' id='word_1_117' title='bbox 673 1556 949 1611; x_wconf 89' lang='lat' dir='ltr'>decursus</span> <span class='ocrx_word' id='word_1_118' title='bbox 991 1553 1155 1623; x_wconf 87' lang='lat' dir='ltr'>virgo</span> <span class='ocrx_word' id='word_1_119' title='bbox 1187 1564 1468 1621; x_wconf 88' lang='lat' dir='ltr'>generans</span> <span class='ocrx_word' id='word_1_120' title='bbox 1518 1556 1695 1618; x_wconf 89' lang='lat' dir='ltr'>potest</span> <span class='ocrx_word' id='word_1_121' title='bbox 1751 1547 2011 1619; x_wconf 88' lang='lat' dir='ltr'>intelligi,</span> 
     </span>
    </p>
   </div>
   <div class='ocr_carea' id='block_1_18' title="bbox 319 1636 2016 1707">
    <p class='ocr_par' dir='ltr' id='par_1_18' title="bbox 319 1636 2016 1707">
     <span class='ocr_line' id='line_1_18' title="bbox 319 1636 2016 1707; baseline -0.008 -4"><span class='ocrx_word' id='word_1_122' title='bbox 319 1647 420 1703; x_wconf 92' lang='lat' dir='ltr'>ubi</span> <span class='ocrx_word' id='word_1_123' title='bbox 465 1644 724 1701; x_wconf 88' lang='lat' dir='ltr'>videlicet</span> <span class='ocrx_word' id='word_1_124' title='bbox 762 1642 925 1699; x_wconf 89' lang='lat' dir='ltr'>nulla</span> <span class='ocrx_word' id='word_1_125' title='bbox 977 1639 1235 1696; x_wconf 90' lang='lat' dir='ltr'>subsistit</span> <span class='ocrx_word' id='word_1_126' title='bbox 1287 1639 1533 1705; x_wconf 87' lang='lat' dir='ltr'>illuvies,</span> <span class='ocrx_word' id='word_1_127' title='bbox 1578 1636 1733 1707; x_wconf 91' lang='lat' dir='ltr'>quod</span> <span class='ocrx_word' id='word_1_128' title='bbox 1790 1636 2016 1691; x_wconf 86' lang='lat' dir='ltr'>benedi-</span> 
     </span>
    </p>
   </div>
   <div class='ocr_carea' id='block_1_19' title="bbox 2119 483 3821 554">
    <p class='ocr_par' dir='ltr' id='par_1_19' title="bbox 2119 483 3821 554">
     <span class='ocr_line' id='line_1_19' title="bbox 2119 483 3821 554; baseline -0.005 -11"><span class='ocrx_word' id='word_1_129' title='bbox 2119 490 2275 543; x_wconf 90' lang='lat' dir='ltr'>brias</span> <span class='ocrx_word' id='word_1_130' title='bbox 2314 486 2447 543; x_wconf 91' lang='lat' dir='ltr'>ferri</span> <span class='ocrx_word' id='word_1_131' title='bbox 2501 489 2683 552; x_wconf 79' lang='lat' dir='ltr'>(Num.</span> <span class='ocrx_word' id='word_1_132' title='bbox 2732 500 2827 552; x_wconf 95' lang='lat' dir='ltr'>xv,</span> <span class='ocrx_word' id='word_1_133' title='bbox 2874 487 2985 550; x_wconf 83' lang='lat'>38.)</span> <span class='ocrx_word' id='word_1_134' title='bbox 3037 484 3229 554; x_wconf 78' lang='lat' dir='ltr'>Longe</span> <span class='ocrx_word' id='word_1_135' title='bbox 3270 484 3383 539; x_wconf 90' lang='lat' dir='ltr'>alia</span> <span class='ocrx_word' id='word_1_136' title='bbox 3428 483 3653 538; x_wconf 89' lang='lat' dir='ltr'>ratione</span> <span class='ocrx_word' id='word_1_137' title='bbox 3695 495 3821 551; x_wconf 90' lang='lat' dir='ltr'>por-</span> 
     </span>
    </p>
   </div>
   <div class='ocr_carea' id='block_1_20' title="bbox 2120 572 3679 643">
    <p class='ocr_par' dir='ltr' id='par_1_20' title="bbox 2120 572 3679 643">
     <span class='ocr_line' id='line_1_20' title="bbox 2120 572 3679 643; baseline -0.005 -12"><span class='ocrx_word' id='word_1_138' title='bbox 2120 591 2250 631; x_wconf 92' lang='lat' dir='ltr'>cum</span> <span class='ocrx_word' id='word_1_139' title='bbox 2283 574 2656 639; x_wconf 89' lang='lat' dir='ltr'>comedimus,</span> <span class='ocrx_word' id='word_1_140' title='bbox 2707 587 2883 643; x_wconf 88' lang='lat' dir='ltr'>quam</span> <span class='ocrx_word' id='word_1_141' title='bbox 2916 587 3016 627; x_wconf 91' lang='lat' dir='ltr'>vos</span> <span class='ocrx_word' id='word_1_142' title='bbox 3049 572 3306 627; x_wconf 84' lang='lat' dir='ltr'>ﬁmbrias</span> <span class='ocrx_word' id='word_1_143' title='bbox 3346 572 3679 639; x_wconf 90' lang='lat' dir='ltr'>abrupistis.</span> 
     </span>
    </p>
   </div>
   <div class='ocr_carea' id='block_1_21' title="bbox 2190 659 3825 732">
    <p class='ocr_par' dir='ltr' id='par_1_21' title="bbox 2190 659 3825 732">
     <span class='ocr_line' id='line_1_21' title="bbox 2190 659 3825 732; baseline -0.005 -13"><span class='ocrx_word' id='word_1_144' title='bbox 2190 664 2666 719; x_wconf 74' lang='lat' dir='ltr'>Prmvaricatores</span> <span class='ocrx_word' id='word_1_145' title='bbox 2737 676 2875 732; x_wconf 86' lang='lat' dir='ltr'>ergo</span> <span class='ocrx_word' id='word_1_146' title='bbox 2931 661 3082 726; x_wconf 88' lang='lat' dir='ltr'>estis,</span> <span class='ocrx_word' id='word_1_147' title='bbox 3139 660 3241 730; x_wconf 88' lang='lat' dir='ltr'><strong>qui</strong></span> <span class='ocrx_word' id='word_1_148' title='bbox 3298 661 3462 715; x_wconf 89' lang='lat' dir='ltr'>vobis</span> <span class='ocrx_word' id='word_1_149' title='bbox 3525 659 3825 714; x_wconf 85' lang='lat' dir='ltr'>evidenter</span> 
     </span>
    </p>
   </div>
   <div class='ocr_carea' id='block_1_22' title="bbox 2113 746 3827 824">
    <p class='ocr_par' dir='ltr' id='par_1_22' title="bbox 2113 746 3827 824">
     <span class='ocr_line' id='line_1_22' title="bbox 2113 746 3827 824; baseline -0.005 -16"><span class='ocrx_word' id='word_1_150' title='bbox 2113 754 2279 824; x_wconf 88' lang='lat' dir='ltr'>jussa</span> <span class='ocrx_word' id='word_1_151' title='bbox 2308 751 2615 822; x_wconf 86' lang='lat' dir='ltr'>negligitis.</span> <span class='ocrx_word' id='word_1_152' title='bbox 2660 750 2774 806; x_wconf 87' lang='lat' dir='ltr'>Nos</span> <span class='ocrx_word' id='word_1_153' title='bbox 2800 749 2879 804; x_wconf 84' lang='lat' dir='ltr'>nil</span> <span class='ocrx_word' id='word_1_154' title='bbox 2920 749 3299 818; x_wconf 65' lang='lat' dir='ltr'>prmterimus,</span> <span class='ocrx_word' id='word_1_155' title='bbox 3345 748 3447 818; x_wconf 89' lang='lat' dir='ltr'><strong>qui</strong></span> <span class='ocrx_word' id='word_1_156' title='bbox 3480 747 3645 802; x_wconf 90' lang='lat' dir='ltr'>nulla</span> <span class='ocrx_word' id='word_1_157' title='bbox 3695 746 3827 800; x_wconf 90' lang='lat' dir='ltr'>inde</span> 
     </span>
    </p>
   </div>
   <div class='ocr_carea' id='block_1_23' title="bbox 2120 835 3827 906">
    <p class='ocr_par' dir='ltr' id='par_1_23' title="bbox 2120 835 3827 906">
     <span class='ocr_line' id='line_1_23' title="bbox 2120 835 3827 906; baseline -0.006 -10"><span class='ocrx_word' id='word_1_158' title='bbox 2120 840 2394 896; x_wconf 90' lang='lat' dir='ltr'>mandata</span> <span class='ocrx_word' id='word_1_159' title='bbox 2436 837 2812 906; x_wconf 86' lang='lat' dir='ltr'>suscepimus.</span> <span class='ocrx_word' id='word_1_160' title='bbox 2860 837 3053 891; x_wconf 88' lang='lat' dir='ltr'>Furtis</span> <span class='ocrx_word' id='word_1_161' title='bbox 3101 835 3415 902; x_wconf 89' lang='lat' dir='ltr'>intenditis,</span> <span class='ocrx_word' id='word_1_162' title='bbox 3463 836 3683 890; x_wconf 71' lang='lat' dir='ltr'>femora</span> <span class='ocrx_word' id='word_1_163' title='bbox 3718 847 3827 887; x_wconf 86' lang='lat' dir='ltr'>cu-</span> 
     </span>
    </p>
   </div>
   <div class='ocr_carea' id='block_1_24' title="bbox 2120 921 3827 994">
    <p class='ocr_par' dir='ltr' id='par_1_24' title="bbox 2120 921 3827 994">
     <span class='ocr_line' id='line_1_24' title="bbox 2120 921 3827 994; baseline -0.005 -12"><span class='ocrx_word' id='word_1_164' title='bbox 2120 927 2408 982; x_wconf 89' lang='lat' dir='ltr'>mulantes</span> <span class='ocrx_word' id='word_1_165' title='bbox 2468 925 2794 981; x_wconf 85' lang='lat' dir='ltr'>cervicibus</span> <span class='ocrx_word' id='word_1_166' title='bbox 2860 937 3197 994; x_wconf 86' lang='lat' dir='ltr'>egenorum.</span> <span class='ocrx_word' id='word_1_167' title='bbox 3273 923 3452 978; x_wconf 89' lang='lat' dir='ltr'>Deum</span> <span class='ocrx_word' id='word_1_168' title='bbox 3513 935 3588 976; x_wconf 83' lang='lat' dir='ltr'>ex</span> <span class='ocrx_word' id='word_1_169' title='bbox 3656 921 3827 975; x_wconf 90' lang='lat' dir='ltr'>corde</span> 
     </span>
    </p>
   </div>
   <div class='ocr_carea' id='block_1_25' title="bbox 2119 1006 3827 1084">
    <p class='ocr_par' dir='ltr' id='par_1_25' title="bbox 2119 1006 3827 1084">
     <span class='ocr_line' id='line_1_25' title="bbox 2119 1006 3827 1084; baseline -0.006 -14"><span class='ocrx_word' id='word_1_170' title='bbox 2119 1015 2374 1084; x_wconf 87' lang='lat' dir='ltr'>diligere,</span> <span class='ocrx_word' id='word_1_171' title='bbox 2434 1022 2488 1068; x_wconf 92' lang='lat' dir='ltr'>ct</span> <span class='ocrx_word' id='word_1_172' title='bbox 2521 1013 2851 1082; x_wconf 83' lang='lat' dir='ltr'>proximum</span> <span class='ocrx_word' id='word_1_173' title='bbox 2896 1020 2959 1066; x_wconf 92' lang='lat' dir='ltr'>ut</span> <span class='ocrx_word' id='word_1_174' title='bbox 3002 1010 3272 1080; x_wconf 90' lang='lat' dir='ltr'>seipsum,</span> <span class='ocrx_word' id='word_1_175' title='bbox 3323 1018 3377 1066; x_wconf 91' lang='lat' dir='ltr'>ct</span> <span class='ocrx_word' id='word_1_176' title='bbox 3425 1017 3632 1064; x_wconf 74' lang='lat' dir='ltr'>caetera</span> <span class='ocrx_word' id='word_1_177' title='bbox 3661 1006 3827 1063; x_wconf 82' lang='lat' dir='ltr'>utilia</span> 
     </span>
    </p>
   </div>
   <div class='ocr_carea' id='block_1_26' title="bbox 2119 1096 3827 1172">
    <p class='ocr_par' dir='ltr' id='par_1_26' title="bbox 2119 1096 3827 1172">
     <span class='ocr_line' id='line_1_26' title="bbox 2119 1096 3827 1172; baseline -0.006 -13"><span class='ocrx_word' id='word_1_178' title='bbox 2119 1110 2473 1172; x_wconf 90' lang='lat' dir='ltr'>seponentes,</span> <span class='ocrx_word' id='word_1_179' title='bbox 2497 1102 2649 1156; x_wconf 90' lang='lat' dir='ltr'>circa</span> <span class='ocrx_word' id='word_1_180' title='bbox 2670 1114 2859 1170; x_wconf 88' lang='lat' dir='ltr'>nugas</span> <span class='ocrx_word' id='word_1_181' title='bbox 2880 1098 3168 1154; x_wconf 89' lang='lat' dir='ltr'>rotamini.</span> <span class='ocrx_word' id='word_1_182' title='bbox 3197 1097 3475 1168; x_wconf 89' lang='lat' dir='ltr'>Nunquid</span> <span class='ocrx_word' id='word_1_183' title='bbox 3501 1096 3642 1152; x_wconf 87' lang='lat' dir='ltr'>illud</span> <span class='ocrx_word' id='word_1_184' title='bbox 3672 1096 3827 1165; x_wconf 91' lang='lat' dir='ltr'>quod</span> 
     </span>
    </p>
   </div>
   <div class='ocr_carea' id='block_1_27' title="bbox 2121 1186 3828 1257">
    <p class='ocr_par' dir='ltr' id='par_1_27' title="bbox 2121 1186 3828 1257">
     <span class='ocr_line' id='line_1_27' title="bbox 2121 1186 3828 1257; baseline -0.007 -10"><span class='ocrx_word' id='word_1_185' title='bbox 2121 1192 2332 1247; x_wconf 85' lang='lat' dir='ltr'>dicitur</span> <span class='ocrx_word' id='word_1_186' title='bbox 2358 1205 2370 1244; x_wconf 92' lang='lat'><strong><em>:</em></strong></span> <span class='ocrx_word' id='word_1_187' title='bbox 2401 1191 2462 1245; x_wconf 88' lang='lat' dir='ltr'>Si</span> <span class='ocrx_word' id='word_1_188' title='bbox 2489 1190 2773 1242; x_wconf 83' lang='lat' dir='ltr'>ambulans</span> <span class='ocrx_word' id='word_1_189' title='bbox 2798 1204 2899 1257; x_wconf 81' lang='lat' dir='ltr'>per</span> <span class='ocrx_word' id='word_1_190' title='bbox 2925 1189 3090 1252; x_wconf 71' lang='lat' dir='ltr'>ciam,</span> <span class='ocrx_word' id='word_1_191' title='bbox 3122 1190 3179 1240; x_wconf 82' lang='lat' dir='ltr'>in</span> <span class='ocrx_word' id='word_1_192' title='bbox 3204 1186 3417 1252; x_wconf 84' lang='lat' dir='ltr'>arbore,</span> <span class='ocrx_word' id='word_1_193' title='bbox 3448 1186 3533 1238; x_wconf 85' lang='lat' dir='ltr'>vel</span> <span class='ocrx_word' id='word_1_194' title='bbox 3566 1187 3625 1237; x_wconf 87' lang='lat' dir='ltr'>in</span> <span class='ocrx_word' id='word_1_195' title='bbox 3680 1189 3828 1236; x_wconf 74' lang='lat' dir='ltr'>terra</span> 
     </span>
    </p>
   </div>
   <div class='ocr_carea' id='block_1_28' title="bbox 2120 1274 3826 1344">
    <p class='ocr_par' dir='ltr' id='par_1_28' title="bbox 2120 1274 3826 1344">
     <span class='ocr_line' id='line_1_28' title="bbox 2120 1274 3826 1344; baseline -0.006 -10"><span class='ocrx_word' id='word_1_196' title='bbox 2120 1281 2313 1334; x_wconf 89' lang='lat' dir='ltr'>nidum</span> <span class='ocrx_word' id='word_1_197' title='bbox 2352 1281 2471 1332; x_wconf 89' lang='lat' dir='ltr'>avis</span> <span class='ocrx_word' id='word_1_198' title='bbox 2508 1280 2799 1342; x_wconf 81' lang='lat' dir='ltr'>inveneris,</span> <span class='ocrx_word' id='word_1_199' title='bbox 2853 1282 2904 1330; x_wconf 89' lang='lat' dir='ltr'>et</span> <span class='ocrx_word' id='word_1_200' title='bbox 2936 1281 3164 1330; x_wconf 80' lang='lat' dir='ltr'>matrem</span> <span class='ocrx_word' id='word_1_201' title='bbox 3203 1275 3374 1344; x_wconf 78' lang='lat' dir='ltr'>pullis</span> <span class='ocrx_word' id='word_1_202' title='bbox 3404 1274 3488 1327; x_wconf 88' lang='lat' dir='ltr'>vel</span> <span class='ocrx_word' id='word_1_203' title='bbox 3516 1276 3631 1327; x_wconf 83' lang='lat' dir='ltr'>ovis</span> <span class='ocrx_word' id='word_1_204' title='bbox 3672 1275 3826 1325; x_wconf 82' lang='lat' dir='ltr'>incu-</span> 
     </span>
    </p>
   </div>
   <div class='ocr_carea' id='block_1_29' title="bbox 2124 1363 3827 1431">
    <p class='ocr_par' dir='ltr' id='par_1_29' title="bbox 2124 1363 3827 1431">
     <span class='ocr_line' id='line_1_29' title="bbox 2124 1363 3827 1431; baseline -0.005 -8"><span class='ocrx_word' id='word_1_205' title='bbox 2124 1370 2355 1430; x_wconf 84' lang='lat' dir='ltr'>bantem,</span> <span class='ocrx_word' id='word_1_206' title='bbox 2389 1383 2496 1422; x_wconf 87' lang='lat' dir='ltr'>non</span> <span class='ocrx_word' id='word_1_207' title='bbox 2518 1367 2716 1420; x_wconf 82' lang='lat' dir='ltr'>tenebis</span> <span class='ocrx_word' id='word_1_208' title='bbox 2745 1382 2862 1420; x_wconf 87' lang='lat' dir='ltr'>eam</span> <span class='ocrx_word' id='word_1_209' title='bbox 2898 1381 3019 1419; x_wconf 88' lang='lat' dir='ltr'>cum</span> <span class='ocrx_word' id='word_1_210' title='bbox 3046 1366 3205 1430; x_wconf 78' lang='lat' dir='ltr'>ﬁliis,</span> <span class='ocrx_word' id='word_1_211' title='bbox 3245 1364 3342 1419; x_wconf 88' lang='lat' dir='ltr'>sed</span> <span class='ocrx_word' id='word_1_212' title='bbox 3371 1364 3523 1417; x_wconf 87' lang='lat' dir='ltr'>abire</span> <span class='ocrx_word' id='word_1_213' title='bbox 3566 1363 3827 1431; x_wconf 83' lang='lat' dir='ltr'>patieris,</span> 
     </span>
    </p>
   </div>
   <div class='ocr_carea' id='block_1_30' title="bbox 2121 1453 3828 1526">
    <p class='ocr_par' dir='ltr' id='par_1_30' title="bbox 2121 1453 3828 1526">
     <span class='ocr_line' id='line_1_30' title="bbox 2121 1453 3828 1526; baseline -0.005 -14"><span class='ocrx_word' id='word_1_214' title='bbox 2121 1463 2305 1526; x_wconf 84' lang='lat' dir='ltr'>captos</span> <span class='ocrx_word' id='word_1_215' title='bbox 2341 1463 2519 1510; x_wconf 83' lang='lat' dir='ltr'>tenens</span> <span class='ocrx_word' id='word_1_216' title='bbox 2546 1455 2712 1525; x_wconf 77' lang='lat' dir='ltr'>ﬁlios,</span> <span class='ocrx_word' id='word_1_217' title='bbox 2732 1461 2792 1508; x_wconf 91' lang='lat' dir='ltr'>ut</span> <span class='ocrx_word' id='word_1_218' title='bbox 2814 1454 2939 1507; x_wconf 83' lang='lat' dir='ltr'>bene</span> <span class='ocrx_word' id='word_1_219' title='bbox 2967 1456 3037 1507; x_wconf 89' lang='lat' dir='ltr'>sit</span> <span class='ocrx_word' id='word_1_220' title='bbox 3070 1454 3188 1520; x_wconf 83' lang='lat' dir='ltr'>tibi,</span> <span class='ocrx_word' id='word_1_221' title='bbox 3213 1458 3262 1506; x_wconf 87' lang='lat' dir='ltr'>et</span> <span class='ocrx_word' id='word_1_222' title='bbox 3293 1455 3448 1518; x_wconf 87' lang='lat' dir='ltr'>longo</span> <span class='ocrx_word' id='word_1_223' title='bbox 3479 1453 3636 1505; x_wconf 83' lang='lat' dir='ltr'>vivas</span> <span class='ocrx_word' id='word_1_224' title='bbox 3691 1457 3828 1504; x_wconf 87' lang='lat' dir='ltr'>tem-</span> 
     </span>
    </p>
   </div>
   <div class='ocr_carea' id='block_1_31' title="bbox 2117 1539 3829 1616">
    <p class='ocr_par' dir='ltr' id='par_1_31' title="bbox 2117 1539 3829 1616">
     <span class='ocr_line' id='line_1_31' title="bbox 2117 1539 3829 1616; baseline -0.004 -17"><span class='ocrx_word' id='word_1_225' title='bbox 2117 1562 2248 1615; x_wconf 81' lang='lat' dir='ltr'>pore</span> <span class='ocrx_word' id='word_1_226' title='bbox 2270 1544 2444 1616; x_wconf 85' lang='lat' dir='ltr'>(Deut.</span> <span class='ocrx_word' id='word_1_227' title='bbox 2470 1558 2610 1605; x_wconf 84' lang='lat' dir='ltr'>xxn,</span> <span class='ocrx_word' id='word_1_228' title='bbox 2645 1545 2798 1612; x_wconf 85' lang='lat'>6-7);</span> <span class='ocrx_word' id='word_1_229' title='bbox 2828 1557 2898 1598; x_wconf 87' lang='lat' dir='ltr'>eo</span> <span class='ocrx_word' id='word_1_230' title='bbox 2929 1557 3045 1611; x_wconf 87' lang='lat' dir='ltr'>quo</span> <span class='ocrx_word' id='word_1_231' title='bbox 3065 1541 3323 1597; x_wconf 87' lang='lat' dir='ltr'>exterius</span> <span class='ocrx_word' id='word_1_232' title='bbox 3356 1554 3562 1595; x_wconf 89' lang='lat' dir='ltr'>sonare</span> <span class='ocrx_word' id='word_1_233' title='bbox 3598 1539 3829 1594; x_wconf 86' lang='lat' dir='ltr'>videtur</span> 
     </span>
    </p>
   </div>
   <div class='ocr_carea' id='block_1_32' title="bbox 2124 1626 3828 1703">
    <p class='ocr_par' dir='ltr' id='par_1_32' title="bbox 2124 1626 3828 1703">
     <span class='ocr_line' id='line_1_32' title="bbox 2124 1626 3828 1703; baseline -0.005 -14"><span class='ocrx_word' id='word_1_234' title='bbox 2124 1634 2291 1689; x_wconf 92' lang='lat' dir='ltr'>modo</span> <span class='ocrx_word' id='word_1_235' title='bbox 2322 1632 2618 1703; x_wconf 79' lang='lat' dir='ltr'>accipitis?</span> <span class='ocrx_word' id='word_1_236' title='bbox 2648 1631 2924 1701; x_wconf 84' lang='lat' dir='ltr'>Nunquid</span> <span class='ocrx_word' id='word_1_237' title='bbox 2952 1632 3099 1685; x_wconf 88' lang='lat' dir='ltr'>Deus</span> <span class='ocrx_word' id='word_1_238' title='bbox 3123 1630 3277 1685; x_wconf 89' lang='lat' dir='ltr'>illius</span> <span class='ocrx_word' id='word_1_239' title='bbox 3307 1630 3379 1684; x_wconf 87' lang='lat' dir='ltr'>ad</span> <span class='ocrx_word' id='word_1_240' title='bbox 3409 1628 3525 1683; x_wconf 87' lang='lat' dir='ltr'>Noe</span> <span class='ocrx_word' id='word_1_241' title='bbox 3566 1626 3828 1682; x_wconf 88' lang='lat' dir='ltr'>mandati</span> 
     </span>
    </p>
   </div>
   <div class='ocr_carea' id='block_1_33' title="bbox 318 1702 3831 1804">
    <p class='ocr_par' dir='ltr' id='par_1_33' title="bbox 318 1702 3831 1804">
     <span class='ocr_line' id='line_1_33' title="bbox 318 1702 3831 1804; baseline -0.007 -13"><span class='ocrx_word' id='word_1_242' title='bbox 318 1702 522 1792; x_wconf 88' lang='lat' dir='ltr'>ctionis</span> <span class='ocrx_word' id='word_1_243' title='bbox 550 1731 904 1804; x_wconf 88' lang='lat' dir='ltr'>plantarium</span> <span class='ocrx_word' id='word_1_244' title='bbox 930 1728 1085 1786; x_wconf 91' lang='lat' dir='ltr'>dedit</span> <span class='ocrx_word' id='word_1_245' title='bbox 1114 1728 1389 1794; x_wconf 90' lang='lat' dir='ltr'>fructum,</span> <span class='ocrx_word' id='word_1_246' title='bbox 1419 1702 1526 1781; x_wconf 87' lang='lat' dir='ltr'>sed</span> <span class='ocrx_word' id='word_1_247' title='bbox 1547 1702 1742 1791; x_wconf 79' lang='lat' dir='ltr'>suum,</span> <span class='ocrx_word' id='word_1_248' title='bbox 1780 1724 1840 1779; x_wconf 90' lang='lat' dir='ltr'>in</span> <span class='ocrx_word' id='word_1_249' title='bbox 1873 1732 2010 1780; x_wconf 92' lang='lat' dir='ltr'>tem-</span> <span class='ocrx_word' id='word_1_250' title='bbox 2053 1702 2093 1755; x_wconf 81' lang='grc' dir='ltr'><strong>Β</strong></span> <span class='ocrx_word' id='word_1_251' title='bbox 2123 1722 2335 1778; x_wconf 91' lang='lat' dir='ltr'>oblitus</span> <span class='ocrx_word' id='word_1_252' title='bbox 2358 1702 2486 1777; x_wconf 88' lang='lat' dir='ltr'>est:</span> <span class='ocrx_word' id='word_1_253' title='bbox 2532 1726 2683 1774; x_wconf 64' lang='grc' dir='ltr'>πθ</span> <span class='ocrx_word' id='word_1_254' title='bbox 2720 1720 2886 1773; x_wconf 85' lang='lat' dir='ltr'>Omne</span> <span class='ocrx_word' id='word_1_255' title='bbox 2923 1718 3069 1788; x_wconf 86' lang='lat' dir='ltr'>quod</span> <span class='ocrx_word' id='word_1_256' title='bbox 3115 1723 3374 1785; x_wconf 81' lang='lat' dir='ltr'>movetur,</span> <span class='ocrx_word' id='word_1_257' title='bbox 3425 1722 3475 1770; x_wconf 87' lang='lat' dir='ltr'>et</span> <span class='ocrx_word' id='word_1_258' title='bbox 3528 1718 3691 1782; x_wconf 81' lang='lat' dir='ltr'>vivit,</span> <span class='ocrx_word' id='word_1_259' title='bbox 3733 1717 3831 1768; x_wconf 86' lang='lat' dir='ltr'>erit</span> 
     </span>
    </p>
   </div>
   <div class='ocr_carea' id='block_1_34' title="bbox 320 1812 2015 1894">
    <p class='ocr_par' dir='ltr' id='par_1_34' title="bbox 320 1812 2015 1894">
     <span class='ocr_line' id='line_1_34' title="bbox 320 1812 2015 1894; baseline -0.008 -14"><span class='ocrx_word' id='word_1_260' title='bbox 320 1838 472 1894; x_wconf 88' lang='lat' dir='ltr'>pore,</span> <span class='ocrx_word' id='word_1_261' title='bbox 504 1823 601 1879; x_wconf 89' lang='lat' dir='ltr'>sed</span> <span class='ocrx_word' id='word_1_262' title='bbox 624 1836 749 1877; x_wconf 91' lang='lat' dir='ltr'>suo.</span> <span class='ocrx_word' id='word_1_263' title='bbox 795 1819 1049 1888; x_wconf 87' lang='lat' dir='ltr'>Quisque</span> <span class='ocrx_word' id='word_1_264' title='bbox 1094 1817 1281 1873; x_wconf 90' lang='lat' dir='ltr'>bonus</span> <span class='ocrx_word' id='word_1_265' title='bbox 1311 1815 1409 1871; x_wconf 91' lang='lat' dir='ltr'>dat</span> <span class='ocrx_word' id='word_1_266' title='bbox 1455 1814 1729 1879; x_wconf 83' lang='lat' dir='ltr'>fructum,</span> <span class='ocrx_word' id='word_1_267' title='bbox 1770 1812 1867 1868; x_wconf 89' lang='lat' dir='ltr'>sed</span> <span class='ocrx_word' id='word_1_268' title='bbox 1898 1827 2015 1868; x_wconf 93' lang='lat' dir='ltr'>non</span> 
     </span>
    </p>
   </div>
   <div class='ocr_carea' id='block_1_35' title="bbox 317 1900 2015 1977">
    <p class='ocr_par' dir='ltr' id='par_1_35' title="bbox 317 1900 2015 1977">
     <span class='ocr_line' id='line_1_35' title="bbox 317 1900 2015 1977; baseline -0.008 -9"><span class='ocrx_word' id='word_1_269' title='bbox 317 1926 513 1977; x_wconf 92' lang='lat' dir='ltr'>suum,</span> <span class='ocrx_word' id='word_1_270' title='bbox 546 1910 667 1965; x_wconf 89' lang='lat' dir='ltr'>sine</span> <span class='ocrx_word' id='word_1_271' title='bbox 699 1909 814 1964; x_wconf 91' lang='lat' dir='ltr'>Deo</span> <span class='ocrx_word' id='word_1_272' title='bbox 865 1906 1018 1962; x_wconf 88' lang='lat' dir='ltr'>enim</span> <span class='ocrx_word' id='word_1_273' title='bbox 1042 1904 1122 1959; x_wconf 90' lang='lat' dir='ltr'>nil</span> <span class='ocrx_word' id='word_1_274' title='bbox 1152 1911 1331 1973; x_wconf 87' lang='lat' dir='ltr'>potest</span> <span class='ocrx_word' id='word_1_275' title='bbox 1361 1903 1674 1973; x_wconf 89' lang='lat' dir='ltr'>quisquam</span> <span class='ocrx_word' id='word_1_276' title='bbox 1710 1900 1914 1955; x_wconf 89' lang='lat' dir='ltr'>facere.</span> <span class='ocrx_word' id='word_1_277' title='bbox 1964 1901 2015 1955; x_wconf 90' lang='lat' dir='ltr'><strong>Is</strong></span> 
     </span>
    </p>
   </div>
   <div class='ocr_carea' id='block_1_36' title="bbox 318 1988 2016 2068">
    <p class='ocr_par' dir='ltr' id='par_1_36' title="bbox 318 1988 2016 2068">
     <span class='ocr_line' id='line_1_36' title="bbox 318 1988 2016 2068; baseline -0.008 -12"><span class='ocrx_word' id='word_1_278' title='bbox 318 2014 453 2057; x_wconf 89' lang='lat' dir='ltr'>vero</span> <span class='ocrx_word' id='word_1_279' title='bbox 487 1996 729 2068; x_wconf 71' lang='lat' dir='ltr'>praebuit</span> <span class='ocrx_word' id='word_1_280' title='bbox 754 1995 977 2065; x_wconf 90' lang='lat' dir='ltr'>proprie</span> <span class='ocrx_word' id='word_1_281' title='bbox 1007 2006 1199 2059; x_wconf 88' lang='lat' dir='ltr'>suum,</span> <span class='ocrx_word' id='word_1_282' title='bbox 1240 1990 1381 2060; x_wconf 88' lang='lat' dir='ltr'><strong>quia</strong></span> <span class='ocrx_word' id='word_1_283' title='bbox 1426 1990 1580 2060; x_wconf 91' lang='lat' dir='ltr'>quod</span> <span class='ocrx_word' id='word_1_284' title='bbox 1633 1988 1780 2056; x_wconf 84' lang='lat' dir='ltr'>fecit,</span> <span class='ocrx_word' id='word_1_285' title='bbox 1831 1988 2016 2043; x_wconf 81' lang='lat' dir='ltr'>facere</span> 
     </span>
    </p>
   </div>
   <div class='ocr_carea' id='block_1_37' title="bbox 317 2077 2012 2157">
    <p class='ocr_par' dir='ltr' id='par_1_37' title="bbox 317 2077 2012 2157">
     <span class='ocr_line' id='line_1_37' title="bbox 317 2077 2012 2157; baseline -0.009 -14"><span class='ocrx_word' id='word_1_286' title='bbox 317 2103 436 2143; x_wconf 91' lang='lat' dir='ltr'>non</span> <span class='ocrx_word' id='word_1_287' title='bbox 463 2094 679 2157; x_wconf 89' lang='lat' dir='ltr'>poterat</span> <span class='ocrx_word' id='word_1_288' title='bbox 727 2084 835 2139; x_wconf 90' lang='lat' dir='ltr'>nisi</span> <span class='ocrx_word' id='word_1_289' title='bbox 868 2084 1043 2151; x_wconf 88' lang='lat' dir='ltr'>Deus;</span> <span class='ocrx_word' id='word_1_290' title='bbox 1073 2086 1127 2136; x_wconf 90' lang='lat' dir='ltr'>et</span> <span class='ocrx_word' id='word_1_291' title='bbox 1165 2093 1237 2136; x_wconf 81' lang='lat' dir='ltr'>ex</span> <span class='ocrx_word' id='word_1_292' title='bbox 1291 2093 1350 2134; x_wconf 90' lang='lat' dir='ltr'>se</span> <span class='ocrx_word' id='word_1_293' title='bbox 1401 2079 1605 2134; x_wconf 88' lang='lat' dir='ltr'>habuit</span> <span class='ocrx_word' id='word_1_294' title='bbox 1652 2078 1809 2148; x_wconf 93' lang='lat' dir='ltr'>quod</span> <span class='ocrx_word' id='word_1_295' title='bbox 1862 2077 2012 2132; x_wconf 90' lang='lat' dir='ltr'>fecit.</span> 
     </span>
    </p>
   </div>
   <div class='ocr_carea' id='block_1_38' title="bbox 316 2165 2018 2245">
    <p class='ocr_par' dir='ltr' id='par_1_38' title="bbox 316 2165 2018 2245">
     <span class='ocr_line' id='line_1_38' title="bbox 316 2165 2018 2245; baseline -0.008 -13"><span class='ocrx_word' id='word_1_296' title='bbox 316 2176 567 2245; x_wconf 87' lang='lat' dir='ltr'>Tempus</span> <span class='ocrx_word' id='word_1_297' title='bbox 595 2186 827 2244; x_wconf 91' lang='lat' dir='ltr'>quoque</span> <span class='ocrx_word' id='word_1_298' title='bbox 856 2185 1027 2226; x_wconf 92' lang='lat' dir='ltr'>suum</span> <span class='ocrx_word' id='word_1_299' title='bbox 1063 2169 1190 2236; x_wconf 88' lang='lat' dir='ltr'>fuit,</span> <span class='ocrx_word' id='word_1_300' title='bbox 1224 2167 1363 2238; x_wconf 91' lang='lat' dir='ltr'>quia</span> <span class='ocrx_word' id='word_1_301' title='bbox 1415 2166 1518 2236; x_wconf 91' lang='lat' dir='ltr'>qui</span> <span class='ocrx_word' id='word_1_302' title='bbox 1558 2166 1792 2236; x_wconf 90' lang='lat' dir='ltr'>quando</span> <span class='ocrx_word' id='word_1_303' title='bbox 1833 2165 2018 2220; x_wconf 90' lang='lat' dir='ltr'>voluit</span> 
     </span>
    </p>
   </div>
   <div class='ocr_carea' id='block_1_39' title="bbox 317 2254 2019 2331">
    <p class='ocr_par' dir='ltr' id='par_1_39' title="bbox 317 2254 2019 2331">
     <span class='ocr_line' id='line_1_39' title="bbox 317 2254 2019 2331; baseline -0.007 -11"><span class='ocrx_word' id='word_1_304' title='bbox 317 2272 491 2319; x_wconf 91' lang='lat' dir='ltr'>natus</span> <span class='ocrx_word' id='word_1_305' title='bbox 528 2270 641 2331; x_wconf 91' lang='lat' dir='ltr'>est;</span> <span class='ocrx_word' id='word_1_306' title='bbox 675 2259 909 2331; x_wconf 86' lang='lat' dir='ltr'>quando</span> <span class='ocrx_word' id='word_1_307' title='bbox 940 2257 1118 2313; x_wconf 92' lang='lat' dir='ltr'>voluit</span> <span class='ocrx_word' id='word_1_308' title='bbox 1169 2270 1401 2326; x_wconf 89' lang='lat' dir='ltr'>quoque</span> <span class='ocrx_word' id='word_1_309' title='bbox 1431 2254 1721 2310; x_wconf 89' lang='lat' dir='ltr'>occubuit.</span> <span class='ocrx_word' id='word_1_310' title='bbox 1770 2254 2019 2323; x_wconf 90' lang='lat' dir='ltr'>Tempus</span> 
     </span>
    </p>
   </div>
   <div class='ocr_carea' id='block_1_40' title="bbox 317 2340 2018 2417">
    <p class='ocr_par' dir='ltr' id='par_1_40' title="bbox 317 2340 2018 2417">
     <span class='ocr_line' id='line_1_40' title="bbox 317 2340 2018 2417; baseline -0.008 -8"><span class='ocrx_word' id='word_1_311' title='bbox 317 2367 493 2409; x_wconf 87' lang='lat' dir='ltr'>suum</span> <span class='ocrx_word' id='word_1_312' title='bbox 538 2351 665 2417; x_wconf 78' lang='lat' dir='ltr'>fuit,</span> <span class='ocrx_word' id='word_1_313' title='bbox 718 2363 849 2404; x_wconf 92' lang='lat' dir='ltr'>cum</span> <span class='ocrx_word' id='word_1_314' title='bbox 904 2344 1276 2416; x_wconf 89' lang='lat' dir='ltr'>plenitudinis</span> <span class='ocrx_word' id='word_1_315' title='bbox 1303 2344 1560 2399; x_wconf 87' lang='lat' dir='ltr'>adventu</span> <span class='ocrx_word' id='word_1_316' title='bbox 1608 2356 1755 2397; x_wconf 58' lang='lat' dir='ltr'>ceco</span> <span class='ocrx_word' id='word_1_317' title='bbox 1804 2340 2018 2397; x_wconf 91' lang='lat' dir='ltr'>mundo</span> 
     </span>
    </p>
   </div>
   <div class='ocr_carea' id='block_1_41' title="bbox 319 2429 2015 2502">
    <p class='ocr_par' dir='ltr' id='par_1_41' title="bbox 319 2429 2015 2502">
     <span class='ocr_line' id='line_1_41' title="bbox 319 2429 2015 2502; baseline -0.008 -5"><span class='ocrx_word' id='word_1_318' title='bbox 319 2455 440 2497; x_wconf 61' lang='lat' dir='ltr'>sua}</span> <span class='ocrx_word' id='word_1_319' title='bbox 470 2437 911 2495; x_wconf 65' lang='lat' dir='ltr'>notitiaelumen</span> <span class='ocrx_word' id='word_1_320' title='bbox 941 2434 1163 2490; x_wconf 89' lang='lat' dir='ltr'>tribuit.</span> <span class='ocrx_word' id='word_1_321' title='bbox 1200 2432 1422 2488; x_wconf 86' lang='lat' dir='ltr'>Folium</span> <span class='ocrx_word' id='word_1_322' title='bbox 1468 2432 1595 2502; x_wconf 88' lang='lat' dir='ltr'>ejus</span> <span class='ocrx_word' id='word_1_323' title='bbox 1638 2445 1753 2486; x_wconf 91' lang='lat' dir='ltr'>non</span> <span class='ocrx_word' id='word_1_324' title='bbox 1785 2429 2015 2498; x_wconf 78' lang='lat' dir='ltr'>detinet,</span> 
     </span>
    </p>
   </div>
   <div class='ocr_carea' id='block_1_42' title="bbox 320 2519 2019 2601">
    <p class='ocr_par' dir='ltr' id='par_1_42' title="bbox 320 2519 2019 2601">
     <span class='ocr_line' id='line_1_42' title="bbox 320 2519 2019 2601; baseline -0.007 -16"><span class='ocrx_word' id='word_1_325' title='bbox 320 2529 463 2601; x_wconf 91' lang='lat' dir='ltr'><strong>quia</strong></span> <span class='ocrx_word' id='word_1_326' title='bbox 493 2528 622 2584; x_wconf 89' lang='lat' dir='ltr'>licet</span> <span class='ocrx_word' id='word_1_327' title='bbox 646 2527 853 2582; x_wconf 86' lang='lat' dir='ltr'>coelum</span> <span class='ocrx_word' id='word_1_328' title='bbox 882 2531 937 2578; x_wconf 91' lang='lat' dir='ltr'>et</span> <span class='ocrx_word' id='word_1_329' title='bbox 970 2530 1122 2587; x_wconf 87' lang='lat' dir='ltr'>terra</span> <span class='ocrx_word' id='word_1_330' title='bbox 1166 2528 1483 2587; x_wconf 89' lang='lat' dir='ltr'>transeant,</span> <span class='ocrx_word' id='word_1_331' title='bbox 1537 2519 1781 2575; x_wconf 88' lang='lat' dir='ltr'>verbum</span> <span class='ocrx_word' id='word_1_332' title='bbox 1831 2527 2019 2574; x_wconf 89' lang='lat' dir='ltr'>tamen</span> 
     </span>
    </p>
   </div>
   <div class='ocr_carea' id='block_1_43' title="bbox 319 2607 2021 2688">
    <p class='ocr_par' dir='ltr' id='par_1_43' title="bbox 319 2607 2021 2688">
     <span class='ocr_line' id='line_1_43' title="bbox 319 2607 2021 2688; baseline -0.008 -14"><span class='ocrx_word' id='word_1_333' title='bbox 319 2618 445 2688; x_wconf 88' lang='lat' dir='ltr'>ejus</span> <span class='ocrx_word' id='word_1_334' title='bbox 500 2630 617 2671; x_wconf 91' lang='lat' dir='ltr'>non</span> <span class='ocrx_word' id='word_1_335' title='bbox 680 2612 946 2670; x_wconf 88' lang='lat' dir='ltr'>transibit</span> <span class='ocrx_word' id='word_1_336' title='bbox 1002 2611 1221 2681; x_wconf 81' lang='lat' dir='ltr'>(Matth.</span> <span class='ocrx_word' id='word_1_337' title='bbox 1272 2623 1429 2677; x_wconf 69' lang='lat' dir='ltr'>xxxv,</span> <span class='ocrx_word' id='word_1_338' title='bbox 1496 2610 1603 2676; x_wconf 85' lang='lat'>35).</span> <span class='ocrx_word' id='word_1_339' title='bbox 1669 2609 1840 2663; x_wconf 88' lang='lat' dir='ltr'>Facta</span> <span class='ocrx_word' id='word_1_340' title='bbox 1894 2607 2021 2676; x_wconf 87' lang='lat' dir='ltr'>ejus</span> 
     </span>
    </p>
   </div>
   <div class='ocr_carea' id='block_1_44' title="bbox 321 2695 2022 2776">
    <p class='ocr_par' dir='ltr' id='par_1_44' title="bbox 321 2695 2022 2776">
     <span class='ocr_line' id='line_1_44' title="bbox 321 2695 2022 2776; baseline -0.007 -15"><span class='ocrx_word' id='word_1_341' title='bbox 321 2704 816 2776; x_wconf 90' lang='lat' dir='ltr'>prosperabuntur</span> <span class='ocrx_word' id='word_1_342' title='bbox 840 2700 1053 2766; x_wconf 88' lang='lat' dir='ltr'>omnia,</span> <span class='ocrx_word' id='word_1_343' title='bbox 1104 2698 1346 2753; x_wconf 88' lang='lat' dir='ltr'>deducet</span> <span class='ocrx_word' id='word_1_344' title='bbox 1383 2697 1537 2752; x_wconf 92' lang='lat' dir='ltr'>enim</span> <span class='ocrx_word' id='word_1_345' title='bbox 1586 2711 1719 2752; x_wconf 91' lang='lat' dir='ltr'>eum</span> <span class='ocrx_word' id='word_1_346' title='bbox 1781 2695 2022 2750; x_wconf 86' lang='lat' dir='ltr'>mirabi-</span> 
     </span>
    </p>
   </div>
   <div class='ocr_carea' id='block_1_45' title="bbox 321 2783 2024 2855">
    <p class='ocr_par' dir='ltr' id='par_1_45' title="bbox 321 2783 2024 2855">
     <span class='ocr_line' id='line_1_45' title="bbox 321 2783 2024 2855; baseline -0.006 -6"><span class='ocrx_word' id='word_1_347' title='bbox 321 2794 451 2850; x_wconf 90' lang='lat' dir='ltr'>liter</span> <span class='ocrx_word' id='word_1_348' title='bbox 475 2793 714 2848; x_wconf 82' lang='lat' dir='ltr'>dextera</span> <span class='ocrx_word' id='word_1_349' title='bbox 744 2804 870 2845; x_wconf 91' lang='lat' dir='ltr'>sua.</span> <span class='ocrx_word' id='word_1_350' title='bbox 914 2789 1012 2843; x_wconf 86' lang='lat' dir='ltr'><strong>His</strong></span> <span class='ocrx_word' id='word_1_351' title='bbox 1054 2786 1380 2843; x_wconf 86' lang='lat' dir='ltr'>excurrisse</span> <span class='ocrx_word' id='word_1_352' title='bbox 1430 2799 1532 2855; x_wconf 89' lang='lat' dir='ltr'>per</span> <span class='ocrx_word' id='word_1_353' title='bbox 1576 2799 1875 2841; x_wconf 80' lang='lat' dir='ltr'>excessum</span> <span class='ocrx_word' id='word_1_354' title='bbox 1909 2783 2024 2839; x_wconf 86' lang='lat' dir='ltr'>suf-</span> 
     </span>
    </p>
   </div>
   <div class='ocr_carea' id='block_1_46' title="bbox 322 2882 500 2937">
    <p class='ocr_par' dir='ltr' id='par_1_46' title="bbox 322 2882 500 2937">
     <span class='ocr_line' id='line_1_46' title="bbox 322 2882 500 2937; baseline 0 -1"><span class='ocrx_word' id='word_1_355' title='bbox 322 2882 500 2937; x_wconf 84' lang='lat' dir='ltr'>ﬁciat.</span> 
     </span>
    </p>
   </div>
   <div class='ocr_carea' id='block_1_47' title="bbox 962 2945 1385 3004">
    <p class='ocr_par' dir='ltr' id='par_1_47' title="bbox 962 2945 1385 3004">
     <span class='ocr_line' id='line_1_47' title="bbox 962 2945 1385 3004; baseline -0.005 -1"><span class='ocrx_word' id='word_1_356' title='bbox 962 2946 1194 3004; x_wconf 88' lang='lat' dir='ltr'>CAPUT</span> <span class='ocrx_word' id='word_1_357' title='bbox 1232 2945 1385 3002; x_wconf 84' lang='lat' dir='ltr'>VIII.</span> 
     </span>
    </p>
   </div>
   <div class='ocr_carea' id='block_1_48' title="bbox 394 3046 2019 3120">
    <p class='ocr_par' dir='ltr' id='par_1_48' title="bbox 394 3046 2019 3120">
     <span class='ocr_line' id='line_1_48' title="bbox 394 3046 2019 3120; baseline -0.007 -9"><span class='ocrx_word' id='word_1_358' title='bbox 394 3056 538 3111; x_wconf 89' lang='lat' dir='ltr'>Ecce</span> <span class='ocrx_word' id='word_1_359' title='bbox 590 3053 785 3119; x_wconf 89' lang='lat' dir='ltr'>habes,</span> <span class='ocrx_word' id='word_1_360' title='bbox 871 3050 1274 3120; x_wconf 88' lang='lat' dir='ltr'>impurissime,</span> <span class='ocrx_word' id='word_1_361' title='bbox 1320 3047 1625 3118; x_wconf 86' lang='lat' dir='ltr'>prophetas</span> <span class='ocrx_word' id='word_1_362' title='bbox 1697 3055 1845 3115; x_wconf 90' lang='lat' dir='ltr'>tuos,</span> <span class='ocrx_word' id='word_1_363' title='bbox 1908 3046 2019 3101; x_wconf 92' lang='lat' dir='ltr'>imo</span> 
     </span>
    </p>
   </div>
   <div class='ocr_carea' id='block_1_49' title="bbox 324 3136 2021 3215">
    <p class='ocr_par' dir='ltr' id='par_1_49' title="bbox 324 3136 2021 3215">
     <span class='ocr_line' id='line_1_49' title="bbox 324 3136 2021 3215; baseline -0.006 -15"><span class='ocrx_word' id='word_1_364' title='bbox 324 3159 426 3215; x_wconf 89' lang='lat' dir='ltr'>per</span> <span class='ocrx_word' id='word_1_365' title='bbox 458 3144 639 3198; x_wconf 90' lang='lat' dir='ltr'>Deum</span> <span class='ocrx_word' id='word_1_366' title='bbox 678 3141 794 3196; x_wconf 92' lang='lat' dir='ltr'>tuis</span> <span class='ocrx_word' id='word_1_367' title='bbox 830 3138 1211 3195; x_wconf 88' lang='lat' dir='ltr'>observantiis</span> <span class='ocrx_word' id='word_1_368' title='bbox 1247 3136 1547 3193; x_wconf 86' lang='lat' dir='ltr'>obviantes</span> <span class='ocrx_word' id='word_1_369' title='bbox 1574 3137 1632 3190; x_wconf 93' lang='lat' dir='ltr'>in</span> <span class='ocrx_word' id='word_1_370' title='bbox 1671 3142 1929 3203; x_wconf 74' lang='lat' dir='ltr'>tantum,</span> <span class='ocrx_word' id='word_1_371' title='bbox 1957 3142 2021 3190; x_wconf 92' lang='lat' dir='ltr'>ut</span> 
     </span>
    </p>
   </div>
   <div class='ocr_carea' id='block_1_50' title="bbox 323 3222 2021 3296">
    <p class='ocr_par' dir='ltr' id='par_1_50' title="bbox 323 3222 2021 3296">
     <span class='ocr_line' id='line_1_50' title="bbox 323 3222 2021 3296; baseline -0.006 -9"><span class='ocrx_word' id='word_1_372' title='bbox 323 3231 671 3296; x_wconf 82' lang='lat' dir='ltr'>sacriﬁcans,</span> <span class='ocrx_word' id='word_1_373' title='bbox 720 3236 776 3284; x_wconf 87' lang='lat' dir='ltr'>et</span> <span class='ocrx_word' id='word_1_374' title='bbox 815 3241 1015 3283; x_wconf 91' lang='lat' dir='ltr'>canem</span> <span class='ocrx_word' id='word_1_375' title='bbox 1062 3225 1444 3282; x_wconf 80' lang='lat' dir='ltr'>excerebrans</span> <span class='ocrx_word' id='word_1_376' title='bbox 1475 3224 1689 3294; x_wconf 90' lang='lat' dir='ltr'>pariter</span> <span class='ocrx_word' id='word_1_377' title='bbox 1727 3222 2021 3278; x_wconf 86' lang='lat' dir='ltr'>conferan-</span> 
     </span>
    </p>
   </div>
   <div class='ocr_carea' id='block_1_51' title="bbox 326 3311 2019 3385">
    <p class='ocr_par' dir='ltr' id='par_1_51' title="bbox 326 3311 2019 3385">
     <span class='ocr_line' id='line_1_51' title="bbox 326 3311 2019 3385; baseline -0.007 -9"><span class='ocrx_word' id='word_1_378' title='bbox 326 3328 439 3376; x_wconf 91' lang='lat' dir='ltr'>tur.</span> <span class='ocrx_word' id='word_1_379' title='bbox 472 3317 619 3384; x_wconf 88' lang='lat' dir='ltr'>Quid</span> <span class='ocrx_word' id='word_1_380' title='bbox 649 3315 788 3371; x_wconf 91' lang='lat' dir='ltr'>mihi</span> <span class='ocrx_word' id='word_1_381' title='bbox 827 3330 960 3370; x_wconf 90' lang='lat' dir='ltr'>sues</span> <span class='ocrx_word' id='word_1_382' title='bbox 990 3313 1272 3385; x_wconf 86' lang='lat' dir='ltr'>grunnire</span> <span class='ocrx_word' id='word_1_383' title='bbox 1320 3321 1474 3382; x_wconf 87' lang='lat' dir='ltr'>tuas,</span> <span class='ocrx_word' id='word_1_384' title='bbox 1516 3315 1571 3367; x_wconf 89' lang='lat' dir='ltr'>et</span> <span class='ocrx_word' id='word_1_385' title='bbox 1619 3311 1840 3381; x_wconf 88' lang='lat' dir='ltr'>lepores</span> <span class='ocrx_word' id='word_1_386' title='bbox 1878 3311 2019 3365; x_wconf 91' lang='lat' dir='ltr'>stri-</span> 
     </span>
    </p>
   </div>
   <div class='ocr_carea' id='block_1_52' title="bbox 325 3400 2019 3470">
    <p class='ocr_par' dir='ltr' id='par_1_52' title="bbox 325 3400 2019 3470">
     <span class='ocr_line' id='line_1_52' title="bbox 325 3400 2019 3470; baseline -0.006 -7"><span class='ocrx_word' id='word_1_387' title='bbox 325 3408 459 3464; x_wconf 90' lang='lat' dir='ltr'>dere</span> <span class='ocrx_word' id='word_1_388' title='bbox 499 3403 674 3460; x_wconf 90' lang='lat' dir='ltr'>facis?</span> <span class='ocrx_word' id='word_1_389' title='bbox 721 3402 866 3470; x_wconf 89' lang='lat' dir='ltr'>Quid</span> <span class='ocrx_word' id='word_1_390' title='bbox 913 3416 1015 3457; x_wconf 89' lang='lat' dir='ltr'>ora</span> <span class='ocrx_word' id='word_1_391' title='bbox 1051 3400 1426 3468; x_wconf 89' lang='lat' dir='ltr'>ruminantia,</span> <span class='ocrx_word' id='word_1_392' title='bbox 1479 3407 1534 3455; x_wconf 91' lang='lat' dir='ltr'>et</span> <span class='ocrx_word' id='word_1_393' title='bbox 1579 3400 1882 3455; x_wconf 90' lang='lat' dir='ltr'>divisiones</span> <span class='ocrx_word' id='word_1_394' title='bbox 1930 3412 2019 3453; x_wconf 89' lang='lat' dir='ltr'>re-</span> 
     </span>
    </p>
   </div>
   <div class='ocr_carea' id='block_1_53' title="bbox 326 3485 2022 3565">
    <p class='ocr_par' dir='ltr' id='par_1_53' title="bbox 326 3485 2022 3565">
     <span class='ocr_line' id='line_1_53' title="bbox 326 3485 2022 3565; baseline -0.005 -15"><span class='ocrx_word' id='word_1_395' title='bbox 326 3494 507 3565; x_wconf 89' lang='lat' dir='ltr'>plicas</span> <span class='ocrx_word' id='word_1_396' title='bbox 532 3491 912 3563; x_wconf 86' lang='lat' dir='ltr'>ungularum,</span> <span class='ocrx_word' id='word_1_397' title='bbox 963 3489 1064 3559; x_wconf 89' lang='lat' dir='ltr'>qui</span> <span class='ocrx_word' id='word_1_398' title='bbox 1114 3489 1469 3559; x_wconf 78' lang='lat' dir='ltr'>pontificium</span> <span class='ocrx_word' id='word_1_399' title='bbox 1503 3495 1558 3543; x_wconf 93' lang='lat' dir='ltr'>et</span> <span class='ocrx_word' id='word_1_400' title='bbox 1609 3486 1907 3556; x_wconf 91' lang='lat' dir='ltr'>templum,</span> <span class='ocrx_word' id='word_1_401' title='bbox 1953 3485 2022 3541; x_wconf 92' lang='lat' dir='ltr'>de</span> 
     </span>
    </p>
   </div>
   <div class='ocr_carea' id='block_1_54' title="bbox 325 3573 2023 3652">
    <p class='ocr_par' dir='ltr' id='par_1_54' title="bbox 325 3573 2023 3652">
     <span class='ocr_line' id='line_1_54' title="bbox 325 3573 2023 3652; baseline -0.006 -14"><span class='ocrx_word' id='word_1_402' title='bbox 325 3582 539 3652; x_wconf 90' lang='lat' dir='ltr'>quibus</span> <span class='ocrx_word' id='word_1_403' title='bbox 567 3588 697 3636; x_wconf 68' lang='lat' dir='ltr'>totae</span> <span class='ocrx_word' id='word_1_404' title='bbox 730 3587 843 3634; x_wconf 78' lang='lat' dir='ltr'>tuae</span> <span class='ocrx_word' id='word_1_405' title='bbox 875 3577 1015 3648; x_wconf 81' lang='lat' dir='ltr'>legis</span> <span class='ocrx_word' id='word_1_406' title='bbox 1056 3576 1204 3632; x_wconf 81' lang='lat' dir='ltr'>vires</span> <span class='ocrx_word' id='word_1_407' title='bbox 1252 3578 1573 3645; x_wconf 87' lang='lat' dir='ltr'>emergunt,</span> <span class='ocrx_word' id='word_1_408' title='bbox 1619 3574 1761 3629; x_wconf 90' lang='lat' dir='ltr'>etin</span> <span class='ocrx_word' id='word_1_409' title='bbox 1808 3573 2023 3644; x_wconf 91' lang='lat' dir='ltr'>quibus</span> 
     </span>
    </p>
   </div>
   <div class='ocr_carea' id='block_1_55' title="bbox 323 3661 2023 3741">
    <p class='ocr_par' dir='ltr' id='par_1_55' title="bbox 323 3661 2023 3741">
     <span class='ocr_line' id='line_1_55' title="bbox 323 3661 2023 3741; baseline -0.006 -15"><span class='ocrx_word' id='word_1_410' title='bbox 323 3670 450 3741; x_wconf 90' lang='lat' dir='ltr'>ejus</span> <span class='ocrx_word' id='word_1_411' title='bbox 495 3675 758 3724; x_wconf 88' lang='lat' dir='ltr'>versatur</span> <span class='ocrx_word' id='word_1_412' title='bbox 816 3664 1073 3732; x_wconf 89' lang='lat' dir='ltr'>intentio,</span> <span class='ocrx_word' id='word_1_413' title='bbox 1139 3664 1280 3719; x_wconf 90' lang='lat' dir='ltr'>adeo</span> <span class='ocrx_word' id='word_1_414' title='bbox 1336 3663 1758 3719; x_wconf 83' lang='lat' dir='ltr'>evidentissime</span> <span class='ocrx_word' id='word_1_415' title='bbox 1826 3661 2023 3716; x_wconf 88' lang='lat' dir='ltr'>videas</span> 
     </span>
    </p>
   </div>
   <div class='ocr_carea' id='block_1_56' title="bbox 325 3750 2022 3822">
    <p class='ocr_par' dir='ltr' id='par_1_56' title="bbox 325 3750 2022 3822">
     <span class='ocr_line' id='line_1_56' title="bbox 325 3750 2022 3822; baseline -0.005 -10"><span class='ocrx_word' id='word_1_416' title='bbox 325 3754 652 3812; x_wconf 86' lang='lat' dir='ltr'>adnullari?</span> <span class='ocrx_word' id='word_1_417' title='bbox 674 3753 859 3820; x_wconf 91' lang='lat' dir='ltr'>Quam</span> <span class='ocrx_word' id='word_1_418' title='bbox 897 3752 1014 3807; x_wconf 90' lang='lat' dir='ltr'>vim</span> <span class='ocrx_word' id='word_1_419' title='bbox 1042 3758 1233 3822; x_wconf 85' lang='lat' dir='ltr'>putas,</span> <span class='ocrx_word' id='word_1_420' title='bbox 1291 3751 1694 3818; x_wconf 88' lang='lat' dir='ltr'>infelicissime,</span> <span class='ocrx_word' id='word_1_421' title='bbox 1750 3750 2022 3806; x_wconf 90' lang='lat' dir='ltr'>habitura</span> 
     </span>
    </p>
   </div>
   <div class='ocr_carea' id='block_1_57' title="bbox 324 3835 2022 3908">
    <p class='ocr_par' dir='ltr' id='par_1_57' title="bbox 324 3835 2022 3908">
     <span class='ocr_line' id='line_1_57' title="bbox 324 3835 2022 3908; baseline -0.006 -8"><span class='ocrx_word' id='word_1_422' title='bbox 324 3851 461 3901; x_wconf 90' lang='lat' dir='ltr'>sunt</span> <span class='ocrx_word' id='word_1_423' title='bbox 516 3843 716 3897; x_wconf 81' lang='lat' dir='ltr'>intima</span> <span class='ocrx_word' id='word_1_424' title='bbox 776 3841 1051 3902; x_wconf 85' lang='lat' dir='ltr'>membra,</span> <span class='ocrx_word' id='word_1_425' title='bbox 1123 3839 1224 3895; x_wconf 81' lang='lat' dir='ltr'>ubi</span> <span class='ocrx_word' id='word_1_426' title='bbox 1278 3847 1450 3908; x_wconf 90' lang='lat' dir='ltr'>caput</span> <span class='ocrx_word' id='word_1_427' title='bbox 1526 3838 1829 3908; x_wconf 68' lang='lat' dir='ltr'>praecisum</span> <span class='ocrx_word' id='word_1_428' title='bbox 1901 3835 2022 3893; x_wconf 88' lang='lat' dir='ltr'>est?</span> 
     </span>
    </p>
   </div>
   <div class='ocr_carea' id='block_1_58' title="bbox 327 3923 2022 3996">
    <p class='ocr_par' dir='ltr' id='par_1_58' title="bbox 327 3923 2022 3996">
     <span class='ocr_line' id='line_1_58' title="bbox 327 3923 2022 3996; baseline -0.004 -9"><span class='ocrx_word' id='word_1_429' title='bbox 327 3931 576 3996; x_wconf 79' lang='lat' dir='ltr'>Exaudi,</span> <span class='ocrx_word' id='word_1_430' title='bbox 611 3930 656 3984; x_wconf 89' lang='lat' dir='ltr'><strong>si</strong></span> <span class='ocrx_word' id='word_1_431' title='bbox 689 3928 884 3984; x_wconf 91' lang='lat' dir='ltr'>minus</span> <span class='ocrx_word' id='word_1_432' title='bbox 912 3928 1102 3983; x_wconf 89' lang='lat' dir='ltr'>adhuc</span> <span class='ocrx_word' id='word_1_433' title='bbox 1142 3927 1353 3983; x_wconf 87' lang='lat' dir='ltr'>habeas</span> <span class='ocrx_word' id='word_1_434' title='bbox 1391 3929 1524 3982; x_wconf 89' lang='lat' dir='ltr'>hinc</span> <span class='ocrx_word' id='word_1_435' title='bbox 1561 3927 1811 3994; x_wconf 91' lang='lat' dir='ltr'>testium,</span> <span class='ocrx_word' id='word_1_436' title='bbox 1867 3923 2022 3995; x_wconf 89' lang='lat' dir='ltr'>quod</span> 
     </span>
    </p>
   </div>
   <div class='ocr_carea' id='block_1_59' title="bbox 326 4014 2021 4090">
    <p class='ocr_par' dir='ltr' id='par_1_59' title="bbox 326 4014 2021 4090">
     <span class='ocr_line' id='line_1_59' title="bbox 326 4014 2021 4090; baseline -0.005 -14"><span class='ocrx_word' id='word_1_437' title='bbox 326 4019 595 4090; x_wconf 89' lang='lat' dir='ltr'>superius</span> <span class='ocrx_word' id='word_1_438' title='bbox 634 4017 804 4087; x_wconf 92' lang='lat' dir='ltr'>paulo</span> <span class='ocrx_word' id='word_1_439' title='bbox 833 4015 1039 4071; x_wconf 89' lang='lat' dir='ltr'>libasse</span> <span class='ocrx_word' id='word_1_440' title='bbox 1092 4015 1378 4072; x_wconf 88' lang='lat' dir='ltr'>videmur.</span> <span class='ocrx_word' id='word_1_441' title='bbox 1429 4015 1713 4084; x_wconf 90' lang='lat' dir='ltr'>Loquitur</span> <span class='ocrx_word' id='word_1_442' title='bbox 1752 4015 1902 4069; x_wconf 88' lang='lat' dir='ltr'>Deus</span> <span class='ocrx_word' id='word_1_443' title='bbox 1963 4014 2021 4067; x_wconf 92' lang='lat' dir='ltr'>in</span> 
     </span>
    </p>
   </div>
   <div class='ocr_carea' id='block_1_60' title="bbox 326 4102 2022 4173">
    <p class='ocr_par' dir='ltr' id='par_1_60' title="bbox 326 4102 2022 4173">
     <span class='ocr_line' id='line_1_60' title="bbox 326 4102 2022 4173; baseline -0.004 -11"><span class='ocrx_word' id='word_1_444' title='bbox 326 4107 477 4162; x_wconf 87' lang='lat' dir='ltr'>lsaia</span> <span class='ocrx_word' id='word_1_445' title='bbox 531 4118 663 4161; x_wconf 92' lang='lat' dir='ltr'>cum</span> <span class='ocrx_word' id='word_1_446' title='bbox 723 4103 1026 4173; x_wconf 85' lang='lat' dir='ltr'>rejectione</span> <span class='ocrx_word' id='word_1_447' title='bbox 1094 4104 1417 4159; x_wconf 87' lang='lat' dir='ltr'>carnalium</span> <span class='ocrx_word' id='word_1_448' title='bbox 1501 4102 1825 4172; x_wconf 89' lang='lat' dir='ltr'>spiritualia</span> <span class='ocrx_word' id='word_1_449' title='bbox 1873 4102 2022 4158; x_wconf 91' lang='lat' dir='ltr'>bona</span> 
     </span>
    </p>
   </div>
   <div class='ocr_carea' id='block_1_61' title="bbox 327 4190 2024 4262">
    <p class='ocr_par' dir='ltr' id='par_1_61' title="bbox 327 4190 2024 4262">
     <span class='ocr_line' id='line_1_61' title="bbox 327 4190 2024 4262; baseline -0.005 -12"><span class='ocrx_word' id='word_1_450' title='bbox 327 4193 718 4250; x_wconf 88' lang='lat' dir='ltr'>consciscens:</span> <span class='ocrx_word' id='word_1_451' title='bbox 781 4192 873 4246; x_wconf 83' lang='lat' dir='ltr'>Ad</span> <span class='ocrx_word' id='word_1_452' title='bbox 926 4208 1101 4261; x_wconf 86' lang='lat' dir='ltr'>quem,</span> <span class='ocrx_word' id='word_1_453' title='bbox 1158 4192 1366 4262; x_wconf 90' lang='lat' dir='ltr'>inquit,</span> <span class='ocrx_word' id='word_1_454' title='bbox 1424 4193 1729 4260; x_wconf 82' lang='lat' dir='ltr'>respiciam,</span> <span class='ocrx_word' id='word_1_455' title='bbox 1787 4192 1901 4243; x_wconf 85' lang='lat' dir='ltr'>nisi</span> <span class='ocrx_word' id='word_1_456' title='bbox 1949 4190 2024 4243; x_wconf 86' lang='lat' dir='ltr'>ad</span> 
     </span>
    </p>
   </div>
   <div class='ocr_carea' id='block_1_62' title="bbox 2120 1806 3831 1879">
    <p class='ocr_par' dir='ltr' id='par_1_62' title="bbox 2120 1806 3831 1879">
     <span class='ocr_line' id='line_1_62' title="bbox 2120 1806 3831 1879; baseline -0.005 -14"><span class='ocrx_word' id='word_1_457' title='bbox 2120 1812 2269 1866; x_wconf 88' lang='lat' dir='ltr'>vobis</span> <span class='ocrx_word' id='word_1_458' title='bbox 2291 1814 2348 1864; x_wconf 87' lang='lat' dir='ltr'>in</span> <span class='ocrx_word' id='word_1_459' title='bbox 2379 1810 2574 1877; x_wconf 87' lang='lat' dir='ltr'>cibum,</span> <span class='ocrx_word' id='word_1_460' title='bbox 2605 1812 2767 1879; x_wconf 88' lang='lat' dir='ltr'>quasi</span> <span class='ocrx_word' id='word_1_461' title='bbox 2785 1810 2931 1862; x_wconf 83' lang='lat' dir='ltr'>olera</span> <span class='ocrx_word' id='word_1_462' title='bbox 2959 1810 3193 1861; x_wconf 81' lang='lat' dir='ltr'>virentia</span> <span class='ocrx_word' id='word_1_463' title='bbox 3223 1806 3437 1861; x_wconf 85' lang='lat' dir='ltr'>tradidi</span> <span class='ocrx_word' id='word_1_464' title='bbox 3458 1809 3610 1860; x_wconf 85' lang='lat' dir='ltr'>vobis</span> <span class='ocrx_word' id='word_1_465' title='bbox 3650 1807 3831 1858; x_wconf 81' lang='lat' dir='ltr'>omnia</span> 
     </span>
    </p>
   </div>
   <div class='ocr_carea' id='block_1_63' title="bbox 2123 1894 3831 1969">
    <p class='ocr_par' dir='ltr' id='par_1_63' title="bbox 2123 1894 3831 1969">
     <span class='ocr_line' id='line_1_63' title="bbox 2123 1894 3831 1969; baseline -0.004 -16"><span class='ocrx_word' id='word_1_466' title='bbox 2123 1900 2277 1969; x_wconf 83' lang='lat' dir='ltr'>(Gen.</span> <span class='ocrx_word' id='word_1_467' title='bbox 2314 1913 2390 1966; x_wconf 77' lang='grc' dir='ltr'>ιχ,</span> <span class='ocrx_word' id='word_1_468' title='bbox 2431 1896 2507 1968; x_wconf 89' lang='grc'>3).</span> <span class='ocrx_word' id='word_1_469' title='bbox 2544 1899 2613 1954; x_wconf 92' lang='lat' dir='ltr'>Ut</span> <span class='ocrx_word' id='word_1_470' title='bbox 2652 1897 2822 1953; x_wconf 89' lang='lat' dir='ltr'>modo</span> <span class='ocrx_word' id='word_1_471' title='bbox 2854 1898 2998 1952; x_wconf 87' lang='lat' dir='ltr'>bene</span> <span class='ocrx_word' id='word_1_472' title='bbox 3042 1895 3207 1951; x_wconf 91' lang='lat' dir='ltr'>nobis</span> <span class='ocrx_word' id='word_1_473' title='bbox 3253 1904 3308 1951; x_wconf 91' lang='lat' dir='ltr'>et</span> <span class='ocrx_word' id='word_1_474' title='bbox 3361 1894 3593 1965; x_wconf 86' lang='lat' dir='ltr'>longam</span> <span class='ocrx_word' id='word_1_475' title='bbox 3649 1894 3831 1948; x_wconf 87' lang='lat' dir='ltr'>vitam</span> 
     </span>
    </p>
   </div>
   <div class='ocr_carea' id='block_1_64' title="bbox 2123 1983 3832 2059">
    <p class='ocr_par' dir='ltr' id='par_1_64' title="bbox 2123 1983 3832 2059">
     <span class='ocr_line' id='line_1_64' title="bbox 2123 1983 3832 2059; baseline -0.005 -16"><span class='ocrx_word' id='word_1_476' title='bbox 2123 1988 2415 2059; x_wconf 84' lang='lat' dir='ltr'>spondeat,</span> <span class='ocrx_word' id='word_1_477' title='bbox 2461 1987 2508 2042; x_wconf 88' lang='lat' dir='ltr'>si</span> <span class='ocrx_word' id='word_1_478' title='bbox 2566 2002 2771 2041; x_wconf 88' lang='lat' dir='ltr'>manus</span> <span class='ocrx_word' id='word_1_479' title='bbox 2807 1995 3000 2041; x_wconf 88' lang='lat' dir='ltr'>nostra</span> <span class='ocrx_word' id='word_1_480' title='bbox 3042 1985 3331 2054; x_wconf 88' lang='lat' dir='ltr'>pullorum</span> <span class='ocrx_word' id='word_1_481' title='bbox 3379 1983 3668 2038; x_wconf 88' lang='lat' dir='ltr'>matribus</span> <span class='ocrx_word' id='word_1_482' title='bbox 3709 1995 3832 2049; x_wconf 84' lang='lat' dir='ltr'>par-</span> 
     </span>
    </p>
   </div>
   <div class='ocr_carea' id='block_1_65' title="bbox 2124 2069 3831 2142">
    <p class='ocr_par' dir='ltr' id='par_1_65' title="bbox 2124 2069 3831 2142">
     <span class='ocr_line' id='line_1_65' title="bbox 2124 2069 3831 2142; baseline -0.004 -13"><span class='ocrx_word' id='word_1_483' title='bbox 2124 2075 2253 2129; x_wconf 77' lang='lat' dir='ltr'>cat?</span> <span class='ocrx_word' id='word_1_484' title='bbox 2303 2074 2449 2141; x_wconf 90' lang='lat' dir='ltr'>Quid</span> <span class='ocrx_word' id='word_1_485' title='bbox 2522 2075 2762 2129; x_wconf 88' lang='lat' dir='ltr'>rationis</span> <span class='ocrx_word' id='word_1_486' title='bbox 2821 2073 2990 2128; x_wconf 88' lang='lat' dir='ltr'>habet</span> <span class='ocrx_word' id='word_1_487' title='bbox 3046 2072 3200 2142; x_wconf 93' lang='lat' dir='ltr'>quod</span> <span class='ocrx_word' id='word_1_488' title='bbox 3263 2071 3461 2140; x_wconf 89' lang='lat' dir='ltr'>palum</span> <span class='ocrx_word' id='word_1_489' title='bbox 3527 2071 3587 2125; x_wconf 89' lang='lat' dir='ltr'><strong>in</strong></span> <span class='ocrx_word' id='word_1_490' title='bbox 3644 2069 3831 2125; x_wconf 87' lang='lat' dir='ltr'>balteo</span> 
     </span>
    </p>
   </div>
   <div class='ocr_carea' id='block_1_66' title="bbox 2125 2159 3831 2233">
    <p class='ocr_par' dir='ltr' id='par_1_66' title="bbox 2125 2159 3831 2233">
     <span class='ocr_line' id='line_1_66' title="bbox 2125 2159 3831 2233; baseline -0.004 -16"><span class='ocrx_word' id='word_1_491' title='bbox 2125 2170 2348 2233; x_wconf 86' lang='lat' dir='ltr'>gestare</span> <span class='ocrx_word' id='word_1_492' title='bbox 2371 2162 2656 2233; x_wconf 89' lang='lat' dir='ltr'>jubemini</span> <span class='ocrx_word' id='word_1_493' title='bbox 2693 2162 2869 2233; x_wconf 78' lang='lat' dir='ltr'>(Deut.</span> <span class='ocrx_word' id='word_1_494' title='bbox 2916 2176 3071 2225; x_wconf 67' lang='grc' dir='ltr'>χχιιι,</span> <span class='ocrx_word' id='word_1_495' title='bbox 3118 2160 3224 2230; x_wconf 85' lang='lat' dir='ltr'>l3),</span> <span class='ocrx_word' id='word_1_496' title='bbox 3266 2159 3419 2230; x_wconf 89' lang='lat' dir='ltr'>quod</span> <span class='ocrx_word' id='word_1_497' title='bbox 3460 2166 3655 2229; x_wconf 87' lang='lat' dir='ltr'>egesta</span> <span class='ocrx_word' id='word_1_498' title='bbox 3703 2171 3831 2212; x_wconf 89' lang='lat' dir='ltr'>con-</span> 
     </span>
    </p>
   </div>
   <div class='ocr_carea' id='block_1_67' title="bbox 2126 2247 3833 2321">
    <p class='ocr_par' dir='ltr' id='par_1_67' title="bbox 2126 2247 3833 2321">
     <span class='ocr_line' id='line_1_67' title="bbox 2126 2247 3833 2321; baseline -0.004 -15"><span class='ocrx_word' id='word_1_499' title='bbox 2126 2259 2337 2321; x_wconf 86' lang='lat' dir='ltr'>tegere,</span> <span class='ocrx_word' id='word_1_500' title='bbox 2368 2264 2439 2306; x_wconf 90' lang='lat' dir='ltr'>ne</span> <span class='ocrx_word' id='word_1_501' title='bbox 2483 2251 2625 2320; x_wconf 86' lang='lat' dir='ltr'>quid</span> <span class='ocrx_word' id='word_1_502' title='bbox 2658 2250 2913 2305; x_wconf 91' lang='lat' dir='ltr'>sordium</span> <span class='ocrx_word' id='word_1_503' title='bbox 2965 2250 3063 2305; x_wconf 86' lang='lat' dir='ltr'>Dei</span> <span class='ocrx_word' id='word_1_504' title='bbox 3109 2249 3298 2304; x_wconf 90' lang='lat' dir='ltr'>valeat</span> <span class='ocrx_word' id='word_1_505' title='bbox 3353 2247 3536 2303; x_wconf 90' lang='lat' dir='ltr'>oculis</span> <span class='ocrx_word' id='word_1_506' title='bbox 3594 2259 3833 2315; x_wconf 51' lang='lat' dir='ltr'>appare.</span> 
     </span>
    </p>
   </div>
   <div class='ocr_carea' id='block_1_68' title="bbox 2126 2333 3831 2410">
    <p class='ocr_par' dir='ltr' id='par_1_68' title="bbox 2126 2333 3831 2410">
     <span class='ocr_line' id='line_1_68' title="bbox 2126 2333 3831 2410; baseline -0.004 -16"><span class='ocrx_word' id='word_1_507' title='bbox 2126 2339 2229 2394; x_wconf 83' lang='lat' dir='ltr'>re?</span> <span class='ocrx_word' id='word_1_508' title='bbox 2260 2338 2315 2394; x_wconf 93' lang='lat' dir='ltr'>Si</span> <span class='ocrx_word' id='word_1_509' title='bbox 2344 2354 2452 2410; x_wconf 80' lang='lat' dir='ltr'>ego</span> <span class='ocrx_word' id='word_1_510' title='bbox 2479 2338 2781 2393; x_wconf 89' lang='lat' dir='ltr'>hominum</span> <span class='ocrx_word' id='word_1_511' title='bbox 2814 2337 3090 2393; x_wconf 88' lang='lat' dir='ltr'>minimus</span> <span class='ocrx_word' id='word_1_512' title='bbox 3121 2338 3180 2390; x_wconf 87' lang='lat' dir='ltr'>in</span> <span class='ocrx_word' id='word_1_513' title='bbox 3204 2335 3435 2406; x_wconf 89' lang='lat' dir='ltr'>publico</span> <span class='ocrx_word' id='word_1_514' title='bbox 3467 2334 3580 2390; x_wconf 90' lang='lat' dir='ltr'>tale</span> <span class='ocrx_word' id='word_1_515' title='bbox 3608 2333 3831 2403; x_wconf 89' lang='lat' dir='ltr'>aliquid</span> 
     </span>
    </p>
   </div>
   <div class='ocr_carea' id='block_1_69' title="bbox 2129 2421 3829 2497">
    <p class='ocr_par' dir='ltr' id='par_1_69' title="bbox 2129 2421 3829 2497">
     <span class='ocr_line' id='line_1_69' title="bbox 2129 2421 3829 2497; baseline -0.004 -15"><span class='ocrx_word' id='word_1_516' title='bbox 2129 2428 2463 2497; x_wconf 79' lang='lat' dir='ltr'>proferrem,</span> <span class='ocrx_word' id='word_1_517' title='bbox 2511 2426 2801 2482; x_wconf 89' lang='lat' dir='ltr'>auditores</span> <span class='ocrx_word' id='word_1_518' title='bbox 2839 2426 3077 2481; x_wconf 85' lang='lat' dir='ltr'>forsitan</span> <span class='ocrx_word' id='word_1_519' title='bbox 3128 2424 3236 2479; x_wconf 90' lang='lat' dir='ltr'>mei</span> <span class='ocrx_word' id='word_1_520' title='bbox 3279 2438 3395 2479; x_wconf 91' lang='lat' dir='ltr'>non</span> <span class='ocrx_word' id='word_1_521' title='bbox 3427 2421 3589 2478; x_wconf 79' lang='lat' dir='ltr'>facile</span> <span class='ocrx_word' id='word_1_522' title='bbox 3632 2422 3829 2477; x_wconf 85' lang='lat' dir='ltr'>crede-</span> 
     </span>
    </p>
   </div>
   <div class='ocr_carea' id='block_1_70' title="bbox 2128 2510 3833 2585">
    <p class='ocr_par' dir='ltr' id='par_1_70' title="bbox 2128 2510 3833 2585">
     <span class='ocr_line' id='line_1_70' title="bbox 2128 2510 3833 2585; baseline -0.004 -14"><span class='ocrx_word' id='word_1_523' title='bbox 2128 2523 2257 2571; x_wconf 90' lang='lat' dir='ltr'>rent</span> <span class='ocrx_word' id='word_1_524' title='bbox 2304 2517 2460 2585; x_wconf 90' lang='lat' dir='ltr'>quod</span> <span class='ocrx_word' id='word_1_525' title='bbox 2518 2515 2790 2582; x_wconf 88' lang='lat' dir='ltr'>inaniter,</span> <span class='ocrx_word' id='word_1_526' title='bbox 2848 2523 2948 2570; x_wconf 87' lang='lat' dir='ltr'>aut</span> <span class='ocrx_word' id='word_1_527' title='bbox 2998 2514 3118 2570; x_wconf 89' lang='lat' dir='ltr'>sine</span> <span class='ocrx_word' id='word_1_528' title='bbox 3180 2511 3561 2582; x_wconf 78' lang='lat' dir='ltr'>intelligentia</span> <span class='ocrx_word' id='word_1_529' title='bbox 3631 2510 3833 2566; x_wconf 89' lang='lat' dir='ltr'>latenti</span> 
     </span>
    </p>
   </div>
   <div class='ocr_carea' id='block_1_71' title="bbox 2130 2599 3835 2673">
    <p class='ocr_par' dir='ltr' id='par_1_71' title="bbox 2130 2599 3835 2673">
     <span class='ocr_line' id='line_1_71' title="bbox 2130 2599 3835 2673; baseline -0.003 -15"><span class='ocrx_word' id='word_1_530' title='bbox 2130 2605 2238 2659; x_wconf 88' lang='lat' dir='ltr'>ista</span> <span class='ocrx_word' id='word_1_531' title='bbox 2267 2612 2656 2659; x_wconf 88' lang='lat' dir='ltr'>contexerem.</span> <span class='ocrx_word' id='word_1_532' title='bbox 2686 2603 2801 2658; x_wconf 90' lang='lat' dir='ltr'>Etsi</span> <span class='ocrx_word' id='word_1_533' title='bbox 2845 2617 2951 2673; x_wconf 90' lang='lat' dir='ltr'>ego</span> <span class='ocrx_word' id='word_1_534' title='bbox 2980 2602 3201 2657; x_wconf 92' lang='lat' dir='ltr'>nullius</span> <span class='ocrx_word' id='word_1_535' title='bbox 3245 2609 3345 2656; x_wconf 91' lang='lat' dir='ltr'>aut</span> <span class='ocrx_word' id='word_1_536' title='bbox 3389 2599 3696 2672; x_wconf 87' lang='lat' dir='ltr'>gravitatis</span> <span class='ocrx_word' id='word_1_537' title='bbox 3735 2606 3835 2654; x_wconf 90' lang='lat' dir='ltr'>aut</span> 
     </span>
    </p>
   </div>
   <div class='ocr_carea' id='block_1_72' title="bbox 2129 2688 3836 2762">
    <p class='ocr_par' dir='ltr' id='par_1_72' title="bbox 2129 2688 3836 2762">
     <span class='ocr_line' id='line_1_72' title="bbox 2129 2688 3836 2762; baseline -0.001 -18"><span class='ocrx_word' id='word_1_538' title='bbox 2129 2691 2400 2746; x_wconf 91' lang='lat' dir='ltr'>momenti</span> <span class='ocrx_word' id='word_1_539' title='bbox 2435 2691 2507 2746; x_wconf 87' lang='lat' dir='ltr'>ab</span> <span class='ocrx_word' id='word_1_540' title='bbox 2554 2690 2849 2762; x_wconf 89' lang='lat' dir='ltr'>aliquibus</span> <span class='ocrx_word' id='word_1_541' title='bbox 2894 2690 3032 2745; x_wconf 90' lang='lat' dir='ltr'>tanti</span> <span class='ocrx_word' id='word_1_542' title='bbox 3082 2690 3319 2759; x_wconf 88' lang='lat' dir='ltr'>pendor,</span> <span class='ocrx_word' id='word_1_543' title='bbox 3358 2696 3421 2744; x_wconf 90' lang='lat' dir='ltr'>ut</span> <span class='ocrx_word' id='word_1_544' title='bbox 3472 2688 3653 2743; x_wconf 89' lang='lat' dir='ltr'>verba</span> <span class='ocrx_word' id='word_1_545' title='bbox 3710 2701 3836 2743; x_wconf 90' lang='lat' dir='ltr'>mea</span> 
     </span>
    </p>
   </div>
   <div class='ocr_carea' id='block_1_73' title="bbox 2128 2776 3838 2849">
    <p class='ocr_par' dir='ltr' id='par_1_73' title="bbox 2128 2776 3838 2849">
     <span class='ocr_line' id='line_1_73' title="bbox 2128 2776 3838 2849; baseline -0.002 -16"><span class='ocrx_word' id='word_1_546' title='bbox 2128 2781 2386 2848; x_wconf 82' lang='lat' dir='ltr'>expertia</span> <span class='ocrx_word' id='word_1_547' title='bbox 2410 2779 2675 2849; x_wconf 90' lang='lat' dir='ltr'>ponderis</span> <span class='ocrx_word' id='word_1_548' title='bbox 2706 2794 2821 2835; x_wconf 92' lang='lat' dir='ltr'>non</span> <span class='ocrx_word' id='word_1_549' title='bbox 2859 2793 2980 2834; x_wconf 87' lang='lat' dir='ltr'>esse</span> <span class='ocrx_word' id='word_1_550' title='bbox 3037 2785 3332 2848; x_wconf 89' lang='lat' dir='ltr'>putentur,</span> <span class='ocrx_word' id='word_1_551' title='bbox 3386 2778 3566 2833; x_wconf 90' lang='lat' dir='ltr'>Deum</span> <span class='ocrx_word' id='word_1_552' title='bbox 3618 2776 3838 2845; x_wconf 87' lang='lat' dir='ltr'>poteri-</span> 
     </span>
    </p>
   </div>
   <div class='ocr_carea' id='block_1_74' title="bbox 2128 2864 3836 2943">
    <p class='ocr_par' dir='ltr' id='par_1_74' title="bbox 2128 2864 3836 2943">
     <span class='ocr_line' id='line_1_74' title="bbox 2128 2864 3836 2943; baseline -0.002 -20"><span class='ocrx_word' id='word_1_553' title='bbox 2128 2865 2201 2923; x_wconf 90' lang='lat' dir='ltr'>tis</span> <span class='ocrx_word' id='word_1_554' title='bbox 2229 2868 2512 2923; x_wconf 76' lang='lat' dir='ltr'>zestimare</span> <span class='ocrx_word' id='word_1_555' title='bbox 2549 2867 2906 2935; x_wconf 90' lang='lat' dir='ltr'>choraulam,</span> <span class='ocrx_word' id='word_1_556' title='bbox 2970 2876 3034 2922; x_wconf 91' lang='lat' dir='ltr'>ut</span> <span class='ocrx_word' id='word_1_557' title='bbox 3088 2868 3241 2923; x_wconf 91' lang='lat' dir='ltr'>dicta</span> <span class='ocrx_word' id='word_1_558' title='bbox 3285 2866 3440 2921; x_wconf 89' lang='lat' dir='ltr'>illius</span> <span class='ocrx_word' id='word_1_559' title='bbox 3487 2864 3836 2943; x_wconf 86' lang='lat' dir='ltr'>garrulitate</span> 
     </span>
    </p>
   </div>
   <div class='ocr_carea' id='block_1_75' title="bbox 2060 2953 3834 3047">
    <p class='ocr_par' dir='ltr' id='par_1_75' title="bbox 2060 2953 3834 3047">
     <span class='ocr_line' id='line_1_75' title="bbox 2060 2953 3834 3047; baseline -0.002 -37"><span class='ocrx_word' id='word_1_560' title='bbox 2060 2964 2458 3047; x_wconf 81' lang='lat' dir='ltr'>Cvanescant.</span> <span class='ocrx_word' id='word_1_561' title='bbox 2513 2958 2735 3020; x_wconf 89' lang='lat' dir='ltr'>Quanto</span> <span class='ocrx_word' id='word_1_562' title='bbox 2795 2954 2974 3026; x_wconf 85' lang='lat' dir='ltr'>igitur</span> <span class='ocrx_word' id='word_1_563' title='bbox 3026 2955 3298 3010; x_wconf 72' lang='lat' dir='ltr'>humanas</span> <span class='ocrx_word' id='word_1_564' title='bbox 3361 2953 3557 3009; x_wconf 87' lang='lat' dir='ltr'>minus</span> <span class='ocrx_word' id='word_1_565' title='bbox 3624 2953 3834 3009; x_wconf 89' lang='lat' dir='ltr'>rationi</span> 
     </span>
    </p>
   </div>
   <div class='ocr_carea' id='block_1_76' title="bbox 2129 3041 3835 3114">
    <p class='ocr_par' dir='ltr' id='par_1_76' title="bbox 2129 3041 3835 3114">
     <span class='ocr_line' id='line_1_76' title="bbox 2129 3041 3835 3114; baseline -0.001 -16"><span class='ocrx_word' id='word_1_566' title='bbox 2129 3043 2361 3114; x_wconf 91' lang='lat' dir='ltr'>eloquia</span> <span class='ocrx_word' id='word_1_567' title='bbox 2413 3044 2609 3099; x_wconf 91' lang='lat' dir='ltr'>divina</span> <span class='ocrx_word' id='word_1_568' title='bbox 2649 3044 3019 3111; x_wconf 88' lang='lat' dir='ltr'>concordant,</span> <span class='ocrx_word' id='word_1_569' title='bbox 3070 3052 3227 3099; x_wconf 91' lang='lat' dir='ltr'>tanto</span> <span class='ocrx_word' id='word_1_570' title='bbox 3275 3041 3459 3113; x_wconf 87' lang='lat' dir='ltr'>magis</span> <span class='ocrx_word' id='word_1_571' title='bbox 3513 3041 3835 3111; x_wconf 79' lang='lat' dir='ltr'>subtilitate</span> 
     </span>
    </p>
   </div>
   <div class='ocr_carea' id='block_1_77' title="bbox 2130 3129 3010 3188">
    <p class='ocr_par' dir='ltr' id='par_1_77' title="bbox 2130 3129 3010 3188">
     <span class='ocr_line' id='line_1_77' title="bbox 2130 3129 3010 3188; baseline 0.005 -4"><span class='ocrx_word' id='word_1_572' title='bbox 2130 3129 2641 3188; x_wconf 90' lang='lat' dir='ltr'>intellectualitatis</span> <span class='ocrx_word' id='word_1_573' title='bbox 2665 3132 3010 3188; x_wconf 84' lang='lat' dir='ltr'>exuberant.</span> 
     </span>
    </p>
   </div>
   <div class='ocr_carea' id='block_1_78' title="bbox 2201 3219 3830 3291">
    <p class='ocr_par' dir='ltr' id='par_1_78' title="bbox 2201 3219 3830 3291">
     <span class='ocr_line' id='line_1_78' title="bbox 2201 3219 3830 3291; baseline -0.002 -14"><span class='ocrx_word' id='word_1_574' title='bbox 2201 3221 2549 3291; x_wconf 85' lang='lat' dir='ltr'>Resipiscite,</span> <span class='ocrx_word' id='word_1_575' title='bbox 2590 3221 2726 3276; x_wconf 90' lang='lat' dir='ltr'>victi</span> <span class='ocrx_word' id='word_1_576' title='bbox 2769 3229 2923 3276; x_wconf 91' lang='lat' dir='ltr'>tanto</span> <span class='ocrx_word' id='word_1_577' title='bbox 2968 3220 3428 3276; x_wconf 90' lang='lat' dir='ltr'>testimoniorum</span> <span class='ocrx_word' id='word_1_578' title='bbox 3468 3233 3536 3274; x_wconf 89' lang='lat' dir='ltr'>ac</span> <span class='ocrx_word' id='word_1_579' title='bbox 3596 3219 3830 3275; x_wconf 90' lang='lat' dir='ltr'>testium</span> 
     </span>
    </p>
   </div>
   <div class='ocr_carea' id='block_1_79' title="bbox 2131 3307 3833 3382">
    <p class='ocr_par' dir='ltr' id='par_1_79' title="bbox 2131 3307 3833 3382">
     <span class='ocr_line' id='line_1_79' title="bbox 2131 3307 3833 3382; baseline -0.003 -16"><span class='ocrx_word' id='word_1_580' title='bbox 2131 3324 2342 3382; x_wconf 84' lang='lat' dir='ltr'>aggere</span> <span class='ocrx_word' id='word_1_581' title='bbox 2371 3310 2708 3378; x_wconf 81' lang='lat' dir='ltr'>tandem;ct</span> <span class='ocrx_word' id='word_1_582' title='bbox 2746 3323 2919 3365; x_wconf 89' lang='lat' dir='ltr'>carne</span> <span class='ocrx_word' id='word_1_583' title='bbox 2956 3309 3215 3365; x_wconf 88' lang='lat' dir='ltr'>discussa</span> <span class='ocrx_word' id='word_1_584' title='bbox 3263 3316 3476 3363; x_wconf 74' lang='lat' dir='ltr'>sanctae</span> <span class='ocrx_word' id='word_1_585' title='bbox 3534 3307 3833 3363; x_wconf 88' lang='lat' dir='ltr'>interiori-</span> 
     </span>
    </p>
   </div>
   <div class='ocr_carea' id='block_1_80' title="bbox 2130 3396 3834 3467">
    <p class='ocr_par' dir='ltr' id='par_1_80' title="bbox 2130 3396 3834 3467">
     <span class='ocr_line' id='line_1_80' title="bbox 2130 3396 3834 3467; baseline -0.004 -12"><span class='ocrx_word' id='word_1_586' title='bbox 2130 3401 2264 3455; x_wconf 91' lang='lat' dir='ltr'>tatis</span> <span class='ocrx_word' id='word_1_587' title='bbox 2310 3407 2487 3453; x_wconf 92' lang='lat' dir='ltr'>estote</span> <span class='ocrx_word' id='word_1_588' title='bbox 2534 3412 2787 3467; x_wconf 87' lang='lat' dir='ltr'>capaces.</span> <span class='ocrx_word' id='word_1_589' title='bbox 2846 3399 3032 3453; x_wconf 84' lang='lat' dir='ltr'>Venite</span> <span class='ocrx_word' id='word_1_590' title='bbox 3077 3411 3210 3453; x_wconf 93' lang='lat' dir='ltr'>cum</span> <span class='ocrx_word' id='word_1_591' title='bbox 3240 3396 3380 3453; x_wconf 89' lang='lat' dir='ltr'>Osee</span> <span class='ocrx_word' id='word_1_592' title='bbox 3426 3397 3738 3466; x_wconf 89' lang='lat' dir='ltr'>propheta,</span> <span class='ocrx_word' id='word_1_593' title='bbox 3787 3400 3834 3448; x_wconf 88' lang='lat' dir='ltr'>et</span> 
     </span>
    </p>
   </div>
   <div class='ocr_carea' id='block_1_81' title="bbox 2130 3483 3836 3557">
    <p class='ocr_par' dir='ltr' id='par_1_81' title="bbox 2130 3483 3836 3557">
     <span class='ocr_line' id='line_1_81' title="bbox 2130 3483 3836 3557; baseline -0.002 -15"><span class='ocrx_word' id='word_1_594' title='bbox 2130 3492 2464 3542; x_wconf 84' lang='lat' dir='ltr'>revertamur</span> <span class='ocrx_word' id='word_1_595' title='bbox 2485 3487 2557 3542; x_wconf 86' lang='lat' dir='ltr'>ad</span> <span class='ocrx_word' id='word_1_596' title='bbox 2606 3502 2759 3553; x_wconf 90' lang='lat' dir='ltr'>cum,</span> <span class='ocrx_word' id='word_1_597' title='bbox 2793 3500 2966 3557; x_wconf 88' lang='lat' dir='ltr'>quem</span> <span class='ocrx_word' id='word_1_598' title='bbox 2998 3500 3101 3542; x_wconf 94' lang='lat' dir='ltr'>vos</span> <span class='ocrx_word' id='word_1_599' title='bbox 3124 3485 3289 3556; x_wconf 90' lang='lat' dir='ltr'>sequi</span> <span class='ocrx_word' id='word_1_600' title='bbox 3348 3493 3620 3554; x_wconf 88' lang='lat' dir='ltr'>putantes</span> <span class='ocrx_word' id='word_1_601' title='bbox 3661 3483 3836 3539; x_wconf 70' lang='lat' dir='ltr'>ditiu-</span> 
     </span>
    </p>
   </div>
   <div class='ocr_carea' id='block_1_82' title="bbox 2134 3572 3834 3647">
    <p class='ocr_par' dir='ltr' id='par_1_82' title="bbox 2134 3572 3834 3647">
     <span class='ocr_line' id='line_1_82' title="bbox 2134 3572 3834 3647; baseline -0.002 -17"><span class='ocrx_word' id='word_1_602' title='bbox 2134 3576 2266 3647; x_wconf 90' lang='lat' dir='ltr'>gitis</span> <span class='ocrx_word' id='word_1_603' title='bbox 2295 3579 2600 3642; x_wconf 86' lang='lat' dir='ltr'>Dominum,</span> <span class='ocrx_word' id='word_1_604' title='bbox 2629 3578 2761 3644; x_wconf 86' lang='lat' dir='ltr'>quia</span> <span class='ocrx_word' id='word_1_605' title='bbox 2804 3578 2919 3645; x_wconf 82' lang='lat' dir='ltr'>ipse</span> <span class='ocrx_word' id='word_1_606' title='bbox 2944 3589 2978 3630; x_wconf 92' lang='lat' dir='ltr'>a</span> <span class='ocrx_word' id='word_1_607' title='bbox 3014 3575 3211 3631; x_wconf 62' lang='lat' dir='ltr'>saeculi</span> <span class='ocrx_word' id='word_1_608' title='bbox 3252 3575 3493 3644; x_wconf 87' lang='lat' dir='ltr'>origine,</span> <span class='ocrx_word' id='word_1_609' title='bbox 3539 3572 3834 3642; x_wconf 67' lang='lat' dir='ltr'>praedesti-</span> 
     </span>
    </p>
   </div>
   <div class='ocr_carea' id='block_1_83' title="bbox 2133 3662 3834 3734">
    <p class='ocr_par' dir='ltr' id='par_1_83' title="bbox 2133 3662 3834 3734">
     <span class='ocr_line' id='line_1_83' title="bbox 2133 3662 3834 3734; baseline -0.002 -15"><span class='ocrx_word' id='word_1_610' title='bbox 2133 3666 2383 3733; x_wconf 88' lang='lat' dir='ltr'>natione,</span> <span class='ocrx_word' id='word_1_611' title='bbox 2417 3672 2472 3720; x_wconf 90' lang='lat' dir='ltr'>et</span> <span class='ocrx_word' id='word_1_612' title='bbox 2497 3664 2975 3734; x_wconf 87' lang='lat' dir='ltr'>promissionibus</span> <span class='ocrx_word' id='word_1_613' title='bbox 3002 3666 3142 3733; x_wconf 82' lang='lat' dir='ltr'>cepit</span> <span class='ocrx_word' id='word_1_614' title='bbox 3171 3670 3226 3719; x_wconf 93' lang='lat' dir='ltr'>et</span> <span class='ocrx_word' id='word_1_615' title='bbox 3257 3663 3318 3718; x_wconf 90' lang='lat' dir='ltr'>in</span> <span class='ocrx_word' id='word_1_616' title='bbox 3357 3662 3469 3718; x_wconf 85' lang='lat' dir='ltr'>ﬁne</span> <span class='ocrx_word' id='word_1_617' title='bbox 3511 3669 3834 3731; x_wconf 88' lang='lat' dir='ltr'>temporum</span> 
     </span>
    </p>
   </div>
   <div class='ocr_carea' id='block_1_84' title="bbox 2133 3749 3835 3825">
    <p class='ocr_par' dir='ltr' id='par_1_84' title="bbox 2133 3749 3835 3825">
     <span class='ocr_line' id='line_1_84' title="bbox 2133 3749 3835 3825; baseline -0.002 -17"><span class='ocrx_word' id='word_1_618' title='bbox 2133 3753 2414 3825; x_wconf 87' lang='lat' dir='ltr'>passionis</span> <span class='ocrx_word' id='word_1_619' title='bbox 2455 3767 2575 3807; x_wconf 60' lang='lat' dir='ltr'>suae</span> <span class='ocrx_word' id='word_1_620' title='bbox 2616 3752 2916 3808; x_wconf 89' lang='lat' dir='ltr'>eflicientia</span> <span class='ocrx_word' id='word_1_621' title='bbox 2961 3767 3063 3807; x_wconf 90' lang='lat' dir='ltr'>nos</span> <span class='ocrx_word' id='word_1_622' title='bbox 3118 3751 3381 3819; x_wconf 88' lang='lat' dir='ltr'>salvabit,</span> <span class='ocrx_word' id='word_1_623' title='bbox 3438 3753 3730 3821; x_wconf 82' lang='lat' dir='ltr'>percutiet,</span> <span class='ocrx_word' id='word_1_624' title='bbox 3782 3749 3835 3804; x_wconf 84' lang='lat' dir='ltr'>id</span> 
     </span>
    </p>
   </div>
   <div class='ocr_carea' id='block_1_85' title="bbox 2132 3839 3840 3909">
    <p class='ocr_par' dir='ltr' id='par_1_85' title="bbox 2132 3839 3840 3909">
     <span class='ocr_line' id='line_1_85' title="bbox 2132 3839 3840 3909; baseline -0.003 -12"><span class='ocrx_word' id='word_1_625' title='bbox 2132 3850 2216 3900; x_wconf 90' lang='lat' dir='ltr'>est</span> <span class='ocrx_word' id='word_1_626' title='bbox 2246 3842 2575 3897; x_wconf 88' lang='lat' dir='ltr'>animarum</span> <span class='ocrx_word' id='word_1_627' title='bbox 2606 3849 2936 3896; x_wconf 89' lang='lat' dir='ltr'>nostrarum</span> <span class='ocrx_word' id='word_1_628' title='bbox 2969 3840 3245 3896; x_wconf 90' lang='lat' dir='ltr'>doctrinis</span> <span class='ocrx_word' id='word_1_629' title='bbox 3295 3840 3457 3895; x_wconf 92' lang='lat' dir='ltr'>nobis</span> <span class='ocrx_word' id='word_1_630' title='bbox 3508 3839 3840 3909; x_wconf 88' lang='lat' dir='ltr'>potentibus</span> 
     </span>
    </p>
   </div>
   <div class='ocr_carea' id='block_1_86' title="bbox 2132 3927 3840 3999">
    <p class='ocr_par' dir='ltr' id='par_1_86' title="bbox 2132 3927 3840 3999">
     <span class='ocr_line' id='line_1_86' title="bbox 2132 3927 3840 3999; baseline -0.004 -12"><span class='ocrx_word' id='word_1_631' title='bbox 2132 3932 2376 3987; x_wconf 89' lang='lat' dir='ltr'>vulnera</span> <span class='ocrx_word' id='word_1_632' title='bbox 2404 3930 2633 3999; x_wconf 91' lang='lat' dir='ltr'>pandet.</span> <span class='ocrx_word' id='word_1_633' title='bbox 2666 3929 2967 3984; x_wconf 88' lang='lat' dir='ltr'>Percussos</span> <span class='ocrx_word' id='word_1_634' title='bbox 3004 3928 3254 3998; x_wconf 91' lang='lat' dir='ltr'>denique</span> <span class='ocrx_word' id='word_1_635' title='bbox 3292 3942 3515 3995; x_wconf 83' lang='lat' dir='ltr'>cruore,</span> <span class='ocrx_word' id='word_1_636' title='bbox 3566 3936 3622 3983; x_wconf 91' lang='lat' dir='ltr'>et</span> <span class='ocrx_word' id='word_1_637' title='bbox 3674 3927 3840 3982; x_wconf 86' lang='lat' dir='ltr'>latice</span> 
     </span>
    </p>
   </div>
   <div class='ocr_carea' id='block_1_87' title="bbox 2132 4016 3837 4086">
    <p class='ocr_par' dir='ltr' id='par_1_87' title="bbox 2132 4016 3837 4086">
     <span class='ocr_line' id='line_1_87' title="bbox 2132 4016 3837 4086; baseline -0.004 -10"><span class='ocrx_word' id='word_1_638' title='bbox 2132 4033 2336 4076; x_wconf 87' lang='lat' dir='ltr'>curare</span> <span class='ocrx_word' id='word_1_639' title='bbox 2367 4032 2482 4073; x_wconf 88' lang='lat' dir='ltr'>non</span> <span class='ocrx_word' id='word_1_640' title='bbox 2524 4016 2762 4073; x_wconf 68' lang='lat' dir='ltr'>differet.</span> <span class='ocrx_word' id='word_1_641' title='bbox 2822 4019 3134 4086; x_wconf 81' lang='lat' dir='ltr'>Viviﬁcavit</span> <span class='ocrx_word' id='word_1_642' title='bbox 3173 4032 3269 4071; x_wconf 87' lang='lat' dir='ltr'>nos</span> <span class='ocrx_word' id='word_1_643' title='bbox 3311 4022 3436 4086; x_wconf 83' lang='lat' dir='ltr'>post</span> <span class='ocrx_word' id='word_1_644' title='bbox 3484 4016 3619 4070; x_wconf 87' lang='lat' dir='ltr'>duos</span> <span class='ocrx_word' id='word_1_645' title='bbox 3675 4016 3837 4070; x_wconf 86' lang='lat' dir='ltr'>dies:</span> 
     </span>
    </p>
   </div>
   <div class='ocr_carea' id='block_1_88' title="bbox 2130 4106 3839 4174">
    <p class='ocr_par' dir='ltr' id='par_1_88' title="bbox 2130 4106 3839 4174">
     <span class='ocr_line' id='line_1_88' title="bbox 2130 4106 3839 4174; baseline -0.003 -12"><span class='ocrx_word' id='word_1_646' title='bbox 2130 4113 2188 4162; x_wconf 87' lang='lat' dir='ltr'>in</span> <span class='ocrx_word' id='word_1_647' title='bbox 2213 4108 2327 4162; x_wconf 86' lang='lat' dir='ltr'>dies</span> <span class='ocrx_word' id='word_1_648' title='bbox 2366 4109 2529 4161; x_wconf 88' lang='lat' dir='ltr'>tertia</span> <span class='ocrx_word' id='word_1_649' title='bbox 2564 4106 2848 4160; x_wconf 85' lang='lat' dir='ltr'>suscitabit</span> <span class='ocrx_word' id='word_1_650' title='bbox 2876 4121 3009 4159; x_wconf 81' lang='lat' dir='ltr'>nos:</span> <span class='ocrx_word' id='word_1_651' title='bbox 3051 4111 3102 4159; x_wconf 87' lang='lat' dir='ltr'>et</span> <span class='ocrx_word' id='word_1_652' title='bbox 3143 4107 3382 4159; x_wconf 85' lang='lat' dir='ltr'>vivemus</span> <span class='ocrx_word' id='word_1_653' title='bbox 3438 4107 3498 4159; x_wconf 86' lang='lat' dir='ltr'>in</span> <span class='ocrx_word' id='word_1_654' title='bbox 3550 4110 3839 4174; x_wconf 84' lang='lat' dir='ltr'>conspectu</span> 
     </span>
    </p>
   </div>
   <div class='ocr_carea' id='block_1_89' title="bbox 2133 4195 3840 4267">
    <p class='ocr_par' dir='ltr' id='par_1_89' title="bbox 2133 4195 3840 4267">
     <span class='ocr_line' id='line_1_89' title="bbox 2133 4195 3840 4267; baseline -0.002 -16"><span class='ocrx_word' id='word_1_655' title='bbox 2133 4198 2286 4267; x_wconf 88' lang='lat' dir='ltr'>ejus:</span> <span class='ocrx_word' id='word_1_656' title='bbox 2326 4198 2574 4262; x_wconf 86' lang='lat' dir='ltr'>sciemus,</span> <span class='ocrx_word' id='word_1_657' title='bbox 2632 4210 3019 4264; x_wconf 86' lang='lat' dir='ltr'>sequemurque</span> <span class='ocrx_word' id='word_1_658' title='bbox 3072 4199 3133 4247; x_wconf 90' lang='lat' dir='ltr'>ut</span> <span class='ocrx_word' id='word_1_659' title='bbox 3185 4209 3566 4265; x_wconf 87' lang='lat' dir='ltr'>cognoscamus</span> <span class='ocrx_word' id='word_1_660' title='bbox 3645 4195 3840 4248; x_wconf 87' lang='lat' dir='ltr'>Domi-</span> 
     </span>
    </p>
   </div>
   <div class='ocr_carea' id='block_1_90' title="bbox 329 4267 3838 4352">
    <p class='ocr_par' dir='ltr' id='par_1_90' title="bbox 329 4267 3838 4352">
     <span class='ocr_line' id='line_1_90' title="bbox 329 4267 3838 4352; baseline 0 -15"><span class='ocrx_word' id='word_1_661' title='bbox 329 4284 583 4338; x_wconf 84' lang='lat' dir='ltr'>humilem</span> <span class='ocrx_word' id='word_1_662' title='bbox 627 4286 678 4336; x_wconf 92' lang='lat' dir='ltr'>et</span> <span class='ocrx_word' id='word_1_663' title='bbox 712 4283 1003 4336; x_wconf 86' lang='lat' dir='ltr'>contritum</span> <span class='ocrx_word' id='word_1_664' title='bbox 1038 4283 1316 4349; x_wconf 83' lang='lat' dir='ltr'>spiritum,</span> <span class='ocrx_word' id='word_1_665' title='bbox 1362 4286 1411 4334; x_wconf 88' lang='lat' dir='ltr'>et</span> <span class='ocrx_word' id='word_1_666' title='bbox 1466 4286 1773 4334; x_wconf 86' lang='lat' dir='ltr'>trementem</span> <span class='ocrx_word' id='word_1_667' title='bbox 1827 4294 2022 4333; x_wconf 88' lang='lat' dir='ltr'>sermo-</span> <span class='ocrx_word' id='word_1_668' title='bbox 2061 4267 2103 4319; x_wconf 76' lang='grc' dir='ltr'>ί)</span> <span class='ocrx_word' id='word_1_669' title='bbox 2127 4300 2274 4338; x_wconf 87' lang='lat' dir='ltr'>num.</span> <span class='ocrx_word' id='word_1_670' title='bbox 2334 4282 2504 4348; x_wconf 85' lang='lat' dir='ltr'>Quasi</span> <span class='ocrx_word' id='word_1_671' title='bbox 2559 4283 2855 4337; x_wconf 85' lang='lat' dir='ltr'>diluculum</span> <span class='ocrx_word' id='word_1_672' title='bbox 2891 4287 3238 4352; x_wconf 53' lang='lat' dir='ltr'>preparatus</span> <span class='ocrx_word' id='word_1_673' title='bbox 3280 4290 3363 4337; x_wconf 89' lang='lat' dir='ltr'>est</span> <span class='ocrx_word' id='word_1_674' title='bbox 3407 4298 3655 4351; x_wconf 86' lang='lat' dir='ltr'>egressus</span> <span class='ocrx_word' id='word_1_675' title='bbox 3721 4283 3838 4352; x_wconf 85' lang='lat' dir='ltr'>ejus</span> 
     </span>
    </p>
   </div>
   <div class='ocr_carea' id='block_1_91' title="bbox 327 4368 2023 4438">
    <p class='ocr_par' dir='ltr' id='par_1_91' title="bbox 327 4368 2023 4438">
     <span class='ocr_line' id='line_1_91' title="bbox 327 4368 2023 4438; baseline -0.004 -12"><span class='ocrx_word' id='word_1_676' title='bbox 327 4387 421 4426; x_wconf 87' lang='lat' dir='ltr'>nes</span> <span class='ocrx_word' id='word_1_677' title='bbox 464 4369 648 4425; x_wconf 80' lang='lat' dir='ltr'>meos?</span> <span class='ocrx_word' id='word_1_678' title='bbox 697 4370 804 4435; x_wconf 89' lang='lat' dir='ltr'>Qui</span> <span class='ocrx_word' id='word_1_679' title='bbox 850 4370 1095 4423; x_wconf 88' lang='lat' dir='ltr'>immolat</span> <span class='ocrx_word' id='word_1_680' title='bbox 1138 4370 1337 4436; x_wconf 88' lang='lat' dir='ltr'>bovem,</span> <span class='ocrx_word' id='word_1_681' title='bbox 1373 4371 1535 4437; x_wconf 88' lang='lat' dir='ltr'>quasi</span> <span class='ocrx_word' id='word_1_682' title='bbox 1589 4371 1687 4438; x_wconf 87' lang='lat' dir='ltr'>qui</span> <span class='ocrx_word' id='word_1_683' title='bbox 1726 4368 2023 4434; x_wconf 74' lang='lat' dir='ltr'>interﬁciat</span> 
     </span>
    </p>
   </div>
   <div class='ocr_carea' id='block_1_92' title="bbox 327 4455 2020 4529">
    <p class='ocr_par' dir='ltr' id='par_1_92' title="bbox 327 4455 2020 4529">
     <span class='ocr_line' id='line_1_92' title="bbox 327 4455 2020 4529; baseline -0.004 -15"><span class='ocrx_word' id='word_1_684' title='bbox 327 4464 538 4529; x_wconf 88' lang='lat' dir='ltr'>virum;</span> <span class='ocrx_word' id='word_1_685' title='bbox 566 4460 663 4529; x_wconf 90' lang='lat' dir='ltr'>qui</span> <span class='ocrx_word' id='word_1_686' title='bbox 689 4462 892 4512; x_wconf 89' lang='lat' dir='ltr'>mactat</span> <span class='ocrx_word' id='word_1_687' title='bbox 910 4473 1092 4527; x_wconf 79' lang='lat' dir='ltr'>pecus,</span> <span class='ocrx_word' id='word_1_688' title='bbox 1125 4459 1288 4525; x_wconf 89' lang='lat' dir='ltr'>quasi</span> <span class='ocrx_word' id='word_1_689' title='bbox 1331 4460 1428 4524; x_wconf 88' lang='lat' dir='ltr'>qui</span> <span class='ocrx_word' id='word_1_690' title='bbox 1456 4455 1756 4510; x_wconf 74' lang='lat' dir='ltr'>emcerebret</span> <span class='ocrx_word' id='word_1_691' title='bbox 1803 4469 2020 4521; x_wconf 89' lang='lat' dir='ltr'>canem;</span> 
     </span>
    </p>
   </div>
   <div class='ocr_carea' id='block_1_93' title="bbox 330 4545 2023 4619">
    <p class='ocr_par' dir='ltr' id='par_1_93' title="bbox 330 4545 2023 4619">
     <span class='ocr_line' id='line_1_93' title="bbox 330 4545 2023 4619; baseline -0.004 -16"><span class='ocrx_word' id='word_1_692' title='bbox 330 4552 428 4619; x_wconf 86' lang='lat' dir='ltr'>qui</span> <span class='ocrx_word' id='word_1_693' title='bbox 472 4548 629 4618; x_wconf 79' lang='lat' dir='ltr'>offert</span> <span class='ocrx_word' id='word_1_694' title='bbox 679 4548 1018 4612; x_wconf 84' lang='lat' dir='ltr'>oblationem,</span> <span class='ocrx_word' id='word_1_695' title='bbox 1069 4547 1231 4614; x_wconf 87' lang='lat' dir='ltr'>quasi</span> <span class='ocrx_word' id='word_1_696' title='bbox 1284 4547 1381 4614; x_wconf 88' lang='lat' dir='ltr'>qui</span> <span class='ocrx_word' id='word_1_697' title='bbox 1438 4547 1755 4611; x_wconf 85' lang='lat' dir='ltr'>sanguinem</span> <span class='ocrx_word' id='word_1_698' title='bbox 1800 4545 2023 4598; x_wconf 88' lang='lat' dir='ltr'>suillum</span> 
     </span>
    </p>
   </div>
   <div class='ocr_carea' id='block_1_94' title="bbox 328 4634 2025 4708">
    <p class='ocr_par' dir='ltr' id='par_1_94' title="bbox 328 4634 2025 4708">
     <span class='ocr_line' id='line_1_94' title="bbox 328 4634 2025 4708; baseline -0.005 -14"><span class='ocrx_word' id='word_1_699' title='bbox 328 4639 553 4708; x_wconf 80' lang='lat' dir='ltr'>offerat;</span> <span class='ocrx_word' id='word_1_700' title='bbox 603 4638 701 4707; x_wconf 90' lang='lat' dir='ltr'>qui</span> <span class='ocrx_word' id='word_1_701' title='bbox 746 4635 1066 4689; x_wconf 83' lang='lat' dir='ltr'>recordatur</span> <span class='ocrx_word' id='word_1_702' title='bbox 1114 4636 1310 4700; x_wconf 84' lang='lat' dir='ltr'>thuris,</span> <span class='ocrx_word' id='word_1_703' title='bbox 1375 4636 1536 4703; x_wconf 89' lang='lat' dir='ltr'>quasi</span> <span class='ocrx_word' id='word_1_704' title='bbox 1593 4636 1690 4702; x_wconf 90' lang='lat' dir='ltr'>qui</span> <span class='ocrx_word' id='word_1_705' title='bbox 1750 4634 2025 4687; x_wconf 84' lang='lat' dir='ltr'>benedicat</span> 
     </span>
    </p>
   </div>
   <div class='ocr_carea' id='block_1_95' title="bbox 328 4721 2022 4797">
    <p class='ocr_par' dir='ltr' id='par_1_95' title="bbox 328 4721 2022 4797">
     <span class='ocr_line' id='line_1_95' title="bbox 328 4721 2022 4797; baseline -0.004 -14"><span class='ocrx_word' id='word_1_706' title='bbox 328 4728 473 4783; x_wconf 88' lang='lat' dir='ltr'>idolo</span> <span class='ocrx_word' id='word_1_707' title='bbox 502 4725 662 4797; x_wconf 89' lang='lat' dir='ltr'>(lsai.</span> <span class='ocrx_word' id='word_1_708' title='bbox 697 4739 849 4790; x_wconf 72' lang='lat' dir='ltr'>1.1m,</span> <span class='ocrx_word' id='word_1_709' title='bbox 876 4726 928 4789; x_wconf 87' lang='lat'>2,</span> <span class='ocrx_word' id='word_1_710' title='bbox 971 4726 1043 4789; x_wconf 87' lang='lat'>3).</span> <span class='ocrx_word' id='word_1_711' title='bbox 1088 4721 1194 4778; x_wconf 89' lang='lat' dir='ltr'>Sed</span> <span class='ocrx_word' id='word_1_712' title='bbox 1245 4721 1386 4777; x_wconf 90' lang='lat' dir='ltr'>dicis</span> <span class='ocrx_word' id='word_1_713' title='bbox 1419 4737 1431 4776; x_wconf 93' lang='lat'>:</span> <span class='ocrx_word' id='word_1_714' title='bbox 1473 4723 1633 4778; x_wconf 83' lang='lat' dir='ltr'>Certe</span> <span class='ocrx_word' id='word_1_715' title='bbox 1678 4722 1873 4793; x_wconf 86' lang='lat' dir='ltr'>negari</span> <span class='ocrx_word' id='word_1_716' title='bbox 1909 4735 2022 4777; x_wconf 91' lang='lat' dir='ltr'>non</span> 
     </span>
    </p>
   </div>
   <div class='ocr_carea' id='block_1_96' title="bbox 329 4810 2020 4886">
    <p class='ocr_par' dir='ltr' id='par_1_96' title="bbox 329 4810 2020 4886">
     <span class='ocr_line' id='line_1_96' title="bbox 329 4810 2020 4886; baseline -0.004 -15"><span class='ocrx_word' id='word_1_717' title='bbox 329 4823 513 4886; x_wconf 84' lang='lat' dir='ltr'>potest</span> <span class='ocrx_word' id='word_1_718' title='bbox 556 4813 699 4884; x_wconf 92' lang='lat' dir='ltr'>quin</span> <span class='ocrx_word' id='word_1_719' title='bbox 744 4815 893 4868; x_wconf 87' lang='lat' dir='ltr'>Deus</span> <span class='ocrx_word' id='word_1_720' title='bbox 940 4824 1176 4880; x_wconf 88' lang='lat' dir='ltr'>porcum</span> <span class='ocrx_word' id='word_1_721' title='bbox 1244 4811 1439 4865; x_wconf 88' lang='lat' dir='ltr'>mandi</span> <span class='ocrx_word' id='word_1_722' title='bbox 1509 4813 1780 4880; x_wconf 83' lang='lat' dir='ltr'>vetuerit;</span> <span class='ocrx_word' id='word_1_723' title='bbox 1833 4810 2020 4880; x_wconf 91' lang='lat' dir='ltr'>plane,</span> 
     </span>
    </p>
   </div>
   <div class='ocr_carea' id='block_1_97' title="bbox 331 4898 2025 4975">
    <p class='ocr_par' dir='ltr' id='par_1_97' title="bbox 331 4898 2025 4975">
     <span class='ocr_line' id='line_1_97' title="bbox 331 4898 2025 4975; baseline -0.004 -15"><span class='ocrx_word' id='word_1_724' title='bbox 331 4905 590 4975; x_wconf 87' lang='lat' dir='ltr'>inquam,</span> <span class='ocrx_word' id='word_1_725' title='bbox 627 4916 743 4957; x_wconf 89' lang='lat' dir='ltr'>non</span> <span class='ocrx_word' id='word_1_726' title='bbox 792 4900 984 4955; x_wconf 89' lang='lat' dir='ltr'>minus</span> <span class='ocrx_word' id='word_1_727' title='bbox 1022 4907 1245 4954; x_wconf 90' lang='lat' dir='ltr'>constat</span> <span class='ocrx_word' id='word_1_728' title='bbox 1291 4900 1432 4970; x_wconf 88' lang='lat' dir='ltr'>quia</span> <span class='ocrx_word' id='word_1_729' title='bbox 1482 4908 1677 4955; x_wconf 86' lang='lat' dir='ltr'>tauros</span> <span class='ocrx_word' id='word_1_730' title='bbox 1715 4907 1769 4955; x_wconf 91' lang='lat' dir='ltr'>et</span> <span class='ocrx_word' id='word_1_731' title='bbox 1820 4898 2025 4954; x_wconf 88' lang='lat' dir='ltr'>arietes</span> 
     </span>
    </p>
   </div>
   <div class='ocr_carea' id='block_1_98' title="bbox 329 4987 2027 5058">
    <p class='ocr_par' dir='ltr' id='par_1_98' title="bbox 329 4987 2027 5058">
     <span class='ocr_line' id='line_1_98' title="bbox 329 4987 2027 5058; baseline -0.004 -9"><span class='ocrx_word' id='word_1_732' title='bbox 329 5001 386 5049; x_wconf 89' lang='lat' dir='ltr'>et</span> <span class='ocrx_word' id='word_1_733' title='bbox 430 4998 663 5047; x_wconf 50' lang='lat' dir='ltr'>caeteros</span> <span class='ocrx_word' id='word_1_734' title='bbox 708 4987 1018 5045; x_wconf 82' lang='lat' dir='ltr'>sacrificari</span> <span class='ocrx_word' id='word_1_735' title='bbox 1075 4988 1423 5057; x_wconf 69' lang='lat' dir='ltr'>praeceperit,</span> <span class='ocrx_word' id='word_1_736' title='bbox 1478 4989 1715 5058; x_wconf 72' lang='lat' dir='ltr'>haecque</span> <span class='ocrx_word' id='word_1_737' title='bbox 1769 4998 2027 5057; x_wconf 89' lang='lat' dir='ltr'>postmo-</span> 
     </span>
    </p>
   </div>
   <div class='ocr_carea' id='block_1_99' title="bbox 330 5074 2025 5147">
    <p class='ocr_par' dir='ltr' id='par_1_99' title="bbox 330 5074 2025 5147">
     <span class='ocr_line' id='line_1_99' title="bbox 330 5074 2025 5147; baseline -0.004 -13"><span class='ocrx_word' id='word_1_738' title='bbox 330 5080 471 5135; x_wconf 88' lang='lat' dir='ltr'>dum</span> <span class='ocrx_word' id='word_1_739' title='bbox 497 5092 596 5133; x_wconf 91' lang='lat' dir='ltr'>ore</span> <span class='ocrx_word' id='word_1_740' title='bbox 620 5076 872 5147; x_wconf 89' lang='lat' dir='ltr'>proprio,</span> <span class='ocrx_word' id='word_1_741' title='bbox 932 5083 995 5132; x_wconf 90' lang='lat' dir='ltr'>ut</span> <span class='ocrx_word' id='word_1_742' title='bbox 1038 5074 1120 5130; x_wconf 67' lang='lat' dir='ltr'>&#39;ex</span> <span class='ocrx_word' id='word_1_743' title='bbox 1152 5075 1439 5145; x_wconf 89' lang='lat' dir='ltr'>prophetis</span> <span class='ocrx_word' id='word_1_744' title='bbox 1480 5075 1665 5143; x_wconf 88' lang='lat' dir='ltr'>audis,</span> <span class='ocrx_word' id='word_1_745' title='bbox 1708 5075 1870 5130; x_wconf 89' lang='lat' dir='ltr'>irrita</span> <span class='ocrx_word' id='word_1_746' title='bbox 1910 5074 2025 5128; x_wconf 87' lang='lat' dir='ltr'>du-</span> 
     </span>
    </p>
   </div>
   <div class='ocr_carea' id='block_1_100' title="bbox 328 5162 2021 5234">
    <p class='ocr_par' dir='ltr' id='par_1_100' title="bbox 328 5162 2021 5234">
     <span class='ocr_line' id='line_1_100' title="bbox 328 5162 2021 5234; baseline -0.004 -11"><span class='ocrx_word' id='word_1_747' title='bbox 328 5167 499 5223; x_wconf 81' lang='lat' dir='ltr'>xerit.</span> <span class='ocrx_word' id='word_1_748' title='bbox 559 5165 667 5222; x_wconf 89' lang='lat' dir='ltr'>Sed</span> <span class='ocrx_word' id='word_1_749' title='bbox 728 5165 965 5222; x_wconf 79' lang='lat' dir='ltr'>forsitan</span> <span class='ocrx_word' id='word_1_750' title='bbox 1027 5164 1305 5220; x_wconf 86' lang='lat' dir='ltr'>sacrilicio</span> <span class='ocrx_word' id='word_1_751' title='bbox 1365 5165 1692 5234; x_wconf 86' lang='lat' dir='ltr'>temploque</span> <span class='ocrx_word' id='word_1_752' title='bbox 1760 5162 2021 5232; x_wconf 90' lang='lat' dir='ltr'>repulsis,</span> 
     </span>
    </p>
   </div>
   <div class='ocr_carea' id='block_1_101' title="bbox 330 5250 2027 5325">
    <p class='ocr_par' dir='ltr' id='par_1_101' title="bbox 330 5250 2027 5325">
     <span class='ocr_line' id='line_1_101' title="bbox 330 5250 2027 5325; baseline -0.002 -16"><span class='ocrx_word' id='word_1_753' title='bbox 330 5267 637 5325; x_wconf 86' lang='lat' dir='ltr'>porcorum</span> <span class='ocrx_word' id='word_1_754' title='bbox 657 5252 933 5309; x_wconf 88' lang='lat' dir='ltr'>carnibus</span> <span class='ocrx_word' id='word_1_755' title='bbox 962 5252 1246 5309; x_wconf 89' lang='lat' dir='ltr'>abstinere</span> <span class='ocrx_word' id='word_1_756' title='bbox 1278 5252 1693 5321; x_wconf 72' lang='lat' dir='ltr'>praeponderat.</span> <span class='ocrx_word' id='word_1_757' title='bbox 1732 5250 1787 5306; x_wconf 92' lang='lat' dir='ltr'><strong>Si</strong></span> <span class='ocrx_word' id='word_1_758' title='bbox 1839 5251 2027 5320; x_wconf 88' lang='lat' dir='ltr'>porci-</span> 
     </span>
    </p>
   </div>
   <div class='ocr_carea' id='block_1_102' title="bbox 332 5339 2023 5409">
    <p class='ocr_par' dir='ltr' id='par_1_102' title="bbox 332 5339 2023 5409">
     <span class='ocr_line' id='line_1_102' title="bbox 332 5339 2023 5409; baseline -0.001 -12"><span class='ocrx_word' id='word_1_759' title='bbox 332 5354 544 5397; x_wconf 91' lang='lat' dir='ltr'>narum</span> <span class='ocrx_word' id='word_1_760' title='bbox 574 5342 837 5396; x_wconf 91' lang='lat' dir='ltr'>carnium</span> <span class='ocrx_word' id='word_1_761' title='bbox 869 5354 1034 5395; x_wconf 90' lang='lat' dir='ltr'>esum</span> <span class='ocrx_word' id='word_1_762' title='bbox 1062 5340 1246 5406; x_wconf 89' lang='lat' dir='ltr'>nobis,</span> <span class='ocrx_word' id='word_1_763' title='bbox 1275 5339 1492 5409; x_wconf 90' lang='lat' dir='ltr'>quibus</span> <span class='ocrx_word' id='word_1_764' title='bbox 1523 5339 1600 5393; x_wconf 92' lang='lat' dir='ltr'>nil</span> <span class='ocrx_word' id='word_1_765' title='bbox 1644 5339 1874 5409; x_wconf 90' lang='lat' dir='ltr'>jussum</span> <span class='ocrx_word' id='word_1_766' title='bbox 1920 5347 2023 5406; x_wconf 91' lang='lat' dir='ltr'>est,</span> 
     </span>
    </p>
   </div>
   <div class='ocr_carea' id='block_1_103' title="bbox 332 5426 2025 5498">
    <p class='ocr_par' dir='ltr' id='par_1_103' title="bbox 332 5426 2025 5498">
     <span class='ocr_line' id='line_1_103' title="bbox 332 5426 2025 5498; baseline 0 -15"><span class='ocrx_word' id='word_1_767' title='bbox 332 5426 689 5498; x_wconf 87' lang='lat' dir='ltr'>improbatis,</span> <span class='ocrx_word' id='word_1_768' title='bbox 723 5427 977 5483; x_wconf 82' lang='lat' dir='ltr'>ﬁmbrias</span> <span class='ocrx_word' id='word_1_769' title='bbox 1002 5426 1406 5497; x_wconf 86' lang='lat' dir='ltr'>hyacinthinas</span> <span class='ocrx_word' id='word_1_770' title='bbox 1436 5427 1495 5481; x_wconf 91' lang='lat' dir='ltr'>in</span> <span class='ocrx_word' id='word_1_771' title='bbox 1540 5435 1793 5496; x_wconf 88' lang='lat' dir='ltr'>quatuor</span> <span class='ocrx_word' id='word_1_772' title='bbox 1822 5427 2025 5498; x_wconf 86' lang='lat' dir='ltr'>pallio-</span> 
     </span>
    </p>
   </div>
   <div class='ocr_carea' id='block_1_104' title="bbox 330 5515 2024 5588">
    <p class='ocr_par' dir='ltr' id='par_1_104' title="bbox 330 5515 2024 5588">
     <span class='ocr_line' id='line_1_104' title="bbox 330 5515 2024 5588; baseline -0.001 -14"><span class='ocrx_word' id='word_1_773' title='bbox 330 5530 464 5574; x_wconf 88' lang='lat' dir='ltr'>rum</span> <span class='ocrx_word' id='word_1_774' title='bbox 493 5521 818 5588; x_wconf 76' lang='lat' dir='ltr'>vestrorum</span> <span class='ocrx_word' id='word_1_775' title='bbox 851 5515 1084 5585; x_wconf 86' lang='lat' dir='ltr'>angulis</span> <span class='ocrx_word' id='word_1_776' title='bbox 1123 5529 1306 5584; x_wconf 90' lang='lat' dir='ltr'>quare</span> <span class='ocrx_word' id='word_1_777' title='bbox 1350 5529 1464 5571; x_wconf 91' lang='lat' dir='ltr'>non</span> <span class='ocrx_word' id='word_1_778' title='bbox 1508 5516 1702 5573; x_wconf 81' lang='lat' dir='ltr'>fertis?</span> <span class='ocrx_word' id='word_1_779' title='bbox 1729 5517 1833 5581; x_wconf 89' lang='lat' dir='ltr'>Qui</span> <span class='ocrx_word' id='word_1_780' title='bbox 1864 5531 2024 5573; x_wconf 91' lang='lat' dir='ltr'>suem</span> 
     </span>
    </p>
   </div>
   <div class='ocr_carea' id='block_1_105' title="bbox 2129 4370 3835 4443">
    <p class='ocr_par' dir='ltr' id='par_1_105' title="bbox 2129 4370 3835 4443">
     <span class='ocr_line' id='line_1_105' title="bbox 2129 4370 3835 4443; baseline 0.001 -17"><span class='ocrx_word' id='word_1_781' title='bbox 2129 4374 2373 4443; x_wconf 84' lang='lat' dir='ltr'>(0se.v1,</span> <span class='ocrx_word' id='word_1_782' title='bbox 2410 4373 2550 4440; x_wconf 83' lang='grc'>1-3),</span> <span class='ocrx_word' id='word_1_783' title='bbox 2585 4380 2692 4427; x_wconf 89' lang='lat' dir='ltr'>etc.</span> <span class='ocrx_word' id='word_1_784' title='bbox 2733 4370 2838 4426; x_wconf 87' lang='lat' dir='ltr'>Sed</span> <span class='ocrx_word' id='word_1_785' title='bbox 2891 4372 2979 4427; x_wconf 87' lang='lat' dir='ltr'>his</span> <span class='ocrx_word' id='word_1_786' title='bbox 3019 4370 3389 4439; x_wconf 77' lang='lat' dir='ltr'>sufﬁcienter,</span> <span class='ocrx_word' id='word_1_787' title='bbox 3434 4379 3497 4427; x_wconf 90' lang='lat' dir='ltr'>ut</span> <span class='ocrx_word' id='word_1_788' title='bbox 3536 4378 3835 4441; x_wconf 89' lang='lat' dir='ltr'>putamus,</span> 
     </span>
    </p>
   </div>
   <div class='ocr_carea' id='block_1_106' title="bbox 2130 4459 2956 4530">
    <p class='ocr_par' dir='ltr' id='par_1_106' title="bbox 2130 4459 2956 4530">
     <span class='ocr_line' id='line_1_106' title="bbox 2130 4459 2956 4530; baseline -0.005 -13"><span class='ocrx_word' id='word_1_789' title='bbox 2130 4460 2353 4529; x_wconf 89' lang='lat' dir='ltr'>edictis,</span> <span class='ocrx_word' id='word_1_790' title='bbox 2382 4459 2496 4514; x_wconf 90' lang='lat' dir='ltr'>alia</span> <span class='ocrx_word' id='word_1_791' title='bbox 2518 4474 2956 4530; x_wconf 89' lang='lat' dir='ltr'>prosequamur.</span> 
     </span>
    </p>
   </div>
   <div class='ocr_carea' id='block_1_107' title="bbox 2792 4549 3164 4605">
    <p class='ocr_par' dir='ltr' id='par_1_107' title="bbox 2792 4549 3164 4605">
     <span class='ocr_line' id='line_1_107' title="bbox 2792 4549 3164 4605; baseline -0.008 0"><span class='ocrx_word' id='word_1_792' title='bbox 2792 4549 3024 4605; x_wconf 85' lang='lat' dir='ltr'>CAPUT</span> <span class='ocrx_word' id='word_1_793' title='bbox 3065 4549 3164 4603; x_wconf 87' lang='lat' dir='ltr'>1X.</span> 
     </span>
    </p>
   </div>
   <div class='ocr_carea' id='block_1_108' title="bbox 2202 4637 3841 4705">
    <p class='ocr_par' dir='ltr' id='par_1_108' title="bbox 2202 4637 3841 4705">
     <span class='ocr_line' id='line_1_108' title="bbox 2202 4637 3841 4705; baseline -0.002 -11"><span class='ocrx_word' id='word_1_794' title='bbox 2202 4641 2569 4705; x_wconf 81' lang='lat' dir='ltr'>Confutuutur</span> <span class='ocrx_word' id='word_1_795' title='bbox 2635 4639 2813 4692; x_wconf 69' lang='grc' dir='ltr'><em>,Τιιάκί</em></span> <span class='ocrx_word' id='word_1_796' title='bbox 2881 4640 3260 4692; x_wconf 79' lang='lat' dir='ltr'>insimulanlcs</span> <span class='ocrx_word' id='word_1_797' title='bbox 3329 4637 3669 4694; x_wconf 82' lang='lat' dir='ltr'>Christianos</span> <span class='ocrx_word' id='word_1_798' title='bbox 3728 4637 3841 4691; x_wconf 89' lang='lat' dir='ltr'>ido-</span> 
     </span>
    </p>
   </div>
   <div class='ocr_carea' id='block_1_109' title="bbox 2130 4725 3842 4797">
    <p class='ocr_par' dir='ltr' id='par_1_109' title="bbox 2130 4725 3842 4797">
     <span class='ocr_line' id='line_1_109' title="bbox 2130 4725 3842 4797; baseline -0.001 -14"><span class='ocrx_word' id='word_1_799' title='bbox 2130 4729 2377 4783; x_wconf 75' lang='lat' dir='ltr'>lolatriae.</span> <span class='ocrx_word' id='word_1_800' title='bbox 2411 4756 2481 4767; x_wconf 98' lang='lat'><strong><em>—</em></strong></span> <span class='ocrx_word' id='word_1_801' title='bbox 2536 4726 2812 4797; x_wconf 90' lang='lat' dir='ltr'>Impetitis</span> <span class='ocrx_word' id='word_1_802' title='bbox 2845 4741 2949 4782; x_wconf 91' lang='lat' dir='ltr'>nos</span> <span class='ocrx_word' id='word_1_803' title='bbox 2990 4728 3161 4782; x_wconf 88' lang='lat' dir='ltr'>etiam</span> <span class='ocrx_word' id='word_1_804' title='bbox 3213 4727 3367 4797; x_wconf 85' lang='lat' dir='ltr'>quod</span> <span class='ocrx_word' id='word_1_805' title='bbox 3408 4725 3675 4781; x_wconf 70' lang='lat' dir='ltr'>crucifixi</span> <span class='ocrx_word' id='word_1_806' title='bbox 3725 4726 3842 4781; x_wconf 80' lang='lat' dir='ltr'>Do-</span> 
     </span>
    </p>
   </div>
   <div class='ocr_carea' id='block_1_110' title="bbox 2134 4814 3843 4885">
    <p class='ocr_par' dir='ltr' id='par_1_110' title="bbox 2134 4814 3843 4885">
     <span class='ocr_line' id='line_1_110' title="bbox 2134 4814 3843 4885; baseline -0.001 -13"><span class='ocrx_word' id='word_1_807' title='bbox 2134 4815 2272 4872; x_wconf 90' lang='lat' dir='ltr'>mini</span> <span class='ocrx_word' id='word_1_808' title='bbox 2304 4816 2439 4870; x_wconf 90' lang='lat' dir='ltr'>.lesu</span> <span class='ocrx_word' id='word_1_809' title='bbox 2468 4815 2767 4885; x_wconf 88' lang='lat' dir='ltr'>imagines,</span> <span class='ocrx_word' id='word_1_810' title='bbox 2796 4815 2884 4870; x_wconf 91' lang='lat' dir='ltr'>vel</span> <span class='ocrx_word' id='word_1_811' title='bbox 2912 4815 3093 4885; x_wconf 86' lang='lat' dir='ltr'>ipsius</span> <span class='ocrx_word' id='word_1_812' title='bbox 3121 4815 3309 4870; x_wconf 89' lang='lat' dir='ltr'>crucis</span> <span class='ocrx_word' id='word_1_813' title='bbox 3358 4814 3583 4885; x_wconf 88' lang='lat' dir='ltr'>lignum</span> <span class='ocrx_word' id='word_1_814' title='bbox 3629 4815 3843 4870; x_wconf 86' lang='lat' dir='ltr'>adore—</span> 
     </span>
    </p>
   </div>
   <div class='ocr_carea' id='block_1_111' title="bbox 2136 4903 3839 4974">
    <p class='ocr_par' dir='ltr' id='par_1_111' title="bbox 2136 4903 3839 4974">
     <span class='ocr_line' id='line_1_111' title="bbox 2136 4903 3839 4974; baseline -0.001 -15"><span class='ocrx_word' id='word_1_815' title='bbox 2136 4918 2285 4971; x_wconf 89' lang='lat' dir='ltr'>mus,</span> <span class='ocrx_word' id='word_1_816' title='bbox 2334 4910 2399 4959; x_wconf 92' lang='lat' dir='ltr'>ut</span> <span class='ocrx_word' id='word_1_817' title='bbox 2458 4904 2635 4959; x_wconf 92' lang='lat' dir='ltr'>veluti</span> <span class='ocrx_word' id='word_1_818' title='bbox 2698 4904 3000 4974; x_wconf 88' lang='lat' dir='ltr'>cujusdam</span> <span class='ocrx_word' id='word_1_819' title='bbox 3051 4903 3386 4959; x_wconf 68' lang='lat' dir='ltr'>idololatriae</span> <span class='ocrx_word' id='word_1_820' title='bbox 3465 4903 3839 4971; x_wconf 87' lang='lat' dir='ltr'>insimulatis,</span> 
     </span>
    </p>
   </div>
   <div class='ocr_carea' id='block_1_112' title="bbox 2135 4989 3844 5060">
    <p class='ocr_par' dir='ltr' id='par_1_112' title="bbox 2135 4989 3844 5060">
     <span class='ocr_line' id='line_1_112' title="bbox 2135 4989 3844 5060; baseline 0 -15"><span class='ocrx_word' id='word_1_821' title='bbox 2135 4989 2299 5060; x_wconf 91' lang='lat' dir='ltr'>quasi</span> <span class='ocrx_word' id='word_1_822' title='bbox 2350 4990 2506 5060; x_wconf 92' lang='lat' dir='ltr'>quod</span> <span class='ocrx_word' id='word_1_823' title='bbox 2536 5003 2570 5044; x_wconf 90' lang='lat' dir='ltr'>a</span> <span class='ocrx_word' id='word_1_824' title='bbox 2619 4998 2811 5044; x_wconf 89' lang='lat' dir='ltr'>vestra</span> <span class='ocrx_word' id='word_1_825' title='bbox 2857 4997 3074 5045; x_wconf 90' lang='lat' dir='ltr'>constet</span> <span class='ocrx_word' id='word_1_826' title='bbox 3130 4990 3251 5059; x_wconf 86' lang='lat' dir='ltr'>lege</span> <span class='ocrx_word' id='word_1_827' title='bbox 3298 4989 3679 5058; x_wconf 88' lang='lat' dir='ltr'>prohibitum.</span> <span class='ocrx_word' id='word_1_828' title='bbox 3731 4990 3844 5045; x_wconf 87' lang='lat' dir='ltr'>Nos</span> 
     </span>
    </p>
   </div>
   <div class='ocr_carea' id='block_1_113' title="bbox 2132 5076 3843 5147">
    <p class='ocr_par' dir='ltr' id='par_1_113' title="bbox 2132 5076 3843 5147">
     <span class='ocr_line' id='line_1_113' title="bbox 2132 5076 3843 5147; baseline -0.002 -13"><span class='ocrx_word' id='word_1_829' title='bbox 2132 5085 2364 5134; x_wconf 90' lang='lat' dir='ltr'>econtra</span> <span class='ocrx_word' id='word_1_830' title='bbox 2429 5077 2510 5133; x_wconf 90' lang='lat' dir='ltr'>nil</span> <span class='ocrx_word' id='word_1_831' title='bbox 2539 5077 2647 5132; x_wconf 91' lang='lat' dir='ltr'>nisi</span> <span class='ocrx_word' id='word_1_832' title='bbox 2681 5078 2859 5147; x_wconf 88' lang='lat' dir='ltr'>ipsam</span> <span class='ocrx_word' id='word_1_833' title='bbox 2898 5078 2994 5132; x_wconf 91' lang='lat' dir='ltr'>Dei</span> <span class='ocrx_word' id='word_1_834' title='bbox 3038 5077 3421 5133; x_wconf 86' lang='lat' dir='ltr'>substantiam</span> <span class='ocrx_word' id='word_1_835' title='bbox 3479 5076 3843 5131; x_wconf 85' lang='lat' dir='ltr'>adorandam</span> 
     </span>
    </p>
   </div>
   <div class='ocr_carea' id='block_1_114' title="bbox 2134 5165 3845 5237">
    <p class='ocr_par' dir='ltr' id='par_1_114' title="bbox 2134 5165 3845 5237">
     <span class='ocr_line' id='line_1_114' title="bbox 2134 5165 3845 5237; baseline -0.001 -17"><span class='ocrx_word' id='word_1_836' title='bbox 2134 5166 2402 5221; x_wconf 89' lang='lat' dir='ltr'>ducimus</span> <span class='ocrx_word' id='word_1_837' title='bbox 2438 5180 2450 5220; x_wconf 96' lang='lat'><strong>:</strong></span> <span class='ocrx_word' id='word_1_838' title='bbox 2485 5166 2588 5221; x_wconf 86' lang='lat' dir='ltr'>etsi</span> <span class='ocrx_word' id='word_1_839' title='bbox 2640 5166 2838 5237; x_wconf 87' lang='lat' dir='ltr'>aliqua</span> <span class='ocrx_word' id='word_1_840' title='bbox 2883 5165 3206 5222; x_wconf 82' lang='lat' dir='ltr'>extrinseca</span> <span class='ocrx_word' id='word_1_841' title='bbox 3251 5166 3513 5221; x_wconf 88' lang='lat' dir='ltr'>venerari</span> <span class='ocrx_word' id='word_1_842' title='bbox 3568 5166 3845 5236; x_wconf 90' lang='lat' dir='ltr'>perspici-</span> 
     </span>
    </p>
   </div>
   <div class='ocr_carea' id='block_1_115' title="bbox 2136 5253 3845 5325">
    <p class='ocr_par' dir='ltr' id='par_1_115' title="bbox 2136 5253 3845 5325">
     <span class='ocr_line' id='line_1_115' title="bbox 2136 5253 3845 5325; baseline 0 -18"><span class='ocrx_word' id='word_1_843' title='bbox 2136 5267 2288 5321; x_wconf 91' lang='lat' dir='ltr'>mur,</span> <span class='ocrx_word' id='word_1_844' title='bbox 2324 5267 2437 5309; x_wconf 90' lang='lat' dir='ltr'>non</span> <span class='ocrx_word' id='word_1_845' title='bbox 2471 5253 2527 5309; x_wconf 92' lang='lat' dir='ltr'>id</span> <span class='ocrx_word' id='word_1_846' title='bbox 2554 5254 2711 5323; x_wconf 91' lang='lat' dir='ltr'>quod</span> <span class='ocrx_word' id='word_1_847' title='bbox 2740 5254 2972 5310; x_wconf 89' lang='lat' dir='ltr'>videtur</span> <span class='ocrx_word' id='word_1_848' title='bbox 2999 5254 3258 5321; x_wconf 91' lang='lat' dir='ltr'>colimus,</span> <span class='ocrx_word' id='word_1_849' title='bbox 3295 5255 3392 5309; x_wconf 88' lang='lat' dir='ltr'>sed</span> <span class='ocrx_word' id='word_1_850' title='bbox 3422 5270 3552 5325; x_wconf 66' lang='lat' dir='ltr'>qua:</span> <span class='ocrx_word' id='word_1_851' title='bbox 3582 5269 3659 5310; x_wconf 82' lang='lat' dir='ltr'>ex</span> <span class='ocrx_word' id='word_1_852' title='bbox 3705 5256 3845 5310; x_wconf 87' lang='lat' dir='ltr'>visis</span> 
     </span>
    </p>
   </div>
   <div class='ocr_carea' id='block_1_116' title="bbox 2135 5341 3843 5415">
    <p class='ocr_par' dir='ltr' id='par_1_116' title="bbox 2135 5341 3843 5415">
     <span class='ocr_line' id='line_1_116' title="bbox 2135 5341 3843 5415; baseline 0.001 -17"><span class='ocrx_word' id='word_1_853' title='bbox 2135 5342 2480 5413; x_wconf 86' lang='lat' dir='ltr'>colligimus.</span> <span class='ocrx_word' id='word_1_854' title='bbox 2544 5341 2706 5398; x_wconf 87' lang='lat' dir='ltr'>Certe</span> <span class='ocrx_word' id='word_1_855' title='bbox 2763 5341 2992 5398; x_wconf 89' lang='lat' dir='ltr'>Nathan</span> <span class='ocrx_word' id='word_1_856' title='bbox 3053 5343 3327 5412; x_wconf 88' lang='lat' dir='ltr'>propheta</span> <span class='ocrx_word' id='word_1_857' title='bbox 3392 5342 3570 5398; x_wconf 88' lang='lat' dir='ltr'>David</span> <span class='ocrx_word' id='word_1_858' title='bbox 3645 5358 3843 5415; x_wconf 83' lang='lat' dir='ltr'>regem</span> 
     </span>
    </p>
   </div>
   <div class='ocr_carea' id='block_1_117' title="bbox 2138 5430 3848 5503">
    <p class='ocr_par' dir='ltr' id='par_1_117' title="bbox 2138 5430 3848 5503">
     <span class='ocr_line' id='line_1_117' title="bbox 2138 5430 3848 5503; baseline 0.002 -18"><span class='ocrx_word' id='word_1_859' title='bbox 2138 5444 2239 5501; x_wconf 91' lang='lat' dir='ltr'>pro</span> <span class='ocrx_word' id='word_1_860' title='bbox 2294 5430 2595 5486; x_wconf 89' lang='lat' dir='ltr'>Salomone</span> <span class='ocrx_word' id='word_1_861' title='bbox 2660 5439 2855 5501; x_wconf 90' lang='lat' dir='ltr'>petens</span> <span class='ocrx_word' id='word_1_862' title='bbox 2917 5431 3070 5501; x_wconf 86' lang='lat' dir='ltr'>apud</span> <span class='ocrx_word' id='word_1_863' title='bbox 3124 5446 3224 5487; x_wconf 90' lang='lat' dir='ltr'>vos</span> <span class='ocrx_word' id='word_1_864' title='bbox 3294 5432 3561 5487; x_wconf 89' lang='lat' dir='ltr'>adorasse</span> <span class='ocrx_word' id='word_1_865' title='bbox 3629 5432 3848 5503; x_wconf 89' lang='lat' dir='ltr'>legitur</span> 
     </span>
    </p>
   </div>
   <div class='ocr_carea' id='block_1_118' title="bbox 2138 5519 3847 5589">
    <p class='ocr_par' dir='ltr' id='par_1_118' title="bbox 2138 5519 3847 5589">
     <span class='ocr_line' id='line_1_118' title="bbox 2138 5519 3847 5589; baseline 0.003 -17"><span class='ocrx_word' id='word_1_866' title='bbox 2138 5519 2257 5587; x_wconf 83' lang='lat' dir='ltr'>(III</span> <span class='ocrx_word' id='word_1_867' title='bbox 2277 5520 2407 5585; x_wconf 84' lang='lat' dir='ltr'>Reg.</span> <span class='ocrx_word' id='word_1_868' title='bbox 2438 5533 2476 5585; x_wconf 86' lang='grc' dir='ltr'>ι,</span> <span class='ocrx_word' id='word_1_869' title='bbox 2508 5519 2622 5589; x_wconf 83' lang='lat'>23),</span> <span class='ocrx_word' id='word_1_870' title='bbox 2661 5519 2718 5574; x_wconf 93' lang='lat' dir='ltr'>in</span> <span class='ocrx_word' id='word_1_871' title='bbox 2746 5534 2864 5588; x_wconf 92' lang='lat' dir='ltr'>quo</span> <span class='ocrx_word' id='word_1_872' title='bbox 2893 5519 3114 5589; x_wconf 90' lang='lat' dir='ltr'>aliquid</span> <span class='ocrx_word' id='word_1_873' title='bbox 3156 5534 3289 5575; x_wconf 91' lang='lat' dir='ltr'>eum</span> <span class='ocrx_word' id='word_1_874' title='bbox 3341 5519 3666 5576; x_wconf 89' lang='lat' dir='ltr'>divinitatis</span> <span class='ocrx_word' id='word_1_875' title='bbox 3712 5536 3847 5577; x_wconf 88' lang='lat' dir='ltr'>sen-</span> 
     </span>
    </p>
   </div>
   <div class='ocr_carea' id='block_1_119' title="bbox 3896 138 3907 471">
    <p class='ocr_par' dir='ltr' id='par_1_119' title="bbox 3896 138 3907 471">
     <span class='ocr_line' id='line_1_119' title="bbox 3896 138 3907 471; baseline 0 0"><span class='ocrx_word' id='word_1_876' title='bbox 3896 138 3907 471; x_wconf 83' lang='lat' dir='ltr'>l</span> 
     </span>
    </p>
   </div>
   <div class='ocr_carea' id='block_1_120' title="bbox 3896 496 3907 825">
    <p class='ocr_par' dir='ltr' id='par_1_120' title="bbox 3896 496 3907 825">
     <span class='ocr_line' id='line_1_120' title="bbox 3896 496 3907 825; baseline 0 0"><span class='ocrx_word' id='word_1_877' title='bbox 3896 496 3907 825; x_wconf 69' lang='grc' dir='ltr'><em>τ</em></span> 
     </span>
    </p>
   </div>
  </div>
