3934 6086
167 371 274 423 525

921 368 1164 425 TBACT.
1206 369 1298 425 DE
1338 367 1869 425 lNCARNATIONE
1913 368 2187 433 CONTRA
2215 368 2515 426 JUDEOS.
2551 399 2619 407 —
2648 368 2778 422 LIB.
2823 368 2921 423 llI.

3572 373 3673 425 526

161 501 307 557 sisse
352 500 582 556 credere
630 499 790 555 nefas
824 500 1096 557 creditur.
1146 502 1317 557 Iosue
1347 515 1380 556 a
1426 500 1862 557 civitatensibus
1898 504 1943 555 Α
1971 506 2122 556 280
2155 501 2199 556 si
2228 496 2438 569 ju'stus,
2475 501 2601 571 pius
2644 509 2700 557 et
2754 501 2984 571 sapiens
3035 501 3169 572 quis
3199 501 3272 558 sit
3306 518 3319 557 ;
3362 501 3521 559 aliud
3548 503 3671 559 haec

160 588 273 644 Hai
325 588 591 644 Israelem
678 588 1036 658 conspiciens
1110 589 1445 659 fugientem,
1518 596 1573 645 et
1626 603 1859 656 caesum,

157 690 355 732 coram
386 690 520 731 arca
549 675 774 731 Domini
805 691 1021 745 pronus
1050 677 1445 732 decumbendo
1470 677 1614 748 (Jos.
1646 692 1746 745 vn,
1781 681 1860 746 6),
1907 709 1909 711 ι

155 764 311 821 diem
346 764 557 821 dicitur
586 764 645 820 in
696 765 838 821 libro
878 765 1150 821 Iudicum
1206 767 1574 822 continuasse
1628 765 1855 837 vigiliis.

154 853 440 923 Nunquid
487 867 622 909 arca
670 853 787 909 Dea
843 861 988 915 erat,
1034 861 1135 909 aut
1182 854 1354 921 Deus,
1409 854 1528 909 sive
1572 853 1668 909 Dei
1731 868 1862 923 pars

153 941 431 1012 qualibet
490 941 545 995 in
598 955 667 997 ea
719 942 1069 997 delituerat?
1103 941 1324 1006 Daniel,
1374 941 1659 997 celebrato
1711 941 1861 1011 regis

150 1030 339 1085 edicto
382 1045 453 1086 ne
493 1030 626 1100 quis
676 1029 917 1085 deorum
961 1038 1248 1100 peteretur
1276 1043 1653 1099 aquoquam,
1698 1029 1859 1084 fene-

148 1116 289 1172 stris
351 1117 410 1171 in
466 1118 764 1173 ccenaculo
820 1132 926 1173 suo
984 1116 1337 1187 patentibus,
1410 1117 1596 1173 tribus
1660 1125 1861 1171 contra

146 1205 564 1274 Ierosolymam
610 1205 983 1275 temporibus,
1044 1219 1237 1276 genua
1285 1204 1545 1260 ﬂectebat
1584 1205 1855 1270 interdiu,

146 1301 204 1350 et
234 1292 533 1361 adorabat,
580 1301 635 1349 et
676 1293 1058 1349 conﬁtebatur
1104 1294 1217 1348 Deo
1271 1308 1375 1349 suo
1406 1292 1572 1362 (Dan.
1625 1309 1699 1360 Vl,
1746 1292 1853 1362 tl).

143 1381 434 1452 Nunquid
482 1381 801 1437 Ierusalem
831 1389 933 1437 aut
966 1382 1266 1451 templum,
1298 1381 1468 1451 cujus
1491 1381 1731 1437 obtentu
1758 1380 1856 1435 illa

146 1470 323 1525 ﬁebat
375 1469 627 1535 inﬁexio,
685 1471 835 1525 Deus
885 1469 1095 1535 fuerat,
1150 1470 1286 1539 quia
1331 1469 1587 1525 illorsum
1634 1468 1715 1524 sic
1745 1470 1855 1523 ad-

144 1572 315 1614 orare
344 1558 723 1614 decreverat?
746 1557 1028 1629 Nunquid
1053 1557 1265 1625 omnia,
1290 1572 1421 1628 quae
1437 1559 1675 1614 adorata
1694 1558 1847 1627 apud

144 1660 250 1702 vos
304 1647 657 1715 referuntur,
714 1646 930 1702 divinis
979 1645 1235 1701 cultibus
1302 1645 1540 1717 dignata
1597 1646 1851 1701 credun-

148 1742 246 1790 tur
265 1734 295 1787 ?
1242 1796 1249 1803 ,

220 1824 347 1889 Qua
401 1825 613 1877 ratione
657 1824 924 1891 imagines
968 1822 1205 1876 adorant
1257 1823 1577 1878 Christiani.
1623 1853 1684 1861 —
1734 1823 1849 1878 Ad-

143 1925 386 1967 oramus
406 1911 600 1981 itaque
621 1910 680 1965 in
705 1911 1029 1966 visibilibus
1048 1910 1244 1981 signis,
1268 1924 1400 1980 quae
1423 1910 1849 1981 signiﬁcantur,

146 1996 485 2067 invisibilia,
548 1997 659 2052 imo
716 1997 1135 2068 vagabundum
1182 1996 1440 2052 animum
1492 1997 1851 2066 picturarum

148 2084 452 2154 repentino
483 2087 766 2153 contuitu,
812 2089 977 2155 quasi
1010 2085 1263 2156 quodam
1307 2086 1737 2142 commonitorio
1780 2085 1852 2141 ad

149 2173 384 2228 interna
424 2174 777 2230 cohibemus.
812 2174 1000 2241 Quare
1055 2175 1216 2229 vobis
1272 2189 1468 2230 aeneus
1523 2175 1616 2230 ille
1645 2175 1853 2246 anguis

151 2263 484 2331 propositus
509 2270 612 2329 est,
646 2277 821 2333 quem
862 2271 1056 2333 postea
1103 2263 1377 2331 coluistis,
1432 2264 1543 2319 nisi
1597 2271 1660 2320 ut
1711 2264 1852 2334 quid

146 2350 261 2406 sibi
334 2351 506 2406 vellet
579 2351 861 2421 ejusmodi
919 2352 1245 2423 prodigium
1310 2352 1692 2422 quaereretis?
1739 2353 1855 2409 Nec

147 2437 464 2494 Cherubim
494 2438 675 2493 otiosa
733 2444 791 2492 in
825 2439 1053 2508 templo,
1095 2447 1149 2495 et
1177 2441 1233 2494 in
1289 2440 1659 2495 tabernaculo
1710 2441 1852 2496 emi-

147 2526 350 2581 nentia
379 2527 735 2582 claruerunt.
772 2528 949 2583 Boves
980 2542 1213 2598 quoque
1256 2536 1311 2583 et
1368 2528 1557 2584 leones
1586 2543 1701 2584 non
1730 2528 1853 2584 sine

146 2628 211 2669 re
238 2614 385 2669 inibi
409 2614 784 2685 singulariter
806 2615 1067 2684 exsculpi
1090 2625 1429 2672 meruerunt
1450 2631 1467 2685 ;
1489 2616 1584 2672 sed
1619 2616 1852 2673 idoneas

152 2701 600 2771 inquisitionum
652 2703 818 2758 vobis
870 2703 1192 2759 occasiones
1245 2704 1545 2761 dederunt.
1632 2705 1848 2772 Bidete,

146 2790 196 2844 si
224 2789 423 2858 placet,
458 2804 561 2844 nos
585 2789 929 2845 dissolutum
982 2799 1038 2846 et
1076 2805 1431 2863 exsanguem
1475 2792 1643 2863 quasi
1676 2792 1853 2848 homi-

147 2891 282 2933 nem
310 2878 506 2933 Iesum
562 2878 619 2933 in
677 2878 952 2948 patibulis
999 2881 1259 2947 adorare,
1311 2880 1568 2936 videlicet
1601 2882 1851 2951 quisque

149 2965 251 3036 qui
305 2965 473 3035 sapit,
521 2980 700 3036 quam
756 2968 940 3038 magis
1002 2967 1109 3023 fide
1167 2969 1399 3024 ridiculi
1459 2970 1634 3025 vestri
1692 2970 1850 3025 fuere

1885 1781 1935 1833 Α

1970 598 2124 655 sunt,
2159 589 2316 644 aliud
2349 589 2547 659 homo;
2578 597 2633 645 et
2679 589 2801 645 sine
2844 588 2914 644 iis
2969 588 3121 644 enim
3169 596 3252 645 est
3291 589 3459 644 homo
3492 605 3504 644 :
3548 591 3671 645 haec

1969 690 2105 731 vero
2149 692 2283 732 cum
2338 677 2395 731 in
2451 678 2564 733 Deo
2614 692 2734 733 esse
2765 677 3058 745 dicuntur,
3094 692 3208 731 non
3257 677 3662 748 aceidentaria,

1967 764 2064 819 sed
2094 764 2550 821 substantialiter
2583 767 2736 821 Deus
2761 765 3145 834 accipiuntur.

2049 853 2306 907 Voluntas
2336 855 2517 907 Putris
2556 854 2751 923 Filius,
2791 857 2969 908 virtus
3022 855 3260 923 Spiritus
3300 858 3543 911 sanctus.
3596 884 3665 896 —-

1966 938 2023 995 Si
2047 954 2183 1010 ergo
2219 940 2424 996 Filium
2458 942 2735 1011 accipitis,
2770 958 2882 997 non
2941 943 3107 1012 quasi
3149 956 3320 1012 quem
3379 951 3545 998 extra
3574 958 3666 1014 ge-

1965 1029 2156 1083 nuerit
2190 1028 2508 1099 intelligite,
2551 1030 2647 1085 sed
2698 1030 2851 1100 quod
2880 1030 3141 1101 gignitur
3172 1031 3230 1085 in
3273 1032 3392 1101 ipso
3434 1033 3665 1101 conspi-

1963 1116 2091 1171 cite.
2125 1115 2377 1186 Accipite
2404 1118 2581 1187 igitur
2610 1118 2817 1173 Filium
2869 1134 2935 1173 ac
2964 1119 3010 1174 si
3046 1119 3401 1175 voluntatem
3432 1120 3657 1190 Patris;

1963 1218 2094 1273 quae
2122 1204 2390 1261 voluntas
2450 1206 2619 1277 quasi
2674 1208 2747 1262 ad
2802 1206 3037 1262 eﬁectus
3093 1207 3440 1264 evidentiam
3483 1208 3659 1274 venit,

1961 1305 2094 1347 cum
2124 1292 2283 1347 carni
2344 1293 2435 1349 ille
2486 1308 2544 1349 se
2577 1294 2796 1350 indidit.
2833 1295 2938 1351 Sed
2976 1295 3095 1350 haec
3141 1296 3431 1361 voluntas,
3468 1310 3598 1366 quae
3629 1311 3664 1351 a

1963 1380 2075 1435 Deo
2105 1381 2175 1435 ad
2215 1395 2317 1437 nos
2365 1382 2704 1449 intenditur,
2739 1383 3010 1439 virtutem
3056 1398 3282 1440 necesse
3317 1393 3399 1439 est
3428 1385 3657 1451 habeat,

1961 1481 2064 1537 per
2088 1482 2265 1539 quam
2306 1484 2437 1538 qum
2467 1470 2602 1526 velit
2655 1480 2848 1541 queat,
2881 1480 2935 1525 et
2967 1472 3086 1526 haec
3140 1473 3210 1527 sit
3244 1472 3489 1541 Spiritus
3521 1486 3661 1527 san-

1960 1563 2105 1617 ctus,
2138 1558 2239 1626 qui
2298 1559 2481 1613 eidem
2534 1573 2744 1628 corpus
2804 1559 2860 1612 in
2891 1558 3128 1629 Virgine
3176 1568 3346 1615 creat.
3382 1560 3664 1615 Voluntas

1959 1644 2113 1700 enim
2140 1646 2439 1702 hominum
2470 1647 2646 1702 otiosa
2674 1654 2773 1714 est,
2839 1646 2945 1701 nisi
3001 1662 3164 1717 posse
3212 1648 3498 1704 succedat.
3548 1648 3660 1705 Vo-

1963 1733 2242 1790 luntatem
2263 1749 2398 1806 ergo
2435 1735 2619 1790 Patris
2660 1734 3005 1804 possibilitas
3043 1736 3370 1792 comitatur.
3415 1737 3480 1790 ln
3517 1736 3663 1792 Scri-

1962 1822 2151 1891 pturis
2181 1830 2385 1892 nempe
2417 1823 2566 1879 sicut
2615 1837 2797 1891 amor,
2858 1823 2935 1879 ita
2975 1832 3029 1879 et
3059 1826 3247 1880 virtus
3304 1824 3455 1879 idem
3490 1824 3663 1893 Spiri-

1965 1917 2058 1965 tus
2085 1911 2428 1980 appellatur,
2459 1912 2537 1982 {ut
2590 1918 2675 1967 est
2707 1927 2719 1965 :
2775 1913 2958 1967 Virtus
2989 1913 3270 1966 Altissimi
3317 1912 3665 1967 obumbrabit

1961 1999 2066 2052 tibi
2096 2000 2239 2067 (Luc.
2273 2015 2311 2066 ι,
2348 1999 2455 2069 32).
2489 1999 2559 2054 Et
2592 2016 2604 2053 :
2669 2001 2856 2055 Virtus
2907 2004 3002 2055 Dei
3050 2007 3309 2069 operatur
3364 2003 3511 2054 omni
3548 2015 3661 2055 cre-

1961 2086 2112 2140 denti
2150 2090 2210 2140 in
2255 2089 2485 2141 salutem
2516 2089 2689 2157 (Rom.
2724 2103 2763 2155 1,
2809 2088 2914 2156 16).
2950 2087 3132 2143 Patris
3164 2088 3342 2157 igitur
3390 2088 3661 2143 voluntas

1962 2189 2064 2245 per
2092 2175 2363 2231 virtutem
2388 2175 2497 2231 hoc
2546 2176 2714 2231 modo
2757 2176 3125 2245 mancipatur
3153 2175 3401 2243 eﬁ'ectui,
3442 2183 3498 2231 et
3527 2175 3661 2231 inde

1962 2264 2065 2334 qui
2088 2262 2322 2320 eﬁ‘ectus
2347 2271 2451 2333 est,
2485 2256 2693 2319 nostra:
2721 2265 2964 2320 traditus
2994 2271 3078 2320 est
3107 2264 3439 2335 cognitioni.

2033 2354 2109 2407 De
2141 2353 2250 2408 Deo
2282 2352 2557 2423 cuiquam
2609 2352 2903 2422 disputare
2963 2352 3047 2407 fas
3099 2367 3215 2407 non
3244 2360 3347 2407 est.
3378 2352 3486 2408 Sed
3516 2367 3648 2408 cum

1963 2440 2031 2495 de
2061 2440 2151 2496 his
2196 2456 2327 2511 quae
2367 2442 2522 2497 circa
2568 2456 2672 2497 nos
2723 2449 2859 2496 sunt
2905 2441 3168 2510 exempla
3197 2442 3547 2510 praebentur,
3583 2441 3657 2497 ad

1962 2530 2069 2584 hoc
2101 2529 2160 2584 ﬁt
2191 2537 2255 2585 ut
2286 2529 2397 2584 tria
2424 2528 2623 2599 aliqua
2682 2528 3167 2598 indisparabiliter
3216 2530 3500 2585 cohaerere
3547 2530 3657 2585 sibi

1961 2631 2123 2685 posse
2155 2624 2565 2673 monstrentur.
2597 2616 2759 2683 Quod
2789 2632 2923 2673 cum
2957 2618 3036 2684 ﬁt,
3075 2640 3096 2666 ι
3134 2616 3290 2684 ﬁdes,
3334 2626 3397 2673 ut
3422 2617 3654 2688 legitur,

1953 2705 2075 2775 jam
2106 2720 2220 2760 non
2251 2705 2421 2761 habet
2446 2706 2735 2771 meritum,
2758 2706 2851 2761 cui
2875 2704 3132 2760 humana
3155 2705 3300 2759 ratio
3319 2706 3532 2774 praebet
3557 2720 3656 2761 ex-

1956 2795 2336 2864 perimentum
2398 2793 2476 2862 (S.
2513 2793 2759 2850 Ganaon.
2795 2794 2947 2849 hom.
2982 2794 3092 2864 26).
3132 2815 3153 2841 ι
3200 2794 3332 2848 Haec
3372 2794 3657 2863 siquidem

1958 2882 2209 2937 Trinitas
2244 2881 2500 2937 vocative
2530 2882 2720 2951 potius
2751 2895 2928 2951 quam
2975 2881 3432 2937 substantialiter
3460 2882 3513 2935 in
3547 2881 3657 2937 hoc

1958 2984 1991 3025 a
2022 2971 2187 3026 nobis
2215 2970 2424 3026 saeculo
2450 2969 2765 3037 dictitatur,
2800 2969 2861 3024 in
2916 2984 3035 3041 quo
3080 2969 3398 3025 necessario
3443 2968 3514 3025 ad
3546 2984 3651 3024 no-

145 3062 434 3123 parentes,
472 3055 572 3124 qui
602 3055 970 3126 Beelphegor,
1005 3056 1221 3112 idolum
1269 3057 1483 3113 scilicet
1532 3058 1846 3129 tentiginis,
1889 3075 1931 3132 c
1959 3067 2137 3115 stram
2183 3059 2621 3130 intelligentiam
2681 3060 2750 3114 de
2789 3060 3044 3128 personis
3095 3057 3495 3114 instruendam
3548 3072 3658 3130 per

146 3143 308 3213 quod
339 3152 425 3198 est
457 3143 721 3214 Priapus,
773 3144 1106 3201 adoravere.
1162 3145 1424 3212 Ridendi,
1457 3147 1569 3201 imo
1597 3146 1769 3202 flendi
1797 3154 1851 3202 et

145 3244 251 3287 vos
312 3231 469 3301 quod
524 3226 786 3301 plerique
842 3241 1100 3289 vestrum
1180 3233 1462 3304 dogmatis
1540 3234 1850 3291 Christiani

145 3320 449 3375 veritatem
502 3319 665 3388 plene
720 3319 1072 3391 intelligunt,
1114 3336 1220 3377 nec
1277 3330 1470 3377 tamen
1529 3323 1602 3378 ab
1656 3336 1850 3379 errore

144 3407 450 3463 desistunt.
497 3406 698 3463 Sciatis
752 3415 945 3463 tamen
993 3409 1134 3479 quia
1194 3408 1378 3474 nobis,
1434 3411 1649 3480 quibus
1698 3410 1850 3466 Deus

144 3495 582 3565 Scripturarum
654 3496 919 3553 notitiam
980 3496 1206 3557 indidit,
1267 3505 1340 3566 et,
1403 3505 1622 3554 remota
1673 3497 1849 3555 etiam

145 3583 581 3655 imaginatione,
617 3583 745 3640 ﬁdei
774 3592 828 3641 et
857 3585 1352 3655 contemplationis
1396 3585 1639 3643 contulit
1673 3588 1844 3654 alam,

139 3672 359 3741 species
407 3672 843 3741 scalpturarum
894 3673 1221 3729 necessaria
1278 3688 1395 3729 non
1450 3674 1543 3741 sit,
1598 3674 1696 3730 sed
1760 3675 1849 3730 his

141 3762 281 3817 solis
314 3761 418 3831 qui
465 3760 655 3817 idiota:
683 3770 738 3817 et
769 3761 1016 3830 hebetes,
1063 3761 1218 3831 quod
1268 3761 1472 3817 litteris
1520 3776 1635 3817 non
1666 3764 1846 3818 attin-

141 3857 310 3919 gunt,
330 3849 686 3918 juvamentis
716 3849 1051 3920 hujusmodi
1096 3850 1405 3907 addiscunt
1443 3851 1600 3921 quod
1652 3850 1846 3906 scien—

146 3938 289 3994 dum
321 3938 413 3994 sit.

823 4008 1057 4065 CAPUT
1095 4009 1168 4064 X.
1631 4068 1640 4076 ο

214 4115 426 4169 Auctor
453 4117 559 4168 tres
612 4117 743 4170 Deos
772 4130 808 4168 a
865 4115 1193 4172 Christianis
1237 4115 1472 4170 ostendit
1515 4115 1666 4170 haud
1719 4115 1843 4171 coli.

142 4201 361 4256 Probat
391 4204 449 4255 in
500 4206 606 4257 Deo
638 4205 958 4259 trinitatem.
1019 4233 1064 4242 -
1093 4204 1285 4259 Restat
1336 4203 1539 4260 ultima
1578 4204 1842 4274 quaestio,

144 4302 281 4359 quae
314 4303 350 4344 a
378 4290 541 4346 vobis
593 4290 934 4361 proponitur
987 4290 1343 4347 ventilanda.
1405 4291 1541 4347 Tres
1579 4292 1713 4347 deos
1742 4306 1846 4347 nos

1958 3156 2247 3204 momenta
2300 3156 2355 3204 et
2403 3147 2672 3217 syllabas,
2740 3148 2883 3217 quia
2942 3147 3107 3203 aliter
3161 3161 3276 3201 non
3328 3160 3653 3216 possumus,

1957 3250 2161 3292 earum
2215 3235 2497 3291 vocabula
2553 3235 2951 3305 conjugamus.
3005 3236 3077 3289 At
3105 3249 3237 3289 cum
3278 3234 3410 3289 vitae
3442 3233 3654 3289 fontem
3751 3261 3769 3298 ,ξ

1958 3323 2345 3390 hauserimus,
2377 3330 2433 3379 et
2461 3323 2521 3377 in
2552 3322 2768 3378 lumine
2797 3322 3013 3391 lumen,
3043 3323 3222 3378 Deum
3257 3321 3315 3376 in
3346 3322 3460 3378 Deo
3490 3322 3655 3378 vide-

1957 3411 2167 3479 bimus,
2197 3412 2357 3468 nulla
2387 3411 2445 3466 in
2492 3410 2580 3467 his
2630 3410 2997 3466 nominandis
3050 3410 3387 3481 gradatione
3430 3425 3653 3467 sermo-

1955 3500 2046 3556 nis
2071 3500 2388 3570 egebimus.
2418 3500 2475 3555 Si
2503 3513 2565 3554 os
2620 3506 2904 3565 nostrum,
2938 3497 3161 3568 lingua,
3212 3506 3267 3554 et
3306 3498 3541 3568 spiritus
3592 3498 3654 3555 in

1956 3602 2130 3645 usum
2159 3587 2462 3644 locutionis
2511 3587 2723 3657 pariter
2780 3586 2938 3642 nullo
2974 3586 3181 3641 horum
3234 3594 3499 3654 vacante,
3551 3596 3653 3643 aut

1960 3684 2283 3746 praestante,
2338 3683 2663 3743 moventur,
2718 3676 2988 3730 maximze
3042 3674 3279 3729 insaniae
3308 3682 3393 3729 est
3423 3671 3654 3729 difﬁteri

1954 3765 2184 3820 Patrem
2233 3772 2289 3820 et
2350 3763 2561 3819 Filium
2616 3772 2672 3821 et
2734 3763 3011 3833 Spiritum
3064 3769 3324 3817 sanctum
3393 3775 3536 3828 esse,
3596 3767 3653 3816 et

1955 3866 2134 3922 posse,
2189 3866 2257 3907 ac
2309 3851 2735 3907 indivisibiliter
2788 3851 3029 3920 operari.
3073 3849 3128 3906 Si
3179 3850 3333 3905 enim
3364 3857 3480 3904 tres
3511 3851 3653 3904 Deos

1954 3941 2297 4007 diceremus,
2345 3954 2547 3996 eorum
2605 3940 2772 4010 plane
2824 3938 3036 4009 cuique
3091 3946 3309 4008 partem
3369 3936 3697 3993 mundani’

1952 4028 2249 4099 regiminis
2300 4028 2679 4096 traderemus,
2736 4042 2840 4084 nec
2869 4041 3133 4083 summus
3162 4026 3412 4097 quisque
3448 4039 3651 4081 eorum

1953 4130 2075 4172 esse
2106 4123 2308 4186 posset,
2351 4116 2455 4186 qui
2494 4130 2661 4185 pares
2685 4123 2817 4171 actu
2848 4130 2916 4171 ac
2947 4114 3177 4171 nomine
3207 4128 3445 4185 quoquo
3489 4121 3651 4184 pacto

1950 4204 2210 4260 haberet.
2244 4205 2315 4260 Et
2346 4204 2484 4259 dum
2540 4205 2707 4260 modo
2740 4204 2892 4271 huic,
2941 4218 3100 4259 nunc
3152 4201 3233 4257 illi
3265 4216 3368 4271 pro
3401 4202 3650 4272 partium

1953 4293 2434 4348 alternationibus
2463 4292 2808 4360 faveremus,
2848 4290 3164 4361 quemlibet
3216 4289 3453 4346 forsitan
3482 4289 3652 4360 cujus

144 4378 331 4433 colere
359 4377 563 4444 dicitis,
615 4379 756 4448 quia
811 4380 1056 4446 Patrem,
1089 4386 1144 4434 et
1192 4378 1418 4447 Filium,
1473 4388 1529 4435 et
1568 4379 1845 4449 Spiritum
1885 4370 2200 4452 Dregnum
2234 4380 2428 4436 minus
2484 4388 2789 4451 putaretur
2817 4379 3275 4445 accommodum,
3321 4385 3424 4434 aut
3457 4378 3650 4433 minus

143 4473 434 4533 sanctum,
488 4465 597 4523 sub
627 4465 991 4523 distinctione
1040 4481 1142 4523 nos
1185 4468 1414 4537 triplici,
1469 4467 1846 4536 pronuntiare

143 4553 511 4625 cognoscitis.
574 4555 665 4611 Ex
725 4554 1009 4625 superiori
1071 4556 1523 4612 testimoniorum
1582 4556 1846 4627 congerie

142 4645 282 4699 satis
315 4643 621 4714 probatum
674 4652 758 4701 est
809 4644 966 4715 quod
1009 4645 1162 4701 Deus
1190 4645 1398 4700 Filium
1429 4645 1658 4711 habeat,
1691 4645 1847 4700 hunc

145 4731 534 4788 humanatum
566 4740 800 4789 constet.
850 4732 1128 4802 Spiritum
1159 4747 1292 4789 vero
1317 4740 1580 4789 sanctum
1631 4733 1847 4802 ubique

143 4820 501 4891 paginarum
548 4828 875 4876 vestrarum
932 4819 1039 4875 dici
1102 4820 1161 4875 in
1217 4827 1487 4890 promptu
1530 4826 1635 4875 est.
1693 4819 1847 4890 Ergo

143 4908 313 4964 sicuti
349 4921 455 4962 nos
486 4915 602 4963 tres
654 4922 926 4977 personas
982 4908 1351 4978 proferimus,
1389 4909 1467 4963 ita
1496 4908 1564 4964 de
1618 4907 1849 4963 cultura

144 4998 325 5053 trium
355 4996 593 5052 deorum
621 5009 657 5051 a
709 4996 873 5052 vobis
929 5004 1187 5066 patenter
1217 4996 1541 5067 arguimur.
1590 4996 1848 5052 Deumne

145 5084 717 5154 incircumscriptum
768 5083 1521 5154 incomprehensibilemque
1574 5084 1849 5140 creditis?

146 5171 308 5239 Quod
334 5171 382 5228 si
416 5172 669 5237 forsitan,
701 5171 841 5243 quid
882 5173 1057 5229 trium
1107 5173 1409 5229 cathedras
1446 5187 1844 5243 personarum,

147 5261 291 5331 quid
348 5261 610 5317 membra
665 5260 1037 5331 imaginando
1092 5260 1487 5332 conpingitis?
1546 5261 1602 5317 Si
1664 5263 1848 5317 Deum

147 5350 417 5419 spiritum
477 5350 788 5420 pensitatis.
842 5357 899 5405 et
949 5348 1150 5418 Filius,
1208 5356 1273 5405 ut
1303 5349 1610 5418 credimus,
1658 5350 1711 5406 ei
1739 5358 1847 5421 est,

148 5437 306 5494 ﬁlius
332 5452 454 5494 esse
484 5452 601 5494 non
628 5446 828 5509 potest,
883 5437 993 5494 nisi
1043 5438 1199 5508 quod
1248 5446 1409 5508 pater
1435 5446 1553 5508 est;
1589 5437 1851 5508 alioquin

148 5526 303 5583 Deus
356 5542 475 5583 non
522 5536 625 5583 est.
677 5527 865 5583 Potest
908 5526 964 5581 in
1006 5527 1234 5583 homine
1278 5541 1399 5583 esse
1428 5527 1583 5597 quod
1625 5542 1739 5582 non
1767 5533 1850 5582 est

148 5614 343 5683 homo,
403 5616 466 5672 in
510 5617 624 5672 Deo
673 5629 811 5671 vero
863 5614 1010 5670 nihil
1039 5615 1195 5686 quod
1242 5630 1357 5672 non
1385 5616 1457 5672 sit
1496 5616 1670 5673 Deus.
1704 5614 1850 5671 Nam

1954 4468 2427 4538 appretiaremur,
2476 4477 2579 4525 aut
2635 4468 2847 4539 apertis
2893 4466 3361 4538 derOgationibus
3410 4479 3651 4536 urgere-

1955 4572 2103 4612 mus.
2138 4557 2229 4613 Nil
2277 4566 2469 4613 tamen
2517 4557 2671 4627 apud
2726 4563 2924 4611 nostra
2969 4556 3240 4626 dogmata
3267 4554 3517 4623 eXperiri
3548 4567 3650 4608 vos

1954 4645 2210 4716 contigit,
2253 4660 2357 4701 nec
2397 4645 2499 4701 diu
2541 4644 2840 4701 vobiscum
2873 4656 3046 4712 super
3096 4643 3202 4696 isto
3250 4639 3646 4708 tractabimus,

1955 4735 2094 4805 quia
2146 4735 2287 4789 dum
2343 4733 2412 4789 de
2467 4733 2537 4789 iis
2588 4734 2834 4802 agimus,
2894 4729 3192 4786 obduratis
3238 4727 3446 4784 animis
3502 4727 3651 4783 risus

1953 4822 2252 4879 efﬁcimus.
2286 4820 2745 4877 Deliberantibus
2782 4819 2935 4875 enim
2982 4817 3211 4873 credere
3236 4822 3500 4871 auctores
3531 4828 3649 4869 non

1954 4911 2195 4967 deerunt
2219 4909 2320 4980 qui
2342 4916 2650 4979 potuerunt
2676 4907 2926 4964 erudire.

2033 5001 2166 5056 Vere
2215 5000 2517 5053 resurrexit
2544 4998 2824 5051 Dominus.
2855 5025 2924 5034 —
2976 4993 3144 5060 lllud,
3180 4991 3384 5058 velitis,
3432 4989 3645 5057 nolitis,

1956 5086 2170 5155 audite,
2228 5086 2367 5156 quia
2428 5085 2769 5152 Redemptor
2842 5090 3053 5147 noster,
3114 5094 3286 5150 quem
3357 5078 3651 5148 putruisse

1958 5173 2297 5240 mentimini,
2330 5171 2490 5239 vivit,
2526 5181 2580 5227 et
2624 5171 2683 5225 in
2737 5170 3047 5225 novissimo
3096 5167 3205 5234 die,
3240 5166 3395 5238 quod
3450 5173 3506 5222 et
3549 5179 3652 5222 vos

1956 5264 2205 5330 creditis,
2239 5263 2307 5318 de
2358 5268 2511 5317 terra
2543 5259 2858 5315 surrecturi
2908 5271 3130 5313 sumus.
3180 5256 3246 5311 In
3300 5268 3473 5310 carne
3513 5269 3653 5324 quo-

1958 5368 2073 5423 que
2102 5358 2297 5407 nostra
2328 5350 2508 5406 Deum
2538 5346 2886 5414 videbimus,
2921 5346 3117 5401 Iesum
3158 5344 3440 5411 videlicet,
3476 5357 3649 5413 quem

1959 5438 2410 5508 interpretamini
2441 5437 2816 5493 Salvatorem.
2875 5435 2964 5490 An
3013 5433 3072 5488 in
3104 5447 3276 5489 carne
3306 5431 3655 5489 constitutus

1959 5527 2091 5598 quis
2146 5529 2326 5582 Deum
2382 5525 2577 5581 videre
2636 5523 2862 5594 poterit,
2908 5521 3034 5577 licet
3076 5522 3198 5589 jam
3227 5517 3653 5587 corruptionem

1959 5615 2284 5682 excesserit,
2315 5614 2470 5684 quod
2503 5613 2600 5669 vix
2628 5609 2906 5681 angelicis
2951 5608 3246 5680 spiritibus
3294 5604 3658 5664 scintillando
