3934 6086
314 286 413 339 527

314 498 673 556 Desiderium
728 503 921 552 autem
972 494 1336 551 efficientiam
1397 494 1621 565 quaerit.
1670 495 1793 558 Quo
1836 490 2006 550 medo

314 602 450 658 ergo
476 583 735 641 videbit?
783 584 849 639 In
900 597 1075 639 carne
1127 582 1331 653 utique
1361 583 1626 651 existens,
1682 584 1887 653 poterit
1925 582 2009 637 in-

314 672 461 728 tueri
493 670 803 736 carnalem,
855 671 959 726 Dei
992 669 1205 741 quippe
1237 669 1467 737 Filium,
1520 670 1578 726 in
1607 685 1672 725 eo
1698 671 1818 741 jam
1850 669 2006 740 quod

314 758 824 829 incorruptibiliter
890 759 1291 826 resurrexerit,
1364 759 1764 814 immortalem.
1833 759 2006 815 Utra-

313 858 428 913 que
456 846 688 915 etenim,
721 854 775 902 et
795 847 963 903 homo
996 861 1096 917 per
1120 861 1178 901 se
1216 854 1271 902 et
1301 847 1594 913 Deus,fDei
1638 853 1774 903 sunt
1805 846 2003 903 Filius.

313 932 457 989 Cum
508 934 615 991 hoc
666 924 858 992 careat
909 936 1158 1001 nomine,
1223 950 1329 992 nec
1410 943 1677 992 mortuus
1753 950 1857 992 nec
1913 949 2008 991 se-

312 1022 529 1092 pultns.

383 1110 678 1169 Perlucide
707 1113 878 1169 etiam
911 1113 1063 1170 valet
1117 1113 1359 1185 intelligi
1392 1113 1547 1185 quod
1580 1113 1638 1169 in
1678 1126 1850 1170 carne
1879 1126 2005 1181 sua,

313 1200 420 1256 hoc
471 1208 555 1256 est
610 1202 671 1258 in
724 1203 944 1269 eadem,
1001 1217 1119 1273 qua
1178 1210 1260 1259 est
1290 1203 1410 1273 ipse
1462 1203 1722 1259 humana
1774 1210 2006 1271 natura,

313 1289 690 1346 constitutum
717 1291 822 1347 Job
853 1305 1025 1347 suum
1058 1290 1409 1346 Salvatorem
1450 1304 1510 1346 se
1536 1290 1803 1346 visurum
1830 1303 2008 1359 spon-

313 1376 461 1431 deat.
494 1377 749 1434 Mortalis
793 1391 1027 1447 quoque
1075 1390 1142 1432 ac
1196 1376 1491 1432 rationalis
1538 1383 1761 1431 natura;
1805 1375 2013 1430 indivi-

313 1463 497 1520 duum
544 1466 803 1535 signans,
846 1465 1001 1534 quod
1049 1464 1195 1520 dixit
1228 1464 1520 1520 inculcat:
1576 1465 1739 1530 Quem
1790 1466 2009 1518 visurus

312 1567 452 1619 sum,
511 1552 717 1623 inquit,
760 1569 853 1621 ego
910 1556 1045 1622 ipse,
1110 1558 1160 1607 et
1215 1569 1319 1607 non
1364 1554 1507 1607 alius
1550 1553 1688 1620 (Job.
1742 1567 1862 1620 xm,
1896 1555 2003 1616 27).

314 1635 421 1699 Qui
458 1636 607 1692 alius
660 1637 856 1707 procul
907 1636 1080 1693 dubio
1133 1638 1385 1706 quodam
1417 1637 1584 1692 modo
1614 1644 1778 1704 esset,
1810 1638 1853 1692 si
1907 1637 2008 1692 ho-

314 1726 526 1780 minem
566 1739 806 1791 exuens,
846 1725 1082 1795 spiritus
1135 1733 1473 1780 remaneret.
1514 1725 1704 1780 Tertio
1757 1726 2007 1795 denique

314 1813 372 1867 id
427 1812 709 1882 replicat:
772 1815 847 1868 Et
904 1816 1046 1868 oculi
1098 1817 1202 1867 mei
1259 1817 1597 1883 conspecturi
1650 1814 1838 1884 (ibid).
1902 1813 2008 1869 Ubi

313 1900 507 1957 oculos
562 1901 702 1957 adeo
746 1901 1053 1972 vigilanter
1094 1903 1393 1971 expressit,
1455 1915 1666 1972 corpus
1709 1901 1878 1971 plane
1908 1901 2007 1957 Dei

314 1988 599 2057 futurum,
644 1990 795 2060 quod
847 1991 1083 2046 visurus
1126 1998 1289 2054 esset,
1341 1990 1615 2046 innotuit.
1670 1992 1714 2045 Α
1770 2004 2007 2060 corpore

313 2083 505 2132 autem
532 2077 890 2132 divinitatem
922 2077 1099 2133 videri
1129 2078 1212 2133 fas
1239 2092 1351 2133 non
1376 2084 1479 2133 est.

384 2164 528 2220 Ecce
566 2173 765 2221 contra
809 2166 908 2220 Dei
954 2165 1161 2231 hostes,
1222 2173 1423 2221 contra
1475 2165 1775 2221 inimicum
1828 2172 1884 2221 et
1920 2166 2009 2222 de-

314 2251 596 2308 fensorem
632 2267 795 2309 arma
818 2253 1321 2324 praesumpsimus;
1350 2254 1567 2324 quibus
1599 2254 1823 2325 egimus
1852 2254 2007 2325 quod

316 2342 624 2411 potuimus,
658 2358 771 2399 non
803 2343 959 2414 quod
986 2344 1309 2399 debuimus.
1347 2343 1523 2398 Multa
1555 2344 2003 2413 suppressimus,

312 2430 452 2500 quia
497 2432 771 2502 ambigua
811 2433 879 2488 de
925 2446 1126 2488 eorum
1155 2431 1568 2499 {voluminibus
1617 2446 1828 2501 ponere
1858 2432 2008 2487 testi-

312 2519 505 2574 monia
534 2520 982 2589 supersedimus.
1013 2520 1103 2576 Ntl
1129 2520 1283 2575 enim
1319 2521 1439 2590 agit
1462 2520 1814 2590 exemplum,
1850 2520 2004 2590 quod

312 2605 465 2661 litem
493 2607 588 2663 lite
636 2608 883 2663 resolvit.
943 2609 998 2663 Si
1027 2609 1259 2678 perfidis
1298 2621 1365 2663 ac
1394 2608 1745 2665 derisoribus
1775 2609 2007 2664 videtur

314 2694 484 2751 inane
518 2695 673 2765 quod
726 2696 973 2764 fecerim,
1032 2696 1315 2765 fidelibus,
1384 2697 1485 2767 qui
1535 2697 1674 2752 talia
1728 2696 2005 2753 ventilare

310 2795 426 2836 non
476 2782 711 2850 audent,
771 2791 873 2839 aut
925 2783 1208 2846 nesciunt,
1251 2798 1364 2839 non
1423 2785 1704 2840 immerito
1750 2784 2005 2840 fortassis

309 2870 646 2940 placuerim,
674 2871 813 2941 quia
854 2871 901 2927 si
954 2887 1068 2927 non
1100 2872 1265 2928 valde
1313 2873 1550 2939 utiliter,
1607 2873 1772 2929 valde
1811 2880 2004 2929 tamen

1202 284 1267 337 V.
1315 281 1641 339 GUIBERTI
1674 282 1962 339 ABBATIS
2000 284 2058 339 S.
2100 283 2340 340 MARLE
2381 282 2473 339 DE
2514 279 2910 337 NOVIGENTO

314 408 554 467 licebit?
583 408 643 465 in
688 422 820 465 eum
850 406 1001 463 enim
1048 406 1371 463 desiderant
1426 405 1616 477 angeli
1666 408 2004 476 prospicere.
2044 407 2090 460 A

3716 274 3826 328 528

2780 454 3012 513 CAPUT
3051 453 3149 509 XI.

2186 583 2291 640 Sed
2323 590 2447 654 post
2505 583 2655 638 hanc
2714 580 3181 653 qualemcunque
3210 577 3680 647 disputationem,
3717 590 3828 631 cu-

2109 674 2343 745 jusdam
2394 671 2532 727 mihi
2595 670 2775 727 Judaei
2834 667 3032 725 relatio
3090 682 3204 723 non
3262 666 3504 721 tacenda
3552 665 3820 725 videtur,

2116 776 2246 833 quae
2303 760 2457 817 omni
2517 759 2939 815 conflictatione
2985 761 3119 811 es:
3173 755 3480 810 verborum
3530 752 3831 823 potentior

2112 851 2442 907 aestimetur.
2479 850 2637 913 Erat,
2662 855 2724 904 ut
2751 854 3010 912 testatur,
3048 843 3335 910 Lauduni,
3366 850 3422 898 et
3460 843 3519 897 in
3550 842 3821 912 quadam

2115 938 2302 1005 domo,
2370 937 2677 1008 quemdam
2753 949 2885 990 cum
2974 933 3173 989 Judaeo
3256 931 3453 1001 aliquo
3537 930 3826 986 clericum

2116 1026 2525 1096 disceptantem
2549 1024 2740 1080 adhuc
2763 1022 3045 1094 puerulus
3074 1020 3366 1076 audiebat.
3398 1018 3665 1088 Cumque
3707 1018 3827 1073 ele-

2115 1116 2271 1171 ricus
2302 1113 2502 1185 perﬁdi
2552 1112 2705 1168 illius
2759 1113 3018 1167 resistere
3072 1107 3395 1165 ventositati
3424 1122 3536 1162 non
3569 1112 3768 1177 posset
3808 1121 3822 1160 :

2119 1227 2147 1255 ‹‹
2192 1204 2257 1259 In
2311 1202 2562 1269 nomine,
2616 1201 2827 1271 inquit,
2882 1200 3015 1256 Jesu
3070 1196 3297 1253 Domini
3352 1195 3609 1251 titionem
3642 1186 3826 1249 flam-

2117 1297 2368 1347 mantem
2418 1303 2487 1345 ea
2536 1296 2694 1358 parte
2756 1300 2874 1358 qua
2920 1286 3083 1342 ardet
3148 1283 3576 1354 apprehendam
3652 1282 3827 1338 nuda

2117 1393 2319 1445 manu,
2365 1386 2421 1434 et
2467 1385 2632 1433 extra
2680 1377 2892 1431 ostium
2953 1375 3158 1430 domus
3209 1370 3463 1427 efferam.
3515 1392 3543 1416 ιι
3606 1370 3828 1440 (Focus

2119 1475 2309 1523 autem
2342 1473 2571 1537 propter
2601 1463 2699 1537 [f.,
2746 1462 2942 1534 prope]
3001 1460 3167 1528 erat.)
3210 1461 3323 1517 Nec
3371 1460 3609 1516 Iudaeus
3655 1457 3827 1514 obni-

2120 1556 2281 1626 titur,
2315 1556 2372 1610 in
2424 1556 2530 1609 lide
2560 1555 2694 1610 Jcsu
2747 1554 2837 1608 sui
2872 1560 3064 1608 utrum
3099 1560 3368 1608 ureretur
3395 1548 3721 1619 opperiens.
3751 1550 3825 1602 At

2120 1642 2363 1697 clericus
2408 1640 2654 1697 mirabili
2713 1640 3049 1695 crudelitate
3108 1640 3429 1695 fervescens
3475 1636 3823 1691 candentem

2047 1704 2088 1758 Β
2121 1730 2327 1799 accipit
2375 1729 2579 1785 dextra
2633 1736 2912 1789 reustum,
2943 1736 2997 1783 et
3052 1728 3297 1798 longius,
3327 1738 3446 1796 qua
3476 1723 3660 1779 voluit
3696 1737 3819 1777 mo-

2119 1816 2368 1877 rositate.
2428 1816 2708 1884 deportat,
2765 1822 2820 1869 et
2872 1812 3380 1884 projectoillaesam
3434 1816 3717 1864 monstrat
3746 1808 3821 1863 ab

2118 1902 2250 1973 igne
2298 1916 2556 1957 manum.
2609 1901 2856 1957 Miratur
2900 1900 3007 1956 ille
3064 1913 3338 1970 nequam,
3395 1896 3491 1952 sed
3522 1896 3593 1951 ad
3640 1895 3818 1950 ﬁdem

2116 1990 2398 2048 miraculo
2453 2004 2566 2045 non
2628 1989 2909 2059 pulsatur.
2971 1988 3029 2042 Id
3068 1987 3251 2057 ipsum
3282 1987 3450 2041 etiam
3486 1983 3558 2039 ab
3603 1997 3672 2038 eo
3713 1982 3816 2053 qui

2116 2081 2256 2137 mihi
2293 2079 2488 2135 retulit
2520 2092 2633 2133 non
2662 2078 2771 2132 nisi
2802 2076 3104 2146 prmstigiis
3125 2082 3515 2145 comparatur.

2189 2168 2384 2234 Dicite,
2421 2165 2746 2233 miserrimi,
2790 2179 2982 2220 nonne
3021 2178 3226 2219 nomen
3286 2161 3509 2217 deitatis
3545 2166 3655 2227 est,
3718 2157 3815 2213 cui

2114 2257 2395 2313 elementa
2412 2255 2849 2323 obtemperant?
2874 2254 2976 2308 Sed
3032 2267 3133 2307 vos
3163 2252 3348 2307 dicitis
3375 2251 3516 2320 quia
3547 2249 3607 2303 in
3658 2255 3813 2304 terra

2115 2345 2335 2415 positus
2385 2358 2444 2399 se
2497 2356 2800 2412 nunquam
2848 2341 3059 2398 dixerit
3108 2341 3310 2396 Deum.
3364 2338 3507 2393 Cum
3538 2336 3697 2392 enim
3738 2351 3812 2391 an

2114 2434 2267 2490 Deus
2295 2440 2438 2488 esset
2465 2430 2796 2498 sciscitanti,
2830 2430 3056 2486 intulit:
3094 2433 3176 2484 Tu
3205 2429 3345 2483 dicis
3371 2428 3591 2497 (Matth.
3625 2440 3814 2488 xxvn,

2112 2522 2224 2592 11).
2260 2522 2358 2577 Est
2391 2529 2452 2586 ut
2483 2520 2685 2587 dicitis,
2750 2534 2815 2575 ac
2844 2519 2892 2574 si
2945 2519 3194 2574 diceret:
3226 2517 3314 2572 Tu
3368 2514 3602 2586 quidem
3642 2512 3811 2577 dicis,

2114 2610 2211 2666 sed
2263 2624 2368 2680 ego
2424 2624 2534 2664 non
2592 2609 2737 2663 dico.
2770 2607 3149 2663 Ovecordes!
3185 2605 3456 2661 attendite
3512 2602 3669 2673 quod
3723 2616 3811 2656 se-

2114 2700 2319 2770 quitur
2361 2715 2374 2753 :
2431 2698 2639 2753 Amodo
2692 2698 2945 2751 videbitis
3000 2697 3197 2751 Filium
3250 2695 3482 2748 hominis
3538 2692 3813 2746 sedentem

2113 2803 2146 2840 α
2186 2788 2397 2841 dextris
2426 2790 2520 2841 Dei
2571 2790 2622 2840 et
2677 2790 2970 2840 venientem
3020 2788 3079 2838 in
3130 2784 3365 2837 nubibus
3422 2783 3539 2837 creti
3585 2780 3807 2851 (Matth.

2111 2889 2279 2942 xxvr,
2330 2874 2439 2941 64).
2501 2874 2716 2945 Nempe
2771 2883 2824 2931 et
2871 2873 3146 2944 proditori
3196 2869 3574 2941 significando
3658 2867 3810 2922 idem

308 2957 549 3014 fideliter
578 2973 709 3029 quae
760 2959 1019 3031 injuncta
1070 2959 1230 3016 fuere
1278 2960 1705 3031 compleverim.
1767 2960 1820 3017 Si
1857 2962 1998 3032 quid
2039 2981 2080 3037 α
2112 2963 2294 3020 dixit:
2330 2963 2547 3020 Dicenti
2582 2976 2853 3034 namque,
2898 2961 3152 3031 nunquid
3198 2965 3343 3028 ego?
3401 2958 3483 3014 ait
3539 2959 3621 3011 Tu
3669 2957 3812 3009 dicis

307 3045 557 3102 infamias
586 3061 685 3116 pro
715 3047 820 3103 hoc
850 3048 987 3118 ipso,
1035 3047 1153 3103 sive
1183 3048 1369 3104 laudis
1413 3049 1754 3118 acquiritur,
1801 3050 2000 3105 merito

308 3134 433 3200 tibi,
495 3137 675 3201 Pater,
732 3136 832 3206 qui
891 3135 948 3191 id
1007 3136 1318 3206 imperasti,
1354 3136 1679 3192 ascribitur.
1739 3136 1796 3191 Si
1845 3137 1999 3192 enim

308 3223 469 3290 bene,
504 3222 632 3278 fidei
664 3230 719 3279 et
770 3237 1002 3293 precum
1036 3230 1271 3280 tuarum
1300 3225 1525 3280 fructus
1563 3231 1673 3292 est;
1706 3224 1795 3279 sin
1828 3225 1996 3291 male,

308 3310 762 3367 inconsideratus
818 3312 1129 3383 utrobique
1184 3326 1365 3368 ausus
1400 3321 1503 3368 est.
1553 3315 1724 3369 Nemo
1778 3327 1866 3369 me
1897 3327 1998 3369 ar-

308 3405 466 3470 guat,
520 3412 744 3455 errores
789 3399 1259 3470 improbissimos,
1333 3414 1465 3457 cum
1534 3400 1638 3456 sim
1698 3403 1888 3457 tenuis
1942 3408 1998 3457 et

305 3486 565 3555 stolidus,
599 3487 1020 3559 objurgantem.
1077 3488 1396 3544 Meminerit
1449 3488 1668 3545 asinam
1706 3490 1997 3560 prophetae

307 3575 688 3645 insipientiam
744 3576 1136 3648 castigantem.
1190 3577 1386 3633 Melior
1436 3578 1588 3633 enim
1653 3593 1803 3648 sum,
1869 3579 1997 3636 licet

305 3664 493 3721 malus
522 3665 714 3733 homo,
744 3678 924 3737 quam
954 3666 1107 3722 bona
1136 3665 1318 3722 asina.

2109 3054 2325 3122 (Matth.
2360 3067 2525 3119 xxvn,
2561 3052 2667 3123 25).
2704 3050 2993 3107 Subaudis
3044 3063 3162 3106 rem
3197 3063 3327 3118 quae
3375 3054 3475 3103 est.
3507 3046 3692 3101 Taceo
3741 3043 3813 3100 de

2107 3140 2343 3205 caeteris,
2379 3141 2478 3211 qui
2527 3139 2898 3209 corporaliter
2953 3138 3127 3209 gestis
3158 3136 3484 3192 intendunt.
3528 3133 3812 3189 Joannem

2108 3229 2275 3299 legite
2327 3228 2385 3284 in
2440 3241 2556 3297 quo
2616 3227 2759 3282 nihil
2811 3240 2954 3297 pene
2996 3224 3156 3281 aliud
3208 3237 3387 3295 quam
3420 3222 3489 3279 de
3519 3236 3627 3277 sua
3675 3235 3808 3278 cum

2108 3317 2273 3373 Patre
2302 3314 2898 3372 consubstantialitate
2945 3312 3330 3384 proloquitur.
3368 3310 3653 3376 ‘Creditis,
3720 3310 3804 3364 in-

2107 3406 2255 3477 quit,
2290 3409 2347 3458 in
2376 3408 2560 3469 Deum,
2598 3408 2649 3458 et
2699 3407 2758 3457 in
2788 3418 2870 3457 me
2930 3401 3132 3457 credite
3172 3402 3362 3467 (Joan.
3404 3413 3521 3467 xrv,
3561 3401 3630 3467 ι).
3696 3401 3808 3464 Ego

2105 3498 2167 3550 in
2207 3494 2390 3561 Patre,
2421 3499 2470 3548 et
2508 3495 2670 3547 Pater
2706 3495 2766 3546 in
2819 3506 2901 3546 me
2929 3495 3024 3545 est.
3069 3490 3174 3556 Qui
3204 3490 3379 3544 credit
3429 3489 3489 3542 in
3518 3502 3622 3555 me,
3662 3487 3811 3540 videt

2105 3589 2156 3639 et
2184 3585 2399 3639 Patrem
2429 3583 2619 3650 (Joan.
2654 3595 2732 3647 xx,
2770 3582 2880 3648 10),
2913 3586 2967 3635 et
2999 3578 3179 3634 millia
3204 3578 3412 3633 horum
3440 3576 3675 3631 similia.

1957 3816 2144 3863 FINIS.

1270 4136 1557 4220 νεκ.
1620 4136 2214 4220 αυιεειιιιιι
2282 4135 2837 4219 ABBA'I'IS

1652 4328 2476 4456 EPISTOLA

1991 4551 2098 4617 DE

416 4741 933 4835 BUCCELLA
992 4743 1271 4833 ΠΗ)Ᾱῦ
1338 4741 1604 4833 DATA
1671 4743 1799 4832 ET
1880 4743 2012 4831 DE
2079 4740 2584 4831 VEBITATE
2655 4741 3097 4832 DOMINTCI
3169 4741 3671 4834 CORPORIS.

370 5085 517 5136 es:
539 5077 694 5136 Patri
712 5085 768 5135 et
793 5077 1025 5135 domino
1042 5076 1233 5134 Sancti
1258 5077 1474 5134 Nicolai
1499 5078 1673 5148 priori
1702 5076 1998 5134 Siceratno
2036 5081 2081 5134 D
2108 5076 2297 5133 Primo
2324 5076 2497 5133 etiam
2541 5076 2765 5134 horrori
2823 5078 2964 5135 mihi
3019 5086 3123 5147 est,
3154 5079 3201 5136 si
3254 5079 3454 5150 aliqua
3504 5080 3716 5150 dicam,
3739 5083 3795 5138 in

298 5166 419 5238 [al.,
451 5167 714 5224 Vincenti
754 5165 950 5223 abbati
1007 5165 1322 5233 Stoarmoo,
1354 5165 1549 5233 frater,
1577 5164 1709 5235 etc.]
1752 5165 1998 5223 Gmna-

293 5270 395 5310 TUS
424 5255 524 5311 Dei
556 5255 807 5322 familia,
839 5268 970 5325 quae
1001 5262 1086 5311 est
1116 5254 1271 5324 apud
1299 5253 1688 5324 Novigentum
1712 5253 1991 5322 minister,

295 5357 427 5414 quae
457 5343 555 5399 Dei
593 5349 729 5399 sunt
750 5342 1087 5412 simpliciter
1116 5355 1374 5412 quaerere
1404 5355 1471 5396 ac
1500 5340 1782 5410 amplecti.

366 5428 748 5494 Quaestionem
802 5443 981 5499 quam
1046 5427 1187 5484 mihi
1251 5435 1351 5483 tua
1415 5427 1650 5497 ingessit
1718 5428 1989 5484 sanctitas

297 5524 497 5573 utrum
553 5516 802 5583 videam,
855 5515 1070 5573 nedum
1125 5515 1431 5572 enucleare
1486 5515 1732 5584 valeam,
1777 5517 1985 5573 nescio.

2105 5165 2321 5235 quibus
2372 5166 2574 5222 videar
2634 5166 2872 5223 Patrum
2931 5168 3227 5224 sententiae
3279 5169 3580 5239 refragari.
3641 5172 3796 5227 Unde

2104 5261 2253 5324 peto,
2286 5262 2351 5311 ut
2380 5254 2425 5310 si
2478 5269 2608 5325 quae
2640 5269 2757 5311 non
2788 5262 2977 5312 tamen
3034 5264 3241 5326 praeter
3270 5257 3530 5328 regulam
3575 5257 3792 5326 dixero,

2100 5356 2169 5397 ea
2198 5341 2402 5399 audias
2458 5342 2769 5400 intentione
2801 5357 2920 5414 qua
2971 5343 3180 5400 dicam.
3217 5345 3409 5401 Dicam
3465 5345 3625 5402 enim
3676 5348 3794 5403 sine

2101 5429 2436 5501 praeiudicio
2489 5431 2740 5489 melioris
2790 5433 3087 5489 sententiae
3135 5434 3419 5505 palpantis
3445 5435 3641 5505 potius
3672 5435 3790 5491 ani-

2100 5532 2193 5573 mo
2224 5532 2403 5589 quam
2442 5518 2692 5575 nitentis.
