3934 6086
134 246 238 295 5‘29

696 374 928 431 CAPUT
968 375 1266 432 PRIMUM.

824 479 1065 526 QUxESTlO
1105 479 1141 519 ῐ.

209 549 456 616 Quastio
497 558 582 607 est
632 552 937 623 magistros
979 553 1244 608 Ecclesia
1292 553 1578 609 clariores.
1626 554 1838 625 Augu-

136 637 357 693 stinum
400 638 663 695 videlicet
705 640 906 709 (enarr.
957 643 1016 694 iii
1049 643 1192 710 psat.
1231 657 1290 709 x,
1334 649 1466 697 tom.
1499 643 1648 709 VIII,
1694 646 1839 698 etin

135 731 296 782 Joan.
345 736 508 783 tract.
552 732 641 795 26,
692 736 826 784 tom.
880 729 1003 799 IX),
1056 743 1123 784 ac
1160 729 1403 785 Leonem
1453 731 1641 802 (serm.
1695 734 1724 786 3
1774 732 1838 787 de

137 832 261 886 pas.
299 819 476 885 Dom.)
508 818 845 885 consentire,
877 817 1032 887 quod
1061 819 1089 872 .I
1099 819 1239 874 udas
1267 833 1401 874 cum
1441 819 1656 875 cateris
1691 834 1835 889 apo-

140 905 303 960 stolis
366 904 773 959 eucharistiam
841 905 908 960 de
976 905 1201 961 Domini
1262 921 1440 962 manu
1503 908 1834 978 susceperit.

142 991 426 1047 Hilarium
481 991 886 1047 Pictaviensem
949 993 1101 1061 (com.
1155 995 1214 1047 in
1263 994 1485 1062 Matth.,
1536 1009 1661 1050 can.
1726 995 1834 1066 30),

138 1080 607 1150 Capuanumque
658 1080 940 1136 Victorem
987 1082 1059 1135 ab
1110 1082 1216 1137 hac
1258 1081 1631 1150 intelligentia
1683 1085 1837 1152 quod

138 1167 422 1236 acceperit
452 1167 771 1222 dissentire.
816 1168 980 1234 Illud,
1028 1168 1133 1223 nisi
1167 1169 1349 1237 fallor,
1384 1171 1666 1226 dictorum
1699 1186 1836 1226 suo-

137 1271 272 1311 rum
315 1265 654 1326 argumento
693 1257 984 1324 habentes,
1021 1259 1175 1327 quod
1222 1260 1440 1314 cateris
1479 1268 1836 1316 sacramento

139 1345 641 1414 participantibus,
711 1345 970 1401 buccella
1029 1346 1266 1415 prabita
1322 1348 1564 1417 simplici
1628 1348 1839 1403 scilicet

138 1447 308 1502 pane,
337 1448 510 1488 suum
541 1434 818 1503 Dominus
852 1433 1172 1504 insignierit
1202 1436 1566 1505 proditorem.

816 1537 1057 1586 QUESTIO
1101 1539 1158 1578 ll.

207 1610 361 1666 Illud
406 1625 660 1680 quoque,
705 1611 778 1666 ad
826 1613 1006 1666 nostri
1047 1611 1541 1668 adumbrationem
1571 1612 1837 1668 sacriﬁcii

134 1711 170 1751 a
223 1697 576 1768 quibusdam
620 1698 892 1769 objectari
947 1698 1144 1766 solere,
1210 1700 1363 1770 quod
1411 1707 1836 1756 sacramentum

135 1785 265 1852 hoc,
315 1787 549 1857 signum
610 1789 795 1858 magis
851 1801 1028 1857 quam
1091 1788 1303 1843 veritas
1357 1788 1548 1856 fuerit,
1608 1797 1663 1843 et
1717 1789 1839 1845 ideo

133 1875 319 1941 Juda,
356 1890 531 1946 quem
570 1884 700 1931 antc
748 1877 1043 1932 diabolum
1089 1877 1398 1946 vocaverit,
1432 1877 1678 1946 idipsum
1721 1879 1840 1934 Do-

133 1962 334 2018 minus
381 1964 870 2020 irretractabiliter
917 1965 1154 2020 dederit.
1207 1965 1328 2020 Hoc
1364 1965 1422 2020 in
1465 1965 1668 2021 litteris
1710 1980 1745 2022 a
1789 1974 1840 2022 te

133 2051 288 2106 datis
319 2052 396 2107 ita
428 2053 792 2122 proponitur.

207 2139 434 2205 Quibus
493 2157 598 2212 ego
656 2141 972 2209 subinfero,
1035 2141 1176 2211 quia
1241 2142 1360 2197 sive
1420 2151 1656 2211 veteres,
1725 2143 1842 2200 sive

135 2227 296 2294 novi,
331 2229 669 2298 quicunque
709 2243 880 2297 super
922 2228 1031 2283 hac
1076 2242 1136 2282 re
1176 2227 1527 2284 altercantur
1557 2244 1621 2284 ac
1647 2229 1840 2299 dispu-

135 2323 264 2370 tant
314 2317 805 2372 circumstantiam
858 2316 1166 2372 lectionum
1206 2317 1399 2371 minus
1446 2319 1610 2387 plene
1652 2319 1838 2374 consi-

135 2404 364 2459 derant.
433 2405 579 2460 Nam
652 2404 919 2473 apostolis
991 2413 1157 2460 vetus
1232 2405 1444 2474 pascha
1521 2407 1841 2462 secundum

133 2492 391 2547 Matthai
439 2493 590 2548 dicta
647 2493 1029 2560 comantibus,
1079 2495 1236 2548 nullo
1282 2501 1516 2562 excepto
1563 2494 1774 2550 dicitur
1825 2517 1838 2556 :

134 2582 412 2650 Accipite,
467 2587 516 2635 et
561 2583 816 2636 comedite
866 2582 1078 2649 (Matth.
1130 2597 1287 2649 xxvn,
1337 2584 1440 2652 26;
1496 2584 1666 2636 Marc.
1722 2599 1840 2651 xw,

133 2673 238 2726 ‘23:
295 2672 424 2724 Luc.
481 2685 619 2738 xxu,
675 2672 778 2739 14).
832 2671 902 2726 Et
959 2679 1215 2740 porrecto
1261 2671 1434 2728 calice
1484 2673 1843 2739 postmodum

135 2761 435 2828 apertius:
476 2761 650 2813 Bibite
695 2776 763 2813 ea
800 2761 896 2814 hoc
943 2775 1119 2814 omnes
1170 2758 1350 2830 (ibid.,
1386 2760 1496 2829 27).
1547 2762 1611 2814 In
1655 2762 1842 2817 Marco

134 2862 390 2917 quoque,
454 2849 732 2913 Biberunt,
793 2864 860 2901 ea
918 2848 1012 2901 illo
1067 2863 1245 2901 omnes
1303 2847 1495 2918 (Marc.
1548 2864 1665 2917 xw,
1726 2851 1836 2920 23).

1132 243 1354 302 EPIST.
1399 247 1488 300 DE
1528 245 1878 301 VERITATE
1922 246 2230 303 DOMINICI
2271 247 2634 305 CORPORIS.

3533 256 3637 307 530

1874 381 2026 447 Atx,
2091 382 2159 444 I),
2215 386 2317 434 etc.
2370 379 2475 446 Qui
2531 379 2635 435 etsi
2689 394 2823 436 cum
2875 380 2947 436 sit
3005 379 3243 450 spiritus
3301 381 3632 452 disciplina,

1948 475 2234 537 quantum
2266 466 2338 522 ad
2379 481 2542 522 suam
2582 467 2837 537 ipsorum
2880 468 3122 523 salutem
3165 466 3328 524 ﬁctos
3368 468 3637 540 effugiat;

1950 554 2077 610 ﬁdei
2153 563 2345 610 tamen
2423 556 2666 612 aliorum
2743 557 3080 627 adjumenta
3145 557 3468 613 ministrat.
3531 559 3638 615 Cui

1945 658 2084 714 ergo
2121 643 2386 712 spiritum
2431 658 2603 714 quem
2647 647 2808 700 Petro
2846 646 3077 700 dederat
3109 646 3180 700 ad
3216 647 3496 702 miracula
3523 661 3640 703 non

1946 733 2198 803 negavit,
2254 733 2454 788 merito
2503 748 2606 788 nec
2660 733 2930 803 mysteria
2977 733 3104 789 aliis
3152 733 3482 789 communia
3533 734 3638 789 de—

1949 821 2228 876 trectavit.

2018 909 2090 964 At
2125 910 2171 964 si
2197 909 2268 964 de
2316 909 2572 965 buccella
2601 910 2814 980 agitur,
2862 925 2992 980 qua
3031 911 3082 966 ei
3122 911 3361 966 intincta
3389 909 3638 980 porrigi-

1946 1004 2061 1065 tur,
2093 997 2323 1068 signum
2359 997 2483 1066 fuit,
2516 1005 2569 1052 et
2599 1013 2714 1053 non
2748 999 2978 1069 signum
3010 1013 3022 1052 :
3056 999 3285 1069 signum
3318 999 3486 1068 plane
3515 1013 3641 1066 pro-

1947 1085 2164 1152 ditoris,
2199 1087 2294 1142 sed
2326 1100 2438 1140 non
2481 1087 2712 1156 signum
2745 1089 3118 1155 sacramenti;
3152 1101 3281 1156 qua
3311 1087 3481 1142 etiam
3510 1094 3641 1141 ante

1949 1174 2310 1229 traditionem
2352 1175 2484 1228 novi
2531 1175 2683 1229 illius
2721 1174 3004 1240 sacriﬁcii,
3055 1175 3319 1230 Matthao
3355 1182 3410 1230 et
3455 1175 3642 1231 Marco

1948 1263 2206 1330 testibus,
2242 1262 2380 1316 dum
2417 1268 2563 1316 283
2605 1263 2735 1333 quis
2778 1271 2921 1319 esset
2966 1263 3218 1332 proditor
3259 1271 3637 1332 quareretur,

1946 1350 2080 1405 data
2119 1357 2200 1405 est
2243 1351 2458 1416 (Matth.
2490 1365 2648 1412 xxvr,
2695 1354 2797 1419 22;
2830 1353 2998 1404 Marc.
3038 1366 3152 1417 xxv,
3194 1351 3296 1421 I9),
3331 1365 3460 1420 qua
3497 1366 3640 1419 quo-

1949 1452 2060 1507 que
2099 1438 2144 1493 si
2189 1438 2329 1508 quid
2371 1439 2552 1494 sancti
2600 1439 2654 1492 in
2706 1454 2763 1494 se
2803 1438 3027 1507 habuit,
3077 1454 3192 1493 non
3222 1453 3294 1493 ex
3327 1439 3642 1494 mutatione

1947 1526 2036 1582 sui
2079 1527 2294 1596 aliqua.
2337 1528 2434 1582 sed
2472 1541 2542 1582 ex
2593 1534 2748 1583 tactu
2789 1527 3025 1582 forsitan
3064 1526 3372 1582 Salvatoris
3404 1527 3638 1595 accepit.

1946 1616 2016 1669 Et
2039 1615 2246 1671 diaboli
2279 1615 2368 1670 ille
2416 1617 2713 1671 introitum
2754 1630 2869 1671 non
2902 1622 3018 1670 tam
3053 1629 3151 1684 pro
3181 1615 3421 1685 indigna
3450 1629 3640 1669 susce-

1948 1704 2139 1773 ptione
2168 1703 2350 1773 ipsius
2397 1703 2587 1760 offula
2634 1718 2810 1774 quam
2862 1718 2964 1774 pro
3014 1717 3120 1758 sua
3166 1717 3303 1774 erga
3333 1701 3642 1772 corripien-

1946 1796 2059 1848 tem
2105 1793 2414 1849 Dominum
2464 1793 2820 1862 impudentia
2862 1801 2916 1848 et
2964 1791 3456 1863 incorrigibilitate
3494 1805 3644 1846 com-

1947 1881 2174 1937 meruit.

2619 1950 2843 2006 CAPUT
2884 1951 2956 2004 II.

2017 2057 2192 2112 Porro
2229 2057 2298 2111 de
2331 2056 2791 2111 inconvenientia
2834 2056 3283 2125 Evangeliorum
3329 2069 3504 2124 super
3543 2068 3636 2109 ca-

1949 2144 2130 2214 pitulo
2161 2144 2256 2199 illo
2289 2159 2301 2198 :
2344 2147 2719 2200 Verumtamen
2759 2159 2952 2197 manus
2994 2144 3260 2197 tradentis
3307 2158 3407 2208 me,
3440 2158 3642 2196 mecum

1948 2238 2025 2289 est
2069 2237 2128 2287 in
2176 2249 2360 2287 mensa
2414 2235 2557 2302 (Lac.
2594 2249 2729 2298 xxii,
2781 2235 2891 2300 21),
2938 2232 3094 2301 quod
3144 2231 3447 2286 Matthaus
3492 2232 3640 2285 Mar-

1949 2337 2165 2392 cusque
2219 2323 2597 2390 prascribunt
2651 2321 2867 2388 (Matth.
2929 2335 3084 2386 xxvr,
3144 2322 3242 2389 23;
3294 2322 3466 2374 Marc.
3525 2333 3640 2386 xw,
3707 2328 3714 2331 '

1952 2410 2068 2475 19);
2119 2412 2299 2464 Lucas
2345 2423 2478 2463 vero
2531 2407 2780 2476 corporis
2830 2407 3108 2462 Dominici
3161 2405 3448 2461 traditioni
3499 2405 3644 2460 sub-

1948 2497 2164 2552 scribit.
2208 2496 2264 2552 Si
2304 2496 2405 2552 tibi
2446 2496 2838 2566 respondeam,
2877 2495 3029 2549 circa
3069 2495 3241 2550 vitem
3283 2502 3337 2550 et
3380 2494 3640 2562 patulum

1949 2586 2217 2652 morabor
2264 2586 2477 2652 orbem,
2532 2599 2663 2639 cum
2719 2598 2861 2653 pene
2920 2584 3193 2638 ridendus
3237 2584 3328 2648 sit,
3387 2583 3488 2651 qui
3536 2582 3644 2636 hoc

1948 2674 2173 2744 quasiit
2202 2674 2366 2744 quasi
2396 2673 2496 2743 qui
2529 2673 2585 2728 in
2619 2673 2802 2741 scirpo
2835 2673 3051 2728 nodum
3083 2671 3373 2741 repererit.
3407 2670 3462 2725 Si
3489 2670 3642 2725 enim

1948 2763 2202 2817 ordinem
2247 2761 2635 2831 capitulorum
2672 2761 2870 2816 eadem
2923 2760 3256 2826 dicentium,
3293 2759 3379 2813 vel
3413 2759 3560 2814 inter
3585 2773 3644 2812 se

1947 2849 2387 2916 dissonantium,
2422 2849 2479 2904 in
2525 2849 2854 2919 Evangeliis
2893 2862 3122 2918 quaras
3172 2856 3284 2903 tam
3336 2855 3640 2916 praposte-

136 2937 311 2990 Porro
355 2936 538 2990 Lucas
587 2936 839 3005 primum
887 2951 1019 2992 eum
1071 2937 1142 2990 ad
1181 2951 1344 2990 esum
1386 2937 1610 3005 pascha
1636 2939 1833 2994 discu-
1872 2974 1912 3029 ρ
1949 2946 2091 3004 rata,
2121 2939 2261 2994 adeo
2295 2939 2594 2993 immutata
2623 2937 2898 3002 invenies,
2942 2945 3005 2992 ut
3035 2936 3104 2990 de
3138 2935 3359 2990 tantillo
3394 2936 3499 2990 hoc
3540 2931 3643 2989 tibi

135 3025 331 3080 buisse
374 3039 652 3091 asserens,
683 3033 738 3080 et
767 3023 1068 3080 duodecim
1102 3025 1383 3093 apostolos
1411 3040 1543 3080 cum
1576 3040 1640 3080 eo
1676 3027 1827 3094 (Luc.

131 3129 278 3180 xxn,
326 3114 432 3184 14),
471 3114 625 3183 quod
669 3121 724 3169 et
769 3113 1072 3169 Matthaus
1111 3120 1164 3168 et
1195 3113 1423 3168 Marcus
1449 3114 1671 3181 dicunt,
1714 3123 1836 3183 post

133 3204 421 3258 dationem
455 3203 648 3259 calicis
678 3201 848 3257 infert
882 3217 894 3255 :
926 3203 1192 3270 Accipite,
1228 3208 1277 3256 et
1307 3203 1540 3256 dividite
1572 3205 1714 3256 inter
1742 3219 1834 3259 vos

136 3291 326 3361 (ibid.,
378 3292 485 3360 18).
529 3291 632 3346 Sed
673 3299 728 3346 et
759 3304 964 3359 panem
997 3290 1212 3361 gratias
1246 3304 1443 3361 agens,
1485 3297 1538 3345 et
1578 3291 1830 3362 fregisse,

130 3389 187 3437 et
219 3381 304 3435 eis
332 3381 554 3454 dedisse
579 3379 981 3435 subscribitur.

205 3469 262 3526 Si
293 3484 432 3538 ergo
470 3455 546 3522 de)
583 3468 757 3522 calice
796 3468 869 3522 ab
898 3467 1168 3522 omnibus
1211 3467 1355 3521 facta
1391 3468 1536 3522 inter
1559 3481 1652 3523 eos
1680 3467 1833 3522 divi-

131 3559 292 3614 sione
344 3557 711 3624 combibitur,
749 3557 926 3612 .ludas
953 3555 1288 3610 nullatenus
1319 3556 1634 3626 excipitur;
1669 3555 1768 3626 qui
1799 3570 1833 3610 a

133 3647 348 3715 pedum
393 3646 679 3702 lavatione
727 3645 879 3714 apud
927 3645 1205 3700 Joannem
1249 3659 1644 3713 nequaquam,
1700 3659 1832 3699 cum

124 3736 249 3805 jam
279 3735 543 3790 conscius
567 3741 712 3790 esset
742 3733 1097 3804 proditionis,
1132 3733 1480 3788 excluditur.
1523 3733 1641 3788 Etsi
1679 3733 1831 3788 enim

129 3824 296 3879 nulla
361 3824 716 3878 adniteretur
783 3821 1117 3887 auctoritas,
1180 3821 1362 3876 multa
1426 3828 1615 3877 tamen
1685 3823 1830 3878 ratio

129 3919 479 3982 suppeteret,
543 3925 642 3980 pro
707 3909 827 3965 sola
882 3909 1248 3978 conceptione
1310 3909 1588 3976 criminis,
1659 3925 1832 3980 quem

129 4009 327 4070 aperta
356 4013 531 4068 opera
567 4013 681 4053 non
719 3999 1046 4067 probarent,
1096 3997 1382 4052 hominem
1417 4012 1450 4052 a
1481 3999 1602 4054 suis
1632 3999 1831 4069 gradi-

131 4091 260 4152 bus,
308 4097 364 4143 et
405 4087 862 4143 commilitonum
912 4087 1203 4141 communi
1266 4087 1453 4156 gratia
1500 4087 1832 4143 nullatenus

130 4176 470 4233 arcendum.
518 4176 641 4245 Ipse
683 4175 835 4230 enim
886 4175 1130 4242 dixerat,
1163 4182 1216 4230 et
1264 4175 1493 4230 difﬁteri
1531 4191 1641 4230 non
1677 4183 1829 4245 pote-

132 4272 261 4321 rat:
298 4264 474 4319 Nolite
505 4262 757 4328 judicare
795 4264 1013 4332 (Matth.
1061 4275 1158 4327 vn,
1199 4262 1270 4331 1).
1313 4261 1470 4328 Quod
1515 4262 1570 4316 in
1603 4262 1829 4318 arcanis

132 4362 431 4425 peccatum
475 4351 667 4406 adhuc
698 4351 893 4415 latens,
930 4351 1029 4419 qui
1063 4365 1259 4406 omnes
1293 4352 1362 4406 ad
1394 4352 1636 4406 salutem
1667 4367 1827 4407 com-

131 4440 346 4512 pellare
381 4445 633 4503 venerat,
668 4452 1041 4508 nequaquam
1085 4445 1224 4493 tunc
1256 4439 1524 4508 temporis
1554 4440 1830 4495 damnare

129 4530 430 4584 debuerat.
467 4526 628 4593 Quod
672 4534 864 4582 autem
911 4526 978 4581 de
1015 4527 1188 4581 calice
1234 4526 1463 4594 dicitur,
1510 4541 1614 4596 par
1651 4533 1734 4582 est
1763 4540 1831 4581 ac

128 4619 174 4672 si
204 4617 408 4673 eadem
450 4616 739 4671 evidentia
767 4616 936 4671 etiam
977 4615 1044 4670 de
1092 4629 1238 4684 pane
1269 4616 1573 4680 diceretur,
1608 4629 1740 4671 cum
1773 4615 1831 4669 in

130 4716 381 4776 utroque
411 4704 660 4776 dignitas
689 4718 811 4773 par,
842 4703 955 4758 imo
983 4703 1265 4772 identitas,
1303 4705 1606 4760 habeatur.

197 4794 307 4860 Qui
339 4793 492 4848 enim
524 4792 575 4847 ei
613 4800 663 4847 et
696 4791 1042 4861 baptizandi,
1077 4792 1358 4847 damonia
1388 4791 1649 4862 ejiciendi
1680 4806 1832 4847 mor-

129 4884 351 4954 bosque
397 4881 643 4937 curandi
685 4894 816 4936 cum
851 4881 1070 4936 cateris
1094 4880 1191 4950 jus
1224 4881 1475 4949 dederat,
1507 4880 1554 4937 si
1583 4880 1655 4955 ad
1693 4881 1834 4936 ulti-

130 4987 291 5029 mum
352 4970 404 5026 ei
457 4969 711 5040 maligna
771 4969 1036 5024 tractanti
1084 4969 1344 5024 collatam
1395 4969 1521 5024 aliis
1583 4969 1830 5040 gratiam

130 5060 494 5121 detraxisset,
541 5072 746 5114 causas
785 5057 834 5113 ei
878 5057 1132 5113 forsitam
1176 5058 1516 5129 peragenda
1552 5058 1823 5128 proditio-

132 5150 220 5204 nis
249 5148 532 5204 auxisset.
565 5145 710 5212 Quid
742 5147 894 5202 enim
927 5146 1133 5212 virtus,
1176 5161 1306 5216 qua
1337 5155 1627 5216 operatur,
1657 5147 1831 5217 juxta

130 5236 494 5307 Apostolum,
519 5235 577 5289 in
610 5234 852 5290 salutem
871 5235 1028 5289 omni
1055 5235 1308 5290 credenti
1327 5238 1496 5301 (Rom.
1522 5251 1558 5301 ι,
1588 5235 1693 5304 16),
1721 5235 1827 5290 nisi

130 5326 380 5396 Spiritus
422 5330 656 5378 sanctus
684 5331 786 5389 est,
819 5337 889 5378 ex
919 5337 1035 5392 quo
1069 5330 1314 5392 potestas
1343 5337 1518 5394 super
1547 5324 1832 5378 damonia

132 5415 564 5485 languoresque
611 5412 901 5466 curandas
943 5411 1228 5481 emergit?
1281 5411 1459 5478 Dedit,
1507 5411 1717 5481 inquit,
1769 5415 1848 5480 eis

134 5507 402 5558 virtutem
465 5505 516 5555 et
565 5505 884 5570 potestatem
937 5515 1099 5570 super
1150 5501 1332 5554 omnia
1374 5501 1640 5555 daemonia
1694 5501 1843 5573 (Luc.

1943 3031 2210 3084 videatur
2250 3030 2554 3099 magistros
2595 3029 2982 3098 interpellasse
3031 3027 3284 3083 tatuitas.
3319 3026 3447 3082 Sive
3488 3027 3640 3081 enim

1946 3119 2244 3188 pracedat,
2272 3118 2392 3173 sive
2421 3125 2698 3187 sequatur
2742 3117 2847 3171 hoc
2885 3116 3151 3182 verbum,
3186 3115 3267 3169 nil
3309 3113 3502 3169 ofﬁcit.
3536 3114 3642 3169 Sed

1946 3207 2002 3261 in
2024 3207 2232 3262 harum
2257 3206 2508 3275 partium
2531 3190 2826 3274 dequibus
2844 3204 3090 3274 agimus,
3112 3201 3493 3258 controversia
3511 3216 3641 3271 qua

1945 3296 2173 3351 videtur
2229 3294 2480 3363 plurima
2537 3308 2652 3348 non
2700 3293 2949 3361 epistola
2997 3291 3094 3347 sed
3147 3291 3277 3346 libri
3335 3289 3641 3346 necessarii

1943 3391 2098 3440 sunt.
2132 3385 2203 3439 Et
2239 3391 2387 3438 certe
2426 3382 2482 3436 in
2523 3381 2644 3452 ipso
2681 3381 2907 3450 pascha
2945 3381 3154 3435 veteris
3185 3379 3374 3449 epulo,
3416 3386 3469 3434 et
3514 3385 3642 3448 post

1941 3473 2077 3528 novi
2125 3471 2490 3526 traditionem
2541 3471 2812 3539 mysterii,
2870 3469 3206 3538 aliquantus
3258 3468 3328 3522 ad
3384 3480 3641 3522 mensam

1942 3560 2099 3615 illam
2133 3558 2407 3628 proditori
2440 3572 2740 3613 consessus
2773 3557 2898 3624 fuit,
2941 3565 2996 3611 et
3045 3555 3377 3610 temerarias
3410 3554 3641 3622 utrique

1939 3649 2129 3705 edulio
2172 3661 2380 3702 manus
2423 3646 2705 3714 apposuit.
2739 3646 2854 3699 Aut
2893 3644 3034 3714 quid
3076 3644 3289 3698 mirum
3334 3643 3380 3697 si
3417 3649 3642 3710 tempus

1942 3750 2045 3806 pro
2073 3744 2325 3803 tempore
2351 3734 2425 3790 ab
2459 3731 2811 3802 evangelista
2843 3731 3090 3800 positum
3124 3739 3225 3797 est,
3261 3738 3325 3786 ut
3355 3729 3641 3785 diceretur

1941 3831 2019 3879 est
2051 3838 2155 3894 pro
2197 3825 2346 3890 fuit?
2397 3821 2550 3876 Scias
2593 3821 2732 3890 quia
2777 3819 2900 3875 istic
2942 3819 3314 3875 dicendorum
3345 3817 3506 3888 copia
3548 3832 3639 3874 me

1941 3913 2169 3982 inopem
2200 3910 2351 3967 facit.
2603 3979 2827 4035 CAPUT
2867 3979 2943 4034 ΠΙ

2010 4089 2147 4157 Agit
2189 4092 2376 4142 contra
2422 4088 2882 4153 Berengarianam
2929 4085 3192 4139 haeresim.
3239 4114 3308 4123 —
3350 4083 3452 4140 Sed
3500 4098 3642 4154 quo-

1941 4176 2096 4231 niam
2128 4176 2196 4232 de
2243 4174 2469 4230 Domini
2509 4189 2744 4244 corpore
2780 4171 3237 4243 objectiunculas
3269 4171 3391 4227 ﬁeri
3423 4171 3638 4241 episto-

1871 4271 1911 4323 D
1937 4266 2006 4321 Ia
2036 4271 2236 4320 auctor
2265 4262 2426 4331 dicit,
2457 4263 2609 4332 quod
2640 4263 2892 4333 signum,
2937 4269 2992 4316 et
3030 4274 3146 4315 non
3189 4260 3404 4315 veritas
3433 4267 3635 4327 exstet,

1936 4367 2119 4424 pauca
2151 4351 2254 4407 etsi
2284 4351 2478 4415 exilia,
2520 4364 2693 4420 super
2733 4365 2798 4406 eo
2831 4349 3307 4418 contemplemur.
3345 4349 3402 4404 Si
3433 4349 3642 4403 umbra

1937 4451 2038 4508 est,
2071 4449 2125 4498 et
2156 4455 2271 4495 non
2297 4454 2527 4509 corpus,
2563 4439 2620 4493 in
2652 4439 2917 4494 umbram
2949 4438 3018 4492 de
3050 4436 3259 4492 umbra
3298 4436 3637 4500 decidimus,

1937 4531 2050 4585 imo
2095 4529 2154 4583 in
2195 4528 2476 4584 deteriora
2506 4527 2671 4582 valde
2701 4526 3059 4582 devenimus.
3097 4524 3152 4580 Si
3184 4525 3375 4591 boves,
3409 4527 3637 4591 arietes,

1939 4630 2145 4686 capra,
2189 4624 2465 4682 turtures,
2509 4615 2810 4682 columba,
2859 4622 2913 4670 et
2954 4628 3224 4684 passeres,
3267 4613 3402 4668 olim
3435 4628 3639 4682 pecca-

1944 4713 2063 4761 tum
2102 4704 2349 4771 fuerant,
2383 4705 2568 4759 hostia
2598 4704 2858 4760 videlicet
2888 4717 2991 4772 pro
3024 4710 3270 4772 peccato,
3306 4702 3385 4757 ita
3416 4709 3478 4756 ut
3507 4715 3640 4756 car-

1941 4793 2032 4848 nis
2071 4792 2309 4863 justitia
2356 4800 2720 4859 vocarentur,
2769 4800 2824 4847 et
2861 4791 3181 4846 secundum
3227 4789 3638 4846 conscientiam

1944 4882 2170 4937 salvum
2212 4895 2324 4936 non
2374 4889 2603 4950 possent
2647 4881 2829 4937 facere
2873 4881 3236 4944 servientem,
3279 4887 3497 4948 quanto
3526 4878 3640 4933 mi—

1947 4985 2058 5026 nus
2088 4970 2134 5024 si
2165 4968 2379 5039 species
2410 4968 2680 5034 creditur,
2723 4975 2777 5024 et
2815 4981 2930 5023 non
2969 4981 3076 5035 res,
3113 4967 3208 5022 illa
3241 4966 3445 5023 tantilli
3478 4967 3642 5036 panis

1947 5059 2086 5114 adeo
2119 5057 2459 5113 miserabilis
2490 5057 2803 5128 quantitas,
2839 5056 2994 5112 omni
3025 5056 3354 5111 animarum
3392 5056 3641 5111 remedio

1948 5147 2188 5218 indigna
2211 5146 2337 5214 erit,
2371 5147 2440 5202 de
2473 5160 2588 5215 quo
2619 5145 2665 5200 si
2703 5145 3264 5211 manducaverimus,
3308 5159 3423 5199 non
3453 5144 3639 5200 abun-

1950 5236 2238 5304 dabimus,
2293 5236 2338 5291 si
2394 5249 2509 5289 non
2563 5233 3026 5302 manducaveris,
3078 5246 3192 5287 non
3252 5233 3453 5303 utique
3509 5234 3642 5288 deli-

1950 5324 2186 5380 ciemus.

2023 5412 2079 5468 Si
2125 5426 2262 5481 ergo
2314 5418 2626 5480 utrumque
2668 5411 2902 5479 species,
2947 5417 3003 5465 et
3050 5410 3107 5463 in
3153 5417 3358 5467 neutro
3406 5411 3640 5477 veritas,

1955 5516 2170 5558 novum
2203 5499 2528 5569 baptismati
2565 5499 2800 5555 Joannis
2841 5497 3189 5570 aquabitur,
3231 5500 3288 5556 in
3321 5500 3498 5556 veteri
3528 5515 3646 5555 non
