3934 6086
266 157 364 209 531

1143 145 1207 199 V.
1246 141 1585 200 GUIBERTI
1623 139 1916 196 ABBATIS
1952 137 2012 195 S.
2064 136 2307 194 MARI/E
2348 138 2437 194 DE
2476 128 2874 195 NOVIGENTO

3674 133 3789 186 532

266 286 521 360 proderit
551 285 780 341 interna
808 282 1042 344 utilitas,
1084 280 1181 336 sed
1226 278 1483 335 materiei
1515 276 1762 347 pretium
1808 289 1962 345 prae-
1999 276 2047 329 Α
2078 275 2215 329 vivit
2258 277 2480 343 propter
2521 288 2602 327 me
2649 274 2824 340 (Joan.
2856 286 2935 337 v1,
2982 271 3116 340 58.),
3164 277 3341 327 cesset
3372 268 3607 337 umbra,
3648 282 3788 325 ces—

268 376 543 433 eminebit
592 379 878 444 quantum
915 368 1189 424 animalia
1225 367 1307 423 rei
1339 366 1644 432 exanimae,
1679 372 1963 435 quantum

270 480 338 521 ea
387 478 518 534 quae
570 476 703 517 caro
757 467 1052 525 emuntur,
1114 456 1381 527 panibus,
1442 454 1603 510 obolo
1659 453 1963 520 similibus,

270 558 563 623 praestant.
608 551 678 604 Et
720 554 867 603 certe
908 553 1075 601 vetus
1117 544 1229 599 alio
1265 557 1501 614 quoque
1542 542 1708 598 modo
1744 553 1968 610 przeva-

270 641 386 697 lere
434 637 788 708 probabitur.
837 634 891 689 Si
940 647 1147 689 verum
1184 641 1265 687 est
1311 631 1465 702 quod
1513 630 1586 686 ab
1635 627 1969 685 auctoribus

270 728 541 789 traditur,
585 738 703 794 quo
748 722 978 794 quidem
1028 720 1110 775 nil
1164 720 1360 776 verius
1405 726 1536 775 ante
1575 715 1969 773 circumcisio-

270 829 404 871 nem
452 812 735 883 originale
772 817 1071 880 peccatum
1119 807 1410 865 sacriﬁciis
1444 806 1790 862 solvebatur.
1839 804 1972 860 Haec

271 910 464 958 autem
515 900 700 956 hostia
753 906 950 954 nostra
1007 911 1170 967 passo
1222 894 1395 951 semel
1446 883 1706 959 Domino,
1755 892 1802 946 si
1852 891 1971 946 sola

266 991 420 1061 passi
452 990 659 1059 ﬁgura,
699 995 762 1043 ut
792 988 1025 1053 dicitur,
1059 987 1155 1054 sit,
1195 986 1239 1040 si
1269 984 1410 1055 quid
1443 984 1561 1039 veri
1591 982 1820 1047 efﬁciat,
1863 994 1968 1034 ne-

269 1080 403 1134 scio.
450 1077 609 1142 Quod
648 1077 697 1131 si
734 1076 854 1131 sola
887 1074 1084 1130 mortis
1121 1074 1279 1129 illius
1324 1072 1601 1128 memoria
1647 1078 1749 1137 est,
1802 1069 1972 1140 quasi

269 1167 470 1237 aliqua
500 1173 602 1221 aut
639 1164 760 1229 Dei,
795 1170 897 1219 aut
924 1162 1106 1218 sancti
1137 1161 1487 1232 cujuspiam,
1521 1174 1652 1230 quae
1684 1160 1742 1214 in
1772 1157 1969 1214 Eccle-

272 1256 358 1311 sia
401 1253 561 1324 pingi
605 1252 745 1308 solet
793 1251 1003 1322 imago,
1056 1248 1445 1320 perfunctoria
1484 1256 1586 1305 est.
1639 1246 1799 1313 Quod
1836 1260 1973 1317 ergo

271 1342 458 1398 solum
488 1341 716 1411 przetert
747 1339 987 1395 rudium
1018 1338 1200 1394 oculis
1228 1337 1667 1403 monimentum,
1699 1349 1969 1406 parvum,

273 1438 376 1486 aut
408 1430 637 1485 nullum
668 1435 899 1497 praestat
924 1425 1283 1496 sapientibus
1310 1425 1733 1496 adjumentum.

345 1517 452 1573 Sed
504 1517 649 1571 scire
699 1515 871 1570 velim
930 1528 1113 1584 quare
1158 1513 1309 1569 calix
1365 1512 1669 1584 sanguinis
1723 1510 1859 1567 novi
1916 1516 1971 1565 et
2010 1547 2050 1600 Β

275 1604 476 1661 aeterni
534 1602 855 1659 testamenti
903 1602 1115 1657 dicitur
1164 1602 1378 1669 (Matth.
1427 1616 1581 1670 xxvr,
1642 1602 1739 1666 28;
1797 1601 1967 1653 Marc.

275 1708 391 1759 xiv,
422 1694 519 1762 2i;
570 1693 698 1746 Luc.
748 1705 890 1758 xxn,
940 1692 1052 1757 20),
1095 1690 1195 1745 ubi
1236 1688 1377 1759 quid
1428 1689 1759 1753 innovatur,
1805 1694 1969 1743 vetu-

276 1787 393 1835 stas
444 1780 780 1849 abrogatur.
840 1777 993 1842 Quod
1053 1776 1206 1832 enim
1267 1779 1592 1844 antiquatur
1651 1780 1702 1828 et
1753 1776 1974 1828 senescit

272 1883 445 1938 prope
489 1868 772 1920 interitum
813 1871 893 1918 est
931 1865 1115 1931 (Hebr.
1144 1878 1266 1927 vm,
1303 1864 1410 1933 13).
1447 1863 1714 1920 Vetustas
1747 1863 1805 1918 in
1836 1877 1973 1932 pec-

279 1962 405 2011 cato
435 1954 484 2010 si
528 1961 631 2022 est,
672 1961 727 2008 et
769 1952 994 2009 novitas
1044 1953 1102 2007 in
1149 1952 1367 2023 gratia;
1418 1952 1605 2022 gratia
1644 1952 1766 2021 ipsa
1813 1951 1976 2007 nulla

277 2051 380 2111 est,
449 2043 560 2097 nisi
621 2041 693 2096 ad
750 2041 1127 2096 aeternitatem
1182 2040 1376 2110 possit.
1426 2040 1726 2095 IEternum
1781 2046 1977 2095 autem

279 2130 559 2202 quiddam
586 2136 848 2198 testatur,
878 2137 933 2185 et
961 2128 1218 2199 spondet.
1244 2128 1437 2199 Magni
1463 2127 1645 2198 igitur
1672 2127 1975 2198 cujusdam

280 2218 417 2275 boni
476 2217 761 2284 eﬁ'ectiva,
819 2224 874 2273 et
919 2231 1036 2272 non
1082 2216 1290 2282 inanis,
1350 2223 1452 2271 aut
1502 2216 1827 2272 umbratica
1871 2223 1975 2271 est.

282 2307 444 2363 Unde
471 2313 528 2362 et
570 2306 629 2360 in
667 2304 1058 2360 consecrativo
1095 2318 1315 2373 canone
1352 2303 1503 2360 calix
1552 2304 1729 2360 isdem
1775 2310 1978 2373 myste-

278 2397 425 2448 rium
476 2394 609 2455 ﬁdei
660 2393 1010 2462 appellatur;
1063 2393 1400 2463 mysterium
1449 2393 1601 2448 enim
1655 2407 1771 2448 non
1814 2392 1980 2447 modo

280 2482 339 2538 in
388 2484 557 2550 bono,
612 2495 815 2537 verum
852 2488 907 2537 et
954 2481 1012 2535 in
1062 2481 1233 2544 malo,
1266 2488 1321 2536 et
1362 2481 1422 2535 in
1474 2481 1645 2552 nugis
1676 2480 1979 2550 accipitur.

279 2572 427 2628 Nam
465 2578 520 2627 et
550 2570 891 2639 mysterium
922 2568 1246 2638 iniquitatis
1271 2569 1510 2639 dicitur;
1543 2577 1597 2625 et
1630 2569 1778 2625 inter
1805 2582 1981 2640 agen-

282 2660 422 2714 dum
454 2659 815 2726 comoediam,
855 2658 899 2712 si
930 2657 1146 2724 videas,
1194 2657 1335 2726 quid
1374 2657 1655 2727 signiﬁcet
1697 2665 1861 2712 actus
1887 2656 1982 2712 ille

282 2746 624 2816 interrogas.
658 2746 757 2802 Est
794 2758 931 2815 ergo
971 2753 1288 2815 utrumque
1332 2745 1688 2815 mysterium,
1722 2746 1818 2800 sed
1849 2745 1981 2800 nul-

2075 369 2159 419 set
2194 361 2427 433 species,
2469 361 2602 417 vitae
2643 375 2710 416 ac
2739 359 2940 416 salutis
2985 357 3247 414 eﬁ‘ectiva
3284 357 3551 427 quaedam
3593 356 3658 411 in
3692 356 3789 411 his

2076 450 2361 521 mysteriis
2407 449 2603 505 anima
2640 447 2938 504 sentiatur.
2970 448 3060 512 Et,
3108 461 3140 501 ο
3175 445 3459 511 vecordia,
3492 447 3788 501 elemento

2076 538 2435 608 baptismatis
2466 551 2568 607 per
2613 534 3365 595 Trinitatis.invocationem
3411 541 3639 589 tantum
3681 532 3789 587 de-

2078 628 2279 695 fertur,
2313 635 2376 683 ut
2405 626 2690 696 simplices
2721 639 2889 693 aquae
2921 624 2992 679 ad
3042 630 3272 693 peccata
3299 622 3547 678 eluenda
3575 621 3786 676 fecun-

2078 716 2306 780 dentur,
2361 728 2428 769 ac
2474 713 2862 777 viviﬁcemur,
2912 720 2967 768 et
3014 712 3153 767 huic
3205 718 3562 766 sacramento
3617 709 3788 779 quod

2079 803 2306 874 proprio
2337 802 2434 858 Dei
2478 801 2651 857 verbo
2697 801 3020 866 conﬁcitur,
3053 799 3173 855 sola
3216 798 3422 854 stolida
3464 798 3660 869 ﬁgura
3685 796 3790 852 tri-

2078 891 2301 947 buiturl
2337 889 2534 946 Dicant
2560 890 2659 960 qui
2691 889 2799 945 hoc
2823 888 3056 959 signum
3081 888 3203 943 sine
3231 888 3468 943 veritate
3493 893 3784 950 asserant,

2080 983 2269 1050 ipsum
2315 993 2521 1048 corpus
2563 977 2925 1035 Dominicum
2975 977 3033 1032 in
3087 985 3240 1033 terra
3287 976 3499 1046 degens
3540 974 3785 1045 signum

2079 1070 2269 1136 fuisse,
2320 1069 2459 1124 dum
2506 1067 2662 1122 aliud
2702 1074 2873 1136 patet,
2915 1065 3074 1121 aliud
3111 1065 3266 1121 latet.
3311 1065 3600 1119 Latentem
3643 1076 3786 1133 ergo

2081 1158 2387 1213 Dominum
2420 1156 2478 1211 in
2532 1156 2761 1211 homine
2791 1154 3209 1210 difﬁtebimur?
3246 1156 3365 1223 Ipse
3404 1165 3723 1223 resurgens
3752 1164 3789 1204 a

2080 1247 2322 1302 mortuis
2350 1245 2688 1310 claritatem,
2719 1257 2898 1313 quam
2929 1241 3339 1298 resurrecturis
3370 1241 3787 1311 spoponderat,

2080 1334 2379 1403 discipulis
2405 1346 2520 1387 non
2552 1331 2817 1397 ostendit,
2847 1343 3023 1400 quam
3056 1336 3246 1385 tamen
3291 1335 3423 1383 ante
3453 1325 3791 1397 passionem

2080 1423 2140 1477 in
2171 1429 2362 1478 monte
2400 1434 2591 1476 coram
2638 1419 2823 1484 Petro,
2860 1419 3078 1474 Joanne
3119 1425 3175 1473 et
3215 1417 3422 1473 Jacobo
3463 1414 3789 1485 transﬁgu-

2084 1519 2245 1568 ratus
2273 1510 2614 1566 ostenderat.
2650 1507 2830 1575 Quem
2857 1506 3130 1563 humilem
3162 1505 3549 1575 dispensative
3568 1511 3791 1559 statum

2081 1599 2366 1666 exhibuit,
2397 1612 2469 1653 ne
2502 1597 2859 1669 incognitum
2900 1594 3121 1666 aliquid
3158 1595 3404 1651 rudibus
3441 1599 3543 1648 aut
3581 1591 3793 1647 insoli-

2081 1694 2206 1744 tum
2234 1694 2538 1753 ostentare,
2590 1683 2744 1741 unde
2787 1698 2933 1754 quos
2974 1683 3206 1740 erudire
3244 1682 3540 1748 debuerat,
3582 1691 3792 1735 eorum

2082 1791 2285 1833 sensus
2314 1776 2499 1846 magis
2522 1773 2887 1831 obtunderet.
2918 1771 3064 1839 Quid
3100 1772 3256 1841 quod
3283 1771 3342 1826 in
3381 1770 3521 1825 coelo
3566 1769 3795 1838 positus

2080 1877 2151 1919 ne
2193 1863 2439 1919 vulnera
2482 1862 2717 1933 quidem
2756 1875 2863 1918 sua
2901 1860 3189 1917 obducere
3232 1867 3333 1915 aut
3373 1857 3643 1914 servilem
3684 1856 3794 1911 for-

2081 1966 2234 2007 mam
2266 1965 2445 2022 quam
2485 1950 2679 2007 futuro
2710 1948 3145 2019 repraesentabit
3172 1946 3391 2019 judicio
3423 1960 3641 2002 exuere
3680 1958 3788 1999 vo-

2084 2040 2212 2107 luit,
2259 2040 2372 2095 imo
2433 2047 2560 2109 post
2601 2039 2887 2110 judicium
2949 2038 3237 2093 transiens
3290 2036 3358 2090 de
3414 2036 3679 2091 humano
3731 2033 3789 2087 in

2084 2128 2349 2185 divinum
2396 2134 2611 2183 statum
2656 2141 2776 2183 sese
2834 2140 3069 2181 rursum
3115 2123 3417 2180 alterabit‘?
3460 2122 3514 2178 Si
3569 2122 3627 2176 in
3694 2121 3788 2176 illa

2085 2232 2216 2287 quae
2253 2218 2406 2272 Deus
2454 2223 2509 2272 et
2556 2217 2723 2272 homo
2764 2223 2848 2271 est
2892 2213 3218 2270 substantia
3257 2219 3419 2267 tanta
3460 2210 3787 2280 specierum

2086 2305 2328 2361 mutatio
2374 2304 2499 2372 fuit,
2545 2311 2601 2360 et
2644 2311 2748 2371 est,
2798 2310 2852 2359 et
2900 2302 3093 2358 adhuc
3131 2301 3330 2358 futura
3376 2307 3482 2366 est,
3541 2299 3603 2354 in
3654 2299 3783 2366 ista,

2087 2409 2218 2464 quae
2247 2393 2473 2449 interim
2521 2393 2581 2448 in
2630 2393 2893 2463 praesenti
2940 2391 3013 2447 ad
3055 2398 3265 2446 nostrae
3309 2387 3552 2444 miseriae
3589 2387 3783 2443 muni-

2089 2490 2345 2539 mentum
2387 2489 2443 2538 et
2488 2480 2932 2537 consolationem
2976 2480 3228 2549 praestita
3268 2484 3371 2545 est,
3422 2490 3576 2532 nova
3619 2490 3787 2531 crea-

2088 2577 2221 2626 tura
2268 2577 2324 2625 et
2366 2568 2437 2624 ad
2487 2569 2585 2625 Dei
2632 2582 2700 2624 ac
2750 2568 3049 2623 hominum
3104 2566 3398 2632 unionem,
3445 2564 3660 2620 mirum
3714 2577 3786 2617 ne

2086 2666 2171 2715 est
2209 2659 2254 2714 si
2300 2659 2357 2713 in
2398 2658 2506 2714 hac
2547 2658 2668 2727 ipsa
2710 2656 2896 2726 specie
2936 2655 3103 2726 panis
3143 2669 3211 2710 ac
3252 2653 3375 2709 vini
3419 2653 3491 2709 ob
3538 2652 3786 2708 humani

2088 2761 2292 2803 sensus
2339 2747 2633 2803 horrorem
2679 2745 2762 2801 sic
2816 2744 3032 2813 relicta,
3094 2744 3264 2800 ﬁdem
3317 2750 3572 2799 nostram
3630 2742 3786 2797 Deus

282 2834 398 2889 lam
429 2833 659 2889 utilitati
703 2833 1089 2903 quaerentium
1118 2833 1358 2903 exigens
1388 2834 1577 2901 ﬁdem,
1612 2834 1754 2904 quid
1784 2834 1979 2904 itaque
2017 2838 2059 2894 C
2084 2835 2383 2893 exerceat?

283 2922 393 2978 sibi
424 2922 551 2978 vult
582 2922 953 2993 adjectivum,
993 2921 1162 2981 fidei?
1205 2922 1304 2977 Est
1344 2921 1512 2991 plane
1543 2936 1610 2977 ac
1638 2922 1683 2977 si
1715 2922 1928 2978 diceret
1962 2937 1975 2976 :

281 3016 574 3066 Arcanum
622 3010 798 3066 totius
841 3009 994 3072 ﬁdei,
1044 3009 1102 3064 in
1148 3025 1264 3080 quo
1303 3010 1514 3066 scilicet
1560 3010 1847 3066 universa
1883 3025 1980 3067 no-

282 3106 413 3155 strae
455 3098 811 3154 credulitatis
847 3099 1116 3169 majestas
1164 3098 1327 3165 latet;
1379 3099 1533 3155 unde
1570 3106 1632 3155 ut
1678 3099 1980 3170 sequentia

284 3186 514 3256 dicunt;
563 3186 683 3256 ipse
723 3186 875 3241 calix
921 3185 1226 3256 sanguinis
1272 3185 1523 3242 fructum
1573 3186 1630 3242 in
1678 3202 1736 3243 se
1792 3194 1979 3257 portat

281 3274 510 3330 nonnisi
555 3274 840 3343 divinum,
890 3273 1239 3330 remissionis
1278 3274 1543 3331 videlicet
1588 3283 1975 3346 peccatorum.

352 3363 556 3419 Dicant
582 3377 721 3433 ergo
754 3377 1023 3433 quamam
1048 3363 1259 3419 umbra
1285 3371 1390 3432 est,
1424 3379 1555 3434 qua:
1580 3371 1799 3420 tantam
1839 3379 1979 3435 par-

282 3451 425 3507 turit
470 3452 788 3507 veritatem.
840 3451 1015 3507 Miror
1061 3465 1294 3522 quoque
1339 3453 1555 3523 quibus
1597 3453 1837 3509 auribus
1866 3468 1979 3510 au—

285 3539 449 3596 diant
487 3540 663 3610 ipsius
700 3539 878 3595 verba
915 3540 1194 3608 veritatis,
1226 3543 1363 3598 Caro
1393 3556 1513 3595 mea
1548 3557 1670 3595 vere
1697 3547 1775 3596 est
1806 3543 1974 3611 cibus,

280 3632 508 3697 sanguis
544 3644 691 3682 meus
727 3644 848 3682 vere
890 3633 969 3683 est
1008 3634 1166 3697 potus
1207 3630 1385 3698 (Joan.
1434 3645 1511 3696 v1,
1543 3632 1652 3697 56),
1698 3630 1799 3686 ubi
1844 3645 1978 3687 vere

283 3716 583 3787 quidpiam
611 3724 722 3786 est;
763 3717 882 3773 sola
922 3716 1136 3787 species
1165 3725 1266 3772 aut
1303 3717 1424 3773 sola
1454 3718 1660 3774 umbra
1692 3719 1977 3789 quomodo

281 3804 409 3860 est?
461 3807 529 3861 Et
577 3812 728 3861 certe
775 3806 824 3860 si
879 3813 1001 3875 post
1045 3805 1360 3861 orationem
1404 3806 1715 3862 sacerdotis
1763 3806 1979 3877 species

283 3893 449 3962 panis
485 3893 901 3961 demutaretur,
951 3894 1008 3950 in
1048 3908 1301 3962 carnem,
1348 3895 1630 3950 contentio
1672 3896 1972 3964 sopiretur.

281 3982 416 4037 Ideo
469 3981 650 4053 igitur
705 3983 1015 4053 objectores
1081 3984 1233 4038 circa
1302 3984 1545 4053 speciem
1609 3993 1972 4042 exercentur.

279 4067 440 4134 Quod
458 4069 506 4125 si
534 4070 748 4138 species
777 4078 880 4139 est,
909 4078 964 4126 et
987 4070 1067 4126 nil
1099 4071 1272 4127 habet
1303 4072 1554 4142 amplius
1585 4087 1763 4143 quam
1792 4081 1973 4143 petra,

2157 2925 2319 2982 Certe
2366 2925 2491 2994 ipsa
2531 2924 2798 2991 Trinitas,
2846 2937 2977 2993 quae
3024 2922 3081 2977 in
3135 2921 3245 2977 hac
3291 2920 3410 2976 vita
3463 2920 3786 2976 necessario

2086 3023 2319 3085 propter
2360 3028 2464 3068 nos
2510 3012 2738 3080 dicitur,
2786 3012 2845 3066 in
2889 3012 3003 3066 Deo
3046 3008 3499 3066 substantialiter
3545 3009 3786 3064 minime

2085 3102 2462 3173 praedicatur;
2495 3101 2636 3171 quia
2664 3114 2868 3156 sensus
2904 3106 3116 3166 noster,
3150 3098 3253 3169 qui
3293 3098 3384 3153 hic
3410 3097 3643 3152 nonnisi
3684 3111 3786 3167 per

2086 3190 2336 3260 syllabas
2358 3197 2411 3245 et
2445 3189 2627 3258 spatia
2663 3189 2731 3245 de
2762 3189 2874 3244 Deo
2906 3188 3210 3252 imbuitur,
3249 3186 3305 3241 in
3337 3186 3655 3241 aeternitate
3687 3185 3785 3240 illa

2085 3280 2208 3334 sine
2252 3279 2385 3335 ullis
2419 3278 2680 3342 merulis,
2716 3291 2783 3333 ac
2814 3276 3146 3332 nominibus
3188 3274 3249 3330 in
3282 3274 3500 3331 lumine
3533 3273 3783 3330 videndo

2086 3368 2281 3423 lumen
2310 3366 2601 3438 agnitione
2629 3366 2854 3422 deitatis
2884 3365 3164 3434 impletur.
3200 3363 3255 3419 Si
3287 3364 3406 3419 haec
3432 3370 3488 3418 et
3512 3362 3628 3417 alia
3649 3378 3782 3433 quae

2084 3471 2199 3513 non
2243 3457 2507 3512 videmus
2548 3455 2855 3519 credimus,
2896 3462 2962 3509 ut
2990 3461 3072 3508 est
3110 3454 3170 3508 in
3207 3452 3543 3522 baptismate
3572 3452 3783 3506 remis-

2084 3544 2185 3614 sio,
2237 3544 2521 3615 supplicia
2559 3543 2621 3599 in
2667 3544 2910 3611 inferno,
2959 3543 3196 3613 praemia
3248 3541 3307 3596 in
3347 3555 3545 3611 regno,
3596 3554 3783 3610 quare

2086 3635 2179 3690 hic
2207 3633 2436 3704 appulsi
2481 3633 2746 3698 dicimus,
2790 3632 3079 3702 quomodo
3129 3629 3333 3700 poterit
3375 3629 3530 3684 Deus
3574 3642 3781 3697 parare

2085 3736 2343 3778 mensam
2374 3722 2432 3777 in
2464 3721 2728 3777 deserto?
2760 3721 2920 3791 (Psal.
2951 3734 3159 3785 Lxxvn,
3201 3718 3304 3789 19.)
3332 3719 3401 3773 Et
3429 3717 3473 3772 si
3502 3717 3702 3773 multis
3727 3724 3782 3772 et

2083 3811 2248 3868 bonis
2272 3817 2326 3866 et
2352 3808 2518 3865 malis
2555 3824 2687 3880 quae
2736 3824 2852 3864 non
2892 3808 3163 3869 vidimus.
3210 3807 3517 3871 credimus,
3549 3812 3614 3860 ut
3638 3805 3779 3875 quid

2083 3900 2144 3955 in
2186 3913 2301 3955 uno
2344 3898 2707 3964 oﬁ‘endimus,
2742 3900 2798 3952 et
2844 3897 2984 3952 alias
3027 3903 3331 3966 potentem,
3364 3894 3459 3950 hic
3492 3894 3781 3962 impoten-

2086 3996 2197 4045 tem
2249 3988 2432 4043 Deum
2488 3986 2768 4042 dicimus?
2812 3985 2894 4041 Ne
2944 3999 3080 4056 ergo
3136 3984 3508 4041 concidamus
3553 3998 3588 4038 a
3638 3983 3782 4040 facie

2083 4076 2229 4146 ejus,
2258 4076 2424 4146 quasi
2469 4074 2685 4131 inimici
2712 4075 2860 4146 ejus,
2895 4075 3036 4145 quia
3065 4075 3279 4130 veritas
3305 4082 3359 4129 et
3392 4072 3781 4128 misericordia

283 4170 416 4225 quae
443 4156 763 4213 secundum
794 4135 1128 4227 Apostolum
1158 4135 1419 4215 Christus
1442 4167 1526 4214 est
1570 4135 1619 4231 (ί
1644 4161 1762 4216 Cor.
1795 4135 1860 4226 x,
1891 4135 1971 4231 4),
2014 4135 2061 4189 Β
2086 4135 2184 4222 Dei
2213 4135 2315 4221 Isit
2378 4164 2438 4220 in
2487 4164 2710 4221 Christo
2742 4135 3081 4233 vtatea'mur;
3133 4172 3186 4219 et
3245 4163 3383 4234 quia
3433 4162 3492 4217 in
3544 4162 3780 4217 nomine

281 4244 462 4300 miror
491 4258 673 4314 quare
719 4252 926 4315 petras,
960 4247 1137 4318 ligna,
1181 4254 1236 4303 et
1264 4254 1469 4303 caetera
1509 4263 1641 4319 quae
1682 4248 1974 4305 Christum

279 4332 339 4388 in
367 4332 675 4403 Scripturis
705 4334 1027 4406 signiﬁcare
1066 4336 1360 4404 dicuntur,
1392 4351 1506 4392 non
1537 4351 1603 4393 ea
1629 4337 1971 4408 aspectione,

279 4428 335 4477 et
360 4421 532 4477 laude
563 4423 991 4493 prosequimur,
1025 4440 1144 4496 qua
1176 4424 1332 4481 illam
1360 4424 1657 4481 hostiolam
1691 4428 1875 4496 panis,
1909 4441 1977 4482 ac

277 4508 420 4576 vini,
455 4523 587 4579 quae
618 4510 676 4566 in
710 4510 876 4566 altari
909 4512 1231 4580 conﬁcitur,
1265 4525 1447 4583 quare
1484 4528 1600 4568 non
1629 4528 1697 4570 ea
1734 4536 1756 4564 α
1801 4514 1977 4571 bene-

279 4597 450 4663 dicta,
496 4598 807 4671 adscripta,
849 4607 999 4670 rata;
1034 4623 1063 4650 »
1107 4607 1162 4656 et
1191 4614 1426 4657 rursum
1471 4622 1492 4649 ε
1542 4615 1709 4671 pura,
1755 4611 1972 4672 sancta,

277 4692 332 4741 et
365 4685 766 4757 immaculata;
807 4687 939 4744 vitae
983 4702 1218 4759 quoque
1255 4696 1505 4754 internae,
1554 4709 1575 4736 υ
1619 4696 1721 4745 aut
1752 4708 1781 4741 α
1812 4691 1976 4746 salu-

280 4772 349 4828 tis
375 4782 696 4843 perpetum;
723 4796 743 4823 ι
771 4783 827 4831 et
856 4776 1127 4833 ultimum
1149 4784 1453 4848 postquam
1483 4801 1502 4827 ι
1531 4778 1589 4833 in
1609 4779 1854 4835 sublime
1876 4780 1976 4836 Dei

276 4860 461 4917 altare
487 4876 599 4932 per
618 4874 827 4920 manus
857 4865 1047 4934 angeli
1083 4887 1103 4914 ι
1139 4872 1288 4920 $84
1319 4867 1626 4923 sacerdotis
1652 4868 1977 4938 precatione

276 4949 625 5016 deferentur,
663 4953 817 5022 quod
852 4968 966 5009 non
996 4961 1081 5009 est
1122 4954 1279 5010 aliud
1310 4969 1486 5025 quam
1531 4957 1735 5014 Christi
1767 4973 1975 5029 corpus

274 5045 441 5094 extra
480 5040 635 5110 quod
683 5041 868 5097 omnis
914 5043 1101 5099 hostia
1142 5047 1309 5099 vacat
1343 5058 1356 5098 :
1390 5059 1573 5115 quare
1611 5060 1727 5103 non
1766 5047 1974 5103 iterum

275 5126 649 5197 sanctiﬁcata,
678 5130 990 5198 viviﬁcata,
1022 5145 1089 5188 ac
1116 5131 1414 5188 benedicta
1441 5134 1761 5191 vocamus?

346 5213 403 5269 Si
445 5229 603 5287 ergo,
635 5225 701 5273 ut
746 5218 847 5274 illa
888 5220 1170 5289 omittam,
1212 5221 1398 5278 hostia
1434 5237 1537 5292 per
1577 5223 1976 5281 sanctiﬁcatio—

275 5316 406 5357 nem
450 5303 732 5361 viviﬁcari
776 5306 1007 5376 dicitur,
1038 5310 1132 5366 cui
1182 5310 1546 5369 Dominicum
1592 5313 1861 5384 congruit
1887 5313 1972 5368 di-

273 5395 430 5446 ctum
481 5404 495 5445 :
547 5392 654 5458 Qui
693 5394 990 5450 manducat
1034 5411 1150 5453 non
1196 5398 1356 5455 aliud
1394 5399 1678 5471 quidlibet
1725 5401 1823 5457 sed
1869 5417 1970 5469 me,

2083 4254 2267 4310 Patris
2310 4255 2486 4321 venit,
2533 4267 2707 4324 super
2749 4253 3010 4309 carnales
3053 4252 3267 4308 hostias
3310 4249 3552 4307 exaltari
3594 4264 3778 4306 cornu

2081 4356 2235 4399 etus.

2110 4357 2235 4413 jus.

2749 4409 2979 4467 CAPUT
3017 4410 3114 4467 IV.

2153 4517 2371 4575 Alludit
2401 4518 2489 4574 his
2517 4516 2782 4574 sensibus
2812 4516 2953 4573 illud
2990 4517 3143 4587 quod
3184 4516 3243 4572 in
3273 4516 3418 4573 libro
3453 4516 3675 4589 Regum
3707 4517 3776 4572 ad

2083 4608 2266 4665 Eliam
2318 4606 2531 4663 dicitur
2577 4621 2590 4661 :
2634 4606 2831 4662 Recede
2876 4607 3020 4671 hinc,
3064 4605 3274 4676 inquit,
3318 4609 3368 4660 et
3410 4605 3549 4659 vade
3592 4610 3779 4659 contra

2080 4699 2352 4761 orientem,
2408 4700 2460 4749 et
2513 4694 2836 4749 abscondere
2890 4695 2950 4747 in
3002 4699 3237 4748 torrente
3295 4695 3507 4761 Carith,
3562 4697 3660 4762 qui
3702 4698 3779 4749 est

2083 4792 2272 4841 contra
2312 4784 2620 4851 Iordanem,
2667 4789 2718 4838 et
2762 4784 2842 4837 ibi
2891 4783 2958 4839 de
3009 4788 3241 4837 torrente
3298 4783 3443 4837 bibes
3500 4784 3600 4850 (Ill
3645 4785 3775 4851 Reg.

2082 4890 2218 4941 xvn,
2251 4877 2321 4939 3).
2354 4874 2528 4941 Elias,
2566 4872 2666 4943 qui
2697 4872 3112 4943 interpretatur
3141 4876 3281 4927 Deus
3308 4887 3454 4926 meus
3500 4874 3777 4941 Dominus,

2081 4961 2390 5017 Iudaicum
2435 4961 2714 5031 populum
2762 4961 2972 5032 signat,
3019 4961 3116 5016 cui
3170 4961 3231 5016 in
3272 4975 3380 5016 sua
3432 4960 3614 5030 ipsius
3656 4960 3781 5032 lege

2082 5049 2424 5106 creberrime
2471 5049 2820 5119 inculcatur,
2862 5052 2977 5118 Ego
3020 5051 3299 5117 Dominus,
3360 5049 3496 5106 huic
3542 5049 3783 5120 impera-

2082 5144 2179 5195 tur
2216 5145 2281 5194 ut
2325 5136 2479 5204 hinc,
2512 5137 2571 5193 id
2603 5145 2705 5206 est,
2743 5138 2816 5194 ab
2862 5138 3198 5195 inﬁdelitate
3240 5140 3485 5207 recedat,
3531 5139 3686 5210 quod
3721 5140 3779 5195 in

2082 5226 2376 5283 Abraham
2407 5227 2701 5297 primitivo
2730 5227 2943 5284 factum
2975 5235 3215 5284 constat.
3255 5227 3470 5285 Contra
3499 5228 3775 5286 orientem

2077 5313 2317 5384 jubetur
2348 5320 2413 5369 ut
2457 5314 2650 5381 vadat,
2685 5314 2744 5369 id
2772 5322 2860 5371 est
2902 5315 2975 5371 ad
3005 5315 3101 5371 Dei
3133 5316 3514 5387 cognitionem
3549 5331 3610 5373 se
3637 5317 3773 5372 diri-

2081 5409 2197 5473 gat.
2248 5403 2449 5459 Contra
2500 5416 2755 5474 namque
2800 5418 2917 5460 non
2975 5404 3161 5461 solum
3212 5419 3315 5476 pro
3365 5405 3631 5474 adverso,
3681 5406 3773 5463 sed
