3928 6070
150 217 256 267 533

1150 213 1368 269 EPIST.
1413 214 1502 269 DE
1542 212 1898 269 VERITATE
1943 214 2256 299 ΟΟΜΙΝΙῼΙ
2299 213 2665 269 CORPORIS.

3558 217 3661 272 534

146 358 207 408 et
238 366 341 422 pro
376 352 687 408 directione
726 364 874 419 saepe
912 350 1167 420 ponitur.
1224 351 1285 406 in
1326 358 1576 408 torrente
1607 350 1850 406 abscon-
1887 351 1936 405 Α
1962 350 2189 406 erudiat
2232 357 2304 406 te.
2347 353 2583 420 Cumque
2621 354 2852 407 venisset
2892 353 2967 406 ad
2998 357 3216 421 portam
3253 354 3516 419 civitatis,
3557 368 3657 423 ap-

147 440 331 505 ditur,
375 440 515 495 dum
563 440 712 494 intra
754 438 893 509 legis
936 437 1229 494 scientiam
1270 453 1304 493 a
1341 438 1537 495 multis
1569 454 1701 509 quae
1732 438 1856 509 lege

149 528 535 597 prohibentur
580 526 736 581 vitiis
783 533 1136 592 contutatur,
1180 534 1235 583 et
1278 534 1427 584 recte
1464 527 1589 597 ipsa
1633 535 1858 583 torrens

148 615 387 682 dicitur,
440 629 572 685 quae
618 629 737 670 non
787 614 1241 681 immutabiliter,
1294 616 1392 670 sed
1448 615 1854 684 perfunctorie,

146 712 205 761 et
251 705 419 775 quasi
460 704 532 759 ad
563 710 790 772 tempus
819 702 1011 757 datur.
1047 703 1208 759 Unde
1239 710 1295 759 et
1341 717 1375 757 a
1406 704 1581 759 Paulo
1611 709 1858 758 sanctum

148 796 410 848 saeculare
460 798 700 847 vocatur
737 791 924 857 (Hebr.
976 806 1054 856 ιχ,
1095 791 1170 862 1).
1217 791 1412 848 Carith
1460 801 1654 849 autem
1693 807 1860 849 voca-

150 881 346 947 batur,
398 880 554 951 quod
599 895 852 934 occursus
892 882 1038 946 ignis
1084 879 1514 949 interpretatur,
1562 882 1701 951 quia
1740 896 1857 951 quo

147 970 340 1039 magis
391 970 512 1040 lege
540 969 812 1024 mandato
858 968 932 1025 ab
983 968 1193 1025 illicitis
1240 969 1566 1038 arcebatur,
1616 985 1682 1026 eo
1728 984 1859 1027 am-

149 1059 310 1128 plius
338 1057 936 1127 concupiscentiarum
954 1058 1293 1113 occursibus
1315 1058 1675 1128 pulsabatur.
1701 1059 1859 1131 Ignis

146 1148 305 1203 enim
352 1146 818 1216 concupiscentia
868 1154 971 1202 est.
1020 1146 1183 1203 Unde
1229 1147 1536 1216 Apostolus
1586 1163 1598 1201 :
1654 1149 1855 1205 Concu-

142 1238 495 1304 piscentiam,
548 1235 760 1304 inquit,
810 1235 1129 1302 nesciebam,
1174 1238 1289 1289 nisi
1329 1237 1417 1290 lem
1458 1237 1657 1291 diceret
1691 1254 1704 1291 :
1739 1240 1857 1293 Non

147 1327 493 1392 concupisces
539 1325 714 1392 (Rom.
748 1338 845 1389 vn,
881 1328 954 1390 7).
993 1325 1206 1379 Contra
1231 1325 1539 1380 Iordanem
1582 1333 1683 1391 est,
1716 1326 1857 1395 quia

147 1427 264 1466 non
308 1412 491 1477 aliud,
523 1426 700 1481 quam
730 1412 1051 1467 secundum
1086 1414 1332 1482 gratiam
1364 1414 1724 1482 baptismatis
1760 1415 1855 1469 vi-

147 1514 284 1554 vere
329 1500 649 1556 volentium
700 1500 1066 1570 praesagium,
1100 1500 1215 1556 imo
1244 1501 1564 1568 auspicium
1597 1509 1699 1557 est.
1744 1504 1855 1557 Lex

146 1588 305 1644 enim
360 1588 713 1659 paedagogus
780 1597 975 1644 noster
1030 1596 1116 1644 est
1170 1588 1228 1643 in
1288 1589 1532 1645 Christo.
1598 1590 1676 1645 De
1731 1598 1854 1646 tor-

146 1685 330 1743 rente,
382 1677 590 1746 inquit,
639 1676 800 1743 bibit,
844 1678 985 1732 dum
1032 1677 1501 1747 qualemcunque
1550 1677 1848 1747 vapidnm,

146 1765 363 1821 scilicet
444 1765 832 1827 intellectum,
906 1765 976 1820 de
1056 1764 1201 1836 legis
1283 1766 1523 1822 scientia
1608 1768 1853 1836 populus

150 1854 369 1910 haurn.

217 1942 421 1998 Corvis
453 1941 709 2011 prthipit
736 1943 890 1998 Deus
919 1949 983 1997 ut
1018 1942 1093 1998 ibi
1123 1957 1258 1998 eum
1290 1950 1548 2013 pascant,
1582 1944 1719 2000 dum
1752 1958 1851 2000 sa-

145 2030 479 2086 cerdotibus
516 2030 697 2085 nimia
724 2029 1139 2086 sacriﬁciorum
1183 2031 1494 2088 ambitione
1543 2032 1850 2101 rapacibus

145 2118 424 2188 injungit,
473 2126 538 2173 ut
589 2132 721 2173 eum
769 2118 1039 2183 doceant;
1089 2119 1305 2189 quibus
1353 2120 1678 2175 Dominus:
1720 2122 1847 2184 Vos,

144 2207 247 2272 ait,
289 2208 499 2273 fecistis
542 2207 680 2260 hanc
716 2206 933 2260 domum
971 2208 1282 2276 speluncam
1318 2209 1592 2262 latronum
1627 2209 1846 2275 (Matth.

146 2308 266 2361 xxx,
322 2293 427 2363 13).
474 2293 581 2350 Sed
635 2301 692 2350 et
751 2294 906 2350 Elias
965 2294 1020 2349 in
1084 2302 1333 2350 torrente
1381 2310 1510 2350 cum
1564 2294 1742 2363 plebs,
1786 2303 1851 2352 ut

139 2383 320 2453 juxta
372 2382 711 2452 Apostolum
751 2382 976 2452 loquar,
1029 2383 1336 2452 requiescit
1381 2382 1437 2437 in
1488 2382 1628 2453 lege.
1681 2382 1848 2439 Corvi

146 2470 415 2527 deferunt
462 2484 666 2539 panem
698 2479 753 2527 et
796 2485 1001 2526 carnes
1042 2486 1230 2537 mane,
1263 2470 1523 2527 similiter
1560 2486 1759 2541 panem
1796 2483 1852 2529 et

144 2572 352 2614 carnes
384 2572 618 2628 vespere
662 2559 769 2629 (ιιι
811 2561 941 2626 Reg.
983 2574 1119 2627 xvu,
1162 2560 1242 2626 6),
1279 2559 1417 2614 dum
1464 2559 1522 2614 in
1564 2560 1852 2629 prosperis

144 2655 201 2702 et
236 2647 515 2712 adversis,
550 2647 705 2717 quod
749 2655 834 2703 est
876 2661 1045 2704 mane
1080 2656 1137 2704 et
1182 2662 1433 2717 vespere,
1480 2649 1846 2719 temporalem

141 2734 594 2804 jucunditatem,
638 2736 790 2805 quod
841 2736 1006 2805 panis
1048 2736 1352 2806 signiﬁcat,
1406 2751 1503 2805 per
1534 2738 1847 2792 sacriﬁcio-

145 2836 278 2878 rum
325 2824 742 2889 assiduitatem,
785 2832 841 2880 et
877 2825 1138 2880 carnales
1183 2824 1577 2882 observantias
1625 2825 1851 2895 populis

146 2912 512 2981 pollicentur.
554 2915 678 2967 Post
706 2914 821 2967 dies
852 2919 1031 2967 autem
1060 2916 1290 2969 siccatus
1320 2919 1398 2968 est
1425 2919 1630 2969 torrens
1661 2914 1846 2985 (ibid.,
1886 2928 1927 2984 (ς

145 3000 223 3070 7),
271 3001 415 3070 quia
467 3009 589 3071 post
633 3000 1110 3057 illuminationem
1153 3002 1476 3073 Evangelii,
1527 3003 1846 3073 gratiarum

144 3086 350 3158 legalis
386 3088 662 3144 doctrinae
705 3088 1095 3144 rudimentum
1142 3090 1329 3143 visum
1357 3096 1442 3144 est
1483 3088 1850 3145 credentibus

143 3176 218 3231 ad
250 3175 494 3231 salutem
530 3176 722 3232 minus
749 3175 1042 3231 sufﬁciens
1074 3192 1086 3230 :
1122 3179 1242 3232 Non
1269 3178 1411 3230 enim
1436 3179 1655 3245 pluerat
1686 3192 1849 3245 super

144 3269 351 3318 terram
383 3264 535 3333 (Gen.
574 3279 632 3329 ιι,
669 3264 746 3332 5),
796 3265 936 3334 quia
965 3266 1249 3321 adventus
1284 3265 1594 3320 Salvatoris
1625 3265 1846 3322 nullam

144 3352 205 3406 in
248 3351 409 3407 libris
456 3352 769 3417 veteribus,
817 3352 919 3422 qui
964 3353 1189 3408 nonnisi
1240 3360 1469 3408 terrena
1522 3354 1848 3422 promittere

141 3440 512 3502 videbantur,
547 3440 837 3496 infuderat
868 3441 1328 3512 intelligentiam.
1361 3443 1521 3498 Unde
1546 3450 1629 3497 est
1659 3458 1671 3497 :
1715 3445 1847 3497 Vir-

144 3534 313 3583 tutem
361 3544 581 3598 operum
622 3545 843 3583 suorum
887 3532 1241 3584 annuntiabit
1290 3536 1442 3585 285
1483 3533 1682 3600 populo
1727 3548 1844 3600 suo,

141 3622 205 3670 ut
235 3616 327 3670 det
353 3618 467 3670 illis
497 3617 863 3672 hereditatem
892 3620 1154 3684 gentium.
1188 3620 1356 3683 (Ps-ul.
1392 3634 1487 3679 cx,
1520 3621 1592 3683 6).

215 3704 420 3758 Factus
449 3712 529 3759 est
550 3707 727 3772 igitur
753 3721 925 3760 sermo
945 3708 1158 3760 Domini
1175 3707 1250 3760 ad
1269 3722 1388 3760 eum
1408 3706 1590 3761 dicens
1613 3723 1625 3761 :
1653 3708 1843 3775 Surge,

140 3792 283 3847 vade
312 3795 371 3846 in
399 3794 672 3862 Sarephta
718 3794 1067 3850 Sidoniorum
1107 3801 1157 3849 et
1188 3795 1429 3848 manebis
1471 3796 1552 3848 ibi
1588 3796 1690 3864 (Ill
1715 3796 1843 3860 Reg.

143 3896 283 3949 xvn,
318 3884 370 3948 8,
409 3884 485 3948 9).
512 3882 707 3938 Sermo
736 3884 962 3938 Domini
996 3883 1075 3948 tit,
1109 3897 1239 3939 cum
1274 3883 1529 3939 Verbum
1563 3883 1848 3939 invisibile

144 3978 412 4026 creatura
440 3970 653 4026 factum
676 3971 962 4041 apparuit.
989 3973 1059 4029 Ut
1088 3981 1291 4043 surgat
1316 3974 1595 4037 hortatur,
1620 3972 1761 4042 quia
1786 3978 1849 4027 ut

147 4058 219 4114 ab
249 4057 469 4114 intimis
501 4059 571 4114 ad
598 4073 850 4129 superna
878 4060 1089 4129 aspiret
1119 4075 1221 4130 per
1248 4074 1455 4116 novam
1489 4061 1735 4131 gratiam
1766 4060 1851 4115 in-

148 4146 382 4201 citatur.
420 4148 481 4200 In
522 4145 858 4216 Sarephtam
901 4148 981 4203 ire
1006 4148 1267 4218 jubetur,
1312 4163 1564 4218 cumque
1594 4149 1667 4204 sit
1696 4148 1847 4203 intra

149 4248 209 4289 se
242 4233 541 4289 tribulatio
586 4235 769 4304 panis,
805 4235 857 4290 id
889 4244 972 4290 est
1005 4235 1250 4304 penuria
1278 4236 1490 4291 divina;
1521 4235 1847 4306 intelligen-

149 4321 263 4389 tiae,
312 4321 459 4377 seire
507 4330 931 4392 commonetur;
977 4323 1257 4393 Sarephta
1308 4323 1521 4394 quippe
1566 4323 1848 4378 tribulatio

142 4411 312 4479 panis
359 4409 788 4479 interpretatur.
842 4411 1001 4476 Quod
1054 4411 1207 4467 enim
1261 4410 1317 4465 in
1377 4410 1689 4481 Evangelio
1736 4418 1849 4465 tres

150 4512 327 4567 panes
372 4506 600 4568 propter
635 4500 973 4555 Trinitatem
1018 4499 1168 4568 (Luc.
1221 4514 1278 4565 ιι,
1331 4498 1406 4570 5),
1448 4499 1554 4555 hoc
1601 4498 1695 4554 hic
1722 4498 1847 4554 sin-

148 4585 431 4656 gulariter
461 4586 800 4658 intelligitur
825 4594 1057 4657 propter
1086 4587 1384 4643 unitatem.
1417 4587 1547 4643 Hmc
1572 4586 1850 4655 Sarephta

148 4673 513 4729 Sidoniorum
556 4682 660 4740 est,
708 4675 849 4745 quia
893 4675 1016 4731 haec
1057 4682 1280 4746 egestas
1327 4689 1444 4744 qua
1493 4675 1625 4745 quis
1675 4675 1851 4730 tribu-

146 4761 323 4821 latur,
354 4762 413 4817 in
458 4762 539 4817 eis
588 4762 949 4832 potissimum
992 4770 1076 4818 est
1116 4763 1216 4832 qui
1265 4761 1523 4816 carnalia
1572 4762 1851 4818 inutiliter

145 4857 455 4904 venantur.
506 4849 740 4906 Sidonia
780 4852 934 4906 enim
981 4853 1196 4904 venatio
1240 4852 1456 4904 inutilis
1506 4850 1850 4920 interpreta—

144 4944 264 4993 tur.
324 4937 406 4993 Ibi
468 4953 703 5009 quoque
751 4952 986 4994 manere
1044 4938 1397 5008 praecipitur,
1445 4939 1584 4993 dum
1634 4937 1692 4994 in
1742 4938 1852 4993 hac

144 5026 602 5083 consideratione
653 5042 769 5083 non
827 5027 1075 5094 horarie,
1137 5028 1236 5082 sed
1293 5027 1671 5083 stationaliter
1718 5040 1850 5097 per-

146 5115 349 5170 sistere
376 5115 666 5171 edocetur.

216 5205 457 5272 Prwcepi
501 5205 583 5257 ibi
632 5204 850 5257 mulieri
888 5203 1068 5258 vidua:
1122 5208 1183 5258 ut
1221 5208 1416 5274 pascat
1466 5208 1515 5257 te
1560 5203 1663 5274 (ΙΙΙ
1716 5206 1845 5273 Reg.

146 5305 289 5357 xvn,
322 5293 404 5361 9),
458 5291 512 5345 id
556 5299 641 5347 est
687 5291 960 5347 mandavi
1008 5292 1273 5347 Ecclesize
1316 5291 1577 5347 cruciﬁxi
1622 5291 1849 5348 Domini

148 5387 330 5435 morte
363 5379 635 5447 viduatae,
676 5380 797 5436 sine
845 5380 964 5435 ulla
1005 5381 1169 5450 panis
1196 5388 1252 5435 et
1280 5380 1544 5435 carnium
1580 5380 1847 5435 matutini

148 5477 251 5525 aut
294 5483 529 5540 vespere
575 5470 868 5537 memoria,
912 5477 978 5525 ut
1024 5469 1297 5539 simplicis
1335 5469 1680 5525 documento
1720 5467 1849 5525 lidei

1892 1651 1933 1719 Β
2032 1643 2102 1694 Et
2150 1643 2360 1694 vocavit
2409 1657 2545 1709 eam,
2604 1640 2859 1710 dixitque
2900 1642 2950 1693 ei
2991 1656 3005 1694 :

1961 440 2154 507 paruit
2212 442 2262 492 ei
2318 442 2514 493 mulier
2566 440 2735 494 vidua
2791 443 3046 508 colligens
3097 442 3249 509 ligna
3301 441 3487 512 (ibid.,
3544 444 3655 508 10).

1964 527 2131 582 Porta
2174 526 2421 583 civitatis
2471 528 2588 597 ipse
2637 536 2721 584 est
2759 530 2863 599 qui
2899 530 3085 584 dicit:
3138 532 3251 597 Ego
3296 544 3416 583 sum
3464 531 3662 583 ostium

1963 614 2140 686 (Joan.
2191 630 2248 681 x,
2299 616 2376 685 9).
2426 617 2525 671 Est
2574 626 2766 671 autem
2820 616 3072 672 Ecclesia
3117 617 3337 684 civitas,
3392 616 3533 685 quia
3581 616 3661 672 ibi

1964 719 2149 761 unum
2188 719 2287 761 cor
2324 705 2600 761 habentes
2637 706 3019 761 communiter
3056 706 3279 761 ducunt
3324 704 3491 759 vitas.
3523 706 3661 761 .lure

1962 807 2102 864 ergo
2144 794 2394 863 primum
2437 794 2507 849 ad
2554 802 2777 864 portam
2823 794 3054 850 venitur
3096 810 3108 848 :
3153 802 3409 863 tuncque
3454 793 3661 849 mulier

1960 882 2142 938 vidua
2194 889 2435 952 apparet
2489 882 2628 952 quia
2685 883 2936 951 primum
2995 882 3258 940 Christus
3304 881 3657 952 agnoscitur,

1963 978 2221 1041 tuncque
2254 972 2485 1027 demum
2519 972 2660 1041 quid
2703 972 2775 1026 sit
2813 971 3065 1027 Ecclesia
3114 978 3284 1041 patet.
3337 972 3466 1026 Haec
3505 970 3661 1039 ligna

1963 1059 2198 1130 colligit,
2231 1059 2371 1130 quia
2400 1068 2718 1129 utrumque
2748 1060 3021 1128 populum
3053 1059 3108 1112 in
3138 1073 3197 1113 se
3229 1058 3424 1113 counit
3456 1073 3469 1111 :
3504 1057 3660 1127 quod

1962 1147 2114 1204 enim
2149 1148 2338 1217 paries
2358 1146 2494 1202 alibi
2525 1146 2735 1217 signat,
2769 1147 2878 1202 hoc
2908 1146 3033 1201 istic
3061 1146 3285 1217 lignum
3314 1160 3425 1200 non
3449 1144 3662 1199 incom-

1960 1236 2260 1291 venienter
2309 1243 2574 1302 ostentat,
2626 1249 2760 1290 nam
2814 1235 2930 1291 duo
2979 1235 3137 1306 ligna
3182 1235 3371 1290 crucis
3424 1235 3506 1289 sic
3553 1234 3661 1291 ista

1966 1324 2335 1394 portendunt,
2366 1331 2431 1380 ut
2460 1324 2709 1380 alterum
2742 1330 3064 1392 porrectum
3091 1323 3319 1380 Judaaos
3344 1337 3412 1377 ac
3441 1322 3489 1378 si
3519 1322 3656 1379 uni—

1963 1426 2164 1467 cornes
2198 1412 2426 1475 innuat,
2474 1412 2718 1467 alterum
2763 1419 3157 1466 transversum
3203 1410 3462 1480 gentiles,
3497 1425 3563 1467 ac
3611 1410 3660 1466 si

1961 1513 1992 1553 e
2017 1499 2243 1554 diverso
2272 1500 2742 1556 subintroductos
2771 1499 3052 1555 ostendat.

3056 1643 3137 1695 Da
3189 1642 3329 1695 mihi
3373 1641 3659 1710 paululum

1960 1744 2117 1798 aquae
2158 1731 2216 1781 in
2262 1744 2388 1783 vase
2435 1734 2496 1783 ut
2553 1729 2731 1783 bibam
2780 1730 2883 1799 (Ill
2939 1732 3067 1797 Reg.
3125 1744 3268 1797 xvn,
3328 1731 3433 1798 10).
3479 1729 3660 1785 Vocat

1959 1831 2084 1872 eam
2129 1832 2261 1873 cum
2302 1825 2563 1887 patenter
2600 1817 2840 1873 addiscit
2883 1818 3197 1874 vocationis
3227 1819 3489 1873 omnium
3520 1817 3659 1872 tide—

1959 1905 2104 1961 lium
2135 1920 2389 1961 causam.
2425 1907 2651 1976 Aquam
2689 1907 2745 1960 in
2775 1920 2911 1961 vase
2941 1906 3063 1961 dari
3095 1906 3203 1961 sibi
3234 1906 3564 1975 expostulat
3596 1913 3661 1961 ut

1960 1994 2136 2061 bibat,
2166 2008 2299 2050 cum
2345 1994 2662 2049 doctrinam
2710 2009 2826 2049 non
2876 2008 2977 2063 per
3024 1995 3368 2061 deutereses,
3401 2002 3467 2049 ut
3508 1993 3659 2048 sole-

1957 2083 2055 2139 bat
2086 2082 2428 2148 ﬂuitantem,
2475 2083 2570 2137 sed
2604 2083 2661 2137 in
2715 2082 2962 2143 Christo,
3011 2083 3111 2151 qui
3155 2089 3238 2137 est
3267 2095 3368 2136 vas
3411 2081 3657 2137 electum

1957 2178 2013 2226 et
2042 2170 2426 2240 praeelectum,
2460 2173 2519 2224 in
2550 2186 2654 2241 quo
2698 2175 2822 2225 sunt
2865 2185 3041 2224 omnes
3085 2171 3332 2223 thesauri
3372 2171 3657 2238 sapientia:

1957 2259 2269 2313 absconditi
2337 2258 2467 2330 (Col.
2524 2275 2584 2327 ιι,
2640 2258 2717 2329 3),
2777 2259 3165 2327 undecunque
3229 2258 3536 2314 cohibitam
3603 2264 3658 2312 et

1958 2356 2333 2414 constantem,
2366 2347 2625 2404 exhiberi
2667 2346 2774 2403 sibi
2817 2347 2889 2402 ab
2924 2346 3175 2401 Ecclesia
3204 2346 3499 2416 primitiva
3526 2359 3654 2400 cor-

1959 2436 2185 2505 rogitat.
2221 2437 2457 2505 Cumque
2477 2438 2577 2489 illa
2599 2441 2843 2505 pergeret
2863 2440 2924 2488 ut
2950 2435 3167 2504 afferret
3188 2437 3368 2504 panis,
3398 2435 3659 2488 clamavit

1954 2529 2077 2593 post
2102 2529 2311 2593 tergum
2337 2524 2452 2594 ejus
2485 2525 2666 2579 dicens
2696 2540 2708 2577 :
2742 2523 2899 2592 Afer
2925 2524 3081 2587 mihi,
3111 2523 3341 2588 obsecro,
3374 2527 3424 2575 et
3454 2520 3656 2575 buccel-

1958 2614 2066 2667 lam
2094 2615 2154 2666 in
2184 2629 2351 2669 manu
2383 2618 2478 2666 tua
2504 2612 2615 2683 (III
2634 2615 2765 2680 Reg.
2798 2626 2934 2677 xvn,
2981 2610 3085 2680 ll).
3121 2610 3309 2681 Pergit
3340 2618 3405 2665 ut
3432 2609 3654 2675 aderat,

1957 2717 2112 2768 cum,
2160 2701 2335 2771 juxta
2383 2701 2739 2771 Apostolum,
2781 2699 3006 2755 lectioni
3047 2699 3290 2755 intendit
3335 2707 3398 2755 ut
3437 2699 3654 2754 doceat.

1958 2787 2087 2842 Post
2128 2795 2357 2858 tergum
2410 2788 2637 2854 clamat,
2696 2802 2830 2843 cum
2889 2786 3087 2856 aliqua
3141 2786 3475 2841 Judaeorum
3525 2798 3655 2854 pars

1958 2889 2187 2931 aversos
2240 2876 2527 2946 apostolos
2587 2884 2643 2932 et
2688 2876 2940 2931 dicentes
2985 2891 2999 2929 :
3060 2876 3329 2941 Quoniam
3379 2874 3657 2943 repulistis

1956 2964 2179 3019 verbum
2230 2968 2344 3032 Dei,
2404 2980 2517 3019 ecce
2567 2966 2927 3019 convertimur
2978 2965 3052 3017 ad
3096 2969 3281 3033 gentes
3333 2964 3481 3032 (Act.
3532 2976 3652 3027 xm,

1957 3052 2071 3123 46),
2103 3053 2173 3109 ad
2207 3068 2265 3108 se
2313 3053 2626 3109 docendam
2675 3053 2844 3108 etiam
2896 3052 3151 3122 precario
3203 3050 3538 3120 interpellat.
3576 3050 3659 3105 Ac

1958 3141 2005 3196 si
2053 3142 2308 3198 diceret:
2344 3142 2635 3197 Hactenus
2678 3156 2769 3197 me
2817 3142 2972 3196 corvi
3024 3139 3436 3196 sacrificiorum
3483 3152 3657 3193 carne

1959 3237 2266 3300 paverunt,
2310 3230 2513 3285 amodo
2547 3244 2662 3285 non
2706 3243 2935 3299 panem,
2984 3230 3079 3285 sed
3111 3227 3423 3285 buccellam
3468 3226 3651 3296 panis.

1959 3318 2114 3390 quod
2147 3317 2487 3389 praegustari
2527 3318 2718 3387 potius
2764 3332 2942 3387 quam
2981 3317 3268 3372 exsatiare
3311 3315 3520 3379 valeat,
3556 3321 3658 3369 tua

1958 3406 2098 3462 mihi
2130 3406 2387 3461 doctrina
2415 3412 2709 3476 suggerat.
2745 3406 2804 3459 In
2854 3419 3088 3474 corpore
3139 3404 3290 3459 enim
3336 3402 3653 3465 Dominico,

1957 3494 2112 3565 quod
2156 3507 2227 3549 ex
2272 3493 2398 3563 ejus
2450 3506 2649 3548 mensa
2698 3500 3076 3561 praerogatur,
3139 3490 3422 3547 nefarium
3470 3496 3553 3544 est
3609 3488 3655 3543 si

1957 3581 2257 3652 quidpiam
2286 3588 2387 3636 aut
2418 3579 2788 3650 corporaliter
2817 3593 3149 3648 saporosum
3189 3587 3290 3635 aut
3320 3578 3517 3647 aliqua
3546 3590 3655 3631 ex-

1957 3670 2150 3725 teriori
2195 3669 2494 3725 sanctitate
2544 3668 2657 3738 [at.,
2700 3668 3021 3741 saturitate]
3066 3667 3395 3723 distendens
3445 3678 3657 3735 prmsu-

1957 3766 2170 3825 matur,
2213 3758 2353 3828 quia
2396 3757 2549 3827 quod
2581 3757 2809 3826 spiritui
2840 3756 2942 3811 soli
2972 3764 3057 3811 est
3082 3754 3425 3825 praestitum,
3460 3767 3494 3807 a
3523 3766 3655 3808 cor-

1958 3847 2113 3916 poris
2139 3861 2260 3903 esse
2291 3846 2455 3901 debet
2487 3860 2719 3916 prorsus
2750 3845 3043 3913 voluptate
3074 3844 3389 3898 diversum.

1996 3970 2296 4035 .Buccella
2332 3984 2488 4040 ergo,
2536 3984 2668 4039 qua;
2706 3968 2881 4038 vulgo
2925 3968 3107 4024 bucca
3148 3968 3383 4033 dicitur,
3415 3979 3451 4020 a
3478 3964 3656 4020 vidua

1962 4058 2191 4129 petitur,
2223 4059 2359 4115 dum
2393 4073 2506 4113 non
2556 4058 2703 4113 armi
2748 4065 2850 4115 aut
2896 4056 3119 4127 quaevis
3166 4056 3352 4111 frusta
3389 4053 3654 4110 carnium

1959 4147 2109 4219 gulae
2134 4148 2345 4218 juvant
2374 4147 2715 4215 appetitum,
2747 4145 2843 4200 sed
2874 4145 3038 4214 panis
3067 4158 3135 4199 ac
3158 4143 3281 4205 vini
3311 4142 3368 4198 in
3395 4141 3654 4197 divinam

1958 4249 2190 4292 carnem
2243 4234 2695 4291 substantialiter
2732 4247 2834 4303 per
2880 4233 3058 4288 verba
3106 4232 3403 4291 Dominica
3435 4230 3693 4302 immu-.

1957 4323 2081 4390 tati,
2127 4322 2429 4378 minoritas
2463 4337 2630 4393 teque
2666 4335 2733 4377 ac
2768 4320 3063 4391 majoritas
3096 4320 3407 4376 salubriter
3450 4318 3656 4374 transit

1958 4412 2030 4467 ad
2062 4410 2342 4466 animum.
2377 4410 2523 4477 Quid
2556 4410 2707 4466 enim
2739 4410 2815 4466 ibi
2848 4410 3165 4479 quantitas,
3195 4408 3253 4463 in
3284 4407 3455 4477 cujus
3483 4405 3653 4462 etiam

1958 4508 2150 4555 atomo
2207 4506 2426 4555 constat
2471 4498 2673 4554 salutis
2735 4495 3132 4553 universitas?
3181 4496 3284 4552 Ubi
3335 4494 3653 4551 notandum

1958 4587 2113 4658 quod
2144 4600 2268 4643 eam
2299 4594 2365 4642 ut
2393 4586 2450 4641 in
2481 4600 2657 4641 mann
2683 4599 2790 4641 sua
2818 4583 3022 4639 afferat
3046 4584 3392 4653 postulatur,
3425 4582 3565 4651 quia
3596 4580 3654 4635 in

1960 4682 2234 4745 potestate
2270 4675 2556 4731 utentium
2599 4682 2683 4729 est
2728 4673 3016 4743 quidquid
3055 4672 3188 4727 inde
3227 4671 3555 4740 suscipitur.
3599 4669 3653 4724 Si

1958 4765 2113 4820 enim
2170 4764 2228 4818 in
2276 4770 2554 4833 potestate
2601 4769 2796 4817 nostra
2848 4771 2932 4816 est
2990 4760 3133 4816 filios
3194 4759 3292 4815 Dei
3347 4758 3490 4823 ﬁeri,
3540 4772 3653 4813 non

1960 4852 2154 4908 minus
2200 4851 2257 4906 in
2306 4857 2500 4906 nostro
2555 4849 2709 4904 sedet
2764 4847 3002 4904 arbitrio
3061 4861 3161 4916 per
3219 4846 3350 4902 ﬁdei
3401 4859 3655 4901 amorem

1960 4947 2117 4997 tanto
2150 4939 2417 5009 mysterio
2454 4937 2815 4993 inviscerari.
2854 4936 2962 5002 Qui
2996 4944 3188 4992 autem
3233 4949 3407 5005 super
3450 4934 3558 4989 hac
3597 4947 3659 4989 re

1956 5029 2230 5097 disputat,
2259 5040 2563 5096 nunquam
2598 5039 2656 5080 se
2688 5024 2780 5079 isti
2826 5023 3051 5079 interno
3084 5021 3312 5077 muneri
3336 5025 3653 5090 computat.

1958 5115 2137 5187 Cujus
2187 5114 2469 5182 edulium,
2520 5127 2699 5184 quam
2754 5112 2965 5168 idcirco
3019 5109 3334 5167 buccellam
3389 5108 3654 5173 dicimus,

1958 5204 2005 5260 si
2057 5204 2190 5275 quis
2233 5203 2425 5260 debita
2467 5202 2743 5273 parcitate
2790 5215 2905 5256 non
2957 5206 3171 5262 sumat,
3226 5198 3340 5254 imo
3390 5197 3658 5268 pestifera

1957 5291 2223 5363 largitate
2253 5307 2385 5362 quae
2428 5299 2631 5348 caetera
2676 5303 2927 5362 quaeque
2966 5294 3299 5358 praesumat,
3333 5287 3390 5341 in
3429 5300 3495 5341 eo
3531 5299 3655 5341 cor-

1957 5395 2068 5451 pus
2112 5382 2483 5449 animamque
2541 5381 2869 5443 addemnat,
2916 5392 3034 5447 quo
3082 5376 3290 5432 animae
3334 5375 3655 5430 antidotum

1959 5468 2111 5540 gulae
2140 5470 2329 5539 sapori
2383 5469 2667 5538 importat,
2713 5476 2768 5523 et
2803 5467 2875 5522 ab
2912 5467 3056 5523 escis
3097 5464 3504 5521 communibus
3532 5477 3655 5519 cor-
