3928 6070
252 181 355 234 535

1187 175 1249 228 V.
1292 174 1616 232 GUIBERTI
1653 174 1944 230 ABBATIS
1982 173 2040 229 S.
2082 173 2324 229 ΜΑΒΙίΕ
2365 174 2453 227 DE
2491 170 2889 229 NOVIGENTO

3647 174 3753 228 536

252 319 362 376 pus
393 303 644 373 Domini,
691 303 863 375 juxta
897 303 1248 374 Apostolum,
1282 318 1398 360 non
1444 304 1724 375 dijudicat
1753 305 1800 375 (Ι
1822 305 1941 361 Cor.
1982 307 2030 359 A
2054 318 2184 360 nem
2213 318 2287 360 ex
2320 303 2508 360 farina
2538 303 2730 370 facias,
2775 301 2986 359 scilicet
3017 302 3428 358 nutabundum
3471 309 3527 358 et
3565 302 3760 358 mobi—

252 409 328 463 xt,
361 394 474 463 29).

329 485 498 548 Vivit,
559 480 767 551 inquit,
827 482 1106 547 Dominus,
1167 483 1300 550 quia
1352 497 1459 537 non
1518 483 1684 536 habeo
1726 498 1942 552 panem,

251 574 360 626 nisi
395 575 657 640 quantum
687 570 935 639 pugillus
970 574 1147 639 potest
1185 585 1375 639 capere
1411 573 1611 637 farinae
1649 575 1706 625 in
1745 572 1949 640 hydria

252 665 302 715 et
338 660 626 729 paululum
669 659 772 712 olei
818 660 878 711 in
923 659 1128 726 lecytho
1171 659 1274 727 (ιιι
1320 661 1450 726 Reg.
1500 674 1636 726 xvu,
1687 661 1795 729 12).
1847 660 1947 716 Vi-

251 762 384 804 vere
413 746 721 803 Dominum
751 747 907 813 dicit,
941 747 1080 802 dum
1123 761 1256 802 eum
1297 747 1585 803 efficacem
1628 749 1701 804 ad
1729 757 1947 804 tantam

250 837 320 893 de
345 836 666 892 substantia
711 836 768 890 in
808 835 1194 891 substantiam
1225 835 1679 892 immutationem
1713 836 1951 893 ﬁdeliter

251 925 448 991 sentit;
479 939 582 980 nec
624 923 833 979 habere
881 938 941 979 se
969 938 1174 993 panem
1207 925 1483 993 perhibet,
1520 925 1630 980 nisi
1662 933 1949 995 quantum

252 1012 452 1068 farina
500 1010 755 1081 pugillus
802 1025 1002 1080 capere
1050 1012 1343 1080 praevalet,
1397 1011 1537 1081 quia
1584 1013 1667 1068 nil
1715 1013 1783 1068 de
1833 1013 1951 1082 ipsa

253 1107 460 1171 praeter
507 1099 751 1169 speciem
801 1099 965 1168 panis
1011 1101 1255 1154 essentia
1303 1099 1362 1153 in
1413 1100 1521 1155 hoc
1566 1101 1844 1157 sacriﬁcio
1892 1116 1952 1157 se

252 1190 462 1245 habere
511 1188 624 1243 ﬁda
676 1192 864 1244 mente
917 1188 1242 1254 conﬁrmat,
1302 1189 1409 1244 nisi
1459 1190 1615 1259 quod
1668 1190 1949 1246 invocatio

251 1277 547 1332 Trinitatis
600 1276 724 1331 sine
770 1275 888 1331 ullo
936 1276 1210 1345 scrupulo
1255 1277 1521 1333 ﬁdelibus
1564 1277 1945 1346 administrat,

253 1364 409 1437 quod
469 1364 653 1419 farina
708 1363 1028 1434 signiﬁcat;
1089 1365 1256 1434 quasi
1309 1365 1461 1420 enim
1518 1366 1774 1432 molitur,
1835 1381 1950 1436 quo

252 1467 463 1510 manus
523 1451 742 1523 ingenii
793 1452 955 1507 nulla
1009 1452 1352 1508 retractione
1416 1453 1742 1509 offenditur.
1812 1455 1950 1510 Inde

253 1549 338 1598 est
375 1541 531 1612 quod
580 1541 797 1596 crebrae
840 1555 1080 1596 crucum
1119 1541 1402 1597 trinitates
1436 1541 1496 1596 in
1538 1542 1820 1598 sacrativo
1848 1557 1948 1598 ca-

255 1643 403 1686 none
434 1629 610 1699 ﬁunt;
643 1629 782 1698 quia
812 1629 961 1684 sicut
1006 1628 1062 1683 in
1093 1629 1274 1685 Maria
1301 1644 1553 1698 carnem,
1595 1631 1676 1684 sic
1702 1631 1760 1685 in
1786 1630 1953 1686 altari

253 1717 363 1773 hoc
408 1718 744 1787 mysterium
789 1718 1037 1773 Trinitas
1080 1725 1371 1787 operatur.
1422 1718 1713 1789 Pugillum
1761 1727 1954 1775 autem

255 1813 369 1862 tres
401 1805 685 1875 primores
718 1805 930 1876 digitos
960 1805 1340 1876 appellamus.

325 1893 512 1949 Potest
562 1901 615 1948 et
669 1906 770 1962 per
824 1892 1111 1964 pugillum
1163 1893 1496 1962 Scriptura,
1566 1893 1705 1963 quia
1757 1907 1830 1950 ex
1888 1894 1955 1950 iis

255 1981 562 2036 scribimus
613 1980 886 2050 intelligi;
933 1989 988 2036 et
1038 1988 1121 2036 est
1166 1995 1232 2036 ac
1275 1981 1323 2035 si
1371 1981 1620 2037 diceret:
1657 1982 1774 2037 Hoc
1799 1983 1954 2052 quod

257 2067 315 2121 in
362 2067 526 2122 altari
569 2067 803 2123 videtur
845 2069 1203 2125 substantive
1255 2083 1459 2138 panem
1493 2085 1607 2126 non
1650 2070 1852 2136 habeo,
1899 2069 1954 2124 id

255 2163 338 2210 est
371 2171 485 2211 non
520 2155 796 2228 intelligo,
835 2157 943 2213 nisi
978 2164 1266 2227 quantum
1296 2159 1423 2227 capi
1460 2166 1638 2227 potest
1679 2172 1751 2213 ex
1780 2173 1954 2214 sacrm

257 2243 481 2314 paginae
508 2244 869 2301 documento.
895 2244 1175 2314 Hydriam
1195 2260 1298 2300 vas
1318 2247 1628 2316 aquarium
1652 2245 1762 2302 dici
1788 2261 1954 2302 nemo

259 2332 559 2389 hominum
597 2333 846 2389 disertus
876 2334 1123 2404 ignorat.
1170 2335 1235 2389 In
1266 2334 1472 2403 hydria
1513 2335 1702 2390 farina
1730 2344 1813 2391 est
1841 2335 1954 2404 spi-

256 2420 485 2476 ritualis
530 2422 588 2476 in
621 2422 729 2477 hac
775 2421 967 2492 fragili
1015 2423 1442 2478 conversatione
1486 2421 1751 2490 scientia;
1801 2435 1957 2491 aqua

258 2523 511 2580 namque
539 2524 640 2580 pro
672 2510 910 2565 scientia
937 2510 1068 2579 poni
1101 2510 1259 2565 solet.
1309 2510 1457 2565 Huic
1484 2509 1733 2564 scientize
1765 2510 1955 2565 oleum

257 2597 506 2664 additur,
570 2599 709 2667 quia
766 2613 835 2653 ne
895 2603 1045 2652 286
1095 2596 1254 2653 inﬂet
1307 2612 1380 2653 ex
1430 2598 1628 2653 divina
1677 2598 1956 2653 charitate

257 2683 544 2739 conditur.
616 2685 899 2754 Lecythus
963 2700 1066 2740 vas
1128 2685 1407 2740 olearium
1472 2685 1618 2740 idem
1671 2686 1957 2756 signiﬁcat

259 2772 418 2840 quod
459 2773 517 2826 in
564 2773 880 2844 Evangelio
911 2788 1121 2851 nomen
1153 2787 1444 2842 vasorum,
1477 2782 1531 2830 et
1565 2773 1770 2843 hydria
1800 2774 1954 2843 quod

258 2857 616 2928 lampadum.

328 2950 412 3001 En
456 2950 646 3016 colligo
689 2949 796 3003 duo
837 2951 989 3017 ligna
1048 2956 1108 3004 ut
1156 2950 1438 3017 ingrediar
1470 2955 1521 3004 et
1561 2952 1768 3017 faciam
1816 2953 1956 3005 mihi

260 3037 399 3090 illud
427 3043 477 3092 et
519 3040 633 3106 ﬁlio
669 3054 781 3092 meo
816 3054 829 3092 :
862 3044 921 3092 ut
951 3040 1286 3094 comedamus
1331 3045 1381 3093 et
1406 3043 1712 3094 moriamur
1742 3040 1953 3111 (ibid.).

259 3123 418 3191 Quod
468 3134 551 3182 est
600 3127 786 3182 dicere
822 3143 834 3182 :
869 3128 1014 3184 Ecce
1063 3128 1418 3183 dilectionem
1459 3143 1591 3199 quae
1639 3129 1709 3184 ad
1773 3129 1956 3186 Deum

261 3213 599 3284 porrigitur,
627 3223 679 3270 et
707 3229 831 3270 eam
864 3230 996 3286 quae
1032 3216 1088 3271 in
1118 3215 1366 3271 amicum
1402 3217 1814 3286 inimicumque
1832 3216 1956 3271 dis-

260 3301 535 3368 tenditur,
572 3303 786 3372 quibus
827 3304 900 3360 ab
942 3305 1094 3360 omni
1132 3305 1367 3360 lascivia
1404 3304 1773 3376 restringitur
1814 3319 1880 3361 ac
1909 3305 1958 3361 si

261 3389 638 3459 cruciﬁgatur
668 3391 917 3458 animus,
961 3393 1127 3463 quasi
1161 3393 1274 3448 duo
1313 3393 1470 3462 ligna
1509 3393 1850 3463 complector
1893 3400 1958 3450 ut

261 3491 360 3546 per
391 3479 511 3534 haec
544 3493 577 3534 a
621 3494 746 3535 mea
789 3480 1125 3552 evagatione
1161 3481 1411 3538 cohibita
1443 3482 1515 3537 ad
1545 3497 1636 3537 me
1665 3482 1959 3553 regrediar

262 3573 316 3622 et
359 3567 584 3636 faciam,
633 3569 686 3624 id
718 3577 800 3625 est
838 3569 1158 3641 ﬁguraliter
1188 3571 1532 3641 insculpam,
1570 3585 1683 3626 non
1727 3585 1955 3640 panem,

260 3656 358 3711 sed
394 3657 534 3712 illud
565 3659 720 3728 quod
748 3659 802 3712 in
835 3673 980 3727 pane
1009 3659 1292 3730 signatur,
1322 3674 1436 3714 non
1468 3667 1584 3714 tam
1611 3659 1749 3714 mihi
1781 3673 1958 3729 quam

262 3744 331 3799 iis
356 3759 500 3814 quos
551 3746 608 3800 in
658 3746 765 3801 ﬁde
812 3761 1086 3816 genuero,
1121 3756 1183 3802 ut
1229 3747 1596 3803 comedamus
1642 3747 1798 3817 quod
1843 3761 1959 3803 non

261 3847 377 3899 ore,
410 3834 507 3888 sed
539 3834 631 3903 pio
675 3834 862 3890 solum
894 3834 1104 3891 affectu
1146 3835 1460 3891 manditur.
1508 3838 1576 3890 Et
1619 3837 1956 3904 moriamur,

263 3921 433 3975 morti
465 3921 743 3989 videlicet,
775 3937 906 3990 quae
937 3937 1041 3992 per
1078 3923 1265 3992 ipsum
1299 3924 1563 3994 signatur
1588 3923 1958 3991 sacriﬁcium,

262 4007 708 4062 conformemur.
753 4009 846 4062 Ad
885 4025 1144 4075 mensam,
1186 4010 1396 4078 inquit,
1439 4026 1694 4077 magnam
1736 4011 1960 4066 sedisti?

265 4093 456 4162 (Eccli.
489 4109 644 4157 xxxn,
681 4096 792 4167 12,)
823 4105 1045 4166 oportet
1071 4105 1122 4153 te
1151 4097 1360 4153 similia
1391 4113 1736 4168 praeparare.

938 4185 1170 4242 CAPUT
1212 4185 1278 4243 V.

334 4273 474 4338 Noli,
521 4272 730 4343 inquit,
775 4275 952 4340 Elias,
1005 4278 1211 4339 timere,
1255 4275 1350 4330 sed
1393 4276 1533 4331 vade
1578 4280 1628 4331 et
1673 4278 1767 4343 fac
1819 4279 1960 4332 sicut

263 4359 479 4415 dia-isti.
531 4364 914 4418 Verumtamen
951 4365 1089 4418 mihi
1126 4368 1366 4434 primum
1407 4367 1500 4431 fac
1533 4365 1598 4420 de
1643 4367 1767 4435 ipsa
1812 4368 1957 4432 fari-

261 4449 394 4503 nula
421 4448 833 4504 subcinericium
873 4467 1074 4520 panem
1112 4453 1427 4520 parvulum,
1461 4457 1512 4506 et
1558 4453 1699 4521 affer
1739 4453 1814 4507 ad
1841 4469 1961 4522 me;

263 4541 367 4594 tibi
414 4545 593 4594 autem
639 4544 690 4594 et
735 4540 848 4608 ﬁlio
897 4545 987 4594 tuo
1033 4542 1204 4607 facies
1246 4547 1436 4609 postea
1490 4541 1592 4605 (III
1638 4543 1764 4608 Reg.
1818 4557 1957 4608 xvu,

266 4628 372 4700 13).
407 4630 489 4684 Ac
515 4628 563 4684 si
593 4627 806 4683 diceret
846 4643 858 4682 :
886 4628 1017 4684 Noli
1061 4628 1243 4684 vereri
1274 4629 1728 4686 immutationem
1760 4630 1962 4688 vultus

261 4717 444 4773 David
483 4731 676 4772 coram
715 4717 1066 4784 Abimelech,
1101 4717 1157 4772 id
1188 4725 1272 4774 est
1306 4719 1738 4776 translationem
1769 4733 1963 4775 sacer-

262 4805 402 4862 dotii
451 4805 629 4860 nostri
661 4805 730 4860 ad
781 4805 1042 4862 ordinem
1085 4806 1518 4874 Melchisedech,
1564 4809 1659 4864 sed
1706 4809 1870 4876 vade,
1906 4807 1962 4863 id

261 4902 344 4950 est
396 4907 663 4963 processu
723 4893 852 4950 fidei
909 4908 1265 4964 promovere.
1325 4904 1389 4952 ut
1446 4897 1693 4966 passioni
1751 4895 1965 4952 Christi

261 4982 522 5038 moribus
569 4981 970 5054 conﬁgureris,
1016 4983 1108 5038 cui
1157 4983 1472 5039 conformia
1514 4983 1730 5054 cmpisti
1776 4997 1964 5039 sacra-

263 5076 455 5125 menta
487 5070 705 5127 docere.
755 5071 1166 5128 Verumtamen
1209 5071 1347 5128 mihi
1390 5086 1462 5127 ex
1501 5072 1718 5127 carnali
1760 5071 1962 5127 obser-

257 5159 458 5214 vantia
515 5160 907 5230 resipiscenti,
977 5161 1034 5215 in
1097 5160 1218 5230 ipsa
1283 5161 1419 5216 novi
1470 5161 1647 5231 hujus
1706 5161 1960 5230 mysterii

263 5246 557 5302 scientiola
603 5262 670 5304 ac
708 5249 757 5304 si
801 5247 999 5304 subtili
1037 5247 1307 5315 farinula,
1342 5263 1519 5319 quam
1549 5263 1620 5305 ex
1655 5248 1963 5305 inutilitate

259 5341 522 5390 veterum
567 5336 1041 5393 caeremoniarum
1088 5337 1466 5394 salubriorem
1511 5338 1651 5408 quia
1679 5337 1961 5394 veriorem

259 5422 381 5493 jam
423 5422 693 5493 comperi,
738 5423 985 5480 solidum
1028 5424 1170 5495 quid
1211 5431 1267 5481 et
1317 5425 1614 5481 continens
1661 5439 1728 5481 ac
1770 5425 1818 5481 si
1868 5438 1964 5495 pa-

2055 392 2167 448 lem
2216 393 2384 463 quasi
2428 391 2702 462 pulverea
2744 391 2972 446 levitate
3001 391 3284 458 animum,
3334 391 3575 447 rationis
3611 405 3681 446 ac
3709 390 3761 445 si

2056 495 2224 550 aquae
2272 481 2621 550 respersione
2668 481 3046 550 constringas.
3093 481 3164 535 Et
3213 480 3371 536 hunc
3418 480 3758 550 parvulum,

2055 569 2338 624 servando
2367 569 2629 624 videlicet
2671 569 2725 622 in
2769 569 3042 624 doctrina)
3077 575 3192 623 tuae
3228 569 3581 624 exhibitione
3613 581 3764 622 meae

2057 657 2386 727 capacitatis
2443 657 2689 712 necdum
2759 656 2969 712 adultae
3027 657 3282 723 modum,
3351 656 3506 711 hunc
3561 664 3764 710 tamen

2055 745 2227 801 facies
2259 745 2732 811 subcinericium,
2763 758 3064 814 nunquam
3097 745 3239 800 mihi
3269 744 3593 810 adimendo,
3624 743 3767 799 licet

2057 833 2116 889 in
2144 834 2483 903 baptismate
2518 833 2631 888 Iota
2661 833 2795 900 sint,
2832 834 3164 888 memoriam
3196 840 3579 901 peccatorum,
3614 831 3767 901 quia

2057 920 2202 976 cinis
2239 920 2524 992 signiﬁcat
2563 921 2884 976 acredinem
2929 921 3333 991 paenitentum,
3380 921 3593 991 quibus
3629 933 3768 974 con-

2055 1011 2214 1066 venit
2245 1009 2390 1065 cinis
2416 1016 2470 1065 et
2497 1009 2770 1064 cilicium.

2131 1097 2235 1154 Ubi
2264 1098 2394 1168 jure
2433 1105 2669 1153 notatur
2698 1098 2853 1168 quod
2898 1096 3265 1167 praemittitur
3308 1097 3582 1167 primum,
3614 1096 3766 1166 quia

2057 1186 2126 1241 iis
2169 1186 2270 1256 qui
2317 1186 2650 1242 sceleratius
2693 1193 2748 1241 et
2795 1185 2855 1240 in
2903 1185 3199 1241 Iudaismo
3243 1194 3297 1241 et
3343 1186 3400 1240 in
3441 1185 3766 1255 gentilitate

2056 1275 2356 1342 vixerunt,
2415 1274 2515 1330 Dei
2570 1274 2757 1345 gratia
2813 1275 3108 1329 consuevit
3170 1274 3490 1329 exuberare
3541 1271 3768 1342 potissi-

2058 1377 2240 1418 mum.
2281 1364 2433 1417 Inter
2467 1376 2613 1431 quos
2639 1362 3018 1432 cognovimus
3056 1361 3321 1429 Paulum,
3366 1361 3468 1431 qui
3507 1375 3564 1416 se
3611 1361 3767 1416 inter

2059 1457 2384 1521 peccatores
2426 1451 2638 1505 fatetur
2680 1450 2953 1519 primum,
3001 1456 3066 1504 ut
3107 1449 3163 1504 in
3198 1463 3302 1516 me,
3346 1449 3553 1519 inquit,
3595 1449 3768 1504 Iesus

2057 1540 2318 1598 Christus
2338 1538 2566 1594 divitias
2586 1537 2989 1594 misericordiae
3019 1551 3139 1593 suae
3165 1537 3480 1592 ostenderet
3505 1536 3767 1605 primum

2063 1629 2113 1699 (ι
2168 1630 2304 1684 Tim.
2357 1645 2394 1693 1,
2448 1627 2554 1696 16).
2608 1626 2767 1683 Unde
2811 1633 2943 1682 est:
2986 1626 3089 1681 Ubi
3135 1625 3440 1679 abundavit
3480 1629 3770 1694 peccatum

2061 1715 2529 1785 superabundavit
2566 1717 2752 1781 gratia
2781 1716 2948 1782 (Rom.
2983 1728 3041 1780 v,
3071 1715 3181 1784 20).
3213 1713 3371 1778 Quod
3404 1715 3460 1768 in
3495 1713 3768 1768 Matthiae

2061 1813 2116 1862 et
2145 1803 2486 1875 Magdalena
2509 1803 2680 1859 etiam
2711 1803 2999 1874 perpatuit
3031 1803 3268 1858 factum.
3304 1803 3412 1858 Pro
3438 1811 3598 1871 parte
3623 1815 3767 1872 ergo

2061 1893 2268 1950 horum
2302 1901 2476 1963 atque
2506 1892 2780 1948 similium
2804 1891 3056 1962 intellige
3078 1892 3316 1947 dictum.
3351 1892 3518 1946 Hunc
3552 1904 3764 1959 panem

2059 1983 2168 2038 sibi
2200 1988 2365 2052 rogat
2411 1980 2623 2050 afferri,
2667 1981 2720 2035 id
2763 1989 2847 2036 est
2890 1981 3136 2050 propriae
3168 1980 3554 2050 intelligentia
3587 1993 3762 2048 pene-

2064 2069 2306 2126 tralibus
2332 2069 2661 2125 disserendo
2693 2069 2910 2123 inferri.
2948 2068 3108 2134 Quod
3153 2069 3434 2138 sequitur,
3468 2081 3569 2137 pro
3600 2074 3766 2136 parte

2057 2158 2370 2228 justorum,
2420 2172 2493 2213 ex
2542 2157 2683 2227 legis
2729 2157 3222 2212 consummatione
3273 2157 3650 2222 venientium,
3697 2161 3766 2210 ut

2061 2247 2298 2303 fuerunt
2341 2247 2562 2313 Petrus,
2609 2246 2871 2301 Andreas
2917 2253 2970 2301 et
3016 2246 3264 2301 Iacobus
3306 2244 3480 2300 frater
3511 2243 3764 2310 Domini,

2063 2335 2358 2404 accipitur.
2396 2335 2517 2389 Tibi
2561 2341 2611 2389 et
2654 2336 2766 2403 ﬁlio
2813 2339 2902 2388 tuo
2939 2335 3110 2401 facies
3154 2339 3359 2403 postea,
3405 2333 3458 2388 id
3489 2341 3573 2388 est
3615 2346 3768 2402 quos

2064 2425 2135 2479 ad
2183 2425 2268 2479 tui
2307 2423 2762 2479 conformitatem
2801 2437 2872 2478 ex
2907 2423 3237 2479 innocentia
3268 2423 3408 2493 legis
3438 2421 3770 2477 adduxeris

2062 2527 2136 2568 ex
2161 2520 2390 2582 peccato
2422 2513 2686 2584 graviore
2724 2512 3034 2580 conversis,
3088 2527 3186 2582 per
3219 2513 3419 2582 gratiae
3449 2510 3768 2579 indulgen-

2065 2601 2202 2656 tiam
2244 2601 2650 2670 undecumque
2690 2601 2954 2656 substare
2996 2595 3329 2669 cognoveris
3360 2614 3372 2653 :
3410 2598 3572 2655 Unde
3609 2597 3770 2652 Pau-

2064 2689 2154 2745 lus
2184 2704 2194 2743 :
2228 2691 2398 2757 Nihil,
2455 2689 2664 2759 inquit,
2698 2693 2876 2743 minus
2917 2691 3026 2755 feci
3059 2688 3127 2742 ab
3168 2689 3253 2742 his
3297 2689 3394 2755 qui
3429 2692 3555 2741 sunt
3592 2701 3770 2754 supra

2063 2778 2280 2832 modum
2323 2780 2557 2846 apostoli
2602 2780 2672 2845 (ll
2708 2781 2838 2831 Cor.
2881 2793 2978 2844 xu,
3018 2777 3122 2846 11).
3171 2779 3280 2832 Et:
3313 2777 3441 2831 Plus
3488 2775 3600 2828 illis
3643 2789 3770 2828 om-

1993 2891 2032 2944 ρ
2063 2866 2225 2922 nibus
2255 2867 2500 2921 laboravi
2528 2866 2576 2937 (Ι
2605 2868 2724 2923 Cor.
2758 2881 2843 2929 xv,
2883 2869 2985 2934 10).

2136 2957 2256 3009 Haec
2315 2961 2495 3008 autem
2543 2955 2676 3009 dicit
2733 2958 2990 3010 Dominus
3043 2956 3177 3007 Deus
3226 2971 3244 3006 :
3291 2953 3506 3020 Hydria
3562 2954 3770 3018 farina

2062 3059 2170 3098 non
2212 3043 2445 3113 deficiet,
2489 3059 2581 3098 nec
2623 3045 2863 3111 lecythus
2893 3044 2995 3097 olei
3021 3045 3290 3096 minuetur
3319 3056 3486 3110 usque
3515 3039 3589 3093 ad
3618 3040 3767 3093 diem

2063 3134 2126 3187 in
2171 3147 2281 3200 qua
2327 3131 2560 3185 daturus
2613 3137 2690 3186 est
2745 3134 3009 3186 Dominus
3055 3131 3303 3199 pluviam
3353 3144 3516 3198 super
3563 3130 3768 3194 faciem

2067 3225 2224 3274 terra:
2253 3221 2351 3290 (III
2381 3223 2503 3286 Reg.
2538 3234 2696 3287 xvni,
2727 3219 2855 3290 [14).
2894 3220 2975 3274 Ac
3006 3218 3052 3272 si
3081 3218 3294 3274 diceret
3325 3233 3338 3272 :
3375 3217 3527 3272 Licet
3557 3230 3630 3271 ex
3665 3223 3767 3271 tuo

2066 3309 2406 3365 documento
2447 3308 2593 3364 Novi
2640 3307 3006 3373 Testamenti,
3060 3321 3092 3362 o
3142 3305 3432 3375 primitiva
3486 3305 3766 3371 Ecclesia,

2066 3397 2317 3453 rationes
2363 3397 2700 3465 acceperim,
2756 3404 2946 3452 tamen
2993 3409 3066 3450 ex
3119 3393 3286 3465 legali
3329 3400 3383 3448 et
3435 3392 3766 3462 prophetica

2068 3483 2306 3541 lectione
2359 3484 2539 3540 Deum
2603 3483 2920 3539 astruxisse
2967 3482 3214 3552 comperi
3271 3480 3566 3536 scientiam
3630 3479 3765 3534 ﬁdei

2068 3572 2264 3642 hujus,
2311 3581 2365 3628 et
2412 3572 2924 3641 contemplationis,
2961 3586 3091 3641 quae
3130 3578 3213 3626 est
3253 3569 3312 3625 in
3364 3569 3590 3624 Domini
3635 3581 3767 3622 cor-

2069 3676 2204 3732 pore
2241 3661 2614 3717 subtilissima
2660 3674 2965 3731 nunquam
3005 3659 3340 3716 desituram.
3365 3658 3609 3712 Domum
3655 3657 3772 3711 uti-

2071 3764 2184 3820 que
2234 3749 2459 3806 Domini
2504 3750 2700 3805 decere
2746 3749 3190 3804 sanctitudinem
3239 3747 3298 3802 in
3344 3745 3769 3816 longitudinem

2070 3838 2406 3895 diuturnam
2471 3839 2631 3900 (Psal.
2696 3853 2832 3903 xcn,
2888 3837 2964 3907 5),
3013 3844 3068 3892 et
3124 3835 3421 3891 sacerdotii
3481 3833 3771 3890 Melchise-

2069 3927 2212 3983 dech
2264 3927 2387 3982 sine
2427 3927 2813 3997 jurisjurandi
2869 3925 3201 3995 poenitentia
3258 3924 3651 3989 aatemitatem,
3712 3930 3773 3978 et

2071 4017 2287 4072 donum
2335 4015 2533 4086 gratiae
2563 4023 2842 4085 tanquam
2876 4014 2982 4069 olei
3013 4014 3302 4083 lecythum
3341 4014 3399 4067 in
3441 4019 3628 4067 mente
3655 4012 3768 4066 Ec~

2070 4103 2252 4160 clesiaa
2305 4103 2521 4173 perpeti
2570 4102 2957 4158 redundantia
3003 4115 3363 4157 emersurum
3397 4099 3516 4172 [al.,
3569 4113 3766 4155 surre-

1994 4176 2038 4230 Ῑ)
2069 4189 2324 4263 cturum]
2370 4206 2556 4262 usque
2595 4191 2666 4246 ad
2702 4191 2866 4246 illum
2912 4191 3035 4245 sine
3073 4197 3236 4245 nocte
3279 4189 3450 4256 diem,
3492 4203 3609 4258 quo
3646 4202 3764 4242 non

2066 4281 2139 4336 ab
2174 4280 2392 4336 occulto
2419 4279 2736 4350 spiritualis
2767 4278 2932 4335 nobis
2974 4278 3132 4333 unda
3160 4292 3219 4333 se
3251 4283 3540 4347 suggeret,
3575 4276 3671 4330 sed
3705 4277 3766 4332 in

2065 4369 2314 4425 evidenti
2358 4375 2484 4438 post
2531 4368 3007 4424 resurrectionem
3060 4365 3536 4435 incorruptilibus
3580 4365 3765 4420 oculis

2067 4455 2322 4524 corporis
2361 4462 2640 4524 tanquam
2691 4453 2892 4523 pluvia
2933 4453 3028 4508 Dei
3079 4453 3328 4523 cognitio
3375 4467 3435 4507 se
3477 4451 3762 4506 infundet.

2072 4543 2177 4600 Ubi
2222 4543 2390 4599 facies
2431 4551 2596 4598 terrae
2641 4550 2934 4612 tantopere
2964 4541 3265 4606 ditabitur,
3298 4548 3359 4596 ut
3398 4541 3454 4595 in
3490 4555 3605 4610 quo
3643 4538 3764 4611 [al.,

2069 4631 2241 4703 quod]
2294 4645 2454 4686 mens
2497 4631 2767 4700 quamvis
2810 4629 3196 4685 sincerissima
3240 4628 3550 4684 scintillare
3597 4629 3768 4685 modo

2070 4719 2164 4775 vix
2197 4719 2487 4789 praevalet,
2532 4719 2610 4774 ibi
2650 4719 2843 4774 carnis
2874 4718 3077 4774 oculus
3109 4719 3377 4773 irremota
3406 4724 3460 4772 et
3493 4717 3768 4773 inobtusa

2067 4807 2188 4862 acie
2219 4807 2510 4862 intendere
2542 4820 2846 4876 nunquam
2877 4813 3072 4861 cesset.

2142 4897 2272 4961 Qua
2303 4895 2440 4950 abiit
2479 4901 2529 4951 et
2556 4897 2688 4962 fecit
2707 4894 2880 4965 juxta
2920 4895 3141 4950 verbum
3167 4895 3303 4949 Eliae
3333 4895 3434 4961 (ΙΙΙ
3461 4895 3593 4960 Reg.
3625 4909 3766 4960 xvu,

2075 4983 2184 5055 l5),
2235 4991 2290 5040 et
2338 4984 2581 5039 comedit
2630 4983 2768 5053 ipse,
2821 4991 2876 5039 et
2926 4983 3042 5050 illa,
3073 4989 3129 5038 et
3180 4982 3386 5038 domus
3413 4983 3558 5052 ejus.
3609 4982 3766 5050 Abit,

2069 5086 2203 5129 cum
2233 5087 2305 5128 ex
2333 5072 2495 5128 Pauli
2533 5071 2898 5141 aliorumque
2926 5085 2997 5127 ex
3027 5071 3240 5127 Iudaeis
3269 5070 3614 5140 sapientium
3647 5069 3772 5138 plu-

2069 5159 2282 5216 rimum
2305 5160 2600 5230 primitiva
2628 5160 2880 5216 Ecclesia
2909 5160 3284 5216 conversione
3311 5157 3565 5228 profecit.
3592 5159 3771 5214 quta

2067 5248 2312 5304 verbum
2346 5247 2481 5304 Eliae
2524 5247 2672 5315 fecit,
2714 5262 2849 5303 cum
2890 5261 3007 5314 eos,
3053 5261 3200 5317 quos
3228 5246 3574 5301 erudiendos
3605 5259 3767 5301 acce-

2070 5343 2252 5406 perat,
2292 5336 2464 5391 etiam
2501 5350 2676 5405 super
2713 5350 2771 5391 se
2811 5337 3117 5406 magistros
3157 5335 3462 5404 acceperit.
3507 5334 3634 5403 Ipse
3680 5348 3767 5388 co-

2070 5424 2263 5492 medit,
2297 5424 2436 5495 quia
2475 5437 2590 5481 non
2628 5423 2824 5491 verbo,
2859 5437 2975 5480 non
3005 5422 3208 5494 lingua
3238 5422 3359 5478 haec
3390 5420 3768 5477 declamanda
