3934 6086
138 253 247 304 537

1520 243 1610 296 DE
1649 241 1881 297 LAUDE
1920 241 1972 296 S.
2011 241 2271 296 MARLE.

3541 241 3645 293 538

132 377 390 444 edidicit,
444 375 543 432 sed
571 375 644 430 ad
683 374 970 429 inteream
1001 373 1192 429 animo
1241 373 1557 430 satietatem
1610 387 1836 442 semper
1873 376 1918 430 Α
1945 387 2076 428 cum
2105 372 2266 428 vitali
2295 379 2349 428 et
2374 371 2515 428 alios
2545 371 2780 438 ferculo,
2815 385 2930 442 quo
2969 370 3224 439 apprime
3277 369 3646 440 opinabatur,

135 464 496 523 rumiuauda
538 463 794 520 retinuit.
849 464 997 533 Ipsa,
1057 471 1111 520 et
1161 463 1365 519 domus
1406 463 1532 533 ejus
1576 462 1842 526 comedit,

1956 461 2218 518 inferciit.

1802 641 1988 686 FINIS.

1101 965 1388 1048 VEN.
1467 965 2060 1048 GUIBBR'I'I
2134 963 2690 1046 ABBATIS

1678 1121 2116 1224 LIBER

522 1318 774 1462 DE
893 1316 1549 1462 LAUDE

615 1769 764 1841 τεν
804 1769 1034 1827 CAPUT
1074 1770 1376 1827 PRIMUM.

213 1895 281 1949 Se
338 1894 622 1950 laudantes
678 1911 949 1965 nusquam
1005 1900 1334 1965 aspernatur
1381 1896 1442 1949 B.
1516 1895 1703 1960 Virgo.
1771 1923 1840 1933 —

141 1982 438 2038 Feminam
474 1983 628 2038 illam
663 1998 838 2054 super
861 1999 1058 2040 omnes
1095 1991 1390 2040 creaturas
1432 1991 1554 2053 post
1607 1982 1836 2047 Filium,

139 2079 195 2126 et
228 2085 330 2141 per
361 2073 568 2129 Filium
595 2073 970 2140 benedictam,
1001 2073 1261 2128 omnium
1300 2081 1702 2127 creaturarum
1731 2069 1838 2125 sub

141 2159 245 2215 Dei
275 2161 436 2217 cultu
466 2161 880 2232 dignissimam,
907 2160 1072 2217 labiis
1103 2160 1334 2216 omnino
1388 2159 1670 2225 ﬁdelibus,
1713 2158 1839 2213 licet

143 2248 340 2303 minus
383 2249 618 2314 idoneis,
674 2251 1063 2318 praedicemus.
1126 2250 1305 2321 Cujus
1357 2249 1640 2320 praeconio
1705 2261 1836 2302 cum

140 2336 393 2406 dignitas
421 2339 908 2407 supercuelestium
958 2339 1226 2396 inefﬁcax
1268 2339 1600 2402 aestimetur,
1657 2337 1840 2392 multa

142 2431 334 2478 tamen
363 2424 717 2492 experientia
747 2427 1037 2496 cognitum
1081 2434 1186 2492 est,
1233 2425 1389 2495 quod
1439 2425 1497 2480 in
1528 2425 1654 2494 ejus
1698 2437 1838 2478 con-

139 2510 432 2580 spectibus
477 2512 602 2567 laus
645 2514 945 2569 hominum
1002 2523 1176 2584 atque
1242 2514 1466 2570 devotio
1513 2512 1838 2583 gratissima

141 2599 444 2655 habeatur.
481 2601 595 2656 Nec
643 2602 697 2656 id
748 2602 983 2673 injuria.
1034 2602 1177 2659 Cum
1220 2602 1371 2658 enim
1436 2617 1495 2657 se
1553 2601 1834 2657 hominem

140 2703 353 2758 negare
382 2705 495 2744 non
529 2692 722 2760 possit,
755 2691 1033 2758 homines,
1067 2705 1165 2761 pro
1195 2705 1444 2762 quorum
1481 2690 1835 2760 potissimum

139 2777 387 2833 utilitate
435 2778 562 2834 talis
607 2779 754 2835 facta
799 2787 900 2846 est,
955 2787 1010 2835 et
1075 2780 1204 2834 talis
1244 2779 1472 2844 enituit,
1527 2779 1836 2848 quomodo,

140 2881 256 2921 non
295 2867 421 2922 dico
465 2876 849 2936 contemnere,
893 2869 990 2924 sed
1031 2869 1301 2924 omnibus
1353 2869 1632 2922 creaturis
1689 2881 1836 2935 prte-

139 2955 450 3010 cordialius
480 2970 596 3010 non
628 2971 823 3011 amare
872 2957 1084 3026 possit?
1125 2958 1193 3012 Et
1220 2955 1489 3026 amplius,
1521 2970 1651 3025 qua:
1681 2956 1834 3009 enim

141 3043 398 3098 humano
429 3045 622 3114 generi
651 3045 722 3099 ad
759 3045 864 3100 hoc
909 3044 1216 3115 proposita,
1253 3045 1365 3100 imo
1397 3043 1698 3113 prmposita
1730 3050 1832 3110 est,

141 3135 206 3187 ut
232 3133 348 3186 Deo
375 3133 663 3202 gignendo
695 3133 998 3200 sufficeret,
1030 3134 1182 3188 unde
1222 3135 1347 3188 aliis
1377 3132 1669 3188 medendis
1696 3146 1837 3187 con-

141 3221 342 3287 suluit,
374 3219 506 3276 inde
535 3222 717 3290 primo
765 3222 872 3278 sibi
913 3223 1017 3292 ipsi
1061 3223 1468 3292 redemptionis
1496 3223 1656 3291 origo
1709 3221 1831 3286 fuit,

142 3310 199 3363 in
232 3323 350 3378 quo
379 3324 514 3380 ergo
543 3309 650 3365 sibi
684 3311 952 3380 primitus
991 3311 1116 3379 fuit,
1159 3312 1215 3366 in
1246 3311 1372 3365 aliis
1422 3325 1536 3365 non
1585 3307 1836 3364 amabit?

141 3399 211 3452 Et
260 3413 392 3468 quae
436 3399 698 3469 gloriam,
736 3414 912 3470 quam
969 3399 1171 3456 habuit
1213 3401 1269 3454 in
1315 3399 1410 3454 Dei
1463 3399 1669 3454 Filium
1697 3460 1704 3466 ,
1735 3411 1834 3466 pa-

139 3486 357 3553 riendo,
391 3489 721 3557 exmquavit
753 3489 968 3544 meritis
999 3489 1144 3544 nulli
1188 3502 1221 3544 a
1267 3488 1609 3544 szeculorum
1661 3486 1836 3542 initiis

137 3589 326 3643 usque
371 3575 442 3630 ad
503 3576 642 3631 ﬁnes
686 3578 970 3646 speranda
1017 3578 1316 3644 credendo,
1371 3577 1658 3648 quomodo
1721 3591 1833 3630 non

134 3661 500 3719 inelTabiliter
520 3665 843 3735 aggaudeat
873 3666 999 3722 ﬁdei
1024 3675 1250 3731 nostrae,
1276 3681 1406 3736 quae
1437 3666 1621 3735 ipsum
1656 3667 1834 3719 Deum

134 3751 305 3808 habet
337 3752 545 3807 Filium
587 3768 685 3822 pro
727 3755 960 3823 praemio
994 3755 1301 3811 ﬁdeisuze?

203 3842 343 3908 Ejus
379 3841 531 3909 ﬁdes.
595 3872 663 3882 —
716 3845 779 3898 In
837 3845 1005 3915 cujus
1069 3844 1459 3916 conceptionis
1518 3843 1834 3898 denuntia-

133 3929 306 3994 tione,
343 3928 483 3984 illud
506 3931 767 3986 miraculi
818 3931 950 3988 ullis
983 3933 1226 4002 ingeniis
1262 3931 1666 4001 comprehendi
1719 3945 1832 3984 non

135 4019 430 4087 praevalet,
477 4019 630 4088 quod
678 4021 886 4089 puella,
922 4029 976 4076 et
1007 4021 1340 4077 meticulosa
1369 4036 1533 4087 sexu,
1567 4029 1621 4075 et
1661 4019 1834 4074 inusi-

134 4115 257 4163 tata
309 4116 492 4175 aetate,
554 4123 687 4163 cum
745 4109 852 4164 sibi
900 4110 1143 4180 angelus
1196 4110 1423 4164 insolita
1461 4118 1514 4165 et
1574 4109 1834 4164 inaudita

137 4196 468 4265 sponderet,
530 4196 697 4251 ﬁdem
755 4205 915 4252 tanta
981 4198 1120 4253 dare
1192 4199 1477 4254 celeritate
1554 4198 1829 4268 potuerit;

137 4285 293 4354 quod
329 4292 478 4339 certe
500 4299 612 4339 non
636 4285 800 4340 aliter
822 4285 1141 4341 valebimus
1165 4300 1532 4354 compensare
1572 4285 1834 4340 mirando

137 4373 248 4427 nisi
281 4373 432 4427 hanc
463 4373 714 4441 primum
749 4373 1198 4429 intellexerimus
1231 4373 1380 4429 inter
1407 4388 1603 4428 omnes
1647 4373 1837 4428 homi-

137 4475 240 4515 nes
291 4461 456 4516 unice
513 4462 790 4517 nutritam
845 4477 878 4516 a
936 4462 1150 4532 Spiritu
1205 4471 1420 4518 sancto.
1479 4462 1599 4517 Nisi
1659 4463 1833 4528 enim,

137 4550 451 4620 plusquam
483 4551 738 4605 humana
758 4552 1109 4607 consuetudo
1138 4553 1372 4620 patitur,
1403 4551 1687 4618 divinum,
1724 4566 1840 4606 nta-

126 4639 588 4708 jestativumque
622 4639 899 4709 quiddam
932 4641 1053 4709 ipsa
1081 4641 1152 4695 ab
1186 4640 1418 4696 ineunte
1463 4648 1628 4695 aetate
1670 4640 1836 4710 inge-

129 4727 285 4782 niolo
338 4741 442 4781 suo
505 4735 836 4783 concretum
896 4737 1276 4799 cognosceret,
1342 4736 1496 4782 tanta
1570 4727 1839 4783 facilitate

127 4831 245 4870 non
279 4816 550 4871 crederet.
595 4817 779 4871 Tanta
832 4816 985 4871 enim
1027 4817 1363 4873 excellentia
1426 4817 1837 4886 promissorum

129 4905 187 4958 in
229 4903 474 4957 vanitati
524 4903 782 4972 subiecto
830 4905 998 4960 corde
1033 4920 1145 4959 non
1178 4912 1421 4973 caperet.
1476 4905 1582 4960 Ubi
1625 4905 1839 4974 quippe

125 4991 292 5046 nulla
342 4991 735 5059 praecesserint
788 4993 986 5048 munia
1043 4993 1396 5059 meritorum,
1448 4994 1563 5062 spei
1615 5007 1838 5063 magna:

123 5070 518 5124 emolumenta
576 5085 694 5124 non
735 5079 1071 5141 suppetunt.
1123 5071 1260 5138 Quis
1308 5087 1443 5142 ergo
1497 5074 1663 5128 homo
1711 5087 1836 5142 per-

124 5159 357 5230 pendat,
393 5158 502 5213 imo
528 5159 812 5214 excedens
844 5159 1134 5216 hominem
1164 5175 1294 5230 quae
1331 5161 1590 5232 angelica
1628 5169 1840 5216 natura

125 5247 420 5318 conjiciat,
478 5261 609 5316 quae
660 5247 836 5304 fuerit
895 5248 1135 5318 puritas,
1202 5250 1354 5319 quod
1405 5250 1648 5320 pondus,
1709 5265 1839 5319 quae

128 5334 315 5404 gloria
349 5334 429 5388 illi
469 5342 554 5401 ut,
589 5335 668 5389 ita
717 5336 926 5404 dicam,
987 5337 1194 5393 caelesti
1255 5338 1610 5394 conscientiae
1671 5337 1841 5393 innu-

129 5424 287 5488 trita,
320 5436 452 5491 quze
483 5422 660 5478 nullis
688 5424 794 5480 sibi
824 5426 1132 5494 prmmissis
1165 5425 1594 5497 Scripturarum
1643 5440 1837 5481 exem-

133 5511 266 5582 plis,
302 5510 481 5567 nullis
509 5511 786 5570 similium
816 5527 851 5568 a
879 5513 1087 5570 saeculo
1130 5524 1444 5572 eventuum
1490 5515 1840 5587 imaginibus

1667 1315 2486 1462 SANCTE
2598 1317 3291 1461 MARI/E

1878 1717 1916 1770 Β
1947 1714 2239 1782 exhibitis,
2274 1723 2430 1771 tanto
2460 1715 2768 1771 verborum
2815 1715 3113 1788 privilegio
3147 1716 3338 1773 sinum
3364 1731 3486 1774 suae
3517 1731 3649 1773 cre-

1946 1803 2204 1859 dulitatis
2235 1805 2620 1874 expanderit?

2017 1891 2070 1946 Si
2104 1891 2275 1957 Sarae,
2300 1893 2346 1947 si
2380 1892 2588 1947 Mauue
2617 1900 2670 1947 et
2698 1893 2866 1947 uxori
2889 1893 3032 1963 ejus,
3069 1894 3224 1964 quod
3257 1893 3328 1948 ad
3352 1894 3431 1949 rei
3471 1893 3650 1964 hujus

1945 1981 2430 2049 comparationem
2479 1981 2919 2036 usitatissimum
2956 1991 3098 2047 erat,
3152 1983 3249 2037 vix
3278 1982 3496 2052 lastrui,
3546 1981 3648 2036 vix

1945 2068 2212 2124 credibile
2238 2069 2415 2124 videri
2448 2070 2652 2138 potuit,
2688 2069 2778 2124 isti
2796 2071 3127 2139 juvenculae
3161 2085 3354 2126 rerum
3385 2070 3646 2125 omniutn

1947 2157 2261 2226 praesertim
2295 2157 2665 2212 muliebrium
2715 2157 3208 2226 inexpertissimae,
3262 2159 3414 2214 unde
3464 2167 3642 2224 tanta,

1943 2259 2016 2300 ex
2047 2253 2162 2299 tam
2189 2245 2545 2314 simplicibus
2586 2244 2773 2299 verbis
2805 2245 3012 2314 angeli,
3057 2253 3171 2299 tam
3221 2259 3459 2315 propere
3504 2246 3646 2300 ﬁdes

1946 2332 2127 2401 ingeri
2159 2333 2377 2389 valuit?
2408 2333 2463 2389 Si
2509 2335 2720 2403 Moyses
2764 2341 2888 2402 post
2937 2341 3015 2389 tot
3059 2334 3386 2389 divinorum
3443 2333 3642 2388 efﬁca—

1945 2422 2091 2476 ciam
2132 2423 2454 2492 signorutn,
2503 2423 2605 2493 qui
2646 2437 2776 2478 cum
2807 2423 2917 2477 Deo
2949 2421 3089 2477 facie
3136 2423 3206 2476 ad
3242 2422 3438 2477 faciem
3473 2422 3642 2491 quasi

1946 2513 2114 2567 homo
2150 2511 2219 2565 ad
2265 2512 2592 2579 proximum
2639 2511 3006 2580 loquebatur,
3055 2511 3123 2564 ad
3179 2509 3644 2565 contradictionis

1945 2613 2126 2669 aquas
2171 2599 2434 2654 distinxit
2471 2599 2527 2654 in
2578 2599 2744 2654 labiis
2789 2599 2929 2665 suis,
2981 2600 3048 2654 de
3086 2600 3257 2668 cujus
3303 2598 3644 2652 excellentia

1943 2687 2154 2742 dicitur
2185 2704 2198 2741 :
2235 2689 2378 2752 Quia
2415 2691 2737 2742 mitissimus
2775 2693 2908 2741 esset
2937 2689 3173 2741 omnium
3212 2689 3307 2754 qui
3357 2686 3645 2740 moraban-

1945 2781 2035 2830 tur
2090 2778 2147 2828 in
2202 2781 2348 2830 terra
2397 2776 2576 2845 (Num.
2624 2791 2721 2840 xu,
2773 2777 2848 2846 3),
2909 2791 3010 2846 pro
3055 2777 3224 2845 cujus
3273 2775 3642 2845 derogatione

1944 2865 2220 2919 adversus
2247 2865 2438 2920 Aaron
2469 2873 2659 2920 motus
2692 2867 2838 2920 Deus
2865 2864 3044 2919 Maria
3077 2865 3233 2933 lepra
3277 2863 3639 2933 percusserit,

1945 2952 2086 3022 quid
2136 2961 2407 3022 putamus
2455 2965 2525 3008 ex
2579 2967 2758 3023 quam
2811 2953 3035 3007 inﬁnito
3103 2951 3420 3007 sanctitatis
3490 2951 3641 3006 fonte

1949 3041 2297 3109 processerit,
2341 3041 2495 3110 quod
2544 3055 2659 3095 non
2727 3040 3076 3110 cuicunque,
3125 3041 3221 3094 sed
3267 3040 3460 3094 divino
3501 3053 3642 3094 con-

1946 3130 2156 3198 ceptui,
2194 3143 2259 3184 ac
2288 3130 2330 3184 si
2359 3143 2580 3198 semper
2621 3130 2988 3199 praesagitum
3020 3129 3128 3184 sibi
3172 3128 3389 3195 fuisset,
3440 3143 3641 3184 aurem

1949 3217 2054 3272 ista
2085 3219 2224 3273 adeo
2263 3218 2743 3286 obtemperanter,
2777 3219 3159 3287 animumque
3187 3216 3453 3286 aperuit?
3481 3216 3642 3271 Certe

1947 3306 2062 3375 ipse
2083 3307 2388 3361 Zacharias
2415 3307 2651 3361 Joannis
2697 3315 2872 3375 pater,
2922 3307 3060 3376 legis
3113 3306 3642 3376 prophetarumque

1945 3395 2328 3460 doctissimus,
2354 3395 2491 3450 dum
2526 3395 2624 3450 lilii
2655 3395 2760 3450 sibi
2791 3395 3005 3450 eximia
3038 3395 3262 3451 caelitus
3301 3395 3640 3449 enuntiare—

1947 3491 2040 3539 tur
2076 3485 2257 3555 origo,
2292 3485 2688 3540 miserabiliter
2732 3485 2912 3539 haesit.
2962 3484 3076 3550 Isti,
3109 3484 3264 3553 quod
3295 3497 3365 3538 ex
3420 3482 3640 3551 Spiritu

1944 3571 2132 3641 Virgo,
2164 3587 2277 3627 non
2329 3572 2538 3628 mulier
2565 3587 2637 3628 ex
2674 3572 2877 3627 marito
2907 3572 3247 3641 conciperet,
3299 3571 3446 3626 dicto
3490 3569 3642 3625 cele-

1944 3660 2066 3715 rius
2098 3662 2279 3727 stetit;
2311 3661 2401 3715 cui
2425 3660 2720 3716 sententia
2759 3659 3005 3715 concinit
3048 3659 3202 3729 quod
3235 3659 3281 3714 ei
3311 3658 3382 3713 ab
3433 3657 3638 3727 angelo

1944 3749 2236 3820 plenitudo
2283 3749 2482 3819 gratiae
2534 3749 2896 3818 praedicatur,
2932 3747 3040 3802 nisi
3060 3749 3211 3802 enim
3240 3748 3449 3802 divina:
3481 3745 3539 3799 in
3571 3758 3640 3799 ea

1941 3839 2172 3894 virtutis
2219 3838 2290 3892 ad
2337 3838 2623 3908 integrum
2673 3837 2834 3906 copia
2891 3836 3281 3902 conduxisset,
3335 3847 3638 3904 nunquam

1944 3928 2223 3983 bonorum
2249 3926 2507 3981 omnium
2542 3925 2901 3982 universitati
2949 3925 3044 3980 Dei
3101 3923 3238 3980 Filio
3281 3922 3640 3992 concipiendi

1942 4015 2338 4082 obedientiam,
2373 4015 2527 4085 quod
2561 4014 2762 4083 ineptis
2793 4015 3080 4070 mentibus
3115 4011 3441 4068 fabulosum
3480 4013 3638 4068 vide-

1943 4112 2120 4171 retur,
2161 4104 2530 4174 impenderet.
2582 4104 2666 4158 Ex
2705 4117 2944 4158 munere
2981 4103 3133 4158 enim
3181 4115 3445 4172 supernae
3492 4101 3640 4156 infu-

1942 4193 2137 4261 sionis,
2170 4193 2323 4262 quod
2371 4207 2404 4247 a
2461 4192 2736 4262 primaevo
2796 4192 3167 4261 singulariter
3219 4189 3481 4246 inolitum
3533 4189 3639 4245 sibi

1875 4310 1919 4363 Β
1947 4291 2089 4347 erat,
2121 4297 2234 4336 non
2264 4288 2366 4347 est,
2392 4281 2488 4336 tali
2521 4280 2839 4350 stupefacta
2869 4281 2937 4335 de
2966 4280 3193 4346 nuntio,
3231 4279 3327 4334 sed
3346 4279 3637 4342 omnimo-

1947 4370 2078 4424 dam
2113 4369 2284 4424 totius
2304 4369 2621 4423 divinitatis
2649 4368 3111 4435 exuberantiam,
3137 4366 3300 4437 quasi
3330 4367 3401 4421 ab
3427 4375 3639 4421 aeterno

1945 4458 2254 4528 cognitam,
2289 4464 2585 4527 gratanter
2639 4457 2881 4526 excepit,
2939 4471 3113 4526 quam
3164 4455 3235 4510 ad
3293 4455 3401 4510 hoc
3450 4454 3639 4524 ipsum

1946 4540 2190 4610 Spiritus
2221 4551 2456 4599 sanctus
2486 4559 2710 4614 semper
2750 4545 3053 4599 imbuerat.

2019 4632 2194 4696 Quam
2236 4634 2494 4687 excellens
2553 4635 2664 4700 fuit
2706 4634 2854 4686 illius
2906 4633 3093 4699 angelo
3143 4646 3411 4685 assensus.
3444 4659 3513 4669 —
3544 4628 3639 4684 Di-

1946 4720 2094 4776 centi
2127 4720 2292 4789 plane
2323 4721 2525 4792 angelo
2562 4737 2574 4774 :
2612 4724 2742 4776 Ecce
2771 4724 3034 4788 concipies
3073 4725 3122 4773 et
3177 4723 3360 4788 paries
3413 4719 3560 4788 (Luc.
3598 4732 3636 4785 ι,

1947 4809 2055 4877 3i),
2094 4823 2421 4878 nunquam,
2446 4810 2731 4878 quomodo
2763 4817 2946 4879 posset
2980 4808 3095 4863 fieri
3130 4808 3266 4877 quia
3299 4808 3489 4862 virum
3525 4821 3641 4862 non

1945 4899 2338 4966 cognoscebat,
2384 4898 2672 4968 objiceret,
2715 4899 2760 4952 si
2802 4912 2860 4952 se
2889 4911 2961 4951 ex
3013 4910 3220 4966 sponso
3261 4910 3433 4966 quem
3475 4895 3630 4950 vidc-

1947 4983 2118 5038 batur
2179 4984 2390 5040 habere
2437 4993 2842 5055 coucepturam
2900 4987 3088 5040 sciret.
3139 4984 3278 5051 Quis
3322 4997 3458 5053 ergo
3519 4981 3642 5036 istic

1945 5071 2332 5141 conjecturam
2368 5087 2466 5142 pro
2499 5082 2612 5129 tam
2644 5072 2871 5128 insolita
2905 5072 3349 5142 interrogatione
3393 5085 3505 5125 non
3537 5085 3642 5125 su-

1948 5168 2086 5226 mat,
2118 5161 2271 5230 quod
2299 5175 2369 5216 ex
2420 5163 2589 5216 veteri
2617 5160 2894 5216 tnirahilis
2925 5161 3122 5231 gratiae
3143 5159 3498 5228 experientia
3531 5157 3641 5212 vir-

1947 5249 2170 5318 ginitati
2219 5259 2504 5319 perpetua:
2553 5249 2830 5305 inservire
2875 5249 3192 5319 delegisset,
3223 5262 3354 5318 quae
3385 5261 3458 5302 ex
3502 5261 3640 5316 prae-

1946 5337 2110 5403 senti,
2162 5336 2257 5392 cui
2317 5336 2442 5407 jam
2479 5338 2694 5393 credita
2749 5337 2932 5392 fuerat
2988 5339 3133 5403 viro,
3191 5351 3251 5392 se
3318 5335 3640 5406 parituram

1947 5425 2181 5481 minime
2210 5427 2566 5495 reputasset?
2605 5427 2743 5495 quia
2777 5427 2931 5481 enim
2973 5441 3136 5482 novae
3181 5425 3380 5496 gratiae
3436 5425 3646 5494 princi-

1947 5513 2104 5584 pium
2150 5515 2273 5584 ipsa
2319 5523 2461 5583 erat,
2507 5515 2674 5585 plane
2732 5524 3057 5587 competens
3103 5515 3312 5584 fuerat,
3370 5521 3433 5570 ut
3480 5529 3645 5573 uovze
