3934 6086
298 224 399 276 539

1188 221 1244 272 V.
1288 219 1614 275 GUIBERTI
1655 219 1943 276 ABBATIS
1980 218 2035 274 S.
2079 218 2321 275 MARUE
2363 220 2452 274 DE
2495 218 2900 275 NOVIGENTO

3700 223 3804 275 540

294 356 701 426 specialitatem
719 355 1079 425 professionis
1102 355 1504 424 haberet,quze
1538 368 1686 409 novo
1714 352 1990 425 gignendi
2026 356 2075 408 A
2103 353 2341 422 tissima,
2408 355 2521 410 imo
2562 355 2787 411 cunctis
2837 355 3305 424 praestantissima
3361 356 3623 413 ubertate
3682 357 3808 427 jam

298 459 507 515 genere
537 452 828 500 auctorem
880 444 1053 498 totius
1102 450 1311 498 sanctae
1361 443 1630 497 novitatis
1653 452 1984 511 exponeret.

295 534 421 589 Non
448 534 626 603 igitur
676 532 917 601 angelus
951 545 1050 586 cor
1102 532 1158 585 in
1191 546 1259 585 ea
1301 531 1444 587 rude
1487 538 1588 586 aut
1636 531 1990 600 imparatum

296 623 526 691 reperit,
569 621 659 676 cui
708 619 930 675 cunctis
964 628 1104 676 tunc
1145 620 1472 675 viventibus
1515 620 1655 674 adeo
1705 620 1993 690 insepara-

296 709 432 765 bilia
462 709 528 778 [Γ.
566 707 953 777 insperabilia]
995 708 1306 772 nuntiavit,
1332 708 1549 777 quibus
1583 715 1741 763 tanto
1769 707 1991 764 fidelius

296 810 590 852 assensum
634 795 898 865 praebuit,
929 803 1148 865 quanto
1180 795 1437 850 humana
1483 802 1694 850 natura
1732 794 1991 851 eminen-

296 884 495 940 tiorem
524 884 705 938 inesse
737 884 843 939 sibi
871 882 1139 939 affectum
1168 884 1365 938 sensit.

366 973 615 1029 Gratiam
644 972 742 1025 dat
764 972 906 1026 Deus
934 975 1137 1025 sanctis
1160 972 1235 1025 ad
1272 987 1599 1026 mensuram.
1634 1001 1702 1012 —
1756 971 1814 1027 in
1864 971 1992 1028 aliis

291 1061 505 1117 sanctis
563 1061 849 1115 mentibus
906 1060 1295 1130 spiritualium
1373 1060 1789 1115 charismatum
1842 1065 1990 1114 188

292 1150 717 1220 particulariter
749 1164 1051 1213 mensurze,
1086 1164 1198 1203 non
1230 1148 1613 1218 plenitudincs
1644 1147 1700 1202 in
1727 1149 1990 1217 prtesenti

293 1237 501 1294 saeculo
532 1244 951 1307 praerogantur.
986 1238 1094 1291 Pro
1124 1252 1240 1307 quo
1278 1252 1309 1291 e
1340 1237 1570 1307 regione
1610 1237 1822 1291 dicitur
1851 1237 1991 1307 quia

294 1325 353 1379 in
398 1324 594 1380 futuro
637 1325 746 1379 erit
785 1325 935 1379 Deus
977 1323 1172 1379 omnia
1212 1324 1268 1377 in
1311 1324 1580 1380 omnibus
1624 1324 1681 1394 (Ι
1717 1324 1833 1379 Cor.
1886 1339 1985 1391 xv,

292 1415 399 1479 28).
432 1412 485 1468 Si
510 1413 705 1482 itaque
733 1427 891 1467 nunc
918 1413 977 1467 in
1010 1414 1090 1467 eis
1117 1412 1378 1467 omnium
1410 1412 1695 1468 virtutum
1729 1412 1989 1467 scintilla

292 1502 709 1569 interemicant,
749 1509 888 1556 tunc
930 1501 1165 1570 integrae
1200 1515 1298 1569 per
1334 1515 1530 1556 omnes
1567 1501 1688 1556 sine
1735 1500 1855 1556 ulla
1901 1500 1989 1556 lu-

292 1591 465 1645 minis
495 1589 930 1659 interpolatione
973 1596 1317 1644 coruscant:
1346 1589 1503 1659 quod
1544 1588 1697 1644 enim
1740 1588 1983 1643 dicitur:

292 1680 412 1734 Non
436 1679 510 1732 ad
547 1693 852 1732 mensuram
890 1678 989 1732 dat
1033 1681 1172 1732 Deus
1223 1679 1499 1746 Spiritum
1532 1676 1717 1746 (Joan.
1750 1692 1830 1742 ιιι,
1875 1678 1987 1746 34),

294 1766 365 1821 ad
417 1766 625 1821 Filium
684 1766 948 1836 pertinet,
1008 1767 1178 1836 cujus
1238 1773 1393 1821 totus
1447 1765 1687 1835 spiritus
1739 1765 1855 1834 ipse
1883 1773 1985 1820 est.

294 1855 455 1918 Quod
493 1862 682 1910 autem
735 1854 1051 1923 unicuique
1105 1854 1425 1909 secundum
1466 1852 1754 1922 propriam
1805 1853 1987 1908 virtu-

294 1949 426 2004 tem,
450 1943 522 1997 ad
546 1942 652 1997 hoc
684 1941 883 2010 utique
908 1942 1061 2012 quod
1103 1941 1366 1996 ﬁdelibus
1406 1955 1667 2009 supernae
1718 1940 1988 1996 distribu-

293 2030 494 2097 tiones,
523 2031 694 2100 juxta
721 2030 1074 2099 Apostolum,
1101 2044 1202 2099 pro
1235 2028 1362 2083 lidei
1398 2042 1670 2084 mensura
1698 2029 1992 2083 donantur

294 2118 515 2189 (Ep/ws.
551 2134 625 2185 1v,
657 2122 737 2187 7),
786 2118 880 2173 cui
907 2118 1261 2174 simillimum
1288 2125 1371 2173 est
1400 2118 1553 2187 quod
1586 2117 1655 2172 de
1704 2117 1992 2187 incompa-

291 2207 460 2263 rabili
492 2221 726 2277 prorsus
762 2214 816 2262 et
859 2207 1153 2262 benedicta
1197 2207 1305 2261 hac
1334 2205 1571 2275 Virgine
1610 2212 1665 2261 et
1712 2205 1986 2271 creditur,

291 2304 345 2352 et
397 2297 766 2366 przedicatur.
825 2296 939 2365 Ipsi
994 2295 1162 2365 plane
1213 2294 1355 2350 nihil
1404 2295 1477 2349 ad
1532 2308 1864 2349 mensuram
1905 2301 1990 2349 est

290 2385 616 2453 praebitum,
666 2399 800 2440 cum
847 2398 1001 2451 eum,
1058 2384 1161 2453 qui
1200 2383 1353 2452 apud
1386 2383 1610 2438 Patrem
1645 2390 1798 2437 totus
1843 2389 1986 2450 erat,

291 2473 468 2545 Virgo
499 2473 776 2529 mirabilis
801 2473 952 2528 intra
984 2480 1145 2541 septa
1171 2473 1319 2527 uteri
1342 2471 1472 2527 tulit
1502 2478 1704 2526 totum.

965 2561 1190 2617 CAPUT
1232 2561 1301 2615 II.

365 2650 539 2703 Deum
568 2652 627 2703 in
646 2665 701 2704 se
722 2654 889 2703 totum
922 2649 1360 2703 substantialiter
1382 2649 1646 2701 continuit
1685 2649 1746 2702 B.
1798 2649 1985 2713 Virgo.

291 2769 359 2778 —
390 2738 572 2808 Super
600 2752 718 2808 qua
754 2752 813 2792 re
843 2739 1081 2807 quiestio
1122 2750 1181 2791 se
1225 2736 1393 2791 infert
1423 2737 1581 2791 omni
1630 2735 1989 2804 contempla-

292 2825 446 2881 tione
495 2826 851 2897 dignissima.
903 2826 982 2881 De
1031 2824 1190 2881 nullo
1246 2832 1578 2879 sanctorum
1633 2824 1843 2879 sentire
1886 2831 1987 2880 aut

2099 444 2361 512 possidet,
2421 444 2596 499 statui
2651 444 2754 509 illi,
2818 450 2883 499 ut
2951 444 3091 499 mihi
3148 444 3397 511 videtur,
3476 446 3805 515 comparari

2098 532 2337 600 valebit;
2392 547 2508 601 quo
2560 532 2689 587 licet
2747 533 3001 588 mortalis
3053 541 3237 589 totum
3289 534 3345 589 in
3403 548 3461 589 se
3517 534 3805 590 continuit

2099 621 2252 691 quod
2282 621 2432 675 Deus
2474 629 2576 676 est.
2608 621 2778 675 Aliud
2815 629 2899 675 est
2932 634 3133 691 nempe
3166 621 3225 676 in
3272 637 3391 691 quo
3442 629 3595 678 totus
3645 634 3807 676 rese-

2099 708 2273 773 derit;
2308 708 2487 774 aliud,
2515 709 2784 778 quamvis
2810 709 3153 777 beatissime,
3187 710 3343 780 quod
3380 710 3807 779 particulariter

2099 796 2312 866 implet.
2353 796 2511 851 Illam
2562 798 2758 867 itaque
2788 797 3134 854 ineffabilem
3169 799 3408 853 Mariam
3440 812 3512 855 ex
3531 797 3807 869 [quadam

2097 891 2276 952 parte,
2344 884 2483 939 dum
2534 885 2718 939 Deum
2763 884 3029 954 concipit,
3081 884 3392 941 beatiorem
3441 886 3497 939 in
3531 882 3804 954 praesenti

2098 970 2365 1037 dixerim,
2398 986 2574 1042 quam
2605 973 2815 1028 existat
2845 972 2902 1027 in
2930 972 3147 1037 futuro,
3178 987 3246 1029 ea
3276 988 3419 1043 pene
3450 972 3807 1041 imparitate,

2099 1074 2218 1130 qua
2248 1061 2621 1130 pars‘distare
2674 1069 2915 1130 putatur
2958 1075 2992 1115 a
3023 1068 3159 1117 toto.
3205 1061 3309 1118 Cui
3356 1075 3611 1129 namque
3665 1075 3805 1130 per-

2097 1162 2272 1216 sonae,
2322 1158 2528 1219 praeter
2583 1149 2771 1215 istam,
2818 1150 3124 1205 attribuas.
3184 1158 3247 1207 ut
3293 1150 3349 1205 in
3405 1164 3474 1205 ea
3521 1151 3677 1205 Deus
3719 1157 3805 1203 to-

2099 1243 2221 1292 tum
2256 1238 2628 1307 personaliter
2671 1237 3015 1293 contulerit?
3070 1238 3151 1295 Ne
3208 1238 3263 1293 in
3317 1238 3514 1294 futuro
3563 1237 3805 1307 quidem

2098 1327 2363 1395 reperies,
2415 1327 2473 1382 in
2514 1341 2688 1397 quem
2736 1325 3046 1396 coagulum
3093 1327 3396 1383 inaccessae
3428 1326 3584 1381 illius
3617 1325 3806 1395 maje-

2097 1415 2258 1469 statis
2280 1414 2541 1471 effecerit.
2577 1416 2629 1471 Si
2656 1416 2808 1472 enim
2862 1417 2976 1471 Deo
3018 1415 3161 1471 nihil
3209 1423 3293 1471 est
3348 1415 3594 1477 beatius,
3623 1421 3681 1469 et
3723 1413 3807 1468 illi

2097 1501 2249 1556 beati
2290 1503 2585 1570 dicuntur,
2635 1512 2696 1559 ut
2744 1512 2879 1559 sunt
2944 1517 3226 1573 pauperes
3264 1503 3493 1573 spiritu,
3543 1511 3609 1558 ut
3665 1509 3808 1557 sunt

2099 1590 2262 1645 mites
2292 1591 2506 1660 (Matth.
2550 1607 2604 1658 v,
2638 1595 2689 1657 3,
2732 1593 2806 1661 4),
2842 1607 2986 1662 quos
3032 1592 3266 1647 virtutis
3298 1592 3550 1661 alicujus
3586 1590 3804 1661 {splen-

2101 1679 2209 1734 dor
2256 1679 2561 1747 illuminat,
2612 1680 2755 1750 quid
2813 1680 2869 1735 in
2924 1679 3063 1735 caalo
3112 1688 3380 1749 terraque
3430 1694 3496 1735 eo
3542 1679 3714 1735 corde
3752 1685 3809 1734 et

2099 1775 2301 1822 ventre
2328 1767 2571 1835 felicius,
2606 1783 2724 1839 quo
2759 1782 2818 1823 se
2861 1768 2935 1823 ad
2983 1769 3264 1839 integram
3312 1768 3467 1823 illius
3509 1766 3809 1823 creatricis

2098 1854 2357 1921 essentiae
2387 1857 2748 1925 omnipotens
2767 1869 2995 1911 summa
3029 1854 3376 1926 coaggeral?

2172 1942 2570 2011 Objectionibus
2641 1946 2877 1997 occurrit
2959 1949 3166 1997 auctor.
3214 1943 3636 2011 Sapientissima
3712 1958 3807 2012 po-

2100 2033 2507 2100 tentissimaque
2552 2032 2819 2100 probatur
2856 2033 3018 2099 Virgo
3078 2031 3252 2084 beata.
3303 2059 3376 2071 —
3414 2030 3519 2085 Sed
3552 2030 3625 2084 ad
3686 2029 3809 2085 haec

2094 2118 2215 2189 jam
2246 2120 2540 2189 resipiscat
2569 2122 2821 2187 animus,
2878 2126 2932 2174 et
2979 2119 3158 2189 ipsius
3202 2104 3581 2174 sacrosanctae
3632 2131 3806 2187 puer-

2100 2222 2250 2277 perae
2300 2208 2676 2278 ignorantias,
2718 2216 2773 2263 et
2837 2208 3004 2277 quasi
3070 2222 3405 2263 communes
3443 2209 3495 2262 ei
3552 2206 3806 2261 imbecil-

2098 2295 2283 2351 litates
2323 2296 2583 2367 objectet.
2634 2297 2796 2352 Dicat
2845 2296 3086 2366 itaque:
3140 2295 3283 2352 Cum
3325 2310 3462 2365 ergo
3516 2295 3637 2364 ipsa
3689 2295 3803 2349 Deo

2097 2392 2371 2454 concepto
2405 2386 2599 2440 omnia
2647 2386 2808 2454 pueri
2853 2384 3053 2441 futura
3099 2385 3243 2440 scire
3298 2384 3578 2449 debuerit,
3643 2383 3804 2438 toties

2098 2472 2170 2527 ad
2211 2473 2417 2543 Ioseph
2461 2473 2819 2530 edocendum
2862 2474 3104 2544 angelus
3153 2472 3356 2529 vexari
3407 2486 3523 2527 non
3577 2470 3797 2526 debuit.

2097 2558 2373 2616 Occurrat
2403 2562 2582 2631 igitur
2617 2570 2852 2617 econtra
2883 2561 3193 2624 memoriae,
3227 2560 3381 2632 quod
3423 2561 3496 2615 ab
3538 2560 3797 2614 archan-

2100 2649 2225 2719 gelo
2276 2649 2423 2704 inter
2470 2651 2939 2706 annuntiandum
2990 2651 3220 2717 dicitur,
3290 2652 3472 2703 Virtus
3522 2650 3802 2704 Altissimi

2097 2738 2438 2792 obumbrubit
2492 2739 2596 2795 tibi
2634 2740 2780 2805 (Luc.
2815 2755 2848 2794 ι.
2881 2741 2994 2807 35).
3047 2739 3116 2794 Et
3172 2738 3313 2808 quid
3367 2738 3474 2794 fuit
3514 2737 3656 2792 illud
3699 2737 3799 2791 ob-

2099 2827 2390 2893 umbrare,
2441 2827 2548 2881 nisi
2603 2827 2755 2883 illius
2791 2827 3236 2897 incirumscripti
3285 2826 3520 2881 luminis
3560 2825 3803 2881 immen-

291 2914 477 2970 dicere
506 2914 787 2969 audemus
820 2913 976 2983 quod
1009 2913 1066 2967 in
1100 2912 1196 2967 illa
1228 2912 1590 2968 beatitudine
1616 2914 1983 2981 sempiterna,
2027 2907 2067 2962 C
2094 2915 2317 2970 sitatem
2382 2915 2683 2971 obtutibus
2733 2916 2941 2972 mentis
2981 2914 3289 2971 obtexerc?
3367 2915 3564 2971 Virtus
3632 2915 3801 2982 plane

290 3002 504 3058 nedum
536 3002 592 3057 in
625 3002 732 3056 hac
763 3000 987 3057 mortali
1021 3000 1160 3067 vita,
1192 3000 1597 3070 cujuscunque
1634 3000 1987 3057 excellentiae

291 3090 381 3156 sit,
435 3091 616 3145 Deum
663 3088 1116 3145 substantialiter
1168 3096 1348 3144 totum
1400 3089 1458 3142 in
1506 3102 1564 3143 se
1613 3089 1835 3151 habeat,
1880 3089 1987 3144 etsi

289 3178 442 3233 enim
476 3178 664 3233 omnis
686 3178 836 3232 intra
864 3177 1177 3248 quemlibet
1216 3176 1443 3232 virtutis
1470 3178 1764 3247 congeries
1803 3177 1985 3234 inesse

289 3266 689 3335 perfectissime
718 3265 1050 3330 aestimetur,
1083 3266 1226 3320 nulli
1262 3273 1452 3319 tamen
1491 3263 1812 3319 divinitatis
1851 3266 1989 3321 uni-

288 3355 530 3410 versitas
579 3354 975 3419 essentialiter,
1041 3361 1105 3409 ut
1160 3362 1244 3409 est
1308 3354 1532 3422 linfusa,
1606 3353 1984 3424 dignoscitur.

291 3442 446 3505 Quod
474 3442 689 3513 quippe
712 3442 923 3499 dicitur
948 3442 1211 3498 futurum
1251 3443 1431 3498 Deum
1476 3442 1671 3499 omnia
1710 3442 1769 3498 in
1802 3443 1987 3498 omni-

290 3531 419 3599 bus,
470 3531 612 3587 nihil
652 3531 811 3587 aliud
852 3539 955 3597 est,
1014 3532 1124 3586 nisi
1159 3531 1311 3601 quod
1361 3533 1529 3597 Deus,
1576 3531 1675 3600 qui
1726 3546 1989 3602 quosque

288 3628 515 3676 sanctos
546 3634 646 3690 per
671 3619 930 3691 singulas
957 3634 1221 3690 quasque
1252 3618 1501 3675 virtutes
1532 3619 1593 3673 in
1635 3619 1741 3675 hoc
1772 3622 1988 3676 mundo

288 3708 570 3775 nobilitat,
638 3715 778 3764 tunc
844 3708 1144 3763 universos
1218 3706 1593 3763 universitate
1666 3706 1985 3776 gratiarum

290 3797 681 3866 perfundendo
733 3796 1049 3851 eollustrat.
1095 3794 1266 3850 Aliud
1322 3808 1460 3864 ergo
1522 3802 1605 3850 est
1668 3794 1990 3851 exuberare

288 3886 494 3956 gratia,
557 3884 714 3940 aliud
768 3882 1130 3939 ineffabiliter
1171 3883 1735 3953 iucomprehensibili
1786 3884 1989 3952 repleri

288 3973 629 4029 substantia.
674 3971 813 4037 Quae
857 3979 1107 4041 utraque
1158 3970 1529 4042 singulariter
1569 3970 1864 4026 benedicta
1919 3972 1989 4026 de

290 4074 409 4131 qua
442 4060 670 4129 agimus
700 4059 913 4114 femina
938 4058 1018 4114 sic
1048 4059 1252 4115 habuit
1291 4067 1356 4115 ut
1383 4067 1438 4114 et
1467 4058 1823 4130 plenitudine
1855 4073 1988 4129 gra-

272 4148 382 4204 tiae
429 4147 797 4213 redundaret,
860 4155 914 4203 et
963 4146 1523 4217 incircumscriptum
1593 4148 1739 4204 inter
1790 4162 1989 4203 omnes

289 4244 587 4293 creaturas
637 4236 778 4303 sola,
823 4251 935 4291 non
987 4235 1043 4291 in
1085 4250 1189 4291 suo
1239 4236 1613 4301 solummodo,
1658 4243 1723 4292 ut
1772 4236 1984 4304 caeteri,

290 4339 549 4389 munere,
577 4325 675 4381 sed
709 4333 885 4380 totum
922 4326 980 4380 in
1011 4325 1196 4394 seipse
1230 4333 1501 4395 portaret.

360 4415 551 4471 Status
582 4415 756 4483 ipsius
788 4418 845 4466 in
879 4414 979 4467 hac
1017 4416 1240 4468 mortali
1270 4418 1387 4468 vita
1424 4416 1773 4483 prastantior
1822 4430 1987 4485 quam

289 4506 349 4556 in
381 4503 524 4556 calo.
574 4531 644 4541 —
681 4501 842 4558 Unde
879 4503 1182 4572 quaeritur,
1229 4510 1284 4558 et
1332 4503 1495 4559 nobis
1549 4503 1740 4558 debita
1788 4503 1988 4558 humi-

290 4590 446 4647 litate
475 4598 765 4661 pensatur,
797 4600 990 4646 utrum
1022 4592 1547 4647 sacrosanctissima
1585 4591 1681 4646 illa
1721 4591 1779 4646 in
1829 4606 1986 4647 mor—

290 4681 501 4736 talibus
552 4680 743 4736 adhuc
790 4680 1099 4736 constituta
1137 4679 1428 4744 membris,
1481 4680 1662 4736 Deum
1709 4680 1986 4751 gestando

289 4770 419 4839 plus
452 4768 736 4835 habuerit,
769 4782 944 4839 quam
987 4782 1144 4824 nunc
1174 4768 1381 4824 habeat
1420 4767 1535 4823 filio
1574 4769 1629 4824 in
1666 4768 1988 4825 crelestibus

289 4858 684 4929 coregnando;
725 4858 877 4927 quod
924 4856 1091 4927 plane
1126 4856 1208 4911 sic
1252 4871 1411 4926 posse
1443 4856 1641 4912 sentiri
1689 4858 1811 4912 sine
1842 4871 1984 4926 prae-

286 4946 503 5018 judicio
549 4946 939 5017 intelligentiae
986 4944 1223 5001 verioris
1262 4945 1543 5007 existimo,
1569 4946 1732 5015 quod
1765 4945 1820 4999 in
1860 4960 1985 5001 cor-

292 5033 548 5102 ruptibili
571 5047 745 5089 carne
784 5034 965 5089 multo
992 5033 1177 5105 magis
1209 5033 1339 5103 plus
1370 5034 1657 5101 habuerit,
1687 5048 1820 5089 cum
1860 5034 1989 5103 ple-

290 5121 495 5177 nitudo
533 5121 855 5178 divinitatis
895 5122 953 5177 in
997 5137 1056 5177 se
1102 5122 1476 5192 corporaliter
1524 5123 1809 5180 habitaret
1849 5123 1982 5192 (Col.

291 5223 350 5274 ιι,
404 5210 482 5275 9),
534 5224 712 5280 quam
750 5224 907 5266 nunc
963 5210 1192 5277 habeat,
1252 5209 1382 5265 licet
1439 5210 1652 5266 christo
1697 5224 1800 5265 suo
1861 5223 1984 5265 cor-

292 5304 509 5367 regnet.
559 5299 827 5368 quamvis
872 5299 1026 5355 enim
1056 5297 1325 5355 omnibus
1376 5299 1662 5369 potentius
1706 5298 1987 5354 creaturis

294 5383 532 5440 feliciter
584 5386 834 5442 vivendo
867 5388 1196 5457 persentiat,
1242 5402 1356 5442 non
1402 5396 1591 5443 tamen
1637 5387 1797 5454 illud,
1831 5387 1986 5457 quod

296 5476 355 5531 in
384 5473 553 5532 modo
580 5476 842 5533 omnium
868 5477 1191 5547 gratiarum
1220 5490 1289 5534 ac
1313 5476 1629 5549 gloriarum
1675 5477 1987 5534 abundan-

2095 3003 2364 3058 Altissimi
2407 3004 2736 3067 obumbrat,
2799 3018 2930 3059 cum
2990 3011 3226 3059 sanctus
3295 3002 3562 3072 Spiritus,
3629 3003 3801 3072 cujus

2096 3092 2339 3160 speciaie
2370 3091 2588 3147 donum
2616 3100 2701 3147 est
2734 3092 3051 3160 humilitas,
3091 3092 3145 3146 in
3196 3098 3504 3160 conspectu
3557 3091 3798 3146 rationis

2095 3179 2380 3234 interioris
2432 3180 2627 3251 gloriae
2688 3180 2976 3235 claritates
3025 3187 3323 3235 extenuat.
3380 3180 3441 3233 In
3486 3185 3794 3246 conspectu

2094 3282 2232 3339 ergo
2281 3267 2375 3323 illo
2419 3269 2569 3323 sicut
2615 3268 2762 3325 nulli
2812 3269 3218 3338 comparabilis
3255 3266 3475 3323 exstitit
3522 3266 3797 3337 dignitas,

2097 3358 2175 3411 ita
2192 3356 2494 3426 dignitatis
2521 3358 2828 3425 potentiam
2867 3371 2981 3412 non
3027 3355 3321 3411 dissimilis
3371 3356 3498 3409 aliis
3538 3355 3795 3409 obnubi-

2092 3442 2237 3499 lavit
2269 3444 2593 3500 inﬁrmitas.
2648 3445 2810 3501 Unde
2851 3452 2907 3501 et
2955 3444 3092 3499 alibi
3148 3444 3393 3499 dicitur:
3453 3445 3595 3497 Pone
3637 3458 3800 3512 quasi

2093 3536 2299 3587 noctem
2346 3534 2595 3587 umbram
2640 3539 2789 3587 tuam
2839 3532 2989 3601 (lsai.
3042 3522 3157 3600 xvi,
3206 3534 3281 3602 3).
3341 3532 3534 3597 Quasi,
3585 3531 3798 3601 inquit,

2097 3636 2212 3677 non
2245 3636 2393 3689 vere,
2428 3636 2542 3677 non
2570 3622 2723 3678 enim
2763 3636 2879 3691 quo
2912 3622 3188 3687 Iucemus,
3238 3619 3333 3675 sed
3364 3634 3480 3688 quo
3526 3618 3798 3673 tenebra-

2097 3710 2311 3766 scimus
2331 3710 2605 3766 debemus
2627 3709 2938 3764 attendere.
2968 3709 3093 3764 Non
3148 3708 3326 3779 igitur
3370 3707 3607 3762 forsitan
3640 3707 3803 3776 quid-

2095 3800 2246 3869 piam
2290 3800 2554 3870 ignorare
2593 3799 2799 3868 potuit,
2844 3812 2976 3868 quae
3024 3797 3202 3852 Deum
3242 3796 3434 3851 omnia
3484 3795 3802 3864 sapientem

2092 3881 2324 3958 genuit;
2357 3901 2488 3958 quae
2521 3895 2711 3943 tamen
2741 3895 2797 3943 et
2839 3886 3141 3956 sapientia,
3198 3886 3528 3955 pariterque
3563 3898 3637 3938 ex
3690 3884 3803 3938 Deo

2094 3976 2254 4032 carni
2286 3990 2405 4031 suae
2437 3976 2598 4031 unite
2622 3974 2892 4044 potentia,
2926 3979 3087 4028 tanta
3107 3972 3531 4042 dispensatione
3568 3970 3802 4026 delituit

2096 4072 2161 4120 ut
2183 4064 2292 4120 sibi
2315 4078 2417 4118 nec
2443 4063 2607 4131 scire,
2646 4078 2752 4118 nec
2783 4076 2945 4131 posse
2987 4062 3222 4127 deesset,
3273 4074 3406 4116 cum
3456 4067 3647 4115 tamen
3698 4074 3799 4129 op-

2097 4160 2344 4221 portuno
2402 4151 2643 4221 tempori
2713 4150 2941 4205 interim
2992 4152 3177 4205 virtus
3224 4156 3482 4204 contecta
3531 4147 3794 4214 serviret,

2095 4241 2241 4297 sicut
2261 4239 2414 4295 enim
2456 4240 2514 4294 in
2569 4253 2746 4309 puero
2801 4240 2938 4293 Iesu
2977 4236 3279 4306 sapientia,
3334 4244 3472 4293 mtas
3511 4242 3566 4291 et
3608 4235 3798 4307 gratia

2096 4329 2251 4398 apud
2288 4330 2468 4384 Deum
2502 4335 2557 4381 et
2598 4326 2855 4381 homines
2904 4324 3246 4395 pedetentim
3277 4324 3493 4381 coaluit
3524 4325 3679 4392 (Luc.
3737 4339 3797 4389 ιι,

2096 4417 2208 4485 52),
2245 4418 2323 4472 ita
2357 4425 2411 4472 et
2444 4418 2499 4470 in
2547 4423 2749 4479 matre,
2780 4414 3137 4469 exolescente
3183 4413 3343 4479 Filio,
3380 4419 3435 4468 et
3464 4411 3800 4482 propalante

2096 4520 2197 4575 per
2235 4505 2555 4561 doctrinam
2599 4511 2655 4559 et
2694 4503 2860 4574 signa
2903 4503 3057 4572 quod
3096 4509 3241 4568 erat,
3289 4500 3575 4572 quidquid
3622 4500 3682 4556 in
3732 4515 3800 4556 ea

2096 4601 2303 4662 printer
2330 4600 2603 4647 naturam
2646 4592 2861 4647 factum
2898 4591 3281 4649 nesciebatur.
3335 4590 3627 4659 apparuit.
3669 4591 3801 4645 Pro-

2093 4696 2258 4738 cessu
2284 4694 2422 4735 sane
2470 4680 2757 4750 temporis,
2805 4688 2860 4735 et
2914 4688 3112 4749 emptae
3155 4679 3464 4734 efﬁcientia
3506 4678 3798 4748 dispensa-

2092 4769 2283 4835 tionis,
2314 4777 2368 4824 et
2395 4768 2594 4824 matris
2639 4768 3015 4833 imbecillitas,
3055 4777 3110 4823 et
3151 4767 3271 4822 nati
3318 4767 3649 4838 ignobilitas
3703 4766 3798 4821 mi-

2092 4857 2258 4914 rabili
2301 4859 2703 4927 mysteriorum
2769 4856 3114 4912 revelatione
3168 4855 3473 4925 perpatuit.
3538 4854 3795 4920 Quodam

2093 4945 2344 5017 denique
2388 4945 2554 5001 modo
2596 4944 2783 5015 fragili
2820 4943 2986 4999 sexui
3034 4952 3090 4998 et
3128 4943 3302 5013 tutati,
3353 4943 3396 4998 si
3456 4943 3645 4997 dicere
3695 4956 3797 4997 au-

2094 5034 2278 5100 deam,
2329 5032 2568 5090 lubrica:
2620 5046 2854 5102 parsum
2905 5046 3078 5100 super
3136 5031 3241 5085 isto
3297 5039 3590 5099 putamus,
3658 5030 3798 5086 dum

2094 5130 2157 5178 ut
2186 5124 2370 5179 virtus
2429 5122 2734 5177 immodica
2766 5122 2823 5175 in
2856 5120 3049 5175 animo
3097 5118 3325 5175 tolerari
3390 5118 3641 5187 potuerit
3682 5132 3802 5173 cor—

2094 5212 2252 5281 poris
2310 5211 2608 5275 tenuitate,
2662 5210 2770 5265 sub
2837 5217 3086 5280 egestate
3145 5207 3471 5273 domestiea,
3547 5206 3799 5263 scientiae

2092 5299 2362 5367 etiamet
2391 5298 2688 5354 exterioris
2725 5297 3176 5353 conversationis
3232 5294 3602 5366 generalitate
3651 5303 3799 5351 tem-

2095 5396 2353 5460 peratur.

2170 5477 2388 5532 Exacto
2445 5475 2641 5547 itaque
2686 5473 3046 5545 atemporali
3087 5471 3319 5529 miseria
3370 5470 3533 5538 Filio,
3572 5478 3632 5528 et
3679 5471 3800 5543 glo-
