3934 6086
98 230 198 283 541

1460 232 1551 286 DE
1592 232 1819 289 ι,ΑοοΕ
1858 232 1916 289 S.
1959 231 2231 289 ΜΑΒΙᾹΞ.

3503 242 3604 295 542

95 359 258 416 riosa
290 359 470 416 Mater
498 359 755 417 ﬁdelium
781 362 1042 418 omnium
1072 361 1336 433 opinione
1376 363 1652 420 eximitur
1680 379 1693 418 :
1738 372 1794 420 et
1830 367 1877 421 A
1904 379 2018 421 nus
2044 380 2217 436 quem
2254 367 2389 434 fecit
2415 367 2672 423 Salomon
2702 368 2767 421 de
2795 368 2948 423 ebore
2981 369 3264 436 grandem,
3295 375 3346 423 et
3390 374 3607 426 vestivit

94 448 287 516 potuit
315 448 600 518 siquidem
634 449 760 518 ipsa
785 449 993 504 similia
1045 451 1208 507 nobis
1259 450 1393 521 pati,
1444 460 1499 507 et
1545 453 1799 522 corporis

92 536 395 592 obstaculo
425 538 497 592 ab
545 537 874 593 omnimoda
897 537 1150 607 scientia,
1185 540 1338 609 quod
1379 541 1528 595 Deus
1566 550 1668 607 est,
1705 541 1798 596 in-

96 625 367 692 tercludi,
399 633 454 682 et
483 627 637 682 unde
669 633 859 682 tamen
894 628 1390 697 intercluderetur,
1434 630 1526 684 cui
1575 644 1801 699 semper

97 714 323 784 absque
363 714 538 770 dubio
582 714 735 785 quod
791 724 1089 785 pepererat
1133 717 1551 787 praescriptum,
1608 719 1799 773 animo

100 803 451 857 tenebatur?
513 802 567 858 Si
626 810 855 872 propter
900 803 990 858 sui
1062 804 1531 872 exinanitionem,
1604 805 1800 861 formae

96 890 252 945 servi
299 891 707 961 acceptionem,
755 891 942 946 crucis
985 891 1361 948 obeditionem
1413 908 1586 963 super
1632 908 1801 949 omne

97 993 310 1034 nomen
342 980 636 1035 exaltatur
668 979 870 1045 Filius,
905 995 1035 1035 cum
1065 980 1191 1050 ejus
1226 982 1604 1037 contumelias
1652 987 1802 1036 289

96 1075 153 1123 et
224 1076 465 1124 mortem
536 1076 833 1125 maternus
904 1070 1267 1124 dissimulare
1341 1085 1454 1125 non
1530 1071 1802 1140 potuisset

98 1156 361 1222 affectus,
394 1171 613 1227 suppar
643 1158 895 1227 quodam
929 1158 1094 1214 modo
1125 1158 1265 1213 Filio
1309 1159 1480 1215 matri
1533 1159 1803 1215 successit

96 1244 358 1301 eﬁ‘ectus.
392 1244 548 1301 Sicut
578 1246 728 1301 enim
762 1246 1005 1315 gloriam
1054 1246 1112 1301 in
1159 1247 1297 1302 Filio
1350 1247 1635 1316 praecessit
1686 1247 1802 1302 hu—

97 1333 337 1398 militas,
366 1334 447 1388 sic
486 1333 683 1389 Matris
723 1334 1130 1401 humilitatem,
1180 1350 1314 1405 quae
1362 1336 1724 1393 redundabat
1770 1349 1803 1390 a

98 1422 264 1488 Filio,
300 1421 574 1478 nimirum
606 1430 689 1477 est
715 1423 1021 1479 subsecuta
1050 1424 1408 1491 sublimitas;
1432 1424 1601 1494 cujus
1621 1424 1799 1495 gloria

100 1510 343 1565 interior
375 1525 492 1581 quo
542 1511 723 1581 magis
774 1512 1105 1578 intrinseca,
1157 1519 1315 1568 tanto
1365 1512 1473 1569 fuit
1523 1514 1634 1569 Deo
1660 1527 1803 1568 con-

100 1599 432 1668 templando
460 1600 763 1668 subtilior;
795 1608 849 1656 et
883 1600 1103 1671 lampas
1131 1601 1258 1672 ejus
1287 1616 1404 1673 quo
1435 1602 1590 1671 apud
1641 1601 1799 1671 cogi-

100 1687 347 1743 tationes
377 1687 623 1743 divitum
655 1688 988 1758 despectior,
1021 1704 1086 1745 eo
1118 1691 1190 1745 ad
1222 1698 1498 1746 statutum
1533 1689 1657 1745 Filii
1707 1689 1800 1745 sui

101 1783 331 1846 tempus
362 1777 636 1846 paratior.
674 1778 837 1834 Unde
884 1778 1002 1848 ipse
1057 1783 1308 1847 Tempus,
1364 1778 1574 1849 inquit,
1627 1794 1803 1833 meum

96 1865 342 1927 nondum
370 1865 593 1919 advenit
628 1868 807 1935 (Joan.
841 1880 938 1932 vn,
972 1868 1052 1935 6).

169 1952 358 2022 Capro
397 1953 580 2023 igitur
625 1954 921 2010 emissario
969 1956 1026 2010 in
1078 1954 1440 2012 solitudinem
1488 1957 1714 2025 emisso,
1749 1965 1803 2015 et

98 2040 286 2109 ipsius
336 2040 535 2096 Matris
592 2042 836 2112 pedibus
888 2042 1029 2098 luna
1082 2043 1394 2112 supposita,
1441 2051 1495 2099 et
1545 2044 1602 2100 in
1653 2046 1801 2102 idem

94 2129 368 2185 traducta
393 2130 703 2197 desertum,
753 2131 880 2201 ejus
916 2131 1035 2201 jam
1098 2131 1202 2186 rite
1251 2132 1695 2203 magniﬁcentia,
1748 2141 1802 2190 et

93 2232 169 2273 ex
205 2218 369 2285 Filio,
402 2226 457 2274 et
488 2226 612 2288 post
662 2219 871 2275 Filium
918 2220 1333 2290 omnipotentia
1384 2221 1802 2290 multiplicibus

101 2306 370 2375 aperitur
396 2307 656 2362 ostensis.
692 2307 823 2377 Ipsa
876 2308 936 2364 in
984 2316 1312 2365 sanctorum
1361 2309 1698 2375 visionibus,
1748 2319 1803 2367 et

95 2395 401 2465 signorum
432 2394 705 2464 efﬁcacia,
761 2409 833 2452 ex
873 2396 1187 2452 caelestium
1217 2397 1529 2466 spirituum
1570 2400 1801 2469 appari-

105 2483 282 2557 tione,
353 2483 654 2540 hominum
719 2485 1059 2556 patrocinio,
1127 2486 1441 2542 inferorum
1482 2488 1799 2556 exactione,

97 2571 497 2642 Reginam
555 2573 681 2630 caeli
741 2581 1024 2645 terraeque
1066 2589 1137 2630 ex
1194 2575 1315 2630 suis
1356 2575 1804 2633 circumstantiis

99 2661 325 2731 ubique
350 2662 626 2730 propalat.
660 2662 704 2719 Ο
734 2664 806 2718 ab
840 2664 995 2719 intus
1023 2663 1207 2733 gloria
1235 2663 1247 2718 !
1276 2679 1309 2718 o
1340 2678 1514 2734 quam
1556 2665 1803 2734 respexit

100 2751 257 2806 Deus
281 2750 506 2806 ancillae
532 2750 844 2822 singularis
884 2751 1211 2808 humilitas!
1251 2752 1303 2808 Si
1342 2767 1476 2808 eum
1511 2754 1630 2823 jam
1674 2768 1800 2823 per-

105 2840 329 2909 pendas
390 2839 489 2908 qui
568 2839 936 2909 pertransivit
999 2840 1253 2896 animam
1314 2848 1477 2897 tuam
1545 2841 1801 2911 gladium

1904 470 2024 507 eum
2063 470 2197 508 auro
2253 458 2406 522 ﬁttvo
2448 459 2613 510 nimis
2670 457 2776 523 (ΙΙΙ
2823 459 2960 523 Reg.
3020 472 3082 520 x,
3145 458 3251 529 19).
3311 459 3605 528 Sapientia

1908 543 2006 597 Dei
2038 543 2222 598 Patris
2253 544 2525 613 primum,
2562 546 2736 615 juxta
2776 545 3119 613 apostolum,
3176 548 3413 616 paciﬁca
3446 549 3601 617 (Jac.

1907 646 1984 693 In,
2023 633 2134 700 17),
2176 632 2300 701 ipsa
2347 640 2429 687 est
2480 632 2767 697 Salomon,
2810 648 2941 704 quae
2994 635 3268 690 thronum
3319 637 3388 691 de
3439 636 3608 692 ebore

1906 720 2013 775 sibi
2042 721 2192 785 facit,
2224 721 2362 775 dum
2395 722 2584 777 sedem
2632 722 2686 776 in
2737 722 2991 793 Virgine,
3048 738 3165 793 qua
3213 724 3291 779 nil
3342 738 3606 795 unquam

1908 807 2015 863 fuit
2071 809 2301 875 castius,
2362 809 2465 865 sibi
2517 810 2695 878 ponit.
2750 811 2996 879 Elephas
3042 811 3213 874 enim,
3268 816 3440 881 cujus
3479 827 3608 868 ossa

1907 905 2043 952 sunt
2067 898 2229 965 ebur,
2266 900 2606 954 continentis
2637 899 2709 953 ad
2739 899 2971 955 mundze
3006 908 3231 956 naturae
3277 905 3380 956 est.
3433 902 3607 957 Porro

1910 985 2207 1053 grandem,
2236 986 2514 1042 nimirum
2544 1002 2618 1042 ex
2664 987 2805 1043 Filio
2843 989 3020 1055 ccelis,
3072 989 3254 1050 terris.
3306 998 3361 1044 et
3411 989 3607 1045 inferis

1909 1073 2326 1142 prmsidentem.
2387 1075 2555 1130 Hunc
2600 1089 2742 1155 auro
2798 1076 2954 1131 fulvo
3008 1077 3178 1133 nimis
3233 1078 3419 1143 vestit,
3473 1092 3607 1133 cum

1907 1175 2033 1217 eam
2069 1176 2180 1216 non
2213 1163 2492 1218 virtutum
2525 1165 2787 1220 scintillis
2824 1174 2890 1221 ut
2940 1166 3100 1232 alios,
3154 1167 3246 1222 sed
3298 1167 3421 1235 ipsa
3467 1167 3606 1223 sub-

1910 1250 2251 1306 stantialiter
2295 1252 2524 1320 propria
2575 1252 2872 1308 divinitate
2926 1253 3168 1311 interius
3231 1256 3606 1325 exteriusque

1910 1338 2153 1394 infercit.
2200 1341 2307 1404 Qui
2337 1341 2565 1393 habebat
2596 1356 2693 1394 sea:
2717 1342 2949 1412 gradus,
2995 1347 3046 1395 et
3090 1342 3376 1396 summitas
3424 1344 3609 1398 throni

1908 1429 2146 1482 rotunda
2173 1434 2292 1482 erat
2343 1431 2402 1481 in
2440 1435 2602 1498 parte
2650 1431 2938 1497 posteriori
2996 1430 3123 1499 {III
3180 1432 3315 1498 Reg.
3376 1445 3436 1497 x,
3495 1431 3602 1502 l9).

1911 1514 2016 1572 Sed
2048 1516 2265 1587 gradus
2292 1524 2427 1571 sunt
2466 1517 2635 1571 timor
2680 1524 2735 1571 et
2783 1517 2981 1585 pietas,
3030 1518 3286 1583 scientia,
3335 1527 3388 1573 et
3437 1519 3605 1574 forti-

1908 1605 2065 1667 tudo,
2103 1605 2402 1660 consilium
2434 1609 2489 1661 et
2532 1604 2869 1671 intellectus,
2917 1606 3133 1675 quibus
3182 1607 3440 1675 pervenit
3485 1608 3608 1677 ipsa

1908 1693 1978 1749 ad
2022 1708 2177 1759 eum,
2236 1694 2337 1764 qui
2395 1694 2503 1749 sibi
2565 1693 2887 1764 specialiter
2943 1695 3207 1763 praesedit
3261 1696 3602 1764 sapientiam

1906 1781 2215 1839 Christum.
2279 1781 2591 1837 Summitas
2648 1782 2861 1849 throni,
2920 1783 3232 1854 singularis
3284 1785 3597 1841 eminentia

1907 1878 1990 1926 est
2023 1870 2322 1927 Genitricis
2356 1870 2475 1926 Dei.
2529 1872 2661 1927 Haec
2709 1872 2961 1927 rotunda
3003 1880 3085 1929 est
3132 1887 3164 1927 a
3211 1880 3368 1942 parte
3418 1881 3609 1943 postc-

1906 1958 2065 2024 riori,
2098 1959 2237 2029 quia
2268 1958 2539 2015 humanis
2585 1960 2787 2016 usibus
2834 1960 3215 2030 despicabilis,
3262 1961 3399 2017 dum
3443 1962 3606 2016 advi-

1907 2052 2084 2109 veret,
2120 2044 2287 2114 quasi
2322 2044 2470 2099 fabri
2499 2058 2667 2109 uxor,
2715 2044 2835 2114 jam
2896 2060 3054 2101 nunc
3101 2045 3201 2099 ubi
3246 2044 3406 2100 solus
3452 2045 3604 2099 Deus

1905 2131 2079 2198 videt,
2113 2146 2420 2201 supparem
2454 2132 2880 2202 quodammodo
2933 2132 3209 2203 prodigiis
3254 2148 3311 2188 se
3356 2132 3601 2188 ostendit

1907 2221 2329 2290 omnipotentiae
2352 2221 2473 2287 Dei,
2510 2221 2649 2276 dum
2700 2222 2908 2277 trinam
2950 2221 3297 2288 machinam,
3332 2230 3395 2277 ut
3450 2235 3605 2291 pra!-

1907 2306 2237 2373 libavimus,
2269 2308 2650 2379 potentialiter
2680 2308 3117 2378 circumplectit.

1978 2398 2049 2453 Et
2080 2397 2202 2450 duae
2251 2412 2442 2450 manus
2473 2399 2597 2451 hinc
2643 2402 2693 2451 et
2721 2397 2849 2449 inde
2877 2401 3110 2450 tenentes
3171 2397 3341 2451 sedile
3394 2396 3599 2467 (ibid).

1909 2483 2049 2539 Duae
2082 2498 2309 2551 manus,
2343 2486 2471 2541 dum
2503 2492 2639 2541 sunt
2671 2485 2729 2540 in
2760 2484 2986 2542 Christo
3030 2485 3405 2554 operationes.
3455 2485 3605 2553 Ope-

1908 2572 2053 2627 ratio
2106 2572 2297 2628 carnis
2354 2572 2482 2629 licet
2556 2572 2854 2643 fragilitati
2913 2573 3162 2643 primum
3233 2573 3461 2628 addicta
3508 2573 3601 2639 sit,

1909 2660 2101 2716 tamen
2152 2674 2220 2716 ea
2247 2675 2377 2731 quae
2425 2661 2605 2717 dicit:
2641 2665 2783 2715 Data
2827 2668 2905 2716 est
2959 2664 3098 2715 mihi
3152 2665 3323 2715 omnis
3369 2665 3606 2730 potestas

1908 2752 1967 2803 in
1994 2751 2122 2803 creto
2147 2754 2196 2803 et
2221 2752 2276 2802 in
2303 2755 2447 2803 terra
2477 2751 2688 2819 (Matth.
2740 2762 2939 2816 xxvm,
2997 2750 3097 2820 l8).
3146 2750 3408 2818 Operatio
3455 2748 3608 2804 divi-

1911 2837 2149 2893 nitatis:
2206 2841 2349 2902 Quia
2391 2854 2489 2908 per
2542 2841 2721 2907 ipsum
2768 2842 2920 2906 facta
2968 2845 3092 2892 sunt
3142 2841 3347 2907 omnia,
3397 2844 3447 2892 et
3492 2840 3609 2892 sine

104 2929 258 2997 (Luc.
286 2943 346 2994 ιι,
378 2931 490 2995 35),
524 2927 705 2983 multo
737 2928 991 2983 avidiore
1040 2928 1235 2984 laetitia
1280 2930 1425 2986 uteri
1476 2930 1557 2986 tui
1601 2930 1794 2986 exsul-

1978 2941 2026 2980 so
2055 2929 2261 2991 factum
2292 2933 2371 2981 est
2417 2928 2559 2981 nihil
2587 2927 2759 2998 (Joan.
2790 2943 2828 2994 ι,
2884 2929 2956 2994 3).
3010 2929 3108 2983 Hie
3157 2936 3420 2997 utrinque
3466 2941 3604 2997 ope-

101 3015 251 3071 tabis
275 3016 349 3071 ad
380 3014 632 3071 fructum
659 3016 671 3070 l
707 3014 752 3071 Ο
778 3015 1126 3072 inell‘abilem
1158 3031 1291 3073 vere
1319 3018 1488 3074 etiam
1531 3018 1803 3090 angelicis

64 3104 428 3169 _rationibus
466 3104 753 3170 feminam,
809 3119 940 3175 quae
988 3105 1181 3161 adhuc
1226 3106 1443 3161 carnali
1495 3114 1653 3176 septa
1700 3121 1802 3176 pa-

102 3194 248 3249 riete
280 3193 418 3248 illud
450 3192 1024 3262 incomprehensibile
1052 3193 1250 3249 lumen
1290 3195 1442 3263 tulit,
1493 3197 1644 3265 quod
1696 3210 1802 3251 ne-

97 3296 216 3352 que
270 3282 584 3348 humanus,
631 3296 820 3352 neque
868 3282 1110 3338 ctelestis
1153 3282 1405 3351 spiritus,
1451 3298 1565 3339 non
1615 3284 1801 3339 dicam

101 3377 285 3426 totum
309 3369 568 3436 tolerare,
592 3370 689 3425 sed
715 3372 886 3426 etiam
913 3371 1207 3440 pervidere
1231 3386 1345 3427 non
1379 3372 1553 3441 possit
1577 3370 1588 3426 l
1612 3372 1802 3428 videre

99 3460 255 3515 enim
288 3472 462 3513 suum
493 3457 978 3529 qualitercunque
1010 3459 1333 3517 Creatorem
1366 3460 1468 3515 etsi
1514 3460 1802 3530 permitti-

99 3555 219 3616 tur,
252 3546 738 3616 comprehendere
764 3551 956 3603 tamen
1008 3549 1352 3604 omnimodis
1399 3563 1465 3605 ac
1504 3549 1802 3618 pervidere

97 3645 374 3707 negatur.
419 3637 562 3691 Hinc
609 3644 693 3692 est
745 3636 900 3707 quod
945 3636 1271 3692 desiderant
1309 3638 1369 3692 in
1425 3652 1557 3693 eum
1613 3637 1801 3708 angeli

50 3792 59 3795 ν
98 3724 428 3793 prospicere
460 3724 507 3792 (Ι
548 3724 699 3777 Petr.
736 3739 774 3790 ι,
826 3727 926 3790 12),
980 3724 1120 3779 dum
1168 3733 1399 3793 propter
1441 3724 1532 3780 sui
1578 3724 1801 3779 incom-

96 3811 651 3883 prehensibilitatem
687 3826 801 3868 non
847 3820 1070 3867 cessant
1119 3812 1521 3868 insatiabiliter
1554 3811 1799 3868 inhiare.

168 3902 484 3956 Pensemus
536 3913 693 3970 ergo,
750 3899 890 3955 dum
950 3913 1083 3954 eum
1143 3900 1247 3954 ista
1298 3900 1564 3969 concipit,
1622 3914 1797 3969 quam

95 3988 475 4044 excellentius
535 3988 693 4043 omni
760 3995 1027 4043 creatura
1094 3986 1319 4055 viderit,
1380 3988 1519 4043 dum
1577 3996 1801 4057 portare

96 4076 273 4131 datur
311 4075 468 4144 quod
495 4075 640 4131 nulli
670 4075 850 4143 licuit,
894 4076 1047 4131 unde
1095 4076 1237 4132 illud
1279 4077 1621 4132 mirabiliter
1665 4092 1800 4133 sen-

97 4179 227 4220 sum
259 4171 365 4223 est.
402 4164 556 4233 quod
590 4179 701 4219 non
756 4164 1134 4234 cognoscebat
1176 4180 1303 4221 eam
1351 4167 1532 4222 donec
1576 4173 1801 4236 pareret

96 4254 318 4318 (Matth.
353 4267 391 4315 ι,
427 4250 537 4321 25).
576 4253 662 4308 Ab
691 4267 756 4308 eo
786 4253 936 4308 enim
974 4261 1131 4309 statu
1180 4269 1353 4323 quem
1406 4264 1538 4310 ante
1597 4269 1798 4310 conce-

98 4351 264 4410 ptum
347 4339 520 4395 facies
583 4342 709 4411 ejus
776 4341 1078 4409 habuerat,
1148 4350 1373 4397 tantum
1447 4343 1802 4413 praegnantis

103 4428 295 4484 forma
321 4428 590 4495 distabat,
619 4438 907 4499 quantum
946 4444 979 4484 a
1031 4430 1336 4486 lunaribus
1379 4431 1555 4486 radiis
1597 4430 1799 4486 solaris

98 4517 389 4585 potentia;
430 4518 476 4571 si
516 4517 679 4573 enim
733 4518 802 4573 de
840 4519 996 4588 justo
1043 4518 1273 4585 dicitur,
1324 4518 1464 4587 quia
1510 4519 1799 4576 exhilarat

96 4606 303 4662 faciem
347 4606 402 4660 in
461 4605 583 4662 oleo
634 4605 815 4676 (Psat.
868 4621 985 4672 cm,
1048 4610 1154 4673 15),
1217 4605 1269 4661 id
1326 4616 1410 4663 est
1458 4607 1799 4664 exteriorem

94 4708 273 4749 suum
315 4693 575 4749 habitum
604 4693 884 4750 clarificat
913 4695 981 4750 de
1008 4695 1219 4765 Spiritu
1250 4698 1466 4762 sancto,
1501 4696 1633 4765 quis
1683 4710 1797 4765 pu-

99 4791 296 4837 tamus
330 4781 478 4837 illius
512 4782 769 4853 gloriosze
814 4783 1040 4839 feminze
1086 4784 1154 4838 de
1204 4784 1459 4855 ingenita
1503 4784 1800 4855 majestate

95 4870 374 4940 splendor
429 4872 747 4937 accesserit,
780 4886 911 4940 quae
960 4872 1242 4927 excedens
1273 4873 1530 4927 decorem
1577 4873 1799 4943 angeli-

92 4974 227 5016 cum
286 4957 471 5026 gloria
522 4958 819 5014 eluxerit?
872 4958 924 5015 Si
982 4958 1304 5029 Stephanus
1352 4960 1499 5015 inter
1555 4961 1797 5018 concilio

91 5047 461 5104 considentes
490 5053 784 5117 tantopere
833 5046 1112 5103 divinitus
1159 5047 1484 5104 illustratur
1523 5050 1665 5116 (Act.
1716 5064 1795 5117 vr,

99 5138 203 5203 t5),
238 5135 349 5190 ista
372 5148 448 5190 ex
486 5135 839 5204 plenitudine
878 5136 1197 5192 divinitatis
1244 5137 1335 5192 cui
1383 5136 1587 5192 lumini
1636 5153 1796 5194 com-

90 5232 340 5295 paratur
359 5224 389 5278 ?

764 5364 996 5422 CAPUT
1036 5366 1135 5421 III.

166 5489 426 5544 Thronus
453 5492 534 5544 est
560 5488 823 5545 eburneus
848 5490 1169 5547 Salomonis.
1207 5521 1275 5532 —-
1326 5491 1458 5548 Haec
1502 5498 1584 5548 est
1632 5492 1792 5548 thro-

1912 3014 2184 3081 rationes,
2218 3029 2319 3084 pro
2358 3030 2476 3071 una
2506 3029 2746 3084 persona
2776 3015 2990 3085 pariter
3015 3015 3146 3070 hinc
3165 3023 3219 3071 et
3243 3016 3368 3070 inde
3399 3016 3605 3084 ipsam,

1913 3116 2043 3172 qna:
2098 3104 2333 3173 gignere
2388 3103 2615 3170 meruit,
2675 3104 2953 3175 dignitate
3000 3103 3191 3159 debita
3250 3109 3602 3165 roborantes,

1911 3198 2189 3260 aequaset
2234 3192 2552 3247 secundum
2602 3192 2784 3247 Deum
2833 3199 2889 3247 et
2931 3191 3249 3248 secundum
3291 3192 3601 3259 hominem,

1913 3280 2051 3350 quia
2087 3294 2243 3335 unus
2289 3288 2392 3347 est,
2439 3280 2654 3336 habent
2695 3281 2865 3335 vires.
2909 3282 2979 3334 Et
3030 3282 3136 3334 duo
3183 3281 3353 3334 leones
3388 3280 3609 3335 stabant

1902 3368 2075 3438 juxta
2100 3370 2345 3437 singulas
2365 3385 2557 3423 manus
2579 3368 2635 3440 (Ι
2639 3368 2671 3423 Ι
2675 3370 2707 3422 I
2728 3372 2852 3435 Reg.
2878 3384 2935 3435 χ,
2957 3368 3073 3438 19.)
3096 3369 3203 3424 Leo
3225 3374 3400 3438 super
3420 3369 3610 3424 carnis

1909 3465 2099 3513 motus
2147 3458 2371 3529 regium
2430 3458 2487 3512 in
2543 3472 2777 3528 quoque
2826 3457 2978 3513 ﬁdeli
3026 3457 3344 3513 dominium
3394 3457 3605 3526 signat.

1911 3546 2035 3601 Duo
2068 3546 2258 3601 leones
2288 3546 2482 3617 itaque
2508 3547 2622 3602 duo
2648 3553 2784 3601 sunt
2828 3546 3197 3616 praelatorum
3244 3553 3298 3600 et
3344 3545 3603 3600 subdito-

1910 3648 2038 3689 rum
2096 3634 2308 3704 seipsos
2362 3632 2686 3704 regentium
2758 3634 2989 3688 ordines
3070 3633 3354 3689 Ecclesiae.
3433 3635 3608 3687 Juxta

1909 3722 2171 3791 singulas
2204 3736 2412 3778 manus
2444 3723 2559 3777 duo
2591 3722 2778 3777 leones
2816 3729 2989 3786 stant,
3043 3735 3175 3776 cum
3222 3720 3457 3790 quidam
3507 3734 3608 3775 eo-

1908 3810 2172 3866 rumdem
2206 3811 2477 3866 ordinum
2526 3810 2831 3867 actualiter
2878 3817 3089 3865 sanctae
3136 3809 3217 3864 illi
3262 3808 3608 3864 humanitati

1914 3897 2213 3954 inhaerent.
2247 3898 2440 3969 Aliqui
2471 3913 2711 3955 summae
2750 3897 3214 3966 contemplationi
3260 3897 3608 3954 incumben-

1910 3985 1981 4041 do
2015 3987 2405 4055 praeminent.
2437 3986 2597 4043 Unde
2626 3994 2709 4042 est
2737 4001 2748 4041 :
2777 3987 3077 4053 {.Estatem
3125 3991 3176 4040 et
3220 4002 3314 4040 ver
3359 3992 3418 4041 tu
3455 3988 3609 4056 ptas-

1908 4077 2075 4129 masti
2136 4076 2304 4143 (Psat.
2360 4090 2566 4141 Lxxiu,
2604 4075 2710 4146 17),
2769 4076 2824 4130 id
2883 4083 2967 4131 est
3031 4074 3504 4146 contemplativos
3556 4082 3610 4131 et

1910 4163 2163 4219 actuales
2194 4172 2257 4220 tu
2292 4164 2608 4221 instituisti.

1841 4226 1883 4279 θ
1982 4252 2270 4305 Duodecim
2296 4254 2523 4306 leonculi
2550 4258 2753 4307 stantes
2789 4269 2951 4324 super
2991 4269 3087 4308 sea:
3132 4254 3341 4321 gradus
3388 4254 3511 4307 hinc
3559 4258 3610 4309 et

1910 4341 2038 4394 inde
2068 4341 2180 4409 (III
2209 4342 2333 4412 Reg.
2366 4356 2422 4406 x,
2470 4341 2586 4411 20).
2636 4342 2741 4397 Per
2790 4342 3210 4398 duodenarium
3260 4342 3367 4397 ﬁde
3414 4341 3608 4397 Trini-

1909 4428 2041 4484 tatis
2073 4429 2356 4495 instrncti,
2390 4438 2444 4485 et
2477 4437 2730 4500 quatuor
2779 4430 3224 4501 Evangeliorum
3283 4430 3609 4500 impletione

1909 4518 2200 4587 quadrati.
2239 4512 2305 4573 Hi
2339 4517 2583 4574 leonculi
2630 4533 2805 4589 penes
2842 4519 2983 4575 alios
3022 4519 3370 4586 innocentes,
3423 4527 3476 4573 et
3517 4519 3608 4573 sui

1909 4607 2166 4676 ipsorum
2196 4616 2439 4663 rectores
2468 4622 2642 4676 super
2672 4623 2773 4663 sex
2820 4608 3036 4676 gradus
3089 4616 3261 4672 stant,
3306 4621 3437 4661 cum
3488 4621 3607 4661 sese

1906 4707 2008 4749 sex
2039 4694 2355 4751 virtutibus
2389 4695 2670 4764 praedictis
2702 4696 2988 4751 roborant.
3027 4695 3170 4749 Hinc
3198 4702 3252 4748 et
3295 4693 3424 4749 inde
3469 4697 3606 4749 sunt

1907 4783 2049 4852 quia
2076 4797 2178 4852 pro
2208 4791 2380 4852 captu
2411 4798 2515 4839 suo
2548 4783 2768 4854 quique
2801 4783 2855 4837 in
2895 4783 3234 4838 alterutram
3276 4790 3493 4851 partem
3545 4798 3605 4839 se

1906 4871 2231 4927 deﬂectant.
2261 4872 2422 4928 Unde
2472 4872 2541 4927 de
2596 4879 2843 4940 utraque
2893 4871 3149 4927 dicitur:
3196 4873 3297 4925 Per
3336 4871 3476 4925 diem
3526 4872 3606 4926 sol

1902 4973 2010 5014 non
2039 4966 2158 5014 uret
2197 4965 2265 5028 te,
2312 4977 2483 5030 neque
2534 4962 2665 5015 luna
2718 4976 2816 5028 per
2866 4965 3071 5013 noctem
3127 4961 3287 5030 (Psal.
3334 4974 3465 5026 cxx,
3525 4963 3599 5027 6).

1903 5050 2065 5117 Quod
2096 5057 2225 5105 est:
2279 5050 2367 5104 Ex
2415 5048 2720 5105 divinitate
2767 5048 2985 5117 gloriae,
3040 5056 3091 5103 et
3140 5047 3458 5117 splendoris
3508 5048 3603 5104 ni—

1905 5140 2105 5195 mietas
2136 5138 2232 5193 tibi
2268 5137 2680 5206 contemplanti
2711 5150 2825 5191 non
2853 5135 3052 5192 oberit.
3108 5136 3283 5191 Porro
3326 5136 3601 5196 humani-

1903 5235 1989 5283 tas
2019 5226 2246 5293 Christi,
2278 5226 2324 5281 si
2352 5226 2429 5280 sis
2461 5225 2654 5280 minus
2701 5224 3026 5294 perspicax,
3068 5238 3183 5279 non
3232 5224 3424 5280 ofﬁcit.
3474 5225 3603 5281 Non

1902 5324 1987 5371 est
2024 5315 2135 5371 tale
2162 5329 2307 5384 opus
2340 5320 2492 5367 290
2524 5314 2581 5368 in
2612 5313 2899 5368 universis
2940 5311 3170 5379 regnis;
3225 5312 3366 5383 quia
3412 5328 3603 5384 neque

1902 5404 1961 5459 in
1989 5404 2146 5468 C(BIO,
2201 5417 2390 5473 neque
2450 5404 2509 5457 in
2559 5410 2732 5465 terra,
2789 5416 2979 5471 neque
3026 5401 3233 5456 subtus
3285 5409 3439 5457 terra
3490 5402 3601 5458 tale

1902 5491 2042 5563 quid
2071 5490 2331 5562 contigit,
2361 5499 2424 5547 ut
2476 5492 2629 5547 Deus
2665 5488 3010 5561 dignaretur
3041 5505 3157 5546 non
3194 5481 3449 5562 angelos,
3500 5492 3599 5547 sed
3635 5562 3641 5576 ι
