3914 6094
1186 237 1248 290 ν.
1289 231 1623 289 GUIBERTI
1660 234 1954 289 ABBATIS
1991 235 2047 289 S.
2089 234 2329 291 MARLE
2366 236 2460 290 DE
2497 234 2899 293 NOVIGENTO

3701 242 3813 295 544

300 378 535 428 uterum
594 369 852 444 Virginis
907 370 1148 427 formam
1209 369 1691 441 apprehendendo
1746 369 1994 427 Abrahae
2030 371 2075 426 Δ
2104 369 2199 426 via
2253 378 2357 439 est,
2429 377 2484 427 et
2528 371 2601 428 ad
2634 371 3072 444 intelligentiam
3130 373 3249 430 veri
3302 373 3539 432 luminis
3595 376 3817 447 vergit,

301 236 404 289 543

302 460 554 517 seminis.

970 602 1202 659 CAPUT
1241 602 1338 660 IV.

370 732 536 784 Porta
562 727 845 781 orientalis
903 727 1056 798 apud
1101 726 1438 781 Ezechielem
1480 741 1572 794 XL,
1623 728 1678 781 6.
1735 756 1805 766 —
1857 727 1991 784 Hac

298 824 382 873 est
411 816 565 886 apud
593 814 941 871 Ezechielem
972 815 1143 870 etiam
1175 823 1338 885 porta
1376 815 1490 884 illa,
1545 830 1678 886 qua
1729 816 1993 887 respicie-

299 904 398 959 bat
438 903 513 959 ad
558 903 713 959 viam
756 903 1109 971 orientalem,
1159 911 1215 959 et
1262 918 1389 959 ecce
1436 904 1621 975 gloria
1671 904 1770 961 Dei
1820 904 1994 962 Israel

300 992 735 1063 ingrediebatur
785 1006 885 1061 per
935 992 1085 1047 viam
1135 992 1489 1049 orientalem.
1543 992 1587 1049 Ο
1640 1001 1824 1063 porta,
1894 1008 1997 1064 per

298 1094 479 1151 quam
527 1080 680 1135 Deus
728 1080 799 1135 ad
844 1095 947 1135 nos
991 1079 1342 1150 ingreditur!
1393 1095 1425 1135 ο
1476 1088 1658 1151 porta,
1699 1095 1817 1152 qua
1865 1081 1992 1136 ﬁdei

300 1168 571 1239 mysteria
602 1168 980 1240 reteguntur!
1034 1169 1316 1239 Speciosa,
1372 1169 1633 1239 inquam,
1685 1178 1845 1239 porta
1894 1183 1994 1239 per

299 1271 477 1328 quam
527 1258 623 1313 Dei
665 1257 869 1313 civitas
913 1258 1193 1329 aperitur.
1246 1259 1379 1314 Hac
1422 1259 1652 1328 respicit
1713 1259 1785 1314 ad
1840 1259 1991 1315 viam

297 1346 651 1414 orientalem,
693 1347 833 1417 quia
868 1347 1155 1417 quidquid
1186 1347 1304 1416 ipsa
1341 1355 1443 1411 est,
1491 1347 1779 1417 quidquid
1826 1346 1881 1400 in
1924 1359 1994 1401 ea

296 1442 490 1490 actum
547 1442 649 1501 est,
702 1435 783 1490 nil
831 1435 992 1491 aliud
1043 1449 1223 1505 quam
1265 1436 1446 1491 divini
1492 1435 1729 1491 luminis
1779 1434 1992 1490 indicat

296 1522 596 1578 actionem.
633 1523 778 1578 Cum
814 1522 942 1578 talis
985 1523 1083 1578 illa
1133 1524 1280 1579 inter
1329 1523 1568 1580 feminas
1612 1523 1907 1580 benedicta
1958 1535 1992 1576 a

296 1609 462 1666 nobis
486 1611 772 1667 credatur.
805 1612 950 1667 Ecce
975 1625 1109 1667 mox
1139 1612 1279 1667 dum
1307 1612 1388 1668 sic
1409 1619 1658 1680 amatur,
1685 1610 1785 1667 Dei
1809 1610 1992 1683 gloria

298 1712 399 1768 per
436 1699 619 1770 ipsam
669 1700 820 1754 viam
869 1699 1211 1771 ingreditur,
1264 1701 1405 1770 quia
1451 1715 1567 1771 quo
1619 1699 1803 1770 magis
1858 1712 1985 1754 eam

296 1786 470 1843 totius
550 1787 933 1843 venerationis
995 1787 1237 1844 interna
1314 1788 1470 1844 ulnis
1562 1787 1982 1856 amplectimur,

300 1882 454 1931 tanto
510 1890 544 1931 a
601 1876 766 1931 nobis
817 1876 1146 1932 evidentius
1209 1875 1565 1933 celsitudinis
1616 1875 1742 1947 ejus
1804 1875 1989 1931 honor

296 1963 668 2035 agnoscitur;
699 1965 744 2019 is
775 1963 926 2021 enim
972 1978 1086 2020 non
1115 1964 1545 2032 commutando,
1596 1964 1695 2020 sed
1741 1964 1989 2019 amando

296 2059 649 2122 penetratur.

364 2140 444 2195 Et
488 2156 595 2195 υοω
644 2143 696 2195 ei
770 2144 889 2195 erat
964 2143 1126 2209 quasi
1176 2157 1281 2196 vos:
1342 2157 1621 2213 aquarum,
1690 2143 1987 2197 multarum

292 2226 512 2299 (Ezech.
546 2243 701 2297 XLIII,
733 2231 813 2299 2).
846 2229 935 2284 Illi
982 2232 1090 2285 Deo
1134 2229 1322 2291 Israel,
1373 2229 1528 2300 quod
1576 2230 1990 2299 interpretatur

291 2333 409 2372 cum
456 2321 561 2373 Deo
616 2318 963 2385 directorum,
1027 2319 1149 2374 hac
1206 2318 1419 2374 femina
1465 2316 1646 2389 gloria
1692 2325 1795 2385 est,
1848 2318 1990 2388 quia

287 2404 425 2461 dum
453 2406 884 2462 consideramus
915 2420 987 2462 ex
1019 2415 1241 2476 quanta
1288 2419 1415 2461 eam
1464 2407 1617 2462 Deus
1663 2406 1988 2463 humilitate

290 2496 640 2564 provexerit,
684 2495 825 2564 quid
857 2494 916 2549 in
947 2509 1014 2550 ea
1042 2494 1232 2550 fecerit
1281 2495 1340 2549 in
1385 2495 1474 2550 his
1519 2499 1647 2568 ejus
1704 2495 1986 2551 excellen-

294 2582 385 2638 tia
414 2582 994 2653 contemplationibus
1040 2597 1202 2639 mens
1240 2583 1402 2639 nulla
1449 2599 1565 2639 non
1612 2584 1819 2640 deﬁcit.
1875 2584 1989 2654 Ipsi

294 2671 491 2743 gloria
515 2686 625 2727 vox
642 2680 725 2727 est
746 2686 812 2728 ac
830 2673 873 2727 si
898 2686 1187 2742 aquarum
1208 2672 1524 2728 multarum
1552 2672 1718 2743 (Psal.
1742 2688 1876 2739 xcu,
1905 2674 1984 2739 4),

288 2759 429 2829 quia
458 2775 590 2816 cum
624 2774 739 2816 una
765 2760 836 2816 sit
867 2760 1106 2816 scientia
1136 2762 1285 2817 hanc
1313 2774 1537 2831 semper
1555 2760 1987 2832 essewirginem

288 2855 342 2904 et
372 2849 471 2904 Dei
504 2856 764 2916 matrem,
796 2856 987 2905 tamen
1019 2864 1121 2919 pro
1151 2850 1392 2905 diversis
1420 2856 1474 2905 et
1516 2850 1877 2921 diligentium
1926 2858 1981 2906 et

2104 468 2354 515 mentem
2383 459 2646 530 inspirat.

2173 550 2245 602 Et
2273 549 2472 602 levavit
2499 564 2582 603 me
2607 549 2842 617 spiritus
2871 548 3054 619 (ibid,
3089 552 3158 619 5).
3195 550 3369 607 Levat
3401 565 3506 607 nos
3543 552 3811 623 spiritus,

2103 649 2235 692 cum
2269 650 2343 691 ex
2383 636 2691 706 repletione
2737 637 3117 706 conscientia,
3175 639 3331 708 quod
3365 647 3450 695 est
3499 640 3811 712 templum,

2101 724 2160 780 in
2190 725 2558 780 eminentiam
2609 725 3106 795 contemplationis
3156 736 3530 796 promovetur
3579 728 3811 785 intelle-

2102 820 2246 869 ctus.
2274 815 2345 869 Et
2370 816 2681 868 introduait
2736 830 2819 869 me
2848 817 2908 868 in
2947 818 3154 869 atrium
3187 817 3418 871 interius
3467 816 3673 888 (ibid.).
3737 817 3813 873 In

2102 902 2314 958 atrium
2354 901 2596 958 interius
2655 902 3093 972 introducimur,
3150 918 3283 961 cum
3335 905 3408 961 ad
3456 905 3808 974 pracordia-

2103 990 2183 1046 les
2211 990 2421 1047 divina
2450 991 2744 1047 charitatis
2774 993 3078 1062 amplexus
3108 992 3490 1049 admittimur.
3527 993 3811 1049 Exterius

2100 1087 2294 1135 autem
2321 1079 2572 1137 charitas
2607 1088 2690 1136 est
2742 1079 3192 1151 proximi;‘quo
3242 1081 3391 1136 enim
3442 1081 3628 1151 magis
3675 1080 3808 1135 Filii

2099 1182 2173 1224 ex
2202 1169 2380 1225 Matre
2421 1168 2823 1236 humilitatem,
2851 1176 2906 1225 et
2945 1170 3141 1225 Matris
3168 1184 3241 1225 ex
3288 1169 3432 1226 Nato
3487 1168 3807 1240 potentiam

2101 1256 2457 1326 inspicimus,
2492 1265 2648 1314 tanto
2679 1257 2928 1327 amplius
2960 1258 3019 1313 in
3065 1272 3264 1314 eorum
3321 1271 3515 1313 amore
3556 1257 3809 1313 exarde-

2098 1347 2331 1401 scimus.
2366 1345 2527 1402 Unde
2565 1345 2836 1402 subditur
2870 1361 2883 1400 :
2918 1347 2998 1400 Et
3042 1362 3155 1401 ecce
3198 1348 3405 1416 repleta
3451 1352 3575 1401 erat
3620 1347 3810 1414 gloria

2101 1434 2326 1488 Domini
2353 1435 2541 1489 domus
2574 1434 2771 1503 (ibid).
2820 1434 3013 1491 Gloria
3059 1436 3159 1492 Dei
3208 1436 3352 1492 ratio
3402 1436 3687 1506 accipitur
3744 1435 3807 1490 in

2099 1536 2265 1577 sacra
2322 1522 2533 1594 pagina
2589 1523 2714 1579 cali
2759 1532 3044 1594 terraque
3098 1524 3402 1592 concretio,
3457 1524 3554 1580 sed
3608 1522 3808 1594 potius

2099 1624 2200 1680 pro
2243 1619 2437 1667 nostra
2483 1611 2669 1667 salute
2712 1612 2770 1667 in
2818 1611 3110 1668 hominem
3154 1612 3469 1669 divinitatis
3517 1613 3803 1675 inductio,

2031 1666 2070 1720 Β
2099 1666 2261 1756 me
2290 1700 2546 1771 psalmus
2573 1666 2947 1757 instita
2980 1666 3801 1769 1.5iamtristitiam;

2093 1790 2411 1858 expressit:
2459 1791 2729 1856 Salvavit,
2781 1790 2909 1856 sibi,
2959 1790 3171 1861 inquit,
3222 1788 3449 1846 dextera
3472 1806 3575 1847 sua
3622 1790 3799 1860 (Psal.

2092 1891 2267 1944 xcvu,
2303 1877 2374 1945 1),
2407 1877 2687 1933 subaudis
2729 1893 2913 1948 genus
2962 1878 3330 1947 humanum,
3384 1879 3454 1934 Et
3493 1868 3657 1934 illud:
3705 1879 3799 1932 ln-

2097 1966 2305 2021 habitet
2349 1967 2527 2034 gloria
2576 1969 2636 2020 in
2687 1972 2835 2021 terra
2884 1972 3072 2022 nostra
3139 1968 3309 2036 (Psal.
3378 1982 3605 2032 LXXXVI,
3684 1969 3795 2036 10).

2092 2054 2248 2111 Nihil
2276 2055 2426 2111 enim
2459 2055 2528 2111 de
2557 2055 2670 2111 Deo
2701 2054 3000 2125 gloriosus,
3035 2069 3213 2126 quam
3244 2055 3399 2126 quod
3447 2054 3605 2125 apud
3660 2054 3801 2111 inﬁ-

2095 2143 2248 2199 deles
2277 2144 2346 2200 de
2375 2159 2440 2200 eo
2488 2152 2572 2200 est
2625 2143 2819 2212 vilius,
2870 2144 3024 2214 apud
3068 2143 3247 2200 bonos
3294 2142 3594 2210 humilius,
3639 2144 3800 2213 apud

2096 2245 2295 2287 omnes
2324 2232 2630 2287 salvandos
2660 2231 2881 2287 utilius.
2913 2230 3103 2287 Gloria
3152 2240 3344 2287 autem
3386 2239 3470 2287 est
3518 2231 3794 2301 frequens

2094 2333 2226 2375 cum
2259 2320 2427 2375 laude
2453 2319 2702 2391 alicujus
2732 2320 2942 2389 opinio.
2978 2321 3040 2375 In
3082 2334 3197 2391 quo
3242 2334 3378 2391 ergo
3426 2321 3579 2375 Deus
3626 2321 3796 2376 nobis

2094 2406 2201 2462 erit
2231 2406 2536 2478 gloriosior
2565 2421 2744 2477 quam
2772 2421 2845 2462 ex
2875 2421 2941 2462 eo
2990 2408 3145 2477 quod
3194 2409 3359 2462 nobis
3387 2407 3624 2474 exstitit,
3676 2421 3793 2462 non

2094 2496 2218 2551 sine
2264 2495 2386 2551 suis
2439 2495 2735 2552 doloribus
2792 2496 3083 2551 immensis
3126 2496 3444 2552 intlexior?
3487 2495 3799 2552 Conscien-

2096 2583 2188 2639 tia
2212 2598 2350 2654 ergo
2380 2584 2605 2651 domus,
2642 2592 2947 2654 postquam
2978 2584 3037 2639 in
3069 2583 3402 2639 cubiculum
3424 2583 3612 2652 Regis,
3637 2582 3798 2653 quod

2094 2680 2178 2728 est
2257 2672 2467 2727 atrium
2542 2672 2802 2740 interius,
2854 2672 3298 2738 introducimur,
3358 2671 3546 2728 subito
3610 2670 3797 2727 sancti

2097 2760 2344 2830 Spiritus
2372 2760 2613 2831 illapsus
2641 2761 2973 2816 divinarum
3030 2759 3550 2816 misericordiarum
3602 2773 3797 2816 recor-

2097 2849 2325 2906 datione
2372 2850 2773 2922 gloriabunda,
2833 2858 2970 2906 tunc
3008 2864 3142 2906 vere
3186 2850 3458 2920 repletur,
3515 2849 3656 2919 quia
3707 2847 3791 2903 nil

291 2936 612 2992 amantium
650 2936 1049 3007 qualitatibus,
1101 2938 1364 3008 quandiu
1415 2952 1664 3008 prasens
1712 2939 1980 2995 volvetur
2023 2961 2065 3016 C
2096 2938 2169 2994 ad
2223 2953 2327 2994 nos
2403 2940 2732 2995 invisendos
2799 2939 2898 2994 Dei
2952 2938 3227 3008 Spiritum
3285 2939 3467 3008 magis
3518 2945 3795 3008 provocat

288 3024 586 3087 saculum.
624 3040 736 3081 non
764 3025 1007 3081 deerunt
1035 3026 1135 3097 qui
1165 3027 1291 3097 ejus
1330 3027 1714 3098 gratissimam
1745 3035 1799 3082 et
1839 3040 1966 3083 ver-

290 3111 378 3167 bis
409 3119 461 3168 et
487 3111 713 3183 scriptis
743 3112 1165 3185 promulgaturi
1192 3113 1308 3169 sint
1336 3114 1586 3170 laudem.

358 3201 600 3255 Ecclesia
639 3202 951 3256 illustratur
1002 3204 1202 3257 Maria.
1239 3231 1308 3244 -
1354 3205 1425 3257 Et
1482 3208 1629 3257 terra
1670 3202 1989 3272 splendebat

288 3289 633 3357 amajestate
683 3291 800 3359 ejus
848 3292 1065 3356 (Ezech.
1115 3305 1269 3359 xuii,
1318 3291 1398 3361 2).
1453 3291 1701 3347 Exclude
1747 3291 1989 3347 Mariam

288 3376 361 3431 ab
387 3376 659 3443 Ecclesia,
693 3378 835 3448 quid
868 3378 974 3434 erit
1013 3377 1263 3434 Ecclesia
1291 3379 1404 3435 nisi
1459 3378 1734 3435 miseria?
1764 3379 1809 3435 si
1866 3380 1990 3449 ipsa

286 3478 403 3520 non
434 3466 741 3536 genuisset,
772 3480 903 3537 qua
934 3466 1337 3537 redemptionis
1379 3467 1588 3522 mentio
1637 3467 1989 3523 exstitisset?

196 3582 201 3587 τ
285 3555 357 3607 At
384 3553 523 3623 quia
552 3555 771 3624 genuit,
806 3556 935 3611 vide
960 3556 1093 3626 quis
1124 3556 1183 3611 in
1215 3557 1474 3612 omnium
1508 3556 1734 3627 piorum
1780 3556 1982 3612 menti-

288 3641 399 3698 bus
439 3642 943 3700 ﬁorulentissinius
994 3645 1191 3716 gloria
1241 3644 1361 3715 spei
1401 3645 1570 3701 decor
1612 3645 1859 3702 emersit.
1919 3646 1985 3700 Et

287 3730 418 3803 quis
471 3730 564 3787 ille
616 3732 755 3788 adeo
824 3734 974 3788 inter
1050 3731 1402 3789 Christianos
1465 3732 1826 3802 miserabilis,
1883 3733 1985 3803 qui

285 3819 375 3876 vel
417 3835 514 3877 ore
579 3836 692 3877 non
751 3821 1035 3892 praferat,
1093 3822 1195 3891 qui
1252 3837 1370 3877 non
1428 3822 1696 3892 periculis
1752 3821 1986 3893 objiciat

286 3922 497 3965 nomen
526 3909 719 3965 Maria
747 3910 1068 3965 mirabilis?
1097 3911 1246 3965 Dum
1283 3924 1419 3981 ergo
1460 3918 1633 3967 tanta
1679 3912 1807 3982 ejus
1855 3925 1984 3966 ma-

281 3997 459 4068 jestas
487 3997 788 4068 genitura,
819 3997 946 4053 licet
989 3998 1229 4069 cogitari
1280 3998 1443 4068 plene
1491 4013 1607 4054 non
1651 3999 1843 4069 possit,
1890 4006 1980 4055 at-

286 4085 562 4153 tenditur,
622 4099 688 4141 eo
736 4085 989 4141 Ecclesia
1040 4086 1341 4156 splendore
1393 4088 1765 4159 respergitur,
1844 4088 1982 4158 quia

288 4173 539 4243 idipsum
573 4175 725 4230 unde
755 4175 1033 4232 honorata
1067 4183 1358 4247 tantopere
1383 4185 1622 4246 constat,
1656 4177 1728 4232 ad
1777 4179 1982 4250 auspi-

286 4263 460 4330 cium,
495 4263 563 4318 ad
602 4264 1091 4334 propagationem,
1112 4264 1701 4337 gloriticationemqne
1720 4267 1983 4324 Ecclesia

287 4352 631 4408 omnimodis
662 4360 1050 4423 retorquetur.
1084 4354 1215 4424 Ipsa
1241 4362 1326 4409 est
1356 4361 1529 4421 terra,
1582 4354 1676 4410 cui
1720 4355 1933 4412 dicitur
1961 4371 1974 4410 :

284 4444 385 4495 Dei
410 4442 753 4509 agricultura
778 4446 904 4497 estis
935 4443 986 4515 (Ι
1014 4443 1144 4497 Cor.
1180 4458 1260 4504 ut.
1290 4443 1369 4514 9),
1400 4450 1455 4499 et
1494 4443 1645 4499 infra
1674 4460 1688 4499 :

356 4531 429 4585 Et
482 4530 653 4585 cecidi
692 4545 854 4600 super
911 4534 1111 4598 faciem
1168 4547 1339 4586 meam
1401 4532 1614 4602 (Ezech.
1666 4548 1827 4600 XLIII,
1903 4534 1973 4603 3).

285 4615 466 4686 Super
496 4617 696 4674 faciem
724 4618 1001 4686 cadimus,
1035 4633 1168 4675 cum
1199 4632 1233 4673 a
1271 4621 1670 4691 magnitudine
1713 4621 1978 4693 benigni-

287 4705 417 4761 tatis
444 4720 478 4761 a
507 4705 734 4763 Christo
765 4707 1050 4776 impensa,
1086 4707 1144 4764 in
1174 4708 1518 4765 conscientia
1559 4711 1976 4769 erubescimus.

284 4793 429 4859 Quid
472 4795 794 4861 retribuam,
861 4796 1072 4866 inquit,
1118 4812 1218 4869 pro
1266 4799 1511 4853 omnibus
1561 4815 1680 4868 qua
1725 4800 1982 4855 retribuit

283 4883 474 4938 mihi?
503 4884 682 4955 (Psal.
724 4899 854 4953 cxv,
894 4888 1001 4949 l2.)
1029 4884 1290 4954 Majestas
1319 4890 1569 4953 ingressa
1598 4894 1678 4943 est
1723 4890 1983 4958 templum

290 4973 705 5041 (Esse/1.111.111,
737 4973 813 5044 4),
873 4973 1013 5030 dum
1070 4974 1244 5045 digno
1297 4975 1517 5045 pudore
1566 4976 1978 5033 concutimur:

285 5061 426 5129 quia
457 5060 538 5117 nil
568 5062 808 5134 dignum
836 5062 1003 5118 Matri
1029 5069 1083 5119 et
1115 5061 1253 5119 Filio
1285 5065 1684 5120 retribuemus.
1720 5065 1984 5135 Majestas

285 5149 384 5205 Dei
418 5150 696 5220 templum
736 5149 1076 5220 ingreditur,
1110 5151 1249 5221 quia
1278 5150 1339 5206 in
1386 5153 1835 5209 consideratione
1879 5167 1980 5207 no-

286 5243 405 5292 stra
433 5238 574 5307 quid
605 5240 750 5293 Deus
780 5237 837 5293 in
871 5238 1105 5309 Virgine
1136 5253 1238 5309 pro
1268 5240 1431 5296 nobis
1462 5241 1673 5307 iecerit,
1706 5239 1977 5296 affectuo-

286 5323 505 5380 sissime
561 5324 892 5394 ampliatur.
949 5325 1055 5382 Per
1109 5328 1263 5382 viam
1315 5337 1504 5383 autem
1541 5336 1716 5397 porta
1742 5343 1874 5398 qua
1898 5342 1983 5384 re-

285 5410 451 5480 spicit
480 5411 551 5466 ad
591 5411 868 5468 orientem
919 5414 1196 5484 templum
1236 5414 1413 5471 intrat
1457 5414 1659 5487 (ibid),
1708 5416 1845 5472 dum
1879 5429 1981 5487 per

286 5499 456 5557 ﬁdem
485 5499 924 5570 dispensationis
950 5502 1009 5559 in
1036 5503 1218 5561 Maria
1257 5503 1440 5573 facta,
1489 5518 1620 5575 qua
1666 5504 1981 5577 singularis

2102 3041 2277 3098 quam
2311 3027 2465 3098 quod
2496 3041 2656 3083 mens
2675 3026 2767 3083 sui
2798 3026 3192 3096 Redemptoris
3247 3026 3489 3091 labores,
3533 3032 3589 3081 et
3645 3025 3798 3081 dona

2098 3116 2392 3187 recogitat.
2423 3118 2552 3172 Post
2580 3115 2775 3187 aliqua
2807 3129 3040 3186 quoque
3071 3114 3289 3170 addidit
3316 3128 3329 3167 :

2169 3207 2428 3259 Converti
2455 3220 2535 3259 me
2566 3205 2640 3259 ad
2671 3207 2819 3259 viam
2842 3208 3013 3274 porta
3039 3205 3349 3258 sanctuarii
3388 3202 3697 3267 exterioris,
3743 3206 3794 3253 et

2096 3296 2431 3349 eratclausa
2473 3293 2684 3365 (Ezech.
2741 3308 2892 3360 xmv,
2962 3293 3032 3361 ι).
3093 3292 3199 3349 Via
3244 3298 3422 3361 porta
3461 3289 3794 3345 considera-

2098 3384 2175 3440 tio
2205 3391 2290 3439 est
2318 3383 2551 3453 Maria;
2583 3382 2980 3438 sanctuarium
3011 3380 3285 3447 exterius,
3329 3392 3613 3448 corporea
3671 3377 3794 3431 vir-

2096 3472 2353 3543 ginitatis
2383 3472 2562 3542 ipsius
2592 3471 2786 3526 decus.
2820 3470 2953 3525 Hac
2981 3468 3178 3524 clausa
3224 3476 3327 3528 est.
3383 3468 3571 3522 omnis
3618 3466 3793 3536 pudi-

2093 3563 2239 3618 citia
2264 3560 2699 3616 circumstantia
2727 3557 3082 3615 communita
3116 3572 3128 3611 :
3163 3571 3293 3627 qua
3344 3570 3457 3611 non
3509 3556 3788 3624 aperitur,

2093 3650 2234 3721 quia
2263 3649 2426 3704 nulla
2456 3648 2532 3704 illi
2579 3646 2887 3703 titillationi
2933 3660 3007 3702 ex
3065 3653 3226 3716 parte
3283 3644 3641 3714 discingitur.
3703 3646 3796 3698 Vir

2092 3755 2201 3794 non
2231 3741 2432 3793 transit
2453 3754 2555 3808 per
2594 3752 2710 3791 eam
2751 3735 2937 3802 (ibid.,
2990 3733 3067 3806 2),
3117 3735 3259 3804 quia
3307 3732 3470 3788 nulla
3514 3730 3794 3785 maritalis

2096 3827 2333 3884 intentio
2372 3827 2524 3884 cadit
2576 3827 2634 3880 in
2685 3839 2831 3881 eam.
2894 3826 3154 3879 Dominus
3203 3824 3345 3876 Deus
3394 3824 3673 3890 ingressus
3716 3825 3796 3873 est

2089 3932 2190 3987 per
2237 3932 2373 3982 eam,
2444 3917 2653 3985 eritque
2709 3915 2896 3968 clausa
2940 3914 3182 3983 principi
3229 3910 3434 3981 (ibid),
3488 3908 3627 3980 quia
3687 3908 3793 3964 etsi

2092 4004 2368 4060 divinitas
2411 4010 2671 4074 penetrat
2724 4000 2923 4057 matris
2970 3999 3399 4065 conscientiam,
3446 3996 3565 4067 ipse
3618 3996 3789 4063 idem,

2093 4093 2194 4164 qui
2226 4092 2500 4147 nascendi
2533 4091 2603 4147 de
2630 4090 2872 4162 Virgine
2911 4089 3174 4159 princeps
3199 4096 3302 4154 est,
3352 4100 3467 4142 non
3499 4084 3794 4142 imminuit

2091 4181 2378 4237 castitatis
2408 4180 2753 4237 custodiam.
2796 4178 3059 4248 Princeps
3106 4179 3223 4246 ipse
3268 4174 3470 4231 sedebit
3512 4176 3573 4228 in
3626 4190 3692 4228 ea
3730 4180 3791 4228 ut

2025 4243 2331 4325 Dcomedat
2399 4285 2593 4339 panem
2667 4284 2848 4323 coram
2923 4243 3146 4322 Domino
3215 4264 3399 4333 (ibid,
3461 4262 3537 4332 3).
3586 4262 3790 4318 Sedere

2091 4366 2230 4414 non
2273 4358 2569 4429 regnantis
2597 4364 2699 4413 est.
2733 4358 2798 4412 In
2824 4370 2891 4412 ea
2942 4357 3136 4426 itaque
3176 4355 3340 4421 sedit,
3387 4355 3489 4425 qui
3533 4354 3593 4408 in
3636 4368 3786 4420 eam,

2090 4446 2421 4518 virginitate
2474 4445 2668 4512 illasa,
2724 4453 2787 4501 ut
2843 4459 2947 4500 rex
2994 4451 3340 4499 naturarum
3400 4442 3636 4498 introiit.
3703 4441 3789 4497 Ibi

2090 4549 2297 4606 panem
2329 4548 2524 4590 coram
2556 4533 2796 4589 Domino
2828 4532 3093 4599 comedit,
3146 4533 3287 4603 quia
3332 4532 3538 4587 electos
3587 4544 3790 4585 omnes

2089 4625 2149 4679 in
2207 4622 2406 4678 eodem
2464 4629 2626 4678 utero
2695 4621 2800 4676 sibi
2870 4621 3277 4691 incorporavit.
3342 4622 3510 4687 Meus,
3575 4619 3784 4689 inquit,

2088 4711 2239 4767 cibus
2264 4715 2361 4777 est,
2392 4715 2455 4765 ut
2476 4712 2684 4776 faciam
2711 4710 3037 4763 voluntatem
3090 4710 3276 4763 Patris
3324 4711 3430 4763 mei
3474 4709 3661 4775 (Joan.
3708 4723 3784 4772 tv,

2089 4799 2203 4869 34).
2236 4799 2400 4865 Quod
2428 4807 2510 4855 est
2551 4812 2744 4853 coram
2792 4796 3051 4853 Domino.
3108 4799 3204 4851 Per
3248 4796 3569 4851 vestibulum
3615 4802 3786 4865 porta

2087 4889 2415 4956 ingreditur,
2448 4892 2498 4941 et
2521 4903 2622 4957 per
2657 4889 2806 4940 viam
2832 4886 2945 4955 ejus
2973 4885 3255 4954 egreditur
3275 4884 3490 4956 (Ezech.
3525 4899 3682 4953 xuv,
3703 4884 3782 4952 3),

2087 4992 2222 5034 cum
2254 4990 2355 5047 per
2382 4975 2785 5041 humilitatem,
2824 4988 2955 5044 qua
3000 4974 3228 5045 proprie
3274 4981 3607 5028 sanctorum
3656 4973 3785 5027 ani-

2091 5080 2213 5120 mos
2243 5065 2430 5133 vestit,
2482 5064 2657 5135 Virgo
2705 5063 3077 5134 gravidatur;
3144 5069 3199 5118 et
3256 5070 3378 5132 post
3433 5061 3785 5117 exhaustum

2091 5153 2239 5210 idem
2276 5153 2597 5215 sacrarium
2638 5153 2746 5207 sub
2793 5151 2990 5207 eadem
3042 5152 3157 5218 via,
3207 5150 3262 5205 id
3306 5157 3388 5205 est
3448 5149 3783 5215 intentione,

2088 5242 2207 5299 vita
2263 5242 2627 5313 transigitur.
2690 5241 2808 5296 Sub
2861 5254 2980 5310 qua
3016 5240 3171 5296 enim
3219 5238 3435 5294 vilitate
3480 5252 3539 5293 se
3582 5238 3783 5308 egerit,

2094 5335 2229 5384 teste
2306 5334 2391 5382 est
2448 5324 2848 5396 Evangelium,
2895 5338 3028 5381 cum
3072 5323 3339 5385 defertur,
3373 5323 3446 5378 ad
3502 5322 3784 5392 templum

2093 5415 2375 5486 parvulus
2398 5413 2584 5470 ofﬁcio
2615 5420 2940 5487 parentum.
3684 5488 3690 5493 '

2164 5503 2388 5558 Clarius
2418 5503 2559 5558 omni
2584 5507 2838 5557 creatura
2878 5500 3054 5556 Deum
3089 5500 3239 5556 videt
3291 5505 3344 5555 et
3382 5501 3674 5568 cognoscit.
3719 5529 3786 5542 —
