3914 6094
117 297 227 351 545

1491 291 1582 345 DE
1624 290 1854 344 LAUDE
1894 288 1950 344 S.
1995 288 2256 344 ΜΑΡιΙᾹζ.

3519 291 3626 344 546

121 426 255 481 Post
282 423 530 495 plurima
557 437 791 494 quoque
833 420 1255 492 subjungitur:
1298 423 1462 476 Porta
1496 422 1630 474 atrii
1681 422 1817 474 inte-
1856 421 2097 474 Aetiam
2127 419 2381 484 exterius
2411 419 2607 475 haeret.
2641 419 2809 474 Porta
2850 425 3040 474 autem
3095 419 3324 487 deforis,
3373 420 3490 491 ipse
3540 431 3626 480 est

119 516 285 578 riori,
342 529 460 581 quae
514 515 740 581 respicit
823 511 897 564 ad
989 512 1260 567 Orientem
1323 511 1427 562 erit
1473 509 1658 562 clausa
1728 523 1824 561 sea:

123 602 314 656 diebus
367 601 579 671 (Ezech.
655 616 803 666 XLVI,
866 599 939 670 1).
997 599 1223 653 Atrium
1283 597 1546 662 interius,
1613 597 1664 650 id
1740 603 1823 651 est

124 690 284 760 quod
317 690 374 744 in
423 692 534 745 Deo
583 688 871 759 diligendo
918 687 1273 757 potissimum
1325 686 1501 740 fervet
1556 685 1822 739 intrinse-

123 793 252 834 cus.
288 778 457 833 Porta
494 779 691 848 itaque
733 777 859 832 atrii
912 775 1200 830 interioris
1255 777 1372 844 ipsa
1424 774 1599 844 Virgo
1649 787 1824 842 puer-

127 879 268 936 pera
300 873 402 932 est,
439 880 540 935 per
571 880 748 935 quam
783 865 843 919 ﬁt
881 863 1045 919 nobis
1085 864 1274 918 aditus
1322 863 1532 918 divina:
1578 863 1824 931 agnitio-

124 953 265 1008 nis:
310 968 343 1008 a
395 954 621 1009 nemine
672 952 822 1008 enim
879 951 1077 1017 scitur,
1127 965 1160 1005 a
1211 966 1328 1020 quo
1378 965 1493 1006 non
1541 949 1822 1020 diligitur.

123 1043 293 1098 Porta
338 1056 474 1114 ergo
523 1042 655 1097 atrii
705 1041 990 1096 interioris
1043 1048 1147 1106 est,
1205 1054 1303 1109 per
1353 1040 1522 1109 cujus
1573 1052 1820 1108 praecor—

123 1131 335 1187 dialem
376 1145 629 1186 amorem
660 1131 732 1185 ad
775 1129 1097 1199 purissimae
1145 1128 1271 1184 ﬁdei
1317 1127 1688 1183 exeurrimus
1736 1127 1822 1182 in-

124 1219 436 1286 tellectum,
471 1219 572 1289 qui
602 1218 780 1288 ipsius
811 1219 936 1273 ﬁdei
969 1219 1194 1273 fructus
1224 1225 1327 1282 est,
1365 1231 1437 1272 ex
1489 1231 1606 1286 quo
1661 1215 1829 1271 senti-

127 1323 263 1363 mus
293 1309 581 1378 quomodo
611 1308 720 1362 sub
744 1308 942 1362 eadem
975 1319 1236 1377 persona,
1279 1313 1333 1361 et
1387 1305 1526 1375 quid
1577 1305 1727 1360 Deus
1774 1311 1829 1360 et

126 1396 299 1451 homo
349 1403 450 1452 est.
506 1396 679 1451 Porro
736 1395 903 1451 etiam
963 1402 1126 1464 porta
1185 1393 1310 1449 atrii
1360 1392 1661 1464 Linterioris
1707 1393 1830 1462 ipsa

128 1492 233 1552 est,
267 1499 398 1554 quae
429 1499 543 1540 non
577 1491 688 1540 tam
725 1483 886 1554 prius
927 1497 1105 1552 quam
1148 1483 1403 1538 omnium
1456 1481 1830 1537 excellentius

131 1573 204 1628 ad
245 1587 531 1628 summam
580 1573 678 1628 Dei
734 1571 992 1626 notitiam
1045 1570 1370 1626 intromissa
1425 1578 1548 1640 est;
1611 1578 1664 1624 et
1714 1584 1829 1639 quo

130 1663 258 1732 ipsa
287 1662 494 1731 spiritu
527 1662 717 1728 sensit,
754 1675 854 1730 per
883 1659 1147 1716 eumdem
1177 1659 1425 1728 idipsum
1484 1659 1647 1714 nobis
1695 1673 1828 1714 sen-

131 1752 242 1806 tire
291 1764 495 1805 causas
539 1750 708 1814 dedit.
765 1750 893 1804 Htec
936 1749 1161 1817 respicit
1207 1749 1278 1802 ad
1327 1748 1635 1814 Orientem,
1692 1747 1831 1817 quia

133 1855 252 1909 quo
275 1839 471 1894 nullus
489 1838 837 1904 mortalium,
865 1837 975 1892 imo
997 1837 1157 1892 nulla
1177 1845 1571 1892 creaturarum
1591 1836 1833 1890 rationa-

134 1928 277 1983 lium
312 1927 412 1982 vix
443 1926 776 1994 scintillare,
818 1926 1140 1995 praevaluit,
1193 1925 1328 1979 ill-uc
1372 1925 1495 1989 ista,
1544 1924 1601 1978 in
1652 1925 1830 1979 Deum

132 2017 400 2071 videlicet
443 2024 734 2070 auctorem
777 2015 1012 2069 luminis
1056 2013 1345 2068 liberrime
1391 2020 1632 2068 mentem
1685 2013 1828 2068 ﬁxit.

137 2105 271 2160 Hmc
300 2104 593 2159 clauditur
624 2118 724 2158 sex
760 2103 960 2158 diebus
1009 2103 1065 2156 in
1111 2102 1326 2172 quibus
1373 2115 1518 2170 opus
1566 2101 1643 2166 ﬁt,
1696 2101 1834 2171 quia

134 2192 524 2262 conceptionis
575 2193 700 2261 ejus
755 2191 1112 2261 mysterium,
1155 2205 1228 2245 ex
1273 2203 1392 2260 qua
1447 2190 1717 2244 introitus
1764 2189 1835 2244 ad

136 2282 320 2336 vitam
374 2280 591 2335 homini
651 2280 854 2349 patuit,
907 2294 1135 2334 onmem
1201 2277 1259 2332 in
1322 2279 1582 2348 przesenti
1627 2277 1837 2332 smculo

133 2377 410 2426 naturam
446 2368 623 2438 (quod
658 2368 980 2437 signiﬁcare
1027 2381 1126 2422 sex
1182 2366 1300 2422 dies
1355 2366 1617 2435 assolent)
1672 2366 1839 2422 latuit

140 2466 198 2514 et
238 2457 455 2513 latebit.
489 2456 668 2526 Cujus
698 2457 742 2511 si
775 2456 1081 2525 corrigiam
1112 2455 1328 2510 solvere
1356 2455 1568 2524 dignus
1598 2470 1711 2509 non
1733 2459 1835 2519 est,

140 2561 260 2616 quo
293 2545 475 2614 major
509 2545 563 2599 in
591 2544 740 2598 natis
769 2543 1075 2598 mulierum
1114 2542 1312 2598 nullus
1340 2551 1443 2605 est,
1493 2542 1626 2613 quis
1672 2550 1840 2612 putas

140 2633 372 2689 interim
404 2634 540 2687 dum
574 2632 868 2688 advivitur
896 2631 1108 2701 dignus
1136 2632 1264 2687 est?

217 2726 287 2776 De
315 2720 520 2775 visione
551 2721 814 2789 beatiﬁca.
843 2749 912 2760 —
945 2721 1045 2773 Die
1076 2724 1255 2774 autem
1283 2719 1517 2772 Sabbati
1543 2723 1837 2788 aperietur,

141 2809 324 2879 (ibid)
358 2808 414 2864 Si
439 2823 537 2864 sex
571 2808 773 2863 diebus
796 2822 1049 2877 praesens
1078 2807 1373 2872 szeculum.
1409 2807 1465 2862 in
1499 2823 1614 2878 quo
1659 2809 1838 2878 perfe-

142 2906 367 2953 ctorum
401 2896 681 2951 habemus
710 2897 1048 2951 exercitium
1077 2910 1339 2964 operum,
1365 2895 1478 2966 iper
1525 2896 1839 2952 Sabbatum

1932 507 2121 562 aditus
2161 515 2215 562 et
2271 509 2460 563 exitus
2506 507 2844 578 virginalis;
2897 508 3044 563 sicut
3103 517 3268 578 porta
3316 510 3628 567 intrinseca

1931 609 2194 665 egressus
2228 596 2466 666 intelligi
2519 603 2696 664 potest
2739 596 2807 651 de
2855 605 3069 651 secreta
3117 598 3362 654 essentia
3411 602 3617 656 Patris.

1932 684 2198 753 Princeps
2229 698 2367 755 ergo
2394 685 2630 740 intrabit
2660 699 2756 754 per
2788 685 2940 739 viam
2986 687 3252 742 vestibuli
3299 696 3475 757 portae
3525 690 3629 745 de-

1930 771 2087 839 foris,
2123 787 2252 828 cum
2287 787 2383 842 per
2407 773 2556 842 ipsos
2583 787 2696 827 non
2721 774 2839 843 jam
2872 773 3125 843 passives
3151 776 3400 844 corporis
3427 792 3630 834 sensus

1931 869 2267 931 penetratur
2316 864 2522 928 virtus,
2567 876 2633 916 ac
2665 862 2875 916 veritas
2908 862 3180 932 virgineae
3210 866 3620 934 conceptionis.

1932 950 2247 1019 Sequitur:
2289 954 2359 1005 Et
2409 951 2574 1004 stabit
2617 953 2675 1004 in
2723 952 2907 1003 limine
2953 957 3123 1019 portae
3169 952 3375 1024 (ibid).
3434 955 3628 1011 Limen

1932 1047 2109 1108 portze
2139 1052 2365 1094 summa
2391 1046 2475 1094 est
2505 1038 2806 1108 virginalis
2837 1039 3193 1107 obedientize,
3239 1041 3296 1096 in
3326 1057 3444 1111 qua
3477 1044 3632 1112 prin-

1935 1141 2064 1195 ceps
2118 1134 2257 1181 tunc
2330 1128 2521 1193 stabit,
2578 1142 2707 1182 cum
2760 1141 2858 1197 per
2917 1127 3236 1185 divinitatis
3291 1132 3626 1201 potentiam,

1932 1229 2082 1286 quae,
2119 1215 2283 1270 motis
2330 1215 2618 1280 omnibus,
2672 1229 2896 1284 semper
2925 1223 3055 1283 stat,
3104 1217 3387 1288 virginem
3436 1233 3495 1276 se
3543 1220 3630 1276 fe-

1935 1304 2234 1370 cundasse,
2271 1307 2325 1359 et
2357 1319 2472 1373 quo
2515 1304 2680 1358 modo
2733 1318 2832 1372 per
2878 1304 3152 1373 Spiritum
3197 1316 3459 1363 sanctum
3505 1323 3630 1365 eam

1937 1392 2354 1459 fecundaverit,
2390 1392 2791 1462 virginemque
2817 1393 3096 1449 dimiserit
3124 1394 3240 1464 ipse
3268 1399 3630 1454 monstrabit.

2009 1484 2077 1535 Et
2123 1483 2329 1546 facient
2392 1481 2694 1535 sacerdotes
2741 1482 3050 1535 holocausta
3099 1487 3251 1552 ejus;
3302 1490 3352 1538 et
3398 1488 3635 1555 paciﬁca

1937 1571 2054 1638 ejus
2087 1569 2293 1640 (ibid).
2326 1570 2736 1625 llolocaustum
2772 1578 2951 1625 totum
2989 1571 3289 1627 incensum
3318 1583 3417 1629 est.
3461 1576 3636 1630 Holo-

1939 1667 2138 1713 causta
2167 1661 2290 1729 ejus
2320 1673 2422 1728 per
2451 1659 2772 1713 sacerdotes
2814 1659 2974 1722 ﬁunt.
3026 1674 3154 1714 cum
3208 1662 3263 1714 in
3311 1664 3635 1719 considera-

1944 1746 2093 1802 tione
2125 1747 2278 1802 illius
2331 1761 2401 1801 ex
2442 1747 2666 1817 virgine
2711 1747 3086 1802 humanitatis
3134 1757 3248 1803 tam
3303 1751 3639 1808 mirabiliter

1943 1843 2272 1904 assumplae.
2308 1849 2471 1905 reges
2495 1835 2616 1904 jam
2641 1842 2695 1890 et
2744 1836 3064 1890 sacerdotes
3113 1850 3146 1890 a
3193 1837 3306 1893 Deo
3349 1838 3480 1894 facti
3525 1841 3640 1894 mi-

1944 1938 2164 1987 ramur,
2199 1932 2254 1978 et
2284 1929 2583 1978 Auctorem
2619 1923 2879 1978 omnium
2908 1925 3126 1994 angelis
3161 1925 3380 1982 minora
3419 1928 3634 1997 tulisse,

1941 2013 2234 2081 perpetuis
2275 2011 2686 2066 desideriorum
2731 2012 2970 2067 aestibus
3020 2027 3390 2083 nequaquam
3439 2018 3637 2074 ardere

1943 2101 2288 2156 desistimus.
2343 2100 2584 2155 Paciﬁca
2617 2099 2760 2169 ejus,
2829 2100 2883 2154 id
2941 2107 3021 2156 est
3079 2102 3369 2172 principis,
3426 2107 3638 2174 pariter

1945 2189 2112 2256 ﬁunt,
2144 2203 2276 2244 cum
2317 2190 2494 2244 sancti
2539 2188 2885 2243 immutabili
2937 2191 3414 2260 contemplatione
3459 2195 3637 2265 hujus

1949 2285 2120 2333 tantae
2162 2277 2506 2344 dulcedinis,
2560 2284 2615 2332 et
2661 2277 3120 2346 imperturbabili
3164 2279 3286 2348 jam
3335 2282 3638 2339 securitate

1949 2368 2275 2437 quiescunt.

2019 2455 2340 2508 Obedientia
2385 2469 2452 2507 ea;
2492 2453 2816 2519 humilitate,
2871 2454 3150 2508 humilitas
3199 2463 3378 2511 autem
3431 2475 3497 2513 ea:
3535 2461 3636 2515 ad-

1949 2546 2208 2598 versitate
2234 2543 2520 2611 probatur.
2552 2572 2620 2580 —
2667 2544 2737 2596 Et
2766 2542 3019 2595 adorabit
3048 2558 3210 2612 super
3242 2547 3403 2600 limen
3442 2555 3638 2617 portat,

1949 2638 1999 2686 et
2032 2631 2338 2699 egredietur
2369 2630 2544 2699 (ibid).
2599 2629 2793 2685 Limen
2845 2639 3022 2699 portae
3066 2635 3334 2702 superius
3375 2636 3640 2693 obedien-

1950 2721 2088 2777 tiam
2124 2719 2397 2785 diximus,
2427 2734 2560 2788 quae
2592 2718 2914 2774 obedientia
2943 2719 3053 2774 dici
3109 2735 3224 2776 non
3275 2733 3478 2792 potest,
3530 2727 3640 2782 nisi

1949 2824 2021 2864 ex
2053 2815 2205 2864 certa
2237 2807 2558 2862 humilitate
2590 2807 2888 2875 ﬁrmetur;
2922 2815 3078 2863 certa
3107 2817 3298 2865 autem
3345 2811 3641 2868 humilitas

1952 2906 2091 2955 tunc
2119 2911 2237 2952 esse
2275 2896 2632 2951 solummodo
2682 2895 2957 2962 noscitur,
3015 2912 3145 2966 quae
3201 2913 3273 2953 ex
3327 2901 3642 2971 emergenti

141 2985 484 3055 intelligitur
517 2984 746 3054 requies
769 2985 1118 3050 animarum,
1156 2984 1211 3038 in
1252 2998 1370 3053 qua
1408 2985 1618 3040 clausae
1665 2993 1838 3054 portae
1877 2983 1918 3041 C
1951 2985 2295 3042 adversitate
2333 2985 2476 3040 inter
2516 2984 2896 3040 obediendum
2941 2986 3234 3053 probatur.
3273 2987 3430 3043 Sicut
3476 2989 3644 3058 plane

141 3083 286 3131 tunc
321 3074 653 3143 mysterium
685 3073 962 3143 aperitur,
996 3074 1137 3142 quia
1167 3073 1356 3128 carnis
1385 3073 1596 3129 dimoto
1647 3074 1841 3143 parie-

142 3171 217 3231 te,
248 3163 401 3233 quod
436 3177 533 3231 per
562 3161 855 3230 speculum
896 3169 948 3216 et
982 3162 1039 3216 in
1088 3162 1392 3232 aenigmate
1445 3177 1601 3217 nunc
1650 3161 1841 3217 cerni-

142 3259 262 3316 tur,
297 3265 510 3321 magna
537 3265 609 3306 ex
638 3258 796 3319 parte
830 3249 1171 3320 perspicitur
1204 3265 1215 3303 :
1263 3265 1378 3319 quo
1423 3251 1575 3305 enim
1623 3250 1842 3320 absque

142 3340 324 3396 solitis
364 3341 484 3395 suis
531 3339 942 3410 integumentis
988 3338 1322 3408 simplicior,
1376 3352 1440 3393 eo
1489 3346 1679 3394 noster
1727 3339 1842 3406 spi-

143 3434 292 3486 ritus
319 3442 431 3482 non
466 3427 649 3482 solum
679 3427 750 3480 ad
780 3433 1130 3481 secretorum
1178 3426 1483 3492 notionem,
1534 3426 1632 3482 sed
1671 3433 1725 3482 et
1771 3425 1844 3482 ad

142 3519 332 3589 ipsam
363 3516 420 3571 ﬁt
457 3515 549 3571 Dei
581 3515 857 3570 visionem
887 3514 1128 3569 acutior.
1161 3513 1272 3568 Sed
1317 3516 1377 3566 in
1429 3514 1515 3566 die
1564 3513 1844 3567 Kalenda-

139 3624 265 3661 rum
292 3607 568 3675 aperietur
597 3603 808 3673 (ibid).
843 3603 971 3657 Dies
1002 3609 1086 3657 est
1116 3609 1313 3672 aperta
1349 3602 1442 3657 Dei
1475 3610 1528 3656 et
1584 3601 1844 3657 omnium

141 3695 476 3751 divinorum
508 3690 959 3760 comprehensio.
996 3691 1157 3747 Unde
1190 3689 1406 3745 Paulus
1439 3705 1450 3743 :
1485 3690 1690 3758 Sequor
1738 3705 1845 3743 au-

143 3787 250 3838 tem
306 3785 357 3836 si
417 3779 880 3849 comprehendam,
941 3782 1171 3847 tuncque
1237 3794 1550 3845 cognoscam
1607 3781 1748 3832 sicut
1797 3784 1846 3832 et

146 3873 394 3940 cognitus
422 3886 540 3923 sum
568 3868 830 3939 (Philipp.
866 3883 944 3934 Ill,
982 3869 1086 3937 i2.)
1118 3867 1386 3922 Kalendze
1427 3881 1581 3934 vero,
1634 3881 1764 3936 quas
1813 3880 1847 3921 a

145 3961 558 4016 convocatione
586 3964 722 4012 sunt
752 3957 935 4023 dictae,
969 3956 1117 4010 diem
1164 3955 1492 4026 signiﬁcant
1542 3969 1844 4026 regenera-

151 4048 322 4104 tionis
355 4054 598 4113 nostrte;
634 4045 691 4100 in
741 4059 860 4114 qua
899 4045 1021 4100 sine
1067 4043 1244 4100 dubio
1300 4044 1450 4100 sicut
1485 4043 1714 4112 animae,
1768 4044 1849 4101 sic

147 4136 372 4206 corpori
400 4135 538 4190 dum
566 4133 965 4190 cumulabitur
1012 4132 1308 4202 plenitudo
1358 4132 1574 4203 gloriae,
1624 4133 1694 4188 ad
1746 4132 1842 4188 in—

1951 3075 2124 3131 limen
2159 3082 2332 3143 portae
2373 3073 2553 3128 instar
2601 3073 2960 3128 fundamenti
3002 3074 3263 3141 subsidit,
3313 3083 3368 3131 et
3423 3077 3643 3133 cunctis

1952 3163 2305 3219 intrantibus
2352 3163 2611 3230 pervium
2679 3169 2916 3228 constat,
2976 3162 3057 3216 sic
3120 3162 3424 3219 inetTabilis
3470 3165 3644 3236 Virgo

1952 3251 2080 3308 licet
2111 3252 2254 3305 alias
2283 3264 2519 3319 prorsus
2565 3249 2920 3304 inimitabilis
2971 3249 3270 3318 habeatur,
3319 3266 3492 3322 super
3540 3254 3648 3310 hoc

1953 3354 2095 3411 pene
2123 3339 2240 3394 solo
2273 3337 2674 3393 universorum
2700 3337 2961 3406 exemplo
2995 3339 3352 3406 proponitur.

2026 3430 2093 3482 In
2171 3425 2441 3482 anteriori
2514 3425 2679 3480 tracti
2741 3425 3046 3480 vehemens
3092 3426 3439 3484 miraculum
3498 3435 3648 3484 ποθ

1953 3516 2235 3574 exstitisse
2264 3512 2658 3584 probavimus.
2717 3511 2871 3582 quod
2925 3514 2996 3568 ad
3046 3522 3162 3570 tam
3217 3516 3650 3586 insuspicabilia

1955 3605 2177 3663 cunctis
2203 3603 2479 3674 promissa
2535 3602 2875 3657 mortalibus
2919 3604 3041 3658 sine
3083 3605 3479 3660 exhortatione
3528 3621 3648 3662 mo-

1957 3709 2106 3761 rosa,
2148 3694 2270 3748 sine
2302 3691 2478 3747 ullius
2504 3690 2791 3746 oblatione
2829 3692 3089 3760 exempli,
3138 3692 3295 3747 illius
3336 3693 3649 3750 benedictae

1949 3782 2279 3856 juvenculze
2333 3780 2544 3836 inﬂecti
2595 3780 2841 3835 valuerit
2888 3780 3028 3834 adeo
3095 3781 3349 3836 celeriter
3396 3782 3645 3837 animus.

1956 3873 2058 3928 Cui
2092 3870 2390 3942 quidpiam
2423 3884 2539 3924 non
2570 3869 2762 3924 minus
2792 3868 3005 3923 mirum
3039 3869 3094 3924 in
3128 3869 3236 3924 hac
3261 3870 3383 3939 ipsa
3423 3871 3650 3927 obtem-

1957 3963 2246 4032 peratione
2285 3958 2700 4014 subnectimus.
2752 3958 2806 4014 Si
2861 3959 3266 4014 communibus
3319 3960 3646 4030 virginibus

1955 4065 2027 4106 ex
2070 4047 2439 4104 nobilissimis
2487 4061 2634 4117 quos
2680 4053 2867 4102 essent
2914 4047 3200 4102 sortiturze
3251 4048 3491 4116 maritis,
3549 4048 3652 4103 ﬁlii

1954 4137 2262 4193 nobiliores
2291 4135 2470 4191 futuri
2505 4135 2782 4205 praesagio
2813 4135 3007 4204 aliquo
3053 4136 3474 4204 sponderenlur
3519 4152 3650 4207 pro-

148 4232 377 4296 tegrum
411 4236 643 4318 quoque
675 4221 1023 4292 praebebitur
1050 4220 1286 4276 scientia
1325 4219 1533 4318 Christi
1578 4221 1846 4276 incarna-
1885 4265 1930 4318 Β
1958 4225 2100 4282 fecto
2131 4225 2230 4292 eis,
2259 4232 2313 4280 et
2346 4223 2597 4279 marium
2625 4223 2891 4292 voluptas
2922 4223 3259 4294 insignium,
3306 4234 3361 4280 et
3406 4225 3654 4296 gloriosa

153 4313 323 4370 tionis
349 4313 407 4367 in
449 4310 706 4383 Virgine,
752 4317 806 4366 et
867 4309 1306 4379 dispensationis
1364 4308 1420 4363 in
1478 4309 1727 4365 homine.
1781 4310 1846 4363 In

153 4403 262 4458 hac
294 4401 474 4473 igitur
512 4399 720 4455 interni
757 4398 992 4454 luminis
1044 4399 1199 4453 omni
1250 4397 1520 4453 meditate
1565 4396 1842 4467 aperitur,

147 4492 290 4548 dum
323 4489 609 4560 quidquid
661 4489 730 4544 de
789 4487 916 4558 ejus
966 4487 1164 4542 divina
1212 4493 1267 4542 et
1323 4486 1582 4542 humana
1638 4494 1850 4542 natura

147 4579 446 4636 sciendum
481 4586 583 4644 est,
617 4577 816 4633 scitur.

218 4669 302 4722 Et
331 4667 563 4720 intrabit
588 4668 842 4735 princeps
865 4680 965 4734 per
1008 4667 1156 4718 viam
1195 4662 1450 4718 vestibuli
1486 4667 1658 4731 porta:
1694 4661 1848 4728 defo-

146 4759 226 4811 ris
258 4757 475 4826 (Ezech.
510 4770 661 4822 xuv,
685 4755 759 4822 2).
793 4753 1149 4809 Vestibulum
1177 4759 1358 4822 potest
1380 4751 1620 4822 intelligi
1643 4765 1852 4821 corpus

151 4853 456 4908 nostrum;
493 4844 633 4913 quia
682 4842 862 4898 veluti
901 4841 1109 4896 domus
1158 4840 1495 4910 praetexitur
1542 4838 1847 4907 vestibulo,

147 4934 232 4990 sic
261 4933 462 4988 anima
490 4930 682 4986 carnis
714 4929 1032 4985 obstaculo.
1067 4928 1248 4999 Cujus
1279 4928 1374 4982 via
1397 4935 1482 4983 est
1512 4927 1853 4983 sensualitas

147 5023 297 5093 ipsa,
333 5034 464 5092 quae
490 5019 618 5074 licet
648 5018 958 5088 corporalis
988 5017 1077 5086 sit,
1114 5024 1302 5072 tamen
1331 5017 1386 5071 in
1411 5015 1856 5085 incorruptibili-

147 5121 325 5168 tatem
361 5107 1016 5178 impassibilitatemque,
1066 5120 1253 5172 versa,
1301 5113 1519 5175 quanto
1566 5103 1851 5174 spirituali

147 5199 410 5270 potentia
433 5199 553 5268 jam
588 5195 935 5266 praaeminet,
971 5203 1148 5261 tanto,
1181 5193 1229 5248 si
1259 5194 1443 5249 dicere
1483 5194 1748 5260 audeam,
1792 5193 1854 5247 in

147 5287 529 5344 subtilitatem
565 5283 801 5340 rationis
841 5298 942 5354 per
987 5284 1104 5340 vim
1151 5282 1584 5338 resurrectionis
1629 5280 1854 5336 acumi-

153 5385 312 5444 nata,
365 5375 573 5445 purius
620 5373 718 5430 Dei
776 5373 976 5428 faciem
1027 5370 1399 5440 contemplari
1449 5369 1756 5440 praevalet;
1802 5375 1857 5424 et

149 5472 375 5536 quanto
460 5462 740 5518 forasticis
817 5459 1264 5517 distensionibus
1330 5467 1506 5525 caret,
1571 5465 1730 5514 tanto
1782 5457 1854 5513 ad

149 5567 339 5610 unum
373 5550 628 5616 collecta,
657 5550 704 5605 ei
741 5550 834 5606 cui
869 5551 1180 5605 introrsum
1214 5546 1857 5604 inhiatimmutabiliter

1957 4314 2258 4384 posteritas
2288 4311 2524 4368 indubie
2553 4311 2972 4367 hlandirentur.
3002 4313 3072 4367 At
3103 4327 3240 4368 vero
3275 4313 3400 4368 istic
3429 4328 3654 4370 summe

1957 4401 2306 4472 dispariter:
2368 4414 2498 4470 quze
2544 4399 2718 4466 enim,
2777 4407 2842 4455 ut
2898 4414 3076 4469 supra
3123 4401 3479 4471 disputatum
3547 4409 3650 4466 est,

1955 4497 2206 4546 mentem
2236 4497 2526 4559 perpetuae
2554 4487 2868 4558 virginitati
2919 4488 3256 4559 addixerat;
3307 4504 3438 4560 quze
3481 4489 3653 4546 etiam

1957 4577 2227 4647 quamvis
2274 4576 2462 4647 specie
2515 4585 2681 4632 tenus
2732 4576 2790 4630 in
2838 4576 2935 4646 jus
2997 4577 3161 4632 virile
3213 4579 3333 4648 jam
3385 4583 3651 4645 cesserat,

1958 4665 2132 4733 unde,
2194 4679 2411 4735 quaeso,
2459 4672 2574 4720 tam
2636 4663 2786 4720 facili
2837 4666 3094 4720 oratione
3124 4665 3520 4736 obtemperare
3575 4667 3656 4723 sic

1959 4753 2192 4824 potuit?
2223 4767 2353 4822 quae
2385 4760 2534 4808 certe
2563 4751 2921 4817 humanitus,
2955 4753 3059 4808 etsi
3090 4768 3205 4808 non
3248 4754 3516 4822 aliorum,
3571 4763 3655 4811 ta-

1956 4855 2088 4896 men
2119 4841 2244 4910 ejus
2278 4839 2381 4910 qui
2413 4842 2656 4895 maritus
2694 4839 3001 4895 videbatur
3048 4841 3388 4898 scandalum
3438 4844 3651 4900 timuit.

1957 4927 2140 4998 Cujus
2167 4935 2427 4983 tactuum
2453 4928 2664 4992 nescia,
2694 4927 2753 4982 in
2779 4928 2977 4983 eadem
3030 4929 3489 5000 participatione,
3539 4949 3656 4989 non

1961 5016 2068 5072 fuit
2096 5033 2108 5070 :
2139 5019 2274 5081 Quae
2307 5031 2396 5072 res
2423 5031 2556 5072 cum
2588 5023 2808 5086 quanto
2847 5017 3110 5084 latuerat,
3167 5025 3321 5073 tanto
3373 5020 3431 5074 in
3479 5021 3657 5092 hujus

1963 5105 2322 5161 traductione
2355 5105 2556 5160 secreti
2591 5119 2747 5161 more
2791 5105 3046 5161 humano
3088 5105 3394 5162 sollicitare
3443 5108 3655 5165 debue-

1962 5201 2070 5249 rat.
2108 5194 2215 5250 Ubi
2261 5208 2397 5264 ergo
2454 5194 2596 5249 nihil
2644 5195 2799 5264 quod
2839 5194 3146 5250 carnaliter
3187 5209 3313 5250 eam
3353 5196 3658 5254 delectaret

1962 5280 2022 5335 in
2077 5289 2356 5350 conceptu
2415 5281 2650 5336 suberat
2705 5280 2816 5336 imo
2871 5288 3094 5336 tantum
3162 5282 3496 5350 mysterium
3554 5297 3656 5339 ne-

1963 5369 2276 5425 scientibus
2307 5367 2615 5438 suspicioni
2646 5376 2746 5424 aut
2778 5369 2984 5438 probro
3017 5368 3278 5438 patebat:
3332 5371 3482 5426 mira
3531 5372 3659 5441 ejus

1964 5456 2284 5513 obedientia
2316 5457 2424 5512 sub
2457 5457 2562 5511 hac
2596 5457 2920 5514 humilitate
2952 5457 3247 5528 probatur,
3285 5473 3417 5528 quae
3462 5461 3518 5514 in
3541 5466 3658 5516 tam

1966 5545 2242 5615 passibili.
2275 5545 2386 5601 imo
2419 5544 2680 5615 angelica
2710 5547 2987 5613 castitate,
3038 5548 3214 5605 totius
3242 5546 3541 5618 popularis
3568 5547 3659 5602 in-
