3914 6094
273 283 377 336 54⁸1
1160 280 1220 333 ν.
1263 279 1601 336 GUIBEHTI
1639 280 1819 334 ABBA

2236 282 2312 337 LE
2352 281 2441 336 DE
2480 283 2871 339 NOVIGENTO
3673 288 3782 341 548

273 414 462 470 famia
491 412 834 469 omnimodis
865 411 1155 467 incuriosa
1178 411 1426 467 videtur.
1459 410 1610 477 Quos
1639 411 1795 468 enim
1844 413 1969 467 ani-
2010 418 2057 470 A
2088 433 2220 476 rum
2251 421 2489 483 mentes,
2521 414 2703 471 fuitne
2727 423 2860 471 ante
2898 416 3078 472 verba
3124 416 3313 487 angeli
3355 417 3469 472 vita
3520 417 3787 490 Virginis

274 516 397 558 mos
429 501 612 572 magis
639 501 825 556 munit
859 499 1157 569 pudicitia,
1190 514 1255 555 eo
1297 500 1531 569 gravior
1575 500 1747 556 etiam
1798 515 1972 570 super
2078 507 2157 562 ita
2186 503 2367 562 divini
2399 503 2620 572 saporis
2649 518 2876 573 expers,
2912 513 2976 561 ut
3005 505 3160 574 quod
3208 506 3264 559 in
3310 506 3456 574 aliis,
3508 508 3782 563 omnium

273 605 505 646 rumore
536 589 836 645 falsissimo
866 593 1040 658 atque
1070 588 1364 644 rarissimo
1412 603 1624 644 vexare
1673 589 1970 645 consuevit
2078 595 2147 649 ad
2205 591 2683 661 comparationem
2746 588 2924 662 hujus
2981 593 3303 649 minoribus
3365 596 3605 664 negotiis
3665 611 3789 650 non

270 678 634 733 verecundia.
669 677 734 730 In
764 690 881 747 quo
910 679 1103 731 tamen
1131 676 1256 747 ejus
1288 677 1427 732 iides
1458 677 1546 731 vel
1582 678 1831 733 maxime
1870 691 1968 731 su-
2078 688 2268 751 negat,
2328 679 2433 735 sibi
2482 679 2586 748 ipsi
2639 687 2881 735 matrem
2941 681 3258 750 coaptando
3311 696 3425 735 non
3478 683 3787 752 prabeat?

270 779 369 834 per
394 765 498 820 hoc
535 766 908 835 approbatur,
957 779 1088 834 qua
1134 773 1190 820 et
1240 766 1337 820 Dei
1394 766 1673 835 promissa
1718 778 1966 837 quanta-
2078 769 2132 824 Si
2162 768 2565 839 philosophica
2594 769 2800 823 mentis
2828 768 2999 823 estin
3045 769 3246 823 mediis
3295 769 3636 839 frequentiis
3693 785 3791 825 so-

267 868 502 924 cunque
550 853 750 921 forent,
808 853 957 908 sicut
1005 853 1410 909 incunctanter
1447 855 1707 922 credidit,
1762 856 1842 910 sic
1900 868 1967 909 ea
2076 858 2376 914 litudinein
2408 856 2514 912 sibi
2546 857 2751 921 facere,
2782 865 2835 912 et
2867 864 3058 913 tamen
3100 872 3174 913 ex
3221 859 3496 914 comitatu
3545 860 3793 915 rationis

267 940 454 1010 ipsum
485 941 765 1010 ordinate,
802 942 1032 998 honeste
1063 956 1130 998 ac
1172 942 1453 998 saculum
1495 958 1554 998 se
1583 951 1968 1013 competenter
2075 946 2251 1001 solam
2307 960 2429 1001 esse
2484 959 2599 1000 non
2661 958 2841 1015 posse,
2905 946 3059 1015 quod
3110 954 3381 1015 putamus
3440 948 3787 1017 repurgium

267 1031 706 1086 moderaturum
758 1031 972 1101 pariter
1015 1030 1199 1086 scivit.
1256 1030 1526 1100 Princeps
1594 1045 1731 1101 ergo
1794 1045 1969 1101 super
2076 1034 2254 1089 Filius
2286 1034 2381 1088 Dei
2415 1033 2474 1087 in
2506 1032 2659 1087 illius
2708 1032 2934 1088 femina
2981 1032 3148 1088 corde
3197 1033 3407 1099 fecerit,
3460 1036 3785 1104 quomodo,

271 1119 378 1174 hoc
409 1118 580 1174 limen
611 1120 831 1187 adorat,
874 1133 1007 1175 cum
1056 1118 1528 1175 affectuosissime
1580 1122 1968 1176 venerandam
2078 1135 2149 1177 ne
2215 1121 2286 1176 ad
2341 1127 2693 1175 momentum
2744 1120 2998 1189 quidem,
3054 1120 3126 1175 ab
3193 1120 3320 1190 ejus
3396 1121 3787 1178 illustratione

265 1215 441 1263 tanta
522 1208 868 1263 humilitatis
960 1208 1347 1263 obedientiam
1430 1208 1694 1264 omnium
1790 1209 1966 1265 menti
2075 1211 2325 1270 recessit,
2382 1221 2557 1278 quam
2618 1207 2689 1261 ad
2743 1208 3006 1262 futurum
3063 1223 3183 1263 sua
3223 1211 3468 1279 propria
3501 1218 3556 1265 et
3605 1213 3787 1267 totius

263 1294 528 1352 Christus
596 1296 873 1352 insinuat.
943 1297 1103 1352 Juste
1159 1298 1312 1352 enim
1361 1296 1634 1353 honorari
1686 1307 1962 1367 meretur,
2072 1295 2515 1353 Christianitatis
2590 1295 2861 1350 honorem
2943 1297 3323 1352 maternitatis
3393 1298 3652 1353 ascivit?
3710 1299 3786 1355 Et

264 1398 396 1454 qua
434 1391 489 1439 et
521 1398 694 1454 super
718 1399 777 1439 se
807 1384 1064 1451 credidit,
1098 1392 1153 1440 et
1184 1386 1241 1440 in
1266 1399 1331 1441 eo
1362 1386 1519 1455 quod
1563 1386 1668 1441 sibi
1722 1387 1961 1456 promit-
2073 1384 2360 1454 quomodo
2392 1382 2479 1438 vel
2510 1382 2583 1436 ad
2617 1390 2895 1452 punctum
2921 1383 2993 1449 ei,
3028 1398 3101 1439 ex
3135 1398 3251 1454 quo
3292 1385 3484 1455 genita
3516 1394 3619 1454 est,
3672 1386 3785 1442 de-

264 1472 496 1528 tebatur
527 1473 673 1528 nihil
723 1471 885 1528 carni
932 1474 1226 1543 placitum,
1281 1475 1378 1529 sed
1420 1489 1536 1544 quo
1586 1476 1965 1545 spiritualiter
2071 1472 2200 1539 fuit,
2234 1470 2521 1542 quiquod
2569 1484 2641 1525 ex
2671 1485 2738 1524 ea
2781 1478 3123 1542 sumpturus
3165 1480 3310 1541 erat,
3364 1473 3568 1543 Verbo,
3619 1477 3783 1545 quod

263 1562 454 1630 potius
482 1561 901 1631 praemineret,
938 1562 1204 1618 attendit.
2075 1560 2193 1630 ipse
2222 1568 2323 1625 est,
2358 1567 2490 1614 ante
2518 1560 2690 1615 etiam
2736 1559 2949 1614 sacula
2995 1559 3299 1614 counivit?
3354 1561 3470 1630 ipse
3518 1562 3670 1617 enim
3724 1564 3784 1618 in

2070 1648 2405 1719 Apocalypsi
2435 1646 2647 1703 dicitur
2675 1661 2688 1700 :
2721 1650 2912 1713 Agnus
2954 1651 3158 1703 occisus
3204 1649 3272 1703 ab
3330 1652 3539 1719 origine
3581 1653 3784 1706 mundi

949 1702 1176 1760 CAPUT
1218 1703 1285 1760 ν.
1550 1738 1565 1746 -
2001 1710 2042 1763 Β
2070 1702 2429 1809 magian,
2465 1735 2537 1805 8).

334 1829 504 1882 Beata
566 1830 733 1897 Virgo
777 1831 963 1897 gratia
1010 1828 1158 1882 haud
1203 1829 1279 1882 ad
1322 1834 1529 1898 tempus
1574 1830 1669 1884 sed
1713 1832 1961 1885 continuo
2144 1828 2249 1884 Ubi
2280 1839 2515 1896 quoque
2546 1824 2864 1879 notandum
2892 1824 3048 1894 quod
3076 1838 3197 1879 non
3228 1825 3442 1882 dicitur
3480 1830 3597 1882 Ave
3636 1845 3769 1897 gra-

257 1918 424 1985 plena
473 1917 796 1971 ostenditur.
846 1948 915 1956 —
963 1916 1068 1973 Sed
1130 1917 1416 1987 quispiam
1463 1918 1679 1973 infideli
1718 1919 1964 1976 deterior
2074 1921 2152 1971 tia
2178 1915 2474 1984 implenda,
2508 1912 2604 1969 sed
2649 1915 2836 1981 gratia
2859 1912 3050 1981 plena.
3084 1914 3197 1970 Nec
3227 1915 3422 1970 minus
3468 1918 3780 1973 attenden-

263 2004 509 2074 objicere
555 2006 761 2075 poterit
804 2006 957 2075 quod
1007 2005 1255 2074 puellam
1308 2006 1462 2061 illam
1510 2020 1705 2062 rerum
1744 2007 1965 2062 divina—
2071 2006 2232 2070 dum,
2271 2001 2422 2072 quod
2464 2001 2809 2070 priusquam
2853 2010 3194 2069 conceptum
3244 2002 3370 2072 ipsi,
3423 2014 3780 2074 partumque

261 2107 392 2148 rum
427 2108 664 2163 prorsus
692 2094 956 2161 insciam,
1004 2095 1143 2165 quia
1191 2094 1577 2164 perfunctorie
1620 2104 1692 2151 ad
1737 2103 1963 2166 tempus
2071 2089 2387 2156 denuntiet,
2422 2090 2622 2160 gratia
2674 2089 2722 2143 ei
2776 2088 3188 2157 plenitudinem
3243 2090 3424 2146 inesse
3468 2092 3652 2160 docet,
3704 2106 3778 2149 ne

265 2180 514 2252 Spiritus
540 2190 776 2238 sanctus
806 2181 1147 2252 impleverit.
1175 2182 1336 2249 Quod
1387 2184 1434 2237 si
1483 2186 1561 2239 ita
1609 2192 1713 2250 est,
1765 2199 1961 2255 quaso
1994 2222 2007 2230 .
2070 2184 2195 2246 post
2237 2176 2693 2232 enuntiationem
2747 2181 2894 2229 293
2951 2185 3259 2247 conceptus
3308 2180 3622 2250 quisquam
3666 2196 3778 2238 au-

267 2269 408 2340 quid
440 2270 707 2340 estquod
737 2271 893 2340 apud
934 2271 1115 2327 Deum
1164 2271 1412 2342 gratiam
1465 2272 1750 2328 invenisse
1806 2273 1960 2328 dicta
2071 2272 2251 2322 tumet
2273 2280 2341 2322 ea
2390 2266 2574 2335 gratia
2631 2264 2700 2320 de
2760 2272 2988 2333 repente
3045 2266 3360 2334 profusam,
3422 2281 3598 2337 quam
3654 2282 3775 2324 non

266 2359 402 2413 est?
434 2358 610 2415 Plane
652 2360 699 2415 si
759 2359 1051 2415 invenisse
1098 2360 1331 2426 dicitur,
1386 2361 1635 2416 inveniri
1685 2360 1794 2416 dici
1843 2376 1960 2417 non
2070 2357 2344 2412 habuerit
2394 2366 2525 2413 ante
2582 2356 2801 2413 horam.
2864 2355 2931 2411 Et
2989 2363 3139 2412 certe
3194 2357 3332 2413 fides
3388 2360 3776 2428 praveniente

263 2454 466 2516 potest,
509 2447 620 2502 nisi
674 2462 850 2517 super
903 2462 968 2503 eo
1020 2449 1175 2517 quod
1236 2449 1545 2518 quasitum
1595 2449 1956 2520 intelligitur.
2071 2447 2255 2518 gratia
2284 2460 2356 2502 ex
2394 2445 2571 2501 libero
2612 2445 2861 2500 maxime
2908 2444 3144 2500 arbitrio
3188 2453 3430 2502 constat.
3482 2448 3643 2504 Unde
3690 2463 3777 2503 er-

260 2535 414 2606 Ergo
461 2536 507 2592 si
566 2537 813 2606 gratiam
872 2535 1111 2602 invenit,
1163 2537 1572 2606 quoquomodo
1615 2538 1958 2608 quasierat;
2070 2548 2140 2604 go
2198 2534 2363 2589 beata
2437 2533 2507 2589 ab
2582 2532 2876 2589 Elisabeth
2949 2532 3089 2608 quia
3152 2534 3473 2598 crediderit,
3558 2535 3778 2591 dicitur

261 2630 317 2678 et
345 2637 477 2693 qua
505 2631 589 2679 est
615 2624 826 2679 ancilla
880 2624 1041 2679 toties
1094 2626 1152 2678 in
1208 2624 1461 2692 psalmis,
1526 2639 1593 2681 ac
1642 2626 1961 2697 Evangelio
2072 2623 2223 2691 (Luc.
2258 2637 2294 2687 ι,
2326 2623 2434 2687 45).
2471 2621 2515 2676 Si
2549 2621 2678 2675 fidei
2708 2620 3063 2677 admiranda?
3095 2624 3366 2679 meritum
3407 2623 3564 2679 nullo
3600 2626 3657 2677 in
3705 2638 3777 2679 θλ

260 2710 429 2779 dicta,
458 2712 503 2766 si
538 2726 572 2767 a
602 2712 807 2782 quovis
837 2711 1112 2781 obsequio
1145 2712 1361 2767 exstitit
1391 2712 1617 2768 otiosa?
1652 2713 1780 2769 Non
1829 2729 1957 2784 pos-
2063 2711 2196 2781 jure
2226 2709 2573 2778 praedicatur
2593 2708 2620 2761 ‘2
2650 2707 2798 2774 Quid
2829 2707 2988 2778 quod
3018 2709 3091 2767 ab
3137 2711 3332 2766 eodem
3383 2711 3588 2782 angelo
3638 2720 3777 2766 ante

260 2812 391 2854 sum
427 2799 748 2868 exprimere
777 2799 1136 2864 ancillatum,
1168 2800 1269 2869 qui
1300 2799 1552 2871 aliquem
1586 2816 1690 2858 suo
1720 2802 1960 2859 Domino
2070 2798 2226 2854 illius
2252 2797 2745 2854 denuntiationem
2771 2809 2873 2866 pro
2903 2810 3021 2866 qua
3072 2806 3308 2854 venerat
3359 2811 3567 2866 causa,
3622 2799 3778 2854 inter

261 2894 363 2943 aut
392 2887 639 2943 domina
671 2902 786 2943 non
836 2889 1093 2957 rependit
1143 2888 1512 2944 famulatum.
1563 2889 1821 2945 Plurima
1874 2898 1957 2947 est
2069 2884 2339 2940 mulieres
2368 2884 2665 2941 benedicta
2696 2891 2956 2951 vocator,
2990 2884 3101 2941 nisi
3151 2885 3307 2955 quod
3357 2887 3411 2940 in
3466 2885 3571 2940 hoc
3621 2886 3772 2956 ejus,

262 2975 465 3044 procul
493 2976 671 3031 dubio
706 2976 929 3032 ancilla
972 2976 1285 3040 humilitas,
1336 2990 1513 3048 quam
1568 2978 1722 3034 Deus
1770 2986 1960 3035 tanto-
2000 3003 2041 3058 ρ
2073 2980 2136 3027 ut
2179 2971 2261 3027 sic
2291 2971 2500 3038 dicam,
2535 2972 2813 3028 idoneitas
2838 2972 2910 3027 ad
2944 2972 3376 3042 suscipiendum
3419 2973 3513 3029 Dei
3557 2973 3770 3029 Filium

263 3076 396 3133 pere
429 3064 727 3134 dignatur,
761 3072 825 3120 ut
873 3078 999 3120 eam
1053 3065 1369 3135 respexisse
1420 3064 1667 3121 dicatur.
1719 3066 1775 3122 si
1824 3082 1960 3139 ergo
2071 3059 2378 3129 principali
2406 3059 2808 3130 singularitate
2838 3059 3120 3116 notatur?
3148 3059 3307 3126 Quod
3356 3061 3403 3116 si
3449 3062 3523 3117 ab
3557 3062 3771 3135 ignava

260 3151 561 3206 humilitas
592 3152 861 3207 meritum
900 3160 1002 3216 est,
1049 3161 1103 3208 et
1146 3167 1262 3209 non
1310 3152 1667 3223 populariter
1719 3154 1957 3222 bonum,
2068 3156 2122 3204 et
2153 3147 2373 3203 cateris
2406 3162 2623 3203 morem
2651 3161 2881 3219 gerente
2909 3148 3238 3220 virginibus
3268 3151 3459 3219 puella
3489 3159 3651 3208 tanta
3680 3166 3774 3208 res

260 3238 358 3294 sed
428 3238 901 3294 excellentissime
978 3240 1143 3296 bonis
1217 3238 1343 3296 aliis
1418 3240 1797 3310 praeminens
1853 3247 1956 3309 est,
2068 3236 2341 3307 exigitur,
2377 3251 2494 3291 non
2524 3236 2760 3307 majoris
2789 3237 2986 3307 gloria
3038 3251 3160 3293 esse
3206 3238 3437 3294 videtur
3480 3248 3775 3309 quantum

260 3340 438 3397 quam
471 3328 789 3397 respexisse
838 3328 1021 3384 Deum
1078 3328 1382 3399 probatum
1427 3336 1531 3397 est,
1586 3328 1658 3384 ad
1701 3327 1960 3384 subitum
2068 3322 2140 3378 ad
2172 3323 2469 3396 Virginem
2499 3333 2736 3393 spectat,
2765 3338 2941 3394 quam
2976 3325 3131 3395 quod
3159 3325 3315 3395 apud
3359 3326 3562 3381 Isaiam
3593 3340 3776 3397 super

258 3429 387 3471 eam
416 3419 681 3471 sanctum
730 3415 1005 3486 Spiritum
1048 3415 1321 3472 imbuisse
1368 3416 1659 3487 quomodo
1705 3415 1960 3472 verum?
2067 3412 2212 3482 Cyro
2252 3412 2507 3468 ﬂendum
2557 3419 2957 3483 prasagatur:
2999 3413 3216 3483 quibus
3257 3414 3423 3469 dictis
3465 3414 3776 3485 subjungi-

259 3501 424 3568 Quod
452 3503 499 3559 si
531 3503 920 3573 temporaliter
952 3512 1013 3559 ut
1061 3504 1121 3559 in
1175 3504 1404 3560 Balaam
1454 3506 1853 3574 prophetante,
1904 3511 1960 3559 et
2067 3507 2206 3556 tur:
2238 3500 2478 3555 Accinxi
2507 3506 2580 3567 te,
2610 3505 2661 3554 et
2702 3515 2809 3554 non
2852 3504 3148 3569 cognovisti
3194 3518 3275 3556 me
3319 3502 3451 3573 (Isa.
3502 3517 3635 3570 xcv,
3692 3504 3770 3573 5).

257 3590 422 3647 asina
447 3592 735 3663 loquente,
769 3607 836 3648 ac
864 3592 1137 3663 angelum
1172 3594 1399 3649 vidente
1426 3593 1607 3664 (Num.
1640 3606 1787 3661 xxu,
1839 3594 1953 3663 23),
2064 3588 2191 3645 Non
2223 3604 2456 3660 quoque
2487 3589 2787 3660 quidpiam
2820 3592 3011 3661 majus
3056 3604 3234 3660 quam
3280 3592 3435 3661 quod
3486 3592 3542 3646 in
3591 3592 3777 3663 vitgis

191 3752 195 3757 ἡ
257 3680 607 3736 miraculum
651 3688 847 3736 actum
893 3689 998 3748 est,
1050 3682 1464 3738 insensibiliter
1506 3681 1764 3738 Christus
1816 3695 1958 3736 con-
2068 3678 2244 3748 Moysi
2273 3686 2328 3734 et
2360 3684 2544 3734 Aaron
2573 3678 2916 3747 celebratur,
2948 3692 3199 3748 quarum
3253 3679 3431 3734 altera
3478 3679 3778 3750 effigiatur

255 3775 454 3837 ceptus
501 3775 606 3835 est,
662 3768 817 3837 quod
874 3782 1103 3824 summa
1159 3768 1461 3825 Genitricis
1517 3783 1584 3824 ac
1627 3768 1813 3824 Geniti
1862 3769 1956 3822 in-
2067 3767 2126 3821 in
2175 3766 2500 3833 colubrum,
2556 3765 2735 3822 altera
2776 3767 3056 3836 expressit
3114 3767 3508 3838 amygdalum,
3561 3770 3610 3824 si
3662 3768 3774 3824 sibi

256 3854 510 3926 dignitas
537 3863 639 3911 est.
673 3856 839 3924 Apud
866 3855 1204 3912 Suetonium
1242 3857 1455 3928 legitur
1497 3858 1650 3927 quod
1703 3857 1762 3912 in
1804 3870 1957 3912 som-
2067 3853 2188 3908 hac
2215 3854 2403 3925 gratia
2451 3854 2640 3922 erupit
2686 3852 2758 3908 ad
2806 3852 3087 3919 subitum,
3151 3855 3292 3923 quid
3334 3855 3544 3911 exinde
3591 3856 3771 3912 beati-

255 3944 348 3998 nis
376 3944 450 3999 sit
479 3944 686 3999 claudo
718 3944 969 4014 cuipiam
1009 3946 1376 4015 imperatum,
1433 3954 1498 4002 ut
1545 3947 1616 4001 ad
1657 3945 1956 4014 Vespasia-
2065 3940 2282 3996 tudinis
2325 3940 2450 4011 ejus
2506 3941 2695 4010 attigit
2746 3941 3030 4007 animum,
3091 3941 3191 3996 ubi
3246 3955 3351 3997 nec
3392 3943 3451 3996 in
3507 3944 3771 3999 interiori

255 4045 400 4086 num
427 4031 707 4087 Casarem
740 4030 881 4089 iret:
913 4032 1113 4101 pollice
1142 4033 1328 4089 dextri
1363 4034 1521 4103 pedis
1553 4035 1680 4105 ejus
1726 4034 1956 4089 clunem
2063 4028 2191 4098 ejus
2220 4028 2401 4100 gloria
2428 4027 2573 4083 tanti
2603 4027 2739 4084 boni
2787 4029 3011 4083 novitas
3065 4028 3265 4084 futura
3315 4029 3656 4098 praluserit,
3710 4040 3768 4087 et

256 4118 458 4175 Iasum
490 4119 805 4189 impeteret,
847 4121 1046 4191 sicque
1075 4135 1383 4192 gressuum
1413 4121 1687 4191 aquitate
1720 4123 1954 4179 mattin-
2063 4117 2289 4187 expleto
2320 4117 2505 4173 officio
2535 4117 2594 4173 in
2625 4117 2858 4173 modum
2906 4117 3166 4173 scintilla
3203 4117 3531 4175 destiterit?
3573 4120 3630 4175 Si
3677 4122 3765 4178 sic

261 4214 439 4278 geret,
470 4209 624 4278 quod
653 4214 710 4263 et
740 4208 953 4264 factum
980 4216 1082 4265 est.
1117 4208 1171 4264 Si
1224 4209 1404 4279 igitur
1441 4216 1574 4265 ante
1618 4218 1953 4279 conceptum
2066 4213 2261 4275 pectus
2305 4206 2475 4276 gessit
2526 4220 2560 4261 a
2598 4205 2875 4276 primavo
2923 4207 3215 4278 stolidum,
3271 4208 3413 4279 quid
3463 4217 3548 4265 est
3603 4211 3763 4281 quod

263 4295 436 4366 Virgo
465 4297 534 4351 de
561 4296 674 4352 Deo
703 4304 803 4352 aut
831 4310 1056 4366 parum,
1099 4305 1202 4352 aut
1232 4297 1313 4352 nil
1342 4296 1555 4367 sapuit,
1578 4296 1717 4367 quid
1742 4297 1951 4368 Vespa-
1987 4300 2031 4353 Ι)
2061 4303 2179 4350 tam
2237 4294 2530 4350 moraliter
2576 4303 2770 4351 cantat
2816 4296 3021 4365 deponi
3073 4298 3234 4354 sedes
3289 4299 3627 4369 potentium,
3704 4306 3764 4355 et

254 4383 417 4440 siano
445 4392 501 4440 et
528 4385 733 4441 claudo
764 4385 894 4454 plus
923 4386 1127 4441 habuit
1147 4385 1176 4439 ‘I
2060 4380 2304 4436 exaltari
2335 4381 2690 4437 humilium?
2721 4381 2874 4452 (Luc.
2915 4400 2956 4451 ι,
3005 4385 3118 4456 52.)
3164 4387 3335 4444 Plane
3376 4389 3424 4442 si
3472 4395 3634 4443 tanta
3685 4387 3763 4443 fa-

327 4471 383 4528 Si
438 4487 671 4543 parasse
718 4473 1017 4529 lucernam
1082 4473 1296 4529 dicitur
1351 4472 1576 4530 Christo
1625 4489 1731 4530 suo
1785 4474 1951 4546 (Psal.
2063 4468 2275 4525 cilitate
2305 4470 2644 4540 conciperet,
2678 4473 3015 4540 mysterium
3048 4489 3271 4544 eorum,
3322 4490 3455 4547 qua
3501 4477 3655 4546 apud
3696 4491 3762 4533 se

258 4573 463 4627 cxxxi,
544 4563 621 4630 t7)
671 4563 842 4629 Deus,
900 4562 1057 4617 illius
1109 4576 1224 4617 non
1282 4570 1526 4631 paratur
1577 4563 1830 4631 animus,
1888 4578 1957 4620 ac
2065 4557 2383 4614 secundum
2416 4559 2571 4629 quod
2601 4559 2889 4630 objicitur,
2924 4570 3039 4618 tam
3070 4563 3360 4634 inopinate
3403 4574 3759 4636 susceperat,

257 4656 480 4719 uterus,
514 4664 629 4721 quo
655 4663 713 4706 se
743 4651 1083 4720 pariendum
1117 4649 1524 4707 universaliter
1551 4652 1794 4708 contulit
1842 4650 1958 4722 ipse
2064 4646 2309 4715 puellari
2340 4646 2576 4703 forsitan
2608 4646 2871 4705 futilitate
2890 4649 3151 4720 jactaret,
3185 4668 3321 4722 non,
3342 4655 3517 4725 juxta
3562 4658 3763 4711 Evan-

258 4737 555 4795 Cbristusl
589 4739 661 4795 Et
689 4739 866 4809 ipsius
898 4746 1048 4795 certe
1075 4738 1367 4795 Elisabeth
1402 4740 1630 4810 justitia
1678 4750 1845 4798 vetus
1898 4741 1957 4796 in
2064 4734 2301 4804 gelium.
2355 4735 2697 4792 conferendo
2750 4748 3006 4795 servaret
3061 4741 3216 4809 (Luc.
3291 4757 3349 4807 lt,
3423 4742 3533 4813 19).
3606 4745 3762 4814 Ergo

258 4826 571 4897 Evangelia
601 4841 717 4881 non
747 4834 987 4894 tacetur,
1021 4841 1311 4898 quacum
1357 4829 1478 4897 ipsa
1527 4829 1686 4899 prole
1717 4830 1956 4899 prophe-
2068 4828 2255 4907 mater
2326 4820 2563 4877 Samson
2617 4838 2720 4893 pro
2770 4826 3026 4895 ejusdem
3084 4829 3362 4886 nascituri
3437 4832 3763 4887 reverentia

259 4915 374 4970 tico
398 4914 609 4984 spiritu
633 4912 997 4982 adimpletur,
1050 4921 1108 4969 et
1161 4913 1251 4969 isti
1308 4917 1481 4970 etiam
1536 4917 1775 4973 intentio
1829 4925 1961 4972 ante
2066 4910 2423 4967 caeremoniis
2448 4911 2738 4968 addicitur
2768 4913 2966 4985 (Judic.
2999 4933 3114 4985 xm,
3148 4922 3231 4987 l3,
3288 4920 3397 4990 t4),
3444 4928 3500 4976 et
3546 4921 3763 4976 Aucto-

260 5009 602 5070 conceptum
656 5001 922 5072 religiosa
970 5002 1338 5058 detrahitur?
1400 5002 1457 5058 Si
1504 5005 1782 5074 propheta
1828 5005 1959 5059 Em-
2068 4997 2147 5052 ris
2171 4997 2430 5053 omnium
2463 5006 2642 5055 mater
2670 5001 2863 5058 subito
2896 5003 3078 5060 instar
3107 5006 3388 5062 dementis
3431 5007 3767 5078 arripitur?

259 5090 586 5145 manuelem
616 5097 800 5157 vocat,
852 5090 1008 5159 quod
1050 5099 1134 5146 est
1182 5092 1471 5147 Nobiscum
1525 5093 1688 5158 Deus,
1734 5105 1840 5147 nec
1888 5091 1960 5148 ab
2140 5084 2320 5148 Quare
2371 5086 2432 5138 B-
2486 5086 2651 5157 Virgo
2692 5091 2750 5142 έη
2796 5092 3123 5146 salutatione
3175 5094 3418 5159 αηρειίϐιι
3482 5097 3763 5149 turbatur-

260 5175 378 5230 ullo
403 5190 519 5231 non
548 5176 841 5247 creditur;
883 5177 1123 5249 angelus
1147 5180 1247 5249 qui
1279 5186 1400 5248 post
1428 5180 1546 5233 Ave
1562 5179 1609 5234 ei
1636 5178 1955 5248 pracinuit‘
2067 5200 2136 5212 —
2164 5171 2246 5226 Ad
2278 5172 2383 5228 hoc
2410 5172 2581 5229 etiam
2614 5177 3092 5236 considerandum
3140 5182 3315 5251 quod,
3364 5183 3556 5255 angeli
3598 5184 3765 5241 salu-

260 5261 526 5315 Dominus
584 5267 758 5316 tecum
805 5264 959 5333 (Luc.
1017 5279 1056 5331 ι,
1114 5267 1229 5334 28),
1286 5279 1426 5334 ergo
1492 5263 1817 5320 mentitur?
1848 5310 1853 5315 .
1890 5265 1962 5320 Et
2069 5259 2281 5317 tatione
2342 5264 2635 5333 pramissa
2692 5268 3047 5339 subjicitur:
3109 5270 3236 5337 Qua
3302 5289 3421 5328 cum
3496 5275 3764 5345 audisset,

262 5361 394 5417 qua
423 5347 519 5403 Dei
554 5349 767 5405 amoris
794 5349 843 5404 ei
877 5349 1205 5420 ignorantia
1230 5351 1437 5418 inerat,
1487 5350 1535 5406 si
1564 5363 1697 5407 cum
1744 5352 1961 5409 exube-
2069 5349 2294 5404 turbata
2334 5356 2413 5405 est
2434 5354 2493 5406 in
2546 5368 2785 5410 sermone
2825 5356 2960 5427 ejus,
3009 5362 3060 5412 et
3102 5361 3378 5426 cogitabat
3415 5362 3595 5429 qualis
3627 5367 3766 5418 esset

262 5436 453 5492 rantia
483 5438 684 5509 gratia
727 5438 1008 5494 Dominus
1046 5440 1096 5496 ei
1132 5454 1319 5495 comes
1358 5439 1531 5495 erat?
1584 5438 1639 5495 Si
1681 5441 1964 5497 Dominus
2068 5437 2176 5490 ista
2201 5439 2463 5494 salutatio
2491 5442 2644 5511 (Luc.
2677 5458 2717 5512 ι,
2752 5443 2860 5515 29).
2892 5445 3041 5502 Nota
3068 5448 3383 5505 verborum
3421 5451 3765 5520 qualitatem

261 5523 382 5593 ipse
438 5525 596 5581 vadit
651 5539 854 5595 parare
907 5527 1248 5594 mansiones,
1305 5525 1361 5581 id
1411 5534 1494 5582 est
1544 5527 1681 5584 locis
1727 5542 1962 5586 manso-
2070 5532 2282 5588 nostris
2326 5542 2381 5590 et
2423 5550 2567 5605 pene
2618 5539 3028 5598 universorum
3096 5542 3427 5602 inusitatam
3480 5532 3763 5603 moribus.
