3928 6070
180 295 293 348 549

1558 289 1650 343 DE
1692 289 1926 345 LAUDE
1967 288 2020 343 S.
2061 288 2324 344 ΜΑΒΙιΕ.

3589 294 3693 346 550

171 423 429 480 Laudari
472 430 765 492 tantopere
796 436 874 487 se,
906 419 1053 476 etab
1091 434 1157 476 eo
1180 433 1353 490 quem
1397 418 1668 490 angelum
1716 417 1886 475 indu-
1924 421 1971 474 A
2002 418 2191 484 tiores,
2222 418 2473 474 scientia}
2529 433 2590 475 se
2641 418 2925 476 aestimant
2969 420 3303 492 egentiores.
3349 420 3572 489 Quibus
3608 427 3693 476 est

172 513 272 569 hie
302 519 565 576 noverat,
614 510 794 566 audit.
834 511 907 565 Et
930 523 1060 580 qua:
1099 522 1274 564 causa
1304 516 1513 576 motus,
1550 522 1680 578 qua
1710 521 1887 563 causa

173 600 534 657 turbarum?
573 599 695 653 Etsi
736 597 937 653 mirari
980 597 1181 666 potuit,
1235 603 1297 651 ut
1353 602 1609 665 putatur,
1661 595 1885 650 turbari

170 703 297 745 non
344 688 563 745 debuit.
609 688 715 743 Res
769 694 855 742 est
908 700 1038 757 qua
1097 685 1240 740 viris
1297 684 1469 739 etiam
1508 683 1884 739 sanctissimis

172 778 431 833 multum
454 782 659 846 argute
689 774 960 844 subripit,
989 781 1055 830 ut
1073 787 1207 829 cum
1238 772 1499 828 videlicet
1528 772 1601 827 ab
1631 771 1885 827 instabili

172 881 295 922 non
325 865 448 921 sine
474 863 803 920 adulatione
835 863 1139 932 aliquoties
1166 864 1340 932 vulgo
1363 861 1697 927 laudantur,
1734 860 1884 915 illico

175 954 313 1009 illac
344 968 488 1023 pene
526 951 976 1023 praecordialiter
1015 950 1403 1006 iutlectautur.
1449 950 1524 1004 At
1553 962 1691 1004 vero
1743 948 1885 1003 istac

173 1040 339 1096 omni
373 1041 515 1096 miro
544 1039 868 1096 mirabilius
896 1046 981 1094 est
1013 1038 1167 1109 quod
1198 1038 1441 1108 angelus
1474 1051 1572 1106 per
1603 1051 1663 1092 se
1695 1036 1884 1092 unde-

173 1143 417 1198 cunque
444 1141 643 1195 verax,
671 1141 745 1183 ex
778 1125 978 1181 divina
1001 1127 1051 1180 ei
1074 1125 1247 1180 etiam
1267 1123 1550 1179 sententia
1591 1122 1884 1193 proloqui-

175 1224 297 1282 tur,
346 1223 403 1271 et
449 1223 640 1271 tamen
688 1227 861 1283 super
909 1217 1067 1269 tanta
1133 1210 1437 1267 testimonii
1484 1210 1695 1266 latione
1755 1218 1885 1266 tur-

177 1305 378 1360 batur.

251 1394 353 1449 Est
380 1406 516 1464 ergo
565 1392 646 1448 rei
703 1392 882 1463 hujus
934 1388 1224 1447 attentiori
1256 1388 1450 1444 animo
1510 1387 1884 1457 contemplari

177 1481 505 1539 materiam.
564 1479 961 1536 Perfectissimi
1004 1479 1139 1535 boni
1188 1485 1401 1532 natura
1437 1484 1541 1544 est,
1592 1492 1707 1547 quo
1768 1490 1886 1531 am-

178 1570 348 1641 pliori
380 1583 574 1625 amore
604 1569 837 1624 virtutis
865 1569 1153 1635 inaestuat,
1190 1574 1350 1623 tanto
1379 1566 1484 1621 sibi
1507 1565 1738 1622 miseria
1769 1566 1883 1622 fra-

178 1659 435 1731 gilitatis,
469 1668 570 1713 aut
601 1656 959 1726 perm‘mimae
988 1670 1155 1712 noxae
1175 1656 1519 1726 cujuspiam,
1550 1655 1642 1710 cui
1675 1655 1885 1725 subjici

177 1747 376 1802 adhuc
403 1760 461 1801 se
503 1745 766 1813 aestimat,
820 1744 882 1799 in
911 1744 1363 1800 consideratione
1405 1744 1691 1800 redundat
1733 1758 1746 1797 :
1781 1758 1887 1800 nec

178 1836 483 1906 perpendit
513 1836 653 1905 quid
694 1835 922 1901 habeat,
954 1834 1052 1889 sed
1081 1833 1176 1889 cui
1214 1834 1537 1889 necessitati
1565 1833 1883 1904 subjaceat.

180 1925 253 1979 Et
297 1938 431 1978 cum
487 1922 668 1979 divini
722 1922 1027 1977 instinctus
1071 1934 1274 1990 sapore
1320 1929 1584 1977 nectarco
1642 1920 1888 1977 interius

184 2012 471 2068 irremisse
516 2019 801 2081 pascatur,
854 2023 1227 2080 nequaquam
1270 2010 1339 2064 de
1389 2009 1478 2065 his
1525 2024 1657 2079 quae
1724 2010 1886 2080 adja-

182 2108 315 2156 cent
340 2101 689 2171 gratulatur,
729 2100 783 2154 id
815 2099 1009 2168 potius
1048 2098 1341 2154 tantillum
1377 2097 1533 2168 quod
1571 2098 1763 2152 adhuc
1791 2098 1886 2153 vi-

183 2188 356 2244 detur
409 2188 657 2255 ofﬁcere,
713 2187 1082 2243 lamentatur.
1139 2186 1302 2242 Unde
1351 2185 1530 2241 David
1574 2201 1632 2242 se
1686 2185 1885 2241 crebro

180 2291 433 2347 egenum
458 2285 513 2332 et
546 2290 855 2346 pauperem
892 2277 1054 2342 (Psal.
1092 2288 1293 2343 LXXXI,
1322 2275 1396 2342 4).
1447 2275 1724 2330 Jeremias
1764 2274 1886 2329 cla-

184 2372 322 2419 mat.
359 2368 473 2432 Ego
521 2370 609 2419 vir
651 2366 841 2420 videns
898 2368 1285 2435 paupertatem
1325 2379 1498 2417 meum
1544 2364 1768 2432 (Thrcn.
1801 2378 1884 2431 ιιι,

187 2453 261 2522 1).
291 2454 466 2510 Plane
490 2454 634 2509 alter
662 2455 926 2511 audierat
958 2468 971 2506 :
1003 2454 1193 2507 Inveni
1235 2457 1415 2506 virum
1452 2452 1750 2505 secundum
1795 2466 1888 2505 cor

184 2558 363 2596 meum
394 2540 543 2613 (Act.
576 2557 696 2604 χιιι,
744 2543 852 2613 22),
886 2542 1029 2597 alter
1072 2540 1271 2610 procul
1302 2540 1509 2610 dubio;
1556 2543 1887 2606 Priusquam

184 2635 364 2684 earires
421 2630 486 2684 de
533 2632 699 2685 vulva
736 2634 1076 2700 sanctiﬁcan
1107 2634 1156 2683 te
1203 2629 1333 2699 (Jer.
1378 2644 1414 2695 1,
1463 2628 1539 2697 5).
1577 2631 1644 2684 Et
1697 2637 1887 2683 tamen

187 2726 436 2788 uterque
466 2718 682 2788 quibus
710 2732 768 2774 se
794 2718 1220 2773 bumilitatibus
1240 2717 1589 2772 addixerunt
1620 2717 1677 2771 in
1702 2731 1890 2786 prom-

186 2814 292 2877 ptu
318 2814 423 2862 est.
451 2808 730 2862 Joannem
762 2820 879 2861 non
902 2806 1113 2862 latebat
1133 2804 1418 2875 quidquid
1442 2804 1514 2860 ab
1541 2804 1888 2875 archangelo

187 2910 334 2966 pene
372 2894 477 2965 ipsi
531 2895 753 2952 Christo
802 2894 1080 2965 supparia
1127 2896 1197 2950 de
1250 2908 1310 2948 se
1361 2893 1511 2949 dicta
1549 2893 1796 2959 fuerant,
1833 2900 1889 2948 et

187 2993 382 3040 tamen
409 2984 585 3041 verbo
610 2998 676 3040 ac
713 2998 899 3054 opere,
932 2998 1051 3054 quo
1088 2982 1401 3039 humiliora
1441 2988 1659 3051 poterat
1691 2981 1892 3052 praefe-
1927 3013 1967 3068 ο

186 3073 373 3129 rebat.

260 3162 476 3227 Quanto
505 3167 626 3228 quis
670 3166 962 3216 sanctitate
992 3161 1297 3224 sublimior,
1331 3163 1484 3213 tanto
1534 3162 1590 3213 in
1622 3174 1677 3213 si:
1720 3158 1892 3213 humi-

190 3252 313 3306 lior.
355 3281 424 3290 —-
478 3251 585 3306 Sed
630 3249 977 3321 impossibile
1023 3249 1255 3306 videtur
1298 3247 1594 3318 aliquibus
1644 3254 1709 3302 ut
1755 3261 1890 3302 cum

188 3340 319 3396 aliis
367 3339 603 3395 meliora
635 3343 764 3410 quis
810 3337 1066 3410 gesserit,
1121 3337 1401 3393 deteriora
1445 3337 1516 3391 de
1565 3350 1624 3391 se
1658 3335 1886 3391 sentiat.

186 3428 350 3496 Quod
394 3427 674 3498 exemplis
710 3428 976 3484 facilibus
1017 3427 1099 3482 sic
1146 3426 1444 3495 probatur.
1495 3425 1667 3481 Vides
1707 3424 1889 3480 homi-

187 3532 291 3573 nes
340 3517 719 3587 pecuniarum
759 3516 1016 3581 avidum,
1065 3514 1216 3586 gazis
1261 3513 1580 3570 exuberare
1628 3512 1892 3568 sublimi-

188 3606 319 3671 bus,
349 3614 402 3661 et
436 3604 576 3660 nulli
616 3604 853 3661 utilibus
890 3603 1189 3659 exundare
1229 3602 1461 3657 divitiis.
1495 3600 1601 3667 Qui
1651 3615 1768 3671 quo
1796 3614 1892 3656 eas

188 3693 623 3763 multipliciores
653 3692 911 3759 attendit,
952 3706 1018 3746 eo
1049 3705 1108 3747 se
1145 3691 1216 3745 ad
1258 3689 1526 3745 habenda
1570 3689 1896 3759 proripiens

187 3784 381 3839 animo
411 3781 725 3852 egentiores
753 3781 1002 3847 festinat,
1044 3786 1099 3835 et
1145 3778 1342 3834 habita
1372 3792 1485 3833 non
1536 3777 1896 3847 appretiatur

191 3872 331 3927 dum
365 3870 645 3925 habendis
673 3868 910 3939 aspirat.
946 3871 1067 3932 Quo
1092 3881 1230 3938 ergo
1264 3875 1348 3922 est
1376 3866 1549 3921 ditior
1582 3879 1895 3935 pauperem

189 3973 250 4015 se
295 3966 539 4028 reputat,
586 3959 726 4013 dum
785 3957 976 4012 aliena
1022 3954 1267 4011 affectat.
1313 3955 1384 4011 Et
1443 3954 1718 4010 aliorsum
1767 3953 1896 4009 vide

190 4046 484 4118 quispiam
517 4046 574 4101 in
606 4053 768 4116 gestu
800 4059 1085 4111 amorum,
1119 4044 1176 4099 in
1203 4043 1516 4098 directione
1566 4043 1892 4110 missilium,

190 4136 250 4190 in
285 4150 491 4191 vocum
519 4133 866 4200 discrimine,
897 4133 958 4189 in
1007 4132 1362 4188 anfractibus
1410 4139 1513 4188 aut
1565 4132 1897 4187 cboraulica

194 4223 516 4292 disciplina,
548 4229 619 4287 et,
671 4237 742 4278 nc
790 4236 996 4286 morer,
1038 4221 1226 4277 omnis
1270 4234 1383 4276 non
1443 4219 1627 4276 solum
1681 4220 1785 4290 qui
1838 4223 1898 4276 in

196 4312 457 4382 qualibet
494 4311 643 4379 utili,
694 4311 789 4367 sed
825 4311 925 4381 qui
959 4317 1206 4366 vexatur
1258 4309 1317 4364 in
1369 4316 1490 4364 arte
1538 4308 1781 4377 ludicra,
1823 4323 1894 4365 ex

194 4415 322 4468 sua,
357 4401 626 4471 quamvis
664 4399 921 4471 ignobili,
974 4400 1354 4454 intumescere
1399 4397 1716 4465 consuevit,
1748 4406 1805 4453 et
1833 4412 1893 4454 se

194 4490 323 4544 aliis
342 4489 514 4544 etiam
556 4487 806 4543 honestis
838 4488 1103 4558 praeferre
1135 4485 1395 4542 scientia.
1446 4485 1502 4541 Si
1541 4485 1721 4557 igitur
1749 4500 1893 4541 ava-

196 4592 300 4633 rus
329 4577 496 4646 quasi
517 4590 592 4631 ex
612 4575 787 4645 copiis
823 4577 1203 4646 pauperascit,
1238 4574 1469 4630 virtutis
1490 4588 1652 4629 amor
1679 4581 1894 4632 tractus

194 4666 426 4721 interna
466 4663 767 4720 dulcedine
822 4672 1042 4734 quanto
1075 4663 1328 4733 amplius
1374 4662 1530 4732 apud
1568 4674 1626 4715 se
1664 4675 1770 4717 suo
1798 4661 1895 4716 in-

194 4752 351 4808 tuitu
383 4752 697 4808 inanescit‘?
739 4753 795 4808 Si
826 4753 978 4808 enim
1024 4766 1227 4807 verum
1265 4759 1370 4818 est,
1402 4751 1561 4821 quod
1606 4758 1712 4816 est,
1754 4751 1895 4821 quia

195 4840 297 4897 ubi
333 4840 645 4896 intenderis
674 4840 991 4912 ingenium,
1028 4839 1103 4894 ibi
1131 4840 1302 4906 valet,
1337 4843 1475 4909 quia
1515 4839 1764 4909 quisque
1793 4846 1896 4895 aut

193 4941 352 4994 vera,
383 4936 486 4984 aut
527 4927 668 4983 falsa
699 4928 1009 4984 intentione
1032 4942 1091 4983 se
1122 4927 1365 4993 debriat,
1409 4927 1465 4981 in
1509 4928 1636 4996 ejus
1668 4927 1748 4982 rei
1779 4934 1896 4983 stu-

194 5016 290 5072 dio
337 5016 557 5071 caeteris
611 5024 880 5086 przestare
925 5031 982 5072 se
1046 5024 1226 5085 putat.
1280 5016 1425 5071 Dum
1469 5015 1622 5070 enim
1673 5015 1746 5069 ad
1788 5016 1896 5071 hoc

195 5104 383 5160 solum
409 5103 644 5160 oculum
683 5104 897 5176 dirigit,
933 5105 991 5159 in
1023 5119 1139 5175 quo
1168 5104 1259 5160 vel
1311 5103 1559 5159 inaniter
1586 5102 1693 5158 sibi
1725 5102 1895 5172 quasi

196 5193 574 5263 praeeminere
624 5193 872 5260 videtur,
920 5193 1059 5248 dum
1100 5192 1347 5248 aliorum
1398 5191 1743 5247 utilitatibus
1791 5190 1896 5246 de-

197 5282 502 5352 spiciendis
565 5281 916 5352 supersedet,
980 5296 1054 5337 ex
1120 5281 1352 5351 propria
1408 5279 1740 5351 arrogantia
1791 5279 1895 5336 de-

200 5379 513 5427 mentatur.
1004 5422 1010 5428 .

274 5463 507 5518 Summae
541 5466 599 5516 in
646 5463 710 5516 B.
754 5463 978 5529 Virgine
1035 5460 1362 5515 humilitatis
1410 5463 1573 5514 ratio.
1625 5489 1691 5499 -—
1752 5457 1896 5516 Sunt

200 5550 399 5620 itaque
426 5550 795 5607 valentissimi
833 5559 887 5605 et
920 5550 1189 5617 illustres,
1222 5550 1322 5620 qui
1367 5564 1483 5620 quo
1522 5556 1657 5605 sunt
1705 5548 1896 5605 scien-

1996 507 2483 577 philsosophicum
2516 507 2661 563 illud
2694 523 2707 562 :
2738 529 2766 557 «
2806 509 2924 565 Hoc
2955 518 3179 565 tantum
3213 511 3356 578 scio,
3397 510 3553 580 quod
3584 524 3691 564 ue-

1989 595 2123 651 scio.
2162 618 2183 644 »
2244 596 2417 652 Porro
2465 597 2566 667 qui
2618 596 2759 653 alios
2814 599 3163 668 contemptui
3226 599 3447 667 primus
3498 598 3688 662 duxit,

1991 684 2237 739 sublime
2258 698 2428 739 omne
2460 685 2747 755 quidquid
2793 694 2896 753 est,
2945 686 3115 742 videt.
3160 686 3322 742 Unde
3361 694 3416 741 et
3444 686 3691 742 verbum

1991 773 2146 842 quod
2179 781 2263 827 est
2292 772 2599 842 despicere,
2654 773 2710 829 id
2735 782 2818 829 est
2865 774 3133 829 deorsum
3166 774 3418 843 aspicere
3455 774 3687 842 dicitur,

1990 859 2130 928 quia
2195 858 2346 914 infra
2382 874 2441 916 se
2484 860 2685 929 aspicit
2733 876 2881 931 quos
2928 863 3260 917 contemnit.
3314 862 3489 933 Virgo
3554 876 3692 932 ergo

1989 947 2145 1002 omni
2194 956 2461 1004 creatura
2505 950 2894 1017 excellentior,
2957 950 3179 1006 insolito
3221 950 3556 1022 archangeli
3599 952 3692 1005 ta-

1990 1049 2129 1092 vore
2160 1036 2449 1103 turbatur,
2480 1052 2611 1107 quae
2638 1047 2857 1108 quanto
2882 1039 3181 1109 copiosiori
3210 1039 3369 1109 apud
3389 1054 3449 1095 se
3490 1039 3693 1095 merito

1990 1132 2319 1192 coornatur,
2350 1132 2506 1181 tanto
2534 1125 2640 1181 sibi
2684 1127 2972 1197 indignior
2999 1142 3071 1183 ex
3119 1141 3227 1183 sua
3264 1127 3432 1197 quasi
3479 1127 3694 1183 inutili-

1991 1220 2105 1269 tate
2136 1221 2415 1283 putatur:
2448 1213 2573 1283 ipsa
2619 1215 2770 1270 enim
2822 1230 2953 1285 quae
2993 1216 3349 1287 singularius
3393 1216 3547 1271 omni
3579 1231 3691 1271 an-

1990 1302 2118 1372 gelo
2165 1316 2232 1357 ac
2276 1302 2505 1357 homine
2550 1302 2778 1358 Domini
2825 1304 3083 1373 pedibus,
3134 1310 3283 1359 τοι.
3327 1304 3502 1374 juxta
3548 1304 3691 1360 illud

1991 1389 2325 1458 Mosaicum,
2410 1391 2918 1461 appropinquavit,
2979 1392 3283 1461 specialius
3345 1393 3565 1448 caeteris
3618 1392 3688 1449 de

1993 1478 2174 1547 ipsius
2219 1477 2481 1533 doctrina
2520 1479 2755 1547 accepit,
2810 1493 2943 1549 quae
2989 1493 3103 1534 non
3143 1479 3253 1534 nisi
3302 1481 3682 1536 humilitatem

1993 1565 2121 1622 Filii
2151 1566 2243 1621 sui
2277 1566 2449 1621 verbo
2469 1580 2536 1621 ac
2552 1580 2720 1634 opere
2749 1567 2961 1632 sonuit,
2995 1568 3068 1622 ab
3097 1581 3163 1622 eo
3194 1568 3347 1623 enim
3392 1569 3543 1624 initis
3570 1582 3692 1624 esse

1994 1668 2061 1710 ac
2085 1654 2320 1710 humilis
2348 1654 2516 1710 corde
2545 1655 2839 1711 didicerat.
2877 1654 3058 1726 Cujus
3102 1656 3517 1724 plenitudinem
3549 1670 3690 1726 gra-

1995 1744 2086 1801 tiae
2115 1752 2426 1814 antequam
2456 1752 2789 1800 nasceretur
2813 1758 2887 1800 ex
2910 1745 3035 1814 ipsa
3070 1744 3441 1800 combiberat.

2063 1888 2129 1943 In
2159 1885 2348 1957 angeli
2382 1887 2579 1956 itaque
2607 1900 2724 1942 non
2756 1885 2994 1951 visione,
3042 1887 3140 1942 sed
3196 1900 3455 1942 sermone
3503 1886 3696 1942 turba-

1992 1984 2107 2043 tur,
2138 1989 2271 2045 quaa
2322 1974 2469 2029 nihil
2518 1988 2714 2030 eorum
2766 1990 2898 2045 quas
2927 1975 3279 2042 ferebantur,
3314 1975 3371 2030 in
3402 1991 3460 2030 se
3492 1975 3693 2031 haberi

1990 2063 2337 2120 omnimodis
2376 2062 2715 2119 arbitratur.
2758 2063 2873 2119 Nec
2913 2072 3078 2133 putes
3122 2064 3275 2133 quod
3310 2064 3487 2133 ipsam
3520 2063 3694 2119 etiam

1993 2151 2099 2208 sibi
2130 2151 2403 2208 virtutem
2461 2150 2803 2207 humilitatis
2849 2152 3119 2219 ascribat,
3163 2165 3339 2222 quam
3381 2153 3695 2220 respexisse

1992 2241 2175 2297 Deum
2217 2239 2388 2309 dicat,
2438 2239 2536 2296 sed
2583 2239 2963 2296 humilLtatem
2997 2241 3142 2309 (Luc.
3192 2254 3233 2307 1,
3258 2240 3373 2308 48),
3406 2253 3520 2295 non
3584 2238 3695 2294 nisi

1992 2330 2116 2385 suis
2139 2329 2316 2399 ipsius
2340 2328 2618 2384 vilitatem
2647 2328 2913 2397 appellat.
2950 2328 3263 2396 Turbatur,
3300 2329 3557 2398 inquam,
3601 2342 3698 2383 cu-

1988 2418 2086 2488 jus
2112 2416 2239 2472 laus
2267 2417 2438 2472 etiam
2482 2430 2734 2486 superna
2783 2430 2900 2471 non
2952 2424 3209 2484 penetrat
3260 2414 3691 2471 conscientiam.

1991 2505 2357 2563 Ointinitum
2417 2505 2597 2560 robur
2648 2504 2847 2571 animi,
2904 2504 2999 2560 cui
3045 2504 3092 2559 si
3138 2504 3328 2569 vellet,
3377 2511 3527 2559 certe
3577 2518 3695 2559 non

1993 2600 2180 2665 posset
2216 2594 2602 2664 archangelus
2645 2592 2912 2648 adulari!
2964 2608 2997 2648 o
3049 2592 3390 2648 beatissima?
3446 2591 3696 2647 insolens

1994 2685 2192 2749 robur,
2225 2698 2357 2752 quae
2386 2682 2558 2738 etiam
2595 2696 2668 2737 ex
2702 2682 2881 2750 ipsius
2914 2680 3010 2736 Dei
3057 2680 3469 2750 approbatione
3512 2694 3696 2735 vexa-

1995 2772 2119 2835 tur;
2153 2764 2250 2820 sed
2283 2765 2409 2820 licet
2437 2778 2630 2820 coram
2664 2766 2776 2819 Deo
2815 2764 2969 2834 apud
3013 2778 3073 2819 se
3097 2764 3238 2819 dum
3263 2762 3451 2818 eti‘erri
3493 2777 3551 2818 se
3597 2776 3698 2817 au-

1995 2853 2097 2920 dit,
2127 2853 2404 2923 pudorem
2435 2853 2585 2909 unde
2613 2853 2886 2909 turbatur
2915 2853 3009 2922 pia
3039 2853 3293 2922 patiatur
3323 2851 3582 2917 intentio,
3610 2865 3699 2906 co-

1997 2942 2140 3013 gitat
2204 2949 2399 2997 tamen
2456 2941 2646 3011 qualis
2707 2942 2781 2996 sit
2846 2940 2953 2997 ista
3001 2941 3270 2996 salutatio
3337 2939 3516 3010 (ibid.,
3586 2942 3694 3007 29),

1997 3030 2184 3086 virtus
2211 3030 2365 3085 enim
2418 3029 2707 3085 insensata
2747 3044 2850 3085 nec
2877 3028 3007 3097 dici,
3038 3044 3142 3085 nec
3172 3036 3351 3098 potest
3380 3043 3520 3083 esse.
3556 3027 3695 3094 Quae

1994 3118 2097 3174 etsi
2145 3118 2299 3188 quod
2326 3117 2600 3173 laudatur
2626 3118 2935 3172 exhorrere
2977 3132 3092 3173 non
3145 3124 3345 3184 cessat,
3379 3114 3698 3171 accidentes

1996 3214 2188 3262 tamen
2216 3220 2289 3262 ex
2338 3206 2555 3262 meritis
2599 3219 2804 3262 causas
2851 3206 2961 3261 sub
3001 3206 3198 3261 divina
3247 3207 3339 3276 agi
3395 3204 3699 3275 ali1uoties

1998 3295 2368 3365 dispositione
2421 3302 2714 3351 retractat.
2772 3293 2909 3360 Quae
2970 3295 3138 3364 plane
3197 3295 3295 3350 Dei
3360 3292 3702 3363 sapientiam

2000 3384 2261 3454 paritura
2293 3383 2498 3449 fuerat,
2536 3396 2651 3438 non
2682 3382 2753 3437 ad
2788 3382 3057 3438 stolidum
3092 3382 3305 3451 sapuit,
3336 3382 3435 3437 sed
3477 3383 3534 3436 in
3579 3381 3700 3436 dis-

1998 3472 2280 3528 cutiendis
2304 3471 2637 3526 divinarum
2687 3470 3115 3526 ordinationum
3157 3471 3463 3525 eventibus
3491 3469 3599 3525 fuit
3628 3483 3702 3524 ex

2001 3561 2123 3630 ipsa
2174 3559 2512 3615 mirabiliter
2572 3558 2895 3614 humilitate
2941 3557 3188 3623 subtilis,
3241 3558 3394 3628 quod
3435 3557 3608 3612 etiam
3648 3563 3703 3612 et

1997 3654 2101 3712 est,
2129 3654 2184 3701 et
2208 3645 2477 3715 competit
2508 3645 2566 3700 in
2592 3646 2862 3701 omnibus
2896 3646 3107 3701 sanctis
3149 3646 3312 3714 viris;
3343 3645 3447 3699 etsi
3497 3657 3702 3713 nempe

1999 3732 2331 3790 beatissima
2361 3734 2458 3788 illa
2485 3742 2699 3789 statum
2727 3748 2900 3790 suum
2932 3733 3342 3803 parvipcndere
3374 3733 3698 3798 videbatur,

2001 3837 2116 3878 non
2165 3830 2355 3877 tamen
2389 3821 2559 3877 inane
2605 3821 2946 3888 aestimabat,
2994 3822 3149 3891 quod
3195 3820 3472 3890 peculiari
3528 3835 3703 3890 super

2000 3925 2196 3966 omnes
2250 3910 2308 3964 in
2344 3925 2404 3965 sc
2435 3909 2615 3965 divini
2649 3909 2861 3965 amoris
2910 3924 3149 3965 munere
3192 3910 3518 3981 gerebatur.
3578 3908 3703 3966 Nisi

2001 4013 2139 4055 sane
2171 4014 2302 4069 quae
2325 3998 2475 4054 intra
2510 4013 2569 4054 se
2598 3999 2923 4068 agebantur
2952 3998 3023 4053 ad
3075 3997 3362 4068 liquidum
3407 3999 3702 4055 discerne-

2004 4096 2107 4154 ret,
2143 4102 2373 4156 compos
2423 4086 2654 4143 virtutis
2714 4086 2929 4142 intimae
2962 4087 3298 4143 nullatenus
3352 4094 3527 4157 esset;
3572 4101 3705 4157 quae

2004 4177 2345 4233 contuenda:
2393 4191 2513 4232 suae
2553 4174 2728 4231 menti
2776 4176 2917 4231 adeo
2957 4176 3316 4246 majestativa
3361 4175 3703 4231 auctoritate

1934 4308 1980 4362 Β
2007 4264 2292 4335 praesedit,
2341 4271 2401 4320 ut
2449 4263 2659 4319 fiducia
2700 4277 2821 4319 sum
2868 4263 3486 4334 incomprehensibilis,
3528 4263 3700 4334 cujus

2007 4353 2115 4409 sibi
2143 4353 2393 4421 conscia,
2416 4351 2714 4408 munditiae
2748 4351 2896 4408 dicto
2915 4351 3085 4410 citius
3114 4353 3386 4424 angelicae
3435 4351 3705 4424 legationi

2001 4441 2412 4499 subscriberet.

2071 4567 2267 4621 Gratia
2313 4582 2417 4635 pro
2488 4569 2806 4620 remissione
2874 4570 3225 4635 peccatorum
3280 4569 3536 4619 sumitur.
3607 4565 3704 4620 Se-

2001 4655 2240 4709 cundum
2286 4655 2567 4731 Platonem
2609 4657 2770 4722 prius
2806 4650 3064 4708 creantur
3105 4655 3337 4722 spiritus
3377 4668 3541 4718 quam
3579 4668 3706 4707 cor-

1993 4759 2156 4813 pora.
2196 4773 2265 4781 —-
2303 4747 2374 4797 At
2419 4756 2553 4797 vero
2594 4742 2744 4797 elabi
2793 4756 2909 4797 non
2948 4742 3112 4797 debet
3142 4741 3284 4811 quid
3327 4741 3397 4796 sit
3443 4754 3573 4810 quae
3625 4739 3705 4794 illi

2001 4831 2350 4902 praedicatur
2378 4830 2553 4887 atl'ore
2584 4832 2787 4900 gratia.
2821 4828 2958 4895 Quae
2987 4831 3157 4885 etiam
3201 4828 3458 4898 ejusdem
3503 4828 3705 4897 gratiae

2003 4919 2313 4990 plenitudo.
2358 4919 2549 4976 Gratia
2606 4933 2711 4988 pro
2760 4917 3092 4974 remissione
3148 4918 3382 4987 ponitur
3434 4925 3704 4987 peccato-

2001 5023 2153 5076 rum,
2188 5016 2252 5063 ut
2280 5017 2362 5063 est
2392 5008 2450 5063 in
2495 5005 2817 5076 apostolicis
2865 5005 3109 5061 litteris:
3159 5004 3371 5072 Gratia,
3418 5003 3607 5074 inquit
3653 5008 3705 5058 et

1993 5113 2115 5166 paa:
2148 5098 2300 5151 vobis
2337 5097 2733 5165 multiplicetur
2763 5095 2810 5160 (Ι
2851 5096 2998 5148 Petr.
3041 5109 3078 5161 1,
3114 5093 3190 5163 2).
3238 5091 3507 5149 Demissis
3547 5094 3704 5149 enim

2002 5187 2247 5255 peccatis
2302 5185 2677 5256 paeilicamur
2732 5184 2864 5240 Deo.
2899 5183 2955 5239 Si
3013 5183 3081 5239 de
3127 5191 3358 5252 peccato
3396 5182 3485 5238 vel
3535 5180 3705 5254 origi-

2001 5283 2141 5351 nali,
2170 5283 2260 5338 vel
2291 5282 2505 5338 actuali
2533 5280 2661 5352 ejus
2699 5283 2913 5352 agitur,
2955 5294 3056 5351 per
3092 5287 3355 5336 sanctum
3387 5280 3487 5351 qui
3530 5280 3580 5337 ei
3628 5293 3703 5336 ex

2003 5379 2167 5428 utero
2191 5371 2401 5427 coaluit
2449 5370 2747 5440 Spiritum,
2779 5369 2838 5425 id
2872 5377 3179 5441 purgatur.
3225 5369 3281 5425 Si
3312 5370 3403 5425 via
3446 5370 3562 5426 Deo
3602 5383 3702 5439 per

2003 5474 2181 5531 quam
2211 5459 2283 5514 ad
2312 5473 2411 5514 cor
2442 5459 2634 5514 veniat
2672 5458 2961 5529 cujusque
3001 5458 3183 5514 fidelis
3212 5459 3405 5528 parari
3439 5459 3699 5530 jubetur,

2004 5556 2186 5605 mater
2232 5548 2323 5603 cui
2355 5562 2415 5603 se
2452 5548 2843 5618 generandum
2882 5547 3126 5603 contulit
3158 5547 3415 5618 squalori
3449 5556 3501 5603 et
3544 5546 3703 5602 incu-
