3914 6094
275 283 368 335 551
1169 279 1228 335 V.
1271 280 1600 336 GUIBERTI
1641 279 1931 335 ABBATIS
1968 279 2023 334 S.
2067 278 2306 334 MARUE
2343 277 2436 333 DE
2481 273 2880 333 NOVIGENTO

3689 276 3797 327 552

272 414 372 471 riae
398 412 751 470 dimittetur?
777 411 933 468 verbi
974 410 1156 481 gratia
1187 410 1318 481 (25).
1349 409 1508 466 Certe
1547 409 1591 464 si
1650 410 1966 466 secundum
2007 411 2055 464 Α
2086 408 2208 478 pari
2239 407 2490 463 omnimo
2528 421 2650 481 sese
2704 407 2964 462 ciborum
3012 409 3160 459 295
3204 405 3528 476 quantitate
3586 405 3800 461 disten-

273 503 618 560 Platonicam
660 501 996 558 sententiam
1040 498 1276 568 spiritus
1319 499 1496 553 nostri
1562 499 1724 568 prius
1771 513 1971 554 crean-

271 600 369 648 tur
397 607 573 662 quam
599 603 854 659 corpora,
901 595 1083 658 posset
1114 589 1264 642 Deus
1302 587 1549 655 cuipiam
1597 586 1825 656 spiritui
1863 602 1969 656 op-

270 681 478 735 tionem
502 680 637 734 dare
685 692 803 748 qua
834 678 1001 733 vellet
1043 676 1330 746 procreari
1381 690 1452 732 ex
1487 683 1687 731 matre.
1719 675 1879 742 Quod
1925 675 1969 730 si

273 769 445 836 fieret,
481 780 655 836 quam
693 774 860 835 putas
906 765 996 820 ille
1043 779 1343 834 personam
1375 764 1477 818 sibi
1512 763 1612 833 ipsi
1651 765 1971 818 consciret?

268 855 348 909 De
381 854 633 923 corporis
671 853 856 909 forma
891 868 957 907 ac
989 852 1325 908 habitudine
1351 852 1566 907 sileam.
1602 851 1749 917 Quid
1802 852 1970 906 hone-

269 943 448 1004 statis,
479 942 618 1012 quid
654 943 970 1011 prudentiae
1005 941 1197 996 animo
1225 941 1350 1010 ejus
1391 955 1458 995 ac
1509 940 1766 995 moribus
1807 955 1968 995 com-

268 1036 536 1097 portaret,
579 1028 657 1082 nil
708 1027 902 1096 procul
963 1027 1138 1082 dubio
1192 1026 1267 1080 illi
1317 1026 1614 1092 adimeret,
1667 1040 1784 1095 quo
1844 1027 1968 1095 ipsa

267 1115 396 1172 aliis
451 1115 734 1171 invidiosa
782 1130 896 1171 non
947 1123 1111 1170 esset.
1169 1114 1222 1169 Si
1273 1114 1352 1169 sic
1411 1113 1661 1169 hominis
1704 1113 1962 1182 spiritus,

266 1204 554 1260 civitatem
587 1203 886 1273 virginalis
938 1202 1106 1265 uteri,
1136 1215 1311 1271 quam
1357 1200 1463 1255 sibi
1509 1200 1710 1255 fundat
1751 1200 1968 1255 Altissi-

266 1309 416 1358 mus,
477 1308 594 1363 quo
651 1290 933 1362 potentior
985 1297 1087 1356 est,
1141 1303 1330 1345 nonne
1378 1289 1473 1345 Dei
1537 1289 1717 1344 multo
1782 1289 1965 1360 magis

265 1391 532 1454 perornat
575 1379 856 1450 Spiritus?
909 1379 1157 1434 Securus
1198 1378 1344 1444 dico,
1395 1379 1438 1431 si
1483 1377 1696 1432 civium
1749 1379 1964 1446 pariter

265 1487 648 1542 supernorum
701 1469 888 1524 cordis
937 1468 1062 1536 ejus
1104 1475 1446 1536 apparatum
1491 1466 1780 1535 explicare
1840 1482 1962 1535 pro-

265 1569 542 1633 ponerent
593 1572 831 1628 organa,
919 1563 1050 1610 ante
1109 1556 1415 1610 deficerent
1480 1569 1655 1624 quam
1710 1556 1961 1612 dicerent

264 1652 458 1721 digna.
485 1649 627 1704 Nam
658 1647 704 1702 si
725 1647 897 1717 juxta
920 1644 1270 1714 Apostolum,
1307 1643 1728 1712 principatibus
1755 1652 1809 1699 et
1854 1659 1960 1714 po-

267 1738 563 1794 testatibus
618 1734 866 1790 innotuit
915 1747 1017 1802 per
1073 1732 1386 1787 Ecclesiam
1442 1732 1812 1787 multiformis
1877 1747 1963 1788 sa-

262 1826 474 1896 pientia
505 1824 601 1880 Dei
638 1823 835 1892 (Ephes
884 1837 962 1885 ιιι,
1002 1822 1103 1886 10),
1156 1821 1492 1889 mysterium
1539 1821 1691 1890 quod
1739 1821 1794 1874 in
1837 1821 1962 1875 Ma-

262 1915 347 1970 ria
377 1921 564 1968 actum
590 1920 690 1976 est,
726 1911 893 1979 cujus
925 1909 1320 1978 perminimam
1374 1911 1746 1978 quaestionem
1786 1910 1962 1964 Joan—

262 2018 362 2058 nes
403 2003 459 2057 in
508 2001 659 2055 natis
699 1999 1002 2054 mulierum
1043 1997 1227 2066 major
1269 1997 1571 2052 enucleare
1616 2013 1728 2052 non
1779 2005 1958 2067 potest

261 2089 478 2160 (Matth.
539 2103 616 2152 xr,
675 2086 786 2155 11),
839 2085 1128 2154 quomodo
1180 2084 1332 2152 apud
1385 2085 1532 2153 ipsos
1590 2085 1958 2153 expressibile

257 2179 378 2236 est?
408 2179 463 2234 Si
493 2193 566 2232 ex
605 2175 694 2230 his
719 2189 851 2245 quae
889 2175 1040 2228 circa
1082 2187 1186 2228 nos
1236 2172 1364 2228 fecit
1397 2187 1497 2241 per
1543 2173 1747 2228 Filium
1805 2174 1958 2229 Deus

259 2283 390 2338 quae
410 2265 724 2336 aliquando
758 2263 1096 2328 nescierant,
1145 2261 1488 2325 didicerunt,
1513 2277 1643 2332 qua:
1671 2262 1728 2316 in
1773 2266 1956 2330 seipso

257 2355 516 2414 Christus
551 2354 732 2424 egerit
757 2351 1042 2422 quomodo
1077 2349 1602 2418 comprehendent?

328 2444 580 2500 Gratiam
630 2456 765 2511 ergo
812 2440 892 2494 sic
947 2439 1317 2507 accipiamus,
1375 2444 1436 2492 ut
1499 2437 1781 2507 quidquid
1833 2438 1955 2508 ipsa

257 2533 384 2600 fuit,
419 2530 789 2602 singulariter
825 2528 1096 2583 selectum
1137 2527 1208 2582 ab
1252 2526 1404 2581 omni
1459 2523 1715 2581 humana
1763 2527 1955 2583 tradu-

255 2621 439 2678 ctione
493 2620 815 2685 credamus,
877 2624 942 2671 ut
989 2623 1118 2684 pote
1174 2629 1351 2684 quam
1416 2615 1672 2670 inaudito
1728 2616 1954 2672 saeculis

256 2709 555 2780 privilegio
598 2721 631 2761 a
685 2708 845 2761 Patre
892 2713 944 2759 et
989 2719 1046 2758 se
1102 2703 1204 2758 sibi
1267 2711 1502 2758 noverat
1551 2705 1949 2774 delegandam,

257 2811 358 2868 per
413 2804 673 2852 sanctum
729 2793 1000 2863 Spiritum
1054 2793 1224 2847 tantis
1280 2792 1483 2848 officiis
1549 2791 1948 2860 affectandam,

257 2887 416 2942 haud
463 2885 722 2949 dubium,
775 2883 820 2936 si
877 2881 1121 2936 audeam
1166 2881 1371 2941 dicere.
1426 2881 1579 2951 quod
1631 2889 1684 2937 et
1741 2882 1947 2949 dicam,

258 2974 400 3046 quin
435 2973 490 3028 in
530 2969 809 3028 creaturis
857 2969 1128 3024 omnibus
1175 2969 1279 3025 sibi
1327 2969 1431 3024 soli
1479 2969 1533 3024 in
1584 2977 1755 3039 terra,
1811 2973 1949 3027 dum

257 3063 568 3125 adviveret,
605 3067 659 3115 et
689 3073 847 3114 nunc
881 3058 935 3112 in
963 3057 1102 3113 caelo
1153 3059 1483 3113 secundam.
1521 3059 1717 3115 Gratia
1755 3069 1948 3117 autem

257 3149 364 3204 hoc
385 3157 587 3214 totum,
625 3147 750 3203 licet
781 3146 1108 3201 omnimodo
1139 3147 1423 3202 virtutum
1469 3148 1690 3204 ambitu
1730 3148 1788 3204 id
1819 3164 1949 3219 pro-

254 3245 616 3308 sequeretur,
647 3235 774 3302 fuit,
817 3235 956 3305 quia
993 3234 1155 3290 nulla
1209 3235 1414 3300 virtus,
1458 3237 1683 3292 nullum
1725 3238 1949 3294 exerci-

255 3327 421 3392 tium,
473 3339 589 3380 non
621 3324 1025 3394 cujuscunque
1074 3323 1261 3379 meriti
1305 3323 1465 3378 labor
1513 3324 1823 3394 impensus,
1877 3325 1946 3380 ad

254 3411 617 3468 emerendam
647 3409 898 3480 cuipiam
931 3409 1153 3464 feminae
1185 3409 1282 3465 Dei
1316 3410 1738 3479 conceptionem
1781 3411 1946 3467 suffi-

255 3507 421 3567 ceret,
461 3499 568 3554 nisi
619 3500 825 3570 gratia,
857 3507 910 3555 et
948 3499 1069 3555 haec
1108 3514 1222 3554 non
1275 3499 1440 3554 modo
1486 3498 1808 3566 ineffabilis,
1849 3501 1948 3556 sed

253 3587 710 3660 inexcogitabilis
751 3588 906 3642 omni
959 3596 1163 3657 praeter
1225 3587 1404 3660 Deum
1435 3594 1659 3642 natura;
1700 3588 1943 3656 przeiret.

325 3679 427 3735 Sed
457 3678 579 3748 ipsa
620 3678 914 3747 plenitudo
951 3691 1082 3746 qua:
1119 3678 1210 3742 sit,
1250 3676 1464 3745 pariter
1501 3677 1943 3746 attendendum;

252 3782 389 3823 nam
419 3768 652 3823 forsitan
694 3767 798 3836 ipsi
830 3765 1151 3836 specialitas
1182 3764 1385 3820 deferri
1421 3780 1534 3820 non
1581 3774 1778 3834 potest,
1816 3781 1946 3835 qua)

252 3857 448 3913 multis
498 3856 825 3912 ascribitur.
867 3855 922 3910 Si
971 3854 1122 3910 enim
1177 3855 1300 3910 hinc
1343 3852 1509 3924 plena
1550 3853 1701 3923 (Luc.
1751 3870 1789 3919 ι,
1831 3854 1941 3923 28),

251 3954 306 4002 et
337 3945 628 4001 Elisabeth
673 3944 886 3999 dicitur
933 3944 1145 4013 repleta
1195 3943 1373 4013 (ibid,
1431 3942 1543 4014 41),
1587 3951 1640 3998 et
1670 3943 1738 3998 de
1769 3943 1946 4012 pluri-

249 4037 359 4090 mis
393 4033 535 4089 alias
583 4033 734 4087 idem
777 4031 992 4088 affatim
1037 4032 1339 4102 reperitur,
1387 4031 1482 4086 sed
1514 4031 1721 4086 harum
1763 4031 1942 4100 pleni-

250 4123 521 4180 tudinum
589 4127 748 4176 tanta
799 4134 920 4176 esse
989 4120 1347 4191 dignoscitur
1399 4133 1540 4188 pene
1619 4119 1940 4190 diversitas,

252 4218 476 4282 quanta
535 4210 817 4265 bonorum
877 4208 1202 4264 animorum
1261 4214 1345 4264 est
1395 4208 1612 4278 ubique
1673 4209 1940 4267 varietas.

2085 498 2250 564 dunt,
2313 497 2390 551 ita
2445 497 2538 552 Dei
2621 496 2866 566 gratiam
2937 493 3103 566 longe
3173 494 3516 564 dispariliori
3572 502 3799 550 mentes

2084 585 2486 641 distributione
2537 592 2910 654 cognoscunt.
2972 583 3093 650 Quo
3151 598 3356 653 nempe
3410 585 3503 638 Dei
3581 583 3794 653 majori

2083 673 2214 744 quis
2268 687 2461 729 amore
2517 672 2887 742 examplatur
2941 673 3030 742 [f.,
3090 671 3522 744 exampliaturj,
3579 687 3666 738 eo,
3729 678 3794 725 ut

2080 762 2160 817 sic
2193 761 2396 828 dicam,
2441 761 2742 816 concavior
2776 761 3026 830 receptui
3070 761 3266 816 divino
3308 761 3604 830 probatur.
3641 759 3795 814 Aliis

2078 851 2210 905 solae
2241 850 2748 919 compunctionum
2777 849 3038 904 scintillae
3067 849 3400 914 sufficiunt;
3430 848 3525 902 alii
3565 862 3791 918 super-

2077 954 2165 995 nae
2203 939 2698 1007 contemplationis
2731 938 2882 993 focos
2928 938 3140 993 ferunt.
3194 939 3300 993 Pro
3350 937 3630 993 tenuitate
3675 936 3788 990 ita-

2076 1040 2188 1095 que
2223 1027 2538 1082 intellectus
2569 1035 2623 1081 et
2647 1026 2771 1081 ﬁdei
2805 1025 2983 1096 aliqui
3020 1040 3197 1095 parvo
3233 1025 3560 1094 implentur,
3595 1025 3786 1093 aliqui

2075 1129 2173 1184 pro
2204 1124 2406 1185 captus
2431 1115 2808 1185 amplitudine
2838 1128 2937 1185 per
2962 1114 3184 1170 infinita
3225 1115 3560 1171 tenduntur.
3607 1113 3788 1168 Vides

2071 1219 2207 1274 ergo
2265 1203 2614 1260 benedictam
2675 1204 2823 1259 inter
2879 1211 3174 1259 creaturas
3231 1204 3522 1274 Virginem
3594 1216 3783 1272 quam

2072 1294 2378 1363 peregrina
2423 1294 2567 1348 inter
2619 1293 2759 1348 alios
2811 1292 3132 1363 gratiarum
3185 1292 3538 1362 plenitudine
3581 1291 3780 1361 pollet,

2071 1380 2344 1436 nimirum
2377 1395 2507 1451 qum
2539 1381 2713 1436 totius
2743 1379 2942 1450 gratiae
2973 1381 3279 1435 Auctorem
3311 1379 3478 1434 beata
3497 1377 3627 1432 alvo
3670 1393 3785 1432 coe-

2073 1469 2190 1525 lum
2227 1469 2374 1524 facta
2405 1471 2676 1525 continet.

2141 1558 2255 1614 Nec
2297 1559 2433 1613 illud
2478 1559 2745 1628 denique,
2786 1557 2914 1612 licet
2967 1571 3211 1626 pravum
3263 1556 3548 1620 videatur,
3595 1553 3781 1609 omit-

2074 1655 2211 1712 tam,
2265 1647 2418 1716 quod
2460 1647 2670 1717 virgini
2719 1647 2791 1702 ab
2837 1647 3040 1714 angelo
3093 1645 3385 1700 Elisabeth
3429 1645 3579 1700 senis
3627 1659 3777 1699 con-

2070 1743 2286 1806 ceptus,
2319 1750 2386 1790 ac
2437 1735 2483 1790 si
2544 1749 2646 1804 pro
2695 1735 3006 1790 astruenda
3058 1733 3163 1788 fide
3210 1733 3567 1803 proponitur,
3612 1731 3776 1802 quod

2068 1838 2374 1893 nunquam
2438 1823 2688 1892 exempli
2737 1824 2925 1894 gratia
2982 1822 3054 1877 ab
3128 1823 3323 1877 eodem
3395 1821 3776 1877 induceretur

2068 1913 2175 1967 nisi
2210 1920 2274 1966 ut
2321 1925 2597 1981 magnum
2648 1911 2858 1982 virgini
2893 1911 3206 1966 videretur.
3257 1911 3430 1964 Porro
3478 1911 3592 1964 Deo
3625 1909 3771 1980 quid

2066 2015 2342 2070 magnum
2389 2000 2496 2056 fuit
2527 2001 2572 2055 si
2604 1999 2848 2069 virginis
2881 2014 2952 2055 ex
2987 1999 3200 2068 Spiritu
3235 2008 3433 2054 venter
3464 1999 3768 2062 intumuit,

2066 2090 2168 2160 qui
2213 2089 2347 2144 olim
2397 2097 2457 2144 ut
2503 2103 2600 2144 eas
2647 2088 2979 2144 fecundaret
3043 2088 3214 2157 aquis
3262 2087 3563 2142 incubuit?
3615 2089 3767 2142 Anui

2065 2177 2200 2233 dare
2273 2184 2606 2246 conceptum
2656 2191 2771 2232 non
2843 2175 3050 2232 minori
3103 2176 3370 2231 facilitate
3450 2176 3765 2246 subjacuit.

2063 2267 2136 2321 At
2167 2266 2315 2322 inter
2365 2280 2468 2320 nos
2525 2279 2638 2320 non
2690 2265 2997 2320 minimum
3043 2279 3134 2320 res
3177 2265 3284 2320 ista
3323 2264 3764 2334 constringitur,

2062 2355 2161 2411 ubi
2232 2353 2540 2409 difﬁcultas
2606 2354 2778 2409 totius
2853 2361 3097 2417 naturae,
3156 2353 3267 2408 imo
3335 2352 3766 2422 impossibilitas

2060 2443 2384 2498 denotatur.
2428 2442 2483 2498 Si
2525 2442 2678 2497 enim
2737 2440 2911 2512 Virgo
2968 2456 3039 2496 ex
3100 2443 3210 2496 Deo
3258 2441 3622 2506 fecundatur,
3683 2441 3765 2494 nil

2061 2532 2271 2586 mirum
2331 2537 2416 2586 est
2478 2530 2617 2600 quia
2667 2537 3067 2585 creaturarum
3128 2543 3258 2598 quae
3307 2530 3426 2583 sine
3489 2529 3766 2583 masculis

2059 2626 2337 2690 generant
2409 2621 2670 2688 exemplo
2748 2617 3060 2688 levigatur.
3134 2616 3262 2672 Sola
3350 2624 3473 2687 post
3551 2631 3758 2686 parum

2059 2708 2408 2778 virginitatis
2505 2707 2862 2762 conservatio
2947 2705 3140 2776 magni
3235 2705 3764 2774 incomparabiliter

2059 2797 2398 2852 aestimatur.
2454 2795 2536 2851 Illi
2593 2795 2737 2850 nihil
2792 2795 3025 2851 omnino
3073 2794 3454 2863 componitur,
3512 2793 3653 2864 quia
3705 2803 3762 2850 et

2058 2885 2323 2940 divinum
2373 2892 2456 2940 est
2515 2884 2667 2954 quod
2709 2891 3064 2953 procreatur,
3113 2891 3167 2938 et
3220 2884 3425 2953 prodit,
3465 2891 3520 2938 et
3571 2884 3626 2937 in
3662 2897 3758 2938 na-

1991 2973 2208 3053 Cturis
2264 2988 2378 3028 non
2434 2972 2910 3042 exemplificatur.
2980 2973 3045 3027 In
3122 2971 3358 3027 senibus
3431 2980 3623 3026 autem
3701 2980 3760 3028 et

2059 3059 2224 3117 eﬂ‘eto
2279 3075 2510 3130 corpore
2557 3075 2591 3115 a
2641 3059 2876 3132 genitali
2935 3061 3185 3129 potentia
3247 3059 3554 3129 utrobique
3622 3060 3761 3115 sub-

2059 3148 2265 3216 ductis,
2328 3148 2408 3203 nil
2462 3149 2655 3205 minus
2701 3149 2988 3218 appretior
3039 3149 3086 3202 si
3141 3155 3433 3218 gemerent,
3482 3162 3660 3218 quam
3710 3149 3758 3203 si

2059 3237 2158 3292 ﬁat
2217 3237 2547 3308 hujusmodi
2607 3237 3009 3292 commercium
3072 3235 3251 3292 fertile
3302 3236 3357 3290 in
3421 3236 3760 3306 impubibus

2057 3327 2245 3382 annis.
2305 3327 2376 3382 At
2433 3325 2614 3382 multo
2671 3325 2894 3394 minus;
2957 3339 3090 3379 nam
3157 3325 3213 3379 in
3264 3326 3456 3392 pueris
3508 3334 3757 3380 natura-

2057 3415 2185 3472 liter
2235 3415 2496 3471 coalescit
2573 3414 2746 3481 calor,
2802 3421 2858 3468 et
2908 3413 3138 3483 physice
3196 3421 3600 3470 veteranorum
3668 3414 3756 3468 in-

2053 3503 2364 3560 efficaciam
2411 3502 2483 3557 ad
2533 3501 2886 3572 gignendum
2933 3500 3121 3570 juvat,
3149 3500 3288 3556 dum
3342 3500 3497 3570 quod
3548 3501 3605 3555 in
3668 3502 3757 3557 his

2055 3592 2372 3663 congelatio
2429 3589 2730 3661 sanguinis
2783 3589 3038 3658 impedit,
3093 3589 3150 3643 in
3193 3589 3384 3645 alteris
3440 3589 3757 3658 primaevus

2057 3681 2246 3736 fervor
2301 3679 2570 3750 explicat.
2619 3680 2681 3733 ln
2740 3692 2962 3734 summe
3009 3691 3146 3748 ergo
3199 3678 3499 3746 decrepitis
3551 3693 3641 3734 res
3693 3681 3754 3735 tit

2057 3777 2316 3838 prompta
2391 3767 2688 3834 miraculo,
2738 3766 2878 3822 dum
2937 3766 3073 3821 hinc
3137 3765 3477 3821 mulieribus
3553 3774 3756 3824 treme-

2058 3857 2251 3914 bundo
2284 3857 2405 3933 jagn
2461 3857 2618 3912 senio
2679 3869 2791 3911 non
2853 3854 3124 3910 incidenti
3163 3854 3361 3924 aliqua
3417 3855 3754 3913 inﬁrmitate

2054 3945 2416 4013 vacantibus,
2453 3945 2608 3999 illinc
2654 3943 2878 3999 viribus
2907 3942 3126 3998 asolito
3168 3943 3354 3999 calore
3395 3956 3462 3999 ac
3507 3945 3752 4000 humore

2052 4034 2368 4099 exhaustis,
2425 4033 2568 4088 nihil
2621 4039 2706 4088 est
2749 4032 2997 4101 profecto
3049 4031 3262 4087 residui
3306 4033 3459 4102 quod
3526 4042 3749 4090 motum

2053 4121 2402 4192 cujuspiam,
2481 4136 2594 4177 non
2662 4121 2787 4176 dico
2845 4120 3156 4190 voluptatis
3211 4121 3307 4176 sed
3377 4121 3462 4177 vel
3527 4123 3753 4179 tenuis-

2053 4211 2212 4266 simze
2243 4210 2559 4267 voluntatis
2597 4209 2925 4266 exsuscitet.
2971 4210 3130 4266 Unde
3178 4209 3392 4266 Paulus
3437 4209 3606 4267 ﬁdem
3649 4227 3750 4269 su-

249 4299 446 4366 Quotaa
477 4297 644 4368 plane
669 4305 804 4353 sunt
842 4296 1354 4353 innumerabilium
1405 4295 1747 4366 capacitates
1779 4313 1942 4354 vaso-
1983 4341 2026 4395 υ
2061 4313 2160 4369 per
2221 4299 2327 4356 hoc
2412 4299 2659 4355 Abrahae
2723 4298 2808 4353 vel
2878 4297 3233 4366 potissimum
3298 4299 3519 4368 probat,
3591 4303 3749 4370 quod

247 4403 402 4455 rum,
454 4394 533 4443 tot
585 4386 698 4443 fere
750 4393 1009 4442 constant
1040 4385 1190 4441 modi
1253 4391 1509 4441 statuum
1566 4384 1941 4442 internorum.

251 4474 580 4531 Secundum
664 4473 959 4544 propriam
1019 4473 1228 4529 etenim
1292 4473 1578 4543 cujusque
1645 4473 1945 4531 virtutem.

244 4564 404 4634 justa
461 4563 842 4634 Evangelium
903 4563 973 4619 de
1023 4560 1251 4618 talentis
1297 4561 1516 4632 (Matth.
1562 4576 1695 4628 xxv,
1735 4566 1843 4632 l5),
1887 4564 1948 4618 fi-

249 4653 476 4723 deique,
518 4653 690 4723 juxta
728 4651 1080 4722 Apostolum,
1130 4665 1463 4707 mensuram
1509 4651 1682 4720 (Rom.
1733 4667 1830 4720 xu,
1866 4651 1942 4722 3),

249 4740 305 4797 id
334 4748 416 4797 est
444 4741 762 4797 secundum
796 4740 951 4810 quod
991 4754 1284 4810 quemque
1312 4753 1513 4809 capere
1552 4740 1812 4809 possibile
1839 4744 1944 4807 est,

247 4823 644 4879 munificentia
687 4823 784 4878 Dei
826 4831 928 4879 est.
980 4824 1121 4892 Ipsae
1183 4837 1415 4892 quoque
1465 4823 1808 4892 capacitates
1843 4839 1945 4893 pro

247 4925 556 4982 corporum
612 4910 1059 4982 animorumque
1103 4911 1388 4979 aetatibus,
1433 4919 1534 4967 aut
1588 4911 1944 4968 deterioran-

246 5007 364 5067 tur,
421 5008 523 5057 aut
578 5008 863 5057 crescunt.
920 5001 1100 5056 Aliter
1145 5003 1296 5056 enim
1358 5001 1533 5056 sensit
1576 5001 1824 5056 Joannes
1883 5000 1942 5056 in

247 5103 444 5158 puero,
505 5089 672 5145 aliter
723 5103 957 5159 corpore
1021 5089 1300 5144 intellexit
1357 5088 1571 5144 adulto.
1644 5087 1946 5144 Plenitudo

248 5177 427 5247 igitur
459 5192 561 5247 pro
616 5177 711 5233 Dei
760 5192 1018 5243 munere,
1067 5185 1121 5233 et
1163 5191 1271 5234 sua
1325 5176 1625 5232 devotione
1666 5175 1796 5244 plus
1839 5176 1946 5231 mi-

245 5278 430 5321 nusve
461 5265 678 5335 recipit.
713 5265 871 5323 Sicut
907 5267 1061 5322 enim
1092 5264 1511 5322 comedentium
1559 5271 1788 5320 ventres
1821 5263 1944 5320 dis-

319 5452 428 5524 (25)
452 5452 595 5510 Vide
631 5459 828 5511 notam
861 5454 876 5488 ¹
903 5454 977 5510 ad
1001 5453 1214 5510 calcem
1242 5451 1511 5523 Operum.

2059 4393 2360 4442 emortuum
2417 4403 2611 4456 corpus
2668 4402 2829 4441 suum
2876 4391 2926 4440 ct
2979 4392 3277 4440 emortuam
3323 4388 3541 4441 vulvam
3597 4389 3752 4445 Sara:

2056 4477 2232 4548 (Rom.
2298 4490 2374 4537 1v,
2450 4475 2536 4545 l9)
2610 4474 2834 4540 viderit,
2904 4482 2960 4530 et
3041 4482 3243 4530 contra
3309 4489 3465 4545 spem
3530 4475 3587 4532 in
3651 4493 3750 4549 spe

2053 4561 2371 4618 crediderit.
2432 4562 2487 4618 Si
2547 4569 2754 4632 praeter
2834 4569 3058 4618 naturze
3131 4562 3282 4633 leges
3345 4563 3417 4619 ab
3476 4565 3750 4622 omnibus

2053 4650 2374 4706 aestimatur
2410 4651 2564 4720 quod
2597 4650 2750 4720 apud
2809 4650 3220 4719 Hieronymum
3277 4665 3420 4720 puer
3466 4653 3751 4710 novennis

2051 4753 2186 4794 eum
2227 4739 2568 4795 muliercula
2616 4740 2810 4807 coisse,
2849 4746 2904 4796 et
2951 4739 3164 4809 prolem
3205 4739 3480 4796 extulisse
3527 4741 3750 4797 descri-

2053 4824 2228 4891 bitur,
2257 4825 2460 4893 multo,
2492 4833 2556 4881 ut
2579 4825 2663 4881 sic
2693 4825 2902 4891 dicam,
2929 4825 3331 4882 exnaturalius
3359 4834 3442 4882 est
3471 4827 3628 4897 quod
3668 4829 3744 4895 hi,

2051 4913 2268 4984 quibus
2291 4915 2478 4969 omnis
2508 4914 2800 4985 ingenitus
2829 4913 3018 4969 fervor
3065 4915 3312 4981 refrixit,
3351 4915 3420 4969 ad
3457 4915 3748 4986 integrum

2055 5015 2162 5056 nec
2206 5000 2542 5057 alterutrius
2595 5001 2872 5056 vivacitas
2926 5008 3109 5070 potest
3175 5001 3458 5072 suppleri,
3500 5011 3750 5076 utroque

2055 5096 2314 5158 torpente
2367 5103 2466 5158 per
2498 5089 2739 5145 alterum
2783 5088 3269 5159 expergiscuntur
3311 5091 3380 5145 ad
3428 5089 3629 5147 fetum.

2124 5177 2249 5234 Non
2291 5177 2472 5248 igitur
2517 5178 2591 5234 ab
2634 5193 2694 5234 re
2736 5177 3030 5232 Elisabeth
3073 5187 3319 5249 cognata
3366 5180 3559 5236 Mariae
3612 5195 3751 5251 pro-

2054 5264 2307 5335 ponitur,
2361 5265 2505 5337 quia
2549 5265 2656 5320 nisi
2704 5265 3047 5321 omnimodis
3085 5267 3240 5337 apud
3269 5275 3506 5324 cunctos
3552 5268 3750 5340 inspe—
