3928 6070
146 243 251 295 553

1509 241 1602 296 DE
1651 241 1890 297 LAUDE
1927 241 1985 295 S.
2038 242 2300 298 MARLE.

3546 250 3648 303 554

143 380 274 428 rata
305 371 541 442 physica
585 369 875 426 obnitente
923 383 1015 426 res
1058 377 1223 436 esset,
1272 385 1578 441 nunquam
1625 371 1838 427 Zacha-
1877 374 1924 425 A
2019 371 2299 439 Secunda,
2359 373 2512 443 quod
2565 387 2666 442 per
2722 373 2946 429 laticem
3003 389 3108 430 suo
3154 390 3227 431 ex
3278 374 3454 431 latere
3504 391 3640 446 pro-

143 461 263 515 rias
332 459 511 515 verba
583 458 861 514 Gabrielis
945 467 1059 514 tam
1135 459 1415 514 obstinate
1481 460 1842 515 discrederet.

147 549 262 603 Nec
316 547 375 601 in
430 546 693 616 exemplo
740 545 994 602 adhibito
1051 560 1281 602 nzevum
1341 546 1656 617 quisquam
1710 547 1842 602 bea-

143 635 380 691 tissimae
432 634 659 704 Virgini
709 633 876 704 quasi
928 635 1000 689 ad
1056 634 1404 690 credendum
1460 635 1707 706 alicujus
1748 636 1844 690 de-

143 723 442 779 tractionis
470 722 681 790 inurat,
727 736 902 792 quam
935 737 1038 778 nos
1084 737 1199 777 non
1239 722 1522 778 immerito
1571 737 1673 792 pro
1716 722 1843 778 fidei

145 811 397 866 faciltate
449 810 713 865 laudasse
768 809 1168 876 meminimus;
1232 810 1328 864 sed
1377 810 1517 865 sciat
1571 810 1842 880 angelum

138 913 216 954 ex
280 898 602 954 abundanti
652 897 866 954 factum
913 899 971 954 in
1031 897 1225 954 vetula
1265 898 1528 953 retulisse
1594 899 1844 954 miracu-

142 987 290 1054 lum,
337 994 402 1042 ut
455 993 509 1042 et
562 986 689 1041 ﬁdei
738 986 865 1056 ejus
910 985 1326 1042 adminiculum
1362 986 1733 1051 ministraret,
1789 993 1846 1042 ct

142 1075 214 1130 de
269 1073 445 1130 tantis
517 1074 640 1144 ipsa
719 1081 977 1144 cognata;
1050 1073 1425 1142 proventibus
1504 1073 1840 1129 exsultaret.

142 1162 297 1229 Quin
341 1170 396 1217 et
435 1171 641 1217 mutuo
686 1162 892 1230 pudori
936 1161 1318 1228 consulerent,
1372 1162 1528 1231 quod
1583 1161 1846 1217 videlicet

145 1249 272 1318 ipsa
325 1264 413 1315 eo,
463 1249 557 1305 cui
607 1250 948 1318 desponsata
981 1248 1190 1313 fuerat,
1251 1249 1429 1304 inscio
1473 1250 1840 1319 concepisset,

141 1337 251 1394 ista
305 1352 448 1393 vero
493 1338 637 1392 citra
687 1337 948 1393 omnium
993 1351 1152 1406 spem
1197 1336 1482 1406 juvenilia
1531 1338 1840 1407 repetisset.

145 1426 306 1481 Unde
345 1433 399 1480 et
447 1425 545 1479 illa
592 1440 724 1480 cum
775 1425 1134 1480 festinatione
1181 1425 1237 1479 in
1287 1433 1559 1480 montana
1609 1439 1843 1496 progre-

143 1511 324 1577 ditur,
381 1525 545 1566 mora
596 1511 832 1566 latitura
889 1511 1044 1580 apud
1105 1525 1230 1566 eam
1291 1511 1580 1577 trimestri,
1643 1511 1720 1566 ita
1774 1526 1845 1566 ne

143 1607 436 1668 stuporem
484 1599 814 1654 videntibus
857 1598 1082 1667 sibique
1128 1599 1401 1653 ruborem
1449 1606 1691 1668 pareret,
1743 1611 1844 1654 sex

143 1688 440 1744 mensibus
495 1687 836 1743 occultatur.
898 1687 968 1742 Et
1027 1686 1167 1753 haec,
1231 1686 1440 1756 inquit,
1499 1694 1554 1742 et
1613 1687 1717 1742 tibi
1778 1701 1846 1742 ac

143 1777 285 1831 anui
325 1775 407 1830 illi
452 1774 689 1830 indubie
736 1781 1088 1844 proventura
1133 1774 1489 1844 cognoveris,
1538 1774 1678 1844 quia
1729 1789 1844 1830 non

142 1863 254 1918 erit
312 1863 661 1933 impossibile
713 1876 881 1918 omne
939 1861 1183 1917 verbum
1243 1862 1396 1931 apud
1455 1862 1635 1918 Deum
1696 1864 1841 1932 (Luc.

145 1969 184 2020 ι,
212 1955 323 2017 37),
366 1953 467 2022 qui
506 1952 791 2023 virginem
828 1965 993 2020 aeque
1029 1957 1088 2006 ut
1120 1950 1387 2016 sterilem,
1421 1965 1554 2006 cum
1592 1951 1843 2020 libuerit,

143 2040 319 2095 solvit
352 2039 411 2094 in
439 2047 690 2108 partum.

818 2107 1050 2164 CAPUT
1088 2107 1184 2164 Vl.

221 2216 345 2269 Dies
397 2218 475 2269 est
529 2217 572 2269 B
609 2216 806 2269 Maria.
865 2243 933 2255 -—
983 2213 1116 2268 Haec
1157 2213 1338 2284 igitur
1379 2212 1703 2269 beatissima
1732 2213 1850 2268 dies

147 2310 232 2359 est
303 2303 365 2356 B.
435 2302 637 2370 Maria,
699 2316 876 2372 quam
942 2301 1071 2357 fecit
1144 2301 1466 2371 specialiter
1539 2302 1845 2371 Dominus;

148 2391 508 2446 exsultemus
550 2398 603 2446 et
659 2391 920 2446 laetemur
972 2390 1028 2444 in
1057 2403 1124 2445 ea
1156 2405 1168 2444 :
1203 2405 1336 2445 cum
1378 2391 1532 2445 enim
1579 2390 1650 2445 de
1707 2390 1850 2444 Filio

150 2478 412 2544 dixisset,
470 2492 536 2532 ac
589 2480 632 2533 si
690 2479 758 2533 de
818 2477 1004 2547 lapide
1065 2478 1164 2547 qui
1216 2477 1400 2534 factus
1455 2484 1539 2532 est
1589 2477 1644 2531 in
1676 2484 1850 2547 caput

152 2565 356 2637 anguli
419 2565 649 2635 (Matth.
711 2580 806 2620 xxx
861 2566 969 2633 42),
1023 2574 1077 2621 et
1138 2565 1245 2619 hoc
1306 2565 1564 2621 mirabile
1624 2567 1681 2621 in
1749 2581 1847 2620 no-

152 2655 286 2710 stris
359 2654 538 2709 oculis
609 2655 774 2723 (Psat.
842 2669 1014 2722 cxvn,
1077 2656 1189 2724 23),
1247 2667 1280 2708 a
1343 2655 1581 2709 Domino
1637 2655 1850 2709 factum

155 2741 560 2810 perhibuisset,
596 2740 672 2795 ad
708 2741 857 2796 hanc
900 2742 1049 2796 illico
1086 2741 1263 2797 verba
1295 2741 1673 2811 transposuit;
1707 2742 1847 2809 haec,

155 2830 418 2899 Inquam,
451 2829 570 2884 dies
598 2836 702 2894 est,
755 2843 886 2898 quae
940 2830 1114 2885 solem
1155 2829 1394 2899 justitiae
1441 2829 1694 2898 protulit,
1749 2829 1851 2899 qui

154 2919 222 2974 de
254 2918 379 2974 suis
420 2918 828 2973 muniﬁcentiis
869 2918 1338 2987 praeclarissimas
1395 2918 1744 2989 dignitatum
1793 2917 1850 2971 in

153 3006 411 3062 Ecclesia
457 3007 626 3061 horas
682 3006 948 3061 instituit.
1011 3007 1138 3075 Ipsa
1179 3013 1263 3062 est
1306 3007 1476 3062 etiam
1519 3014 1684 3076 porta
1721 3007 1851 3061 Jesu

154 3094 406 3158 Domini,
461 3107 562 3162 per
614 3107 789 3164 quam
836 3093 979 3164 justi
1028 3094 1273 3162 intrant;
1322 3094 1468 3150 nulli
1505 3095 1850 3166 enimjusti-

151 3183 295 3238 tiam
326 3186 742 3252 assequuntur,
790 3181 901 3236 nisi
934 3195 1034 3250 per
1087 3182 1254 3236 ﬁdem
1290 3181 1701 3237 incarnationis
1728 3180 1854 3250 ejus

156 3273 462 3325 introeant.
520 3269 705 3338 Super
751 3269 924 3324 limen
993 3277 1170 3338 portae
1221 3269 1400 3339 hujus
1454 3271 1718 3340 princeps
1764 3269 1854 3324 ille

156 3358 315 3428 apud
367 3357 714 3413 Ezechielem
747 3357 916 3426 paulo
963 3364 1094 3412 ante
1151 3371 1185 3412 a
1231 3358 1396 3413 nobis
1444 3359 1758 3427 expositus,
1800 3364 1856 3413 et

157 3447 352 3502 adhuc
391 3447 784 3516 exponendus,
836 3446 1064 3514 adorat;
1118 3446 1219 3514 qui
1266 3460 1378 3500 non
1419 3446 1854 3515 superliminare

157 3532 475 3603 dignitatis,
509 3532 605 3587 sed
654 3531 825 3587 limen
873 3531 1000 3602 ejus
1031 3531 1372 3587 humilitatis
1403 3533 1558 3602 quod
1587 3533 1857 3588 omnibus

157 3629 242 3677 est
295 3621 560 3691 pervium
609 3621 932 3687 adorantes,
989 3621 1044 3676 id
1093 3627 1178 3675 est
1217 3619 1275 3675 in
1315 3621 1645 3676 omnimoda
1684 3635 1852 3676 vene-

157 3711 379 3765 ratione
430 3709 706 3764 habentes
780 3708 1039 3778 inspirat.
1121 3709 1236 3764 Hoc
1288 3708 1456 3777 plane
1531 3708 1681 3764 Deus
1726 3709 1858 3778 jure

157 3799 345 3853 facere
403 3798 634 3864 dicitur,
710 3797 866 3867 quod
944 3797 1198 3852 tiendum
1271 3796 1399 3851 aliis
1471 3785 1854 3852 administrat.

159 3886 263 3942 Sed
326 3885 576 3956 praefata:
633 3887 741 3941 diei
794 3885 1097 3942 redeamus
1167 3885 1238 3940 ad
1295 3885 1485 3940 horas.
1554 3886 1706 3954 Hazc,
1768 3885 1858 3940 in-

162 3989 362 4046 quam,
410 3975 813 4030 florentissima
863 3974 984 4029 dies
1037 3981 1340 4042 postquam
1389 3973 1672 4029 luminare
1716 3973 1859 4029 illud

161 4065 376 4134 majus,
427 4077 573 4133 quos
609 4069 663 4117 et
710 4062 951 4131 seipsam
997 4061 1374 4130 potissimum,
1417 4069 1472 4117 et
1515 4062 1715 4118 lunam
1748 4064 1860 4118 Ec-

163 4151 372 4218 clesiae,
429 4151 738 4220 stellasque
804 4150 1056 4205 ﬁdelium
1120 4149 1398 4204 mirabilis
1473 4149 1860 4220 intelligentiae

1956 458 2227 515 ﬂuentem
2295 460 2352 515 in
2421 461 2621 516 eadem
2690 475 2860 516 cruce
2911 461 3194 531 baptisma
3247 463 3512 520 sancivit.
3583 465 3648 520 In

1955 561 2073 616 qua
2133 547 2389 616 passione
2457 547 2516 602 in
2564 556 2791 604 tantum
2862 548 3088 604 diabolo
3159 551 3310 606 vires
3380 551 3652 622 antiquas

1953 636 2214 697 extorsit,
2279 642 2343 691 ut
2386 643 2517 691 ante
2556 636 2756 706 judicii
2806 637 2953 692 diem
3005 637 3124 706 jam
3175 638 3364 707 puniri
3399 639 3651 709 incoepe-

1954 723 2029 776 rit
2063 737 2075 776 :
2109 723 2244 778 dicit
2287 723 2436 778 enim
2490 737 2739 794 magnus
2789 723 3063 795 Origenes
3111 726 3264 795 quod
3314 735 3437 796 post
3468 727 3650 797 ipsam

1953 811 2295 880 passionem,
2348 818 2655 882 postquam
2695 819 2930 867 sanctus
2959 813 3248 883 quispiam
3300 822 3522 884 martyr
3550 824 3651 872 aut

1952 899 2240 954 confessor
2299 899 2367 955 de
2446 899 2710 969 praesenti
2765 899 2947 956 victor
3020 900 3234 955 saeculo
3316 902 3646 973 emigraret,

1953 987 2101 1042 sicut
2160 986 2281 1056 ipse
2336 987 2408 1042 ad
2469 1001 2740 1043 coronam
2785 988 2990 1056 exiret,
3041 988 3122 1043 sic
3176 988 3355 1044 hostis
3408 989 3499 1046 ille
3548 990 3650 1062 qui

1950 1088 2086 1130 eum
2154 1074 2532 1144 spiritualiter
2593 1075 2981 1146 impugnarat,
3059 1076 3247 1132 statim
3321 1076 3382 1131 in
3437 1085 3652 1135 aeterna

1954 1170 2239 1219 tormenta
2287 1163 2436 1218 nulli
2479 1164 2668 1219 denuo
2717 1165 3016 1220 nociturus
3065 1165 3325 1234 intraret,
3357 1173 3413 1221 et
3442 1167 3497 1221 id
3530 1181 3652 1223 esse

1952 1251 2108 1320 quod
2151 1250 2224 1306 ab
2276 1251 2413 1320 ipsis
2460 1250 2818 1306 daemonibus
2864 1252 3103 1307 Domino
3155 1251 3498 1308 dicebatur:
3556 1255 3652 1308 Ve-

1951 1341 2108 1405 nisti,
2178 1339 2475 1408 inquiunt,
2534 1343 2660 1392 ante
2713 1344 2918 1408 tempus
2976 1345 3223 1407 torquere
3268 1355 3364 1394 nos
3414 1340 3642 1410 (Matth.

1955 1441 2070 1491 vm,
2122 1426 2234 1493 29).
2298 1426 2432 1480 Inde
2497 1425 2669 1480 etiam
2732 1434 2919 1481 tantas
2973 1441 3122 1496 quas
3185 1441 3451 1484 exercere
3515 1430 3648 1484 olim

1952 1520 2371 1569 consueverant
2425 1513 2793 1569 fortitudines
2839 1515 3074 1569 obtusas
3125 1514 3482 1586 videbimus;
3545 1531 3652 1572 nec

1954 1600 2169 1656 mirum
2218 1615 2348 1656 cum
2399 1608 2523 1670 post
2581 1608 2662 1657 tot
2713 1609 3045 1658 sanctorum
3103 1602 3392 1670 victorias,
3447 1610 3527 1659 tot
3582 1604 3651 1660 de

1956 1689 2371 1757 potentioribus
2430 1689 2726 1745 daemoniis
2793 1691 2847 1744 in
2920 1705 3118 1760 poenas
3178 1690 3452 1747 decidisse
3521 1706 3650 1748 cre-

1953 1775 2178 1831 damus.

2023 1864 2231 1927 Tertia,
2265 1863 2403 1919 dum
2442 1877 2542 1933 per
2589 1864 3062 1920 resurrectionem
3106 1865 3312 1921 electos
3350 1866 3424 1921 ab
3453 1865 3651 1922 inferis

1953 1950 2122 2018 eruit,
2157 1951 2323 2020 cujus
2361 1952 2558 2022 gloriae
2606 1957 2832 2008 tantum
2864 1967 3098 2023 quoque
3148 1953 3431 2024 privilegii
3481 1953 3650 2010 addi—

1954 2039 2054 2106 dit,
2089 2047 2174 2104 ut,
2219 2040 2390 2108 juxta
2429 2039 2826 2107 Prudentium,
2863 2041 3053 2095 virum
3084 2049 3347 2096 sanctum
3397 2049 3452 2097 et
3495 2042 3651 2097 nobi-

1955 2127 2087 2193 lem,
2145 2126 2258 2181 sint
2303 2133 2359 2182 et
2390 2127 2687 2196 spiritibus
2744 2141 2891 2195 szepe
2947 2127 3286 2183 nocentibus
3345 2143 3646 2197 poenarum

1955 2215 2204 2270 celebres
2233 2214 2341 2270 sub
2372 2222 2533 2284 Styge
2564 2214 2736 2270 feriae.
2782 2215 2884 2269 Illa
2930 2223 3094 2270 nocte
3134 2229 3294 2271 sacer
3324 2231 3442 2286 qua
3484 2217 3651 2274 rediit

1956 2302 2107 2357 Deus
2136 2302 2352 2372 stagnis
2383 2302 2453 2356 ad
2483 2316 2718 2370 superos
2746 2317 2818 2358 ex
2846 2303 3238 2359 Acheronteis.

2026 2389 2260 2457 Quarta,
2313 2389 2468 2460 quod
2521 2404 2621 2459 per
2677 2391 2934 2447 eamdem
3007 2388 3234 2460 aperuit
3285 2392 3651 2448 credentibus
3749 2460 3758 2463 _

1954 2491 2137 2548 regna
2167 2476 2462 2533 caelorum.

2027 2564 2279 2632 Quinta,
2370 2565 2524 2635 quod
2591 2565 3007 2622 humanitatem
3075 2575 3328 2623 nostram
3419 2567 3647 2636 Verbo,

1958 2654 2112 2723 quod
2166 2653 2285 2722 ipse
2341 2660 2443 2721 est,
2501 2654 2874 2721 personaliter
2933 2655 3337 2711 identiﬁcatam
3398 2661 3652 2725 paternae

1959 2743 2208 2798 dextera:
2230 2743 2605 2811 comparavit.

2030 2830 2220 2897 Sexta,
2297 2830 2452 2900 quod
2529 2829 2632 2900 qui
2707 2843 2936 2885 carnem
3008 2844 3080 2886 ex
3146 2831 3312 2886 nobis
3384 2845 3651 2902 sumpse-

1891 2941 1930 2993 C
1959 2926 2067 2985 rat,
2097 2918 2453 2974 divinitatem
2498 2931 2685 2985 suam,
2729 2918 2884 2988 quod
2922 2925 3006 2974 est
3036 2917 3282 2988 Spiritus
3308 2919 3452 2988 ejus,
3487 2919 3653 2975 nobis

1959 3005 2224 3061 reddidit.

2032 3093 2298 3162 Septima,
2383 3094 2539 3163 quod
2608 3093 2872 3149 eumdem
2938 3091 3214 3163 Spiritum
3288 3108 3402 3150 non
3466 3094 3652 3151 solum

1962 3179 2276 3236 fruendum
2327 3179 2611 3247 attribuit,
2683 3180 2777 3234 sed
2839 3179 3009 3235 etiam
3083 3194 3182 3250 per
3240 3195 3450 3237 manus
3520 3195 3654 3250 apo-

1963 3267 2211 3334 stolicas,
2275 3275 2330 3323 et
2395 3282 2469 3322 ex
2549 3281 2614 3323 eo
2679 3267 3036 3337 pontiﬁcales
3115 3268 3240 3324 aliis
3305 3269 3430 3325 dari
3486 3284 3650 3325 cons-

1964 3357 2166 3412 stituit.

2033 3443 2265 3509 Octava,
2319 3443 2474 3513 quod
2524 3456 2624 3512 per
2674 3443 2978 3511 magistros
3030 3443 3314 3512 Ecclesiae,
3357 3446 3512 3515 quod
3542 3446 3643 3502 soli

1963 3533 2071 3588 sibi
2105 3532 2440 3601 pertinebat,
2472 3538 2706 3600 peccata
2737 3532 2939 3587 dimitti
2967 3533 3209 3588 censuit.

2033 3621 2217 3687 Nona,
2255 3619 2410 3690 quod
2462 3621 2647 3685 Petro,
2701 3620 2850 3675 etin
2904 3620 3070 3675 Petro
3118 3620 3438 3677 rectoribus
3492 3622 3655 3692 regni

1964 3708 2239 3764 caelorum
2289 3707 2480 3762 claves
2524 3714 2834 3777 prmrogat;
2891 3707 3044 3762 unde
3088 3715 3142 3763 et
3172 3709 3364 3764 Romae
3404 3709 3656 3778 quodam

1965 3796 2025 3852 in
2059 3796 2179 3851 loco
2211 3795 2261 3851 ei
2295 3793 2704 3865 praescribitur.

2112 3939 2328 3992 Terruit
2348 3939 2620 4004 angelicas
2648 3937 2788 3990 acies
2815 3936 3010 3990 collata
3038 3941 3275 4005 potestas

2115 4028 2292 4080 Tanta
2315 4027 2489 4091 Petro,
2523 4039 2796 4079 reservare
2821 4025 2970 4092 polos
3001 4029 3051 4078 et
3075 4040 3298 4093 pascere
3325 4027 3530 4081 caulas.

2042 4148 2294 4215 Decima,
2361 4148 2514 4218 quod
2565 4161 2682 4203 non
2738 4146 2958 4218 angelis
3003 4147 3350 4205 commiserit
3405 4153 3663 4222 corporis

165 4241 344 4296 radiis
385 4240 694 4304 illuminat,
745 4239 1027 4295 ediderit:
1079 4237 1445 4292 attendamus
1504 4245 1854 4306 quantarum
1897 4232 2037 4290 Dac
2089 4235 2390 4305 sanguinis
2438 4233 2529 4289 sui
2592 4233 2893 4289 tractanda
2944 4235 3234 4304 mysteria,
3317 4236 3415 4290 sed
3470 4237 3662 4292 homi-

162 4330 380 4398 pariter
434 4327 769 4383 felicitatum
824 4325 1326 4382 determinationes
1372 4324 1692 4393 admiserit;
1749 4325 1858 4379 ha-

163 4427 297 4470 rum
348 4429 552 4484 nempe
591 4421 706 4470 tam
753 4413 915 4484 origo
958 4426 1133 4484 quam
1177 4411 1434 4468 ofﬁcialis
1477 4425 1653 4467 causa
1703 4411 1855 4468 fuit:

165 4517 281 4560 non
326 4503 480 4558 enim
533 4502 698 4558 aliter
753 4501 957 4569 voluit,
1006 4501 1119 4556 imo
1170 4500 1369 4556 debuit
1424 4499 1601 4556 Filius
1647 4500 1747 4556 Dei
1787 4500 1858 4555 ad

163 4607 270 4648 nos
298 4590 512 4662 egredi,
567 4605 672 4646 nec
727 4589 939 4660 potuit;
993 4589 1134 4658 quia
1185 4601 1292 4643 nec
1339 4588 1534 4644 debuit
1580 4587 1862 4643 violenter

165 4685 317 4734 196
384 4679 706 4747 irrumpere
757 4679 895 4748 jura
960 4676 1195 4744 diaboli,
1259 4676 1354 4731 cui
1425 4683 1621 4744 sponte
1693 4677 1862 4731 homo

165 4777 376 4820 manus
431 4763 709 4818 dederat:
771 4763 886 4830 sed,
945 4762 1115 4833 juxta
1184 4761 1336 4817 dicta
1406 4762 1552 4817 beati
1613 4762 1859 4817 Leonis:

165 4855 364 4918 Magno
421 4854 700 4920 mquitatis
756 4852 881 4918 iure
931 4850 1072 4904 inibi
1125 4852 1329 4904 certari
1380 4851 1606 4917 dignum
1655 4853 1859 4917 fuerat.

168 4941 332 4995 Hanc
386 4954 523 5011 ergo
575 4954 650 4995 ex
706 4953 825 5009 qua
885 4945 1182 4995 crearetur
1236 4938 1440 5008 objecit
1497 4938 1742 5005 diabolo,
1798 4946 1863 4993 ut

167 5043 301 5084 cum
351 5041 484 5083 eum
544 5035 884 5097 capesseret,
947 5027 1027 5081 nil
1098 5026 1256 5082 aliud
1313 5032 1619 5095 putaretur
1686 5039 1863 5095 quam

1966 4324 2158 4390 nibus,
2220 4323 2321 4378 etsi
2395 4322 2818 4392 peccatoribus;

1965 4410 2161 4467 itidem
2192 4410 2404 4466 factum
2437 4417 2540 4466 est.

2039 4499 2372 4564 Undecima,
2405 4499 2559 4568 quod
2591 4512 2798 4568 corpus
2826 4506 3086 4554 nostrum
3140 4499 3198 4554 in
3249 4501 3665 4557 resurrectione

1969 4587 2352 4657 conﬁgurabit
2380 4587 2605 4656 corpori
2635 4587 2909 4642 claritatis
2935 4601 3074 4642 suae.

2045 4673 2411 4742 Duodecima,
2473 4674 2628 4744 quod
2683 4674 2741 4729 in
2795 4674 2992 4730 eadem
3056 4674 3492 4745 resurrectione,
3564 4677 3667 4734 sic-

1971 4770 2036 4821 ut
2066 4775 2300 4818 carnem
2333 4769 2586 4817 nostram
2640 4763 2698 4817 in
2732 4762 2872 4817 Filio
2920 4769 2976 4817 et
3029 4769 3228 4830 matre,
3277 4765 3463 4820 omnis
3501 4767 3668 4835 prin-

1970 4853 2194 4922 cipatus
2251 4858 2425 4920 atque
2498 4858 2746 4920 potestas
2819 4851 2876 4905 in
2949 4850 3090 4905 caelo
3159 4852 3552 4922 venerabitur,
3612 4863 3668 4910 et

1973 4937 2271 4993 adorabit:
2303 4938 2381 4992 ita
2425 4953 2658 5007 quoque
2688 4940 2746 4992 hi
2798 4938 2899 5006 qui
2933 4940 2992 4991 in
3045 4939 3258 4995 Christo
3300 4947 3446 5006 sunt,
3479 4958 3669 4998 resur-

1973 5031 2097 5092 gent
2147 5027 2318 5094 primi
2349 5025 2395 5094 (ι
2449 5027 2602 5079 Thes.
2653 5041 2730 5092 iv,
2781 5025 2885 5095 l5).
2940 5026 3076 5081 Inde
3121 5033 3204 5081 est
3254 5028 3406 5097 quod
3455 5043 3669 5098 procu-

2892 4323 3046 4392 quod
3104 4329 3159 4378 et
3239 4324 3308 4379 de
3380 4324 3664 4395 baptismo

170 5117 363 5171 homo.

242 5205 532 5259 Duodecim
567 5205 750 5270 felices
798 5205 958 5258 horas
1001 5203 1251 5272 protulit.
1303 5233 1372 5241 —
1425 5202 1617 5257 Prima
1690 5201 1869 5272 igitur

166 5293 317 5349 hora
371 5299 477 5362 est,
527 5293 682 5362 quod
745 5293 1062 5362 principem
1114 5290 1314 5346 mundi
1368 5291 1636 5357 extrusit,
1699 5304 1868 5346 mun-

172 5382 434 5451 dumque
481 5381 642 5449 vicit,
698 5387 754 5436 et
803 5381 910 5436 hoc
940 5379 1097 5436 cruci
1156 5393 1215 5435 se
1265 5379 1598 5447 addicendo,
1648 5392 1870 5449 nosque
1978 5393 2185 5435 nomen
2239 5379 2630 5435 Christianum
2687 5379 2795 5434 sub
2853 5386 3013 5435 tanto
3059 5388 3290 5436 auctore
3330 5382 3670 5452 honoratur,

173 5469 328 5527 hosti
359 5468 681 5540 praeripuit.
1981 5466 2221 5536 intelligi
2283 5467 2530 5536 profecto
2571 5481 2796 5524 necesse
2851 5474 2933 5524 est
2999 5468 3151 5538 quod
3212 5469 3354 5525 alias
3396 5473 3528 5541 jure
3588 5474 3676 5529 liis

531 5560 808 5624 PATROL.
862 5558 1066 5624 CLVI.
3243 5563 3322 5620 48

1976 5121 2132 5169 rator
2205 5113 2628 5182 patrisfamilias
2695 5127 2730 5168 a
2776 5113 3103 5169 novissimis
3163 5115 3467 5172 denarium
3535 5119 3672 5176 dare

1976 5202 2163 5271 C(Bpit.
2216 5201 2360 5257 lluic
2411 5203 2703 5257 sentcntiae
2751 5202 2967 5257 accedit
3015 5203 3170 5272 quod
3216 5218 3423 5260 nomen
3470 5220 3671 5264 eorum

1979 5304 2171 5346 coram
2225 5290 2343 5360 ipso
2405 5291 2734 5345 honorabile
2789 5291 3056 5346 futurum
3113 5291 3343 5362 legitur.
3411 5293 3571 5360 Quod
3625 5298 3671 5352 si
