3914 6094
318 308 418 359 555

1209 305 1266 357 ν.
1310 303 1641 358 GUIBEBTI
1681 303 1976 358 ABBATIS
2012 305 2070 359 S.
2111 305 2351 359 MARIE
2392 304 2478 356 DE
2521 301 2914 357 NOVIGENTO

3711 307 3813 357 556

318 441 608 508 omnibus,
665 440 764 509 qui
828 439 968 494 bene
1035 437 1228 493 vixere
1284 439 1392 494 sub
1445 438 1632 509 gratia
1705 438 2002 509 gloriosior
2039 437 2233 507 Aipso
2276 438 2581 502 tribuitur;
2637 437 2754 506 ipse
2811 437 2868 491 in
2927 436 3102 492 Matre
3171 445 3441 492 naturam
3491 439 3810 508 propriam,

318 528 748 584 retributionem
781 525 1159 596 prarogativa
1183 525 1476 581 reddatur.

386 617 560 670 Nubes
599 620 676 668 est
701 615 830 667 levis
858 629 976 680 qua
1019 614 1237 682 pluvias
1273 613 1486 682 effudit.
1521 615 1698 679 Quam
1725 613 2004 668 sublimem

310 703 587 772 possideat
645 703 895 768 gloriam.
955 731 1023 741 —-
1096 701 1406 757 Videamus
1480 701 1656 772 igitur
1728 717 1844 771 quo
1897 702 2004 770 pia

312 789 768 860 compunctionis
792 789 996 860 jubilo,
1031 789 1142 844 diei
1177 789 1288 856 isti,
1330 804 1461 858 qua
1503 797 1618 845 tam
1660 791 1836 845 rutilo
1865 791 2001 856 sole,

310 879 471 944 calo,
526 877 745 945 inferis,
799 885 1081 946 terraque
1139 876 1526 945 profunditur,
1599 877 1999 948 gratulemur:

308 981 408 1036 per
463 980 638 1036 quam
694 967 834 1021 dum
885 963 1182 1020 introitum
1241 965 1321 1019 sol
1383 965 1474 1020 ille
1518 966 1588 1020 ad
1635 979 1736 1020 nos
1775 965 1998 1034 habuit,

309 1055 380 1110 ad
411 1054 694 1108 inﬁnitam
725 1053 833 1108 diei
884 1053 1064 1122 ipsius
1107 1052 1448 1119 claritatem,
1480 1061 1534 1107 et
1583 1053 1692 1108 sub
1742 1053 1864 1122 ipsa
1911 1054 2002 1109 die

309 1142 640 1212 degentium
671 1140 1160 1210 gloriﬁcationem,
1205 1149 1494 1209 perpetua
1525 1155 1645 1195 sua
1691 1149 1746 1195 et
1793 1149 2002 1197 nostra

308 1231 620 1286 nobilitatis
649 1230 921 1284 donativa
950 1229 1322 1283 circumtulit.
1356 1229 1488 1282 Hac
1535 1237 1618 1286 est
1666 1230 1850 1284 nubes
1903 1231 2001 1285 illa

309 1319 468 1384 levis,
514 1332 692 1387 quam
725 1316 805 1372 sol
837 1330 1008 1371 verus
1041 1315 1144 1370 iste
1178 1316 1525 1383 conscendit,
1565 1317 1736 1386 juxta
1768 1318 1995 1385 Isaiam,

307 1414 371 1462 ut
420 1407 772 1462 tenebrosam
833 1405 1034 1459 mundi
1094 1404 1268 1472 hujus
1325 1404 1638 1460 illustraret
1685 1407 1998 1475 Egyptum

306 1497 441 1561 (Isa.
522 1509 662 1556 XIX,
729 1494 828 1563 l):
905 1507 1036 1562 qua
1109 1492 1304 1560 pluvia
1381 1493 1554 1548 totius
1637 1493 1999 1550 fecunditatis

307 1583 548 1638 interna
580 1590 939 1637 terrenorum
990 1587 1284 1648 pectorum
1343 1580 1540 1650 glebas
1568 1581 1841 1636 emolliit:
1875 1583 1997 1652 ipsa

303 1671 455 1726 enim
512 1670 831 1726 salubrium
896 1668 1155 1723 omnium
1219 1668 1608 1724 doctrinarum
1680 1677 1998 1726 cataractas

307 1757 552 1827 aperuit,
599 1757 915 1827 prasertim
966 1771 1097 1826 qua
1139 1770 1344 1826 panem
1390 1757 1730 1826 angelorum
1783 1760 1998 1814 mundo

304 1846 588 1915 exposuit.
631 1844 768 1912 Qua
811 1852 1028 1900 tantam
1058 1859 1091 1899 a
1121 1843 1332 1913 peccati
1385 1845 1572 1900 omnis
1612 1845 1998 1902 additamento

306 1934 364 1988 in
394 1948 452 1988 se
501 1933 788 1988 levitatem
827 1932 1048 1999 habuit,
1083 1940 1364 2001 quantam
1411 1941 1793 1988 sacrosancta
1828 1934 1997 1988 Chri—

305 2023 376 2076 sti
409 2021 660 2091 dignitas
693 2021 884 2076 carnis
917 2020 1242 2090 animaque
1267 2021 1625 2076 commeruit.
1662 2023 1790 2090 Ipsa
1820 2021 1998 2092 igitur

302 2123 375 2164 ex
406 2121 524 2178 qua
574 2116 762 2163 tantos
809 2108 1016 2163 anima
1056 2123 1122 2164 ac
1171 2110 1425 2178 corporis
1476 2109 1782 2164 haurimus
1813 2110 1996 2164 hono-

303 2196 560 2266 resquid
606 2195 942 2252 excellentia
993 2196 1219 2262 habeat,
1273 2196 1426 2265 quod
1459 2195 1560 2251 Dei
1610 2196 1814 2251 Filium
1872 2211 1995 2251 cor-

303 2285 570 2353 poraliter
625 2284 680 2338 in
729 2298 835 2340 sua
881 2298 1054 2338 carne
1105 2284 1432 2351 contulerit,
1505 2285 1888 2339 attendamus.
1937 2284 1994 2337 Si

303 2380 427 2442 post
481 2373 825 2428 exhaustam
884 2371 1193 2426 beatissimi
1249 2372 1466 2427 ventris
1537 2372 1730 2426 aulam
1803 2372 1994 2427 minus

303 2461 524 2528 habuit,
579 2459 818 2517 forsitan
865 2460 1101 2530 aliquod
1162 2460 1570 2516 detrimentum
1623 2461 1770 2529 ejus,
1816 2475 1992 2529 quam

301 2550 373 2604 ad
422 2549 656 2619 plenum
709 2556 1063 2618 gustaverat,
1095 2548 1290 2618 gloria
1332 2548 1527 2604 sensit.
1562 2549 1754 2603 Absit!
1814 2549 1992 2604 Secu-

301 2650 404 2692 rus
433 2652 504 2691 ex
539 2637 664 2706 ipsa
715 2636 938 2705 loquar,
975 2635 1019 2691 si
1068 2635 1196 2690 lata
1252 2635 1363 2691 fuit
1401 2651 1532 2692 cum
1578 2637 1794 2692 tolleret
1839 2637 1991 2706 quod

300 2738 550 2792 usquam
582 2731 858 2780 creatura
885 2737 998 2778 non
1030 2723 1218 2792 licuit;
1249 2723 1428 2778 laetior
1448 2724 1616 2792 plane
1647 2739 1778 2778 cum
1809 2725 1992 2793 gloria

298 2818 354 2866 et
411 2811 623 2866 honore
684 2818 1022 2866 coronatum
1077 2811 1326 2866 assidere
1383 2811 1537 2866 Patri
1591 2818 1802 2867 aterno
1857 2828 1990 2868 cum

301 2899 568 2968 apostolis
613 2898 786 2967 vidit;
832 2905 887 2954 et
930 2899 1195 2968 quandiu
1243 2899 1567 2954 meminerit
1616 2915 1673 2954 se
1714 2901 1990 2969 peperisse

2118 526 2269 580 unde
2293 541 2364 582 ex
2396 526 2584 581 debito
2631 525 2739 580 sibi
2781 525 3068 580 obnoxius
3097 532 3200 591 est,
3231 540 3347 580 non
3391 527 3814 583 venerabitur?

2116 614 2222 668 Pro
2253 629 2368 684 quo
2421 613 2548 668 aliis
2595 612 2954 683 longavitais
2999 613 3302 682 pramium
3349 623 3732 684 prarogatur,
3783 630 3814 669 a

2115 716 2234 771 qua
2260 716 2462 771 passus
2481 709 2565 758 est
2587 703 2843 770 accipere
2873 701 3027 771 quod
3058 701 3228 756 homo
3255 702 3533 757 vocatur?
3565 703 3620 758 Si
3655 704 3813 773 apud

2115 790 2276 846 illum
2311 790 2512 846 honori
2541 797 2747 856 exstat,
2781 804 2815 844 a
2854 804 2971 859 quo
3003 796 3185 844 totum
3217 791 3500 860 quidquid
3533 800 3615 846 est
3655 806 3818 847 sum-

2113 879 2241 947 psit,
2275 878 2439 934 nobis
2477 886 2634 934 tanto
2673 878 3012 948 propensius
3054 877 3406 933 honorabilis
3443 893 3564 934 esse
3617 879 3809 945 debet,

2111 974 2329 1036 quanto
2379 981 2497 1022 sua
2533 967 3060 1034 universorumque
3088 965 3258 1021 saluti
3292 979 3419 1020 eam
3454 967 3805 1022 necessario-

2109 1066 2227 1107 rem
2281 1051 2552 1107 feminam
2605 1065 2835 1121 sperare
2886 1051 3019 1121 quis
3068 1052 3360 1121 pravalet.
3391 1051 3571 1120 Super
3630 1053 3807 1107 limen

2109 1154 2245 1210 ergo
2278 1148 2453 1209 porta
2482 1141 2634 1208 apud
2666 1139 3012 1194 Ezechielem
3045 1140 3246 1195 adorat
3281 1141 3488 1208 (Ezech.
3520 1155 3677 1206 XLVI,
3731 1142 3806 1208 2),

2109 1243 2238 1283 cum
2272 1243 2372 1298 per
2393 1228 2668 1283 humilem
2695 1228 3075 1283 obedientiam
3095 1227 3222 1298 ejus
3254 1230 3456 1283 mentis
3485 1229 3812 1298 specialiter

2108 1315 2378 1382 insidens,
2413 1315 2662 1384 seipsum
2699 1315 2755 1368 in
2789 1316 2965 1384 ipsius
2995 1314 3411 1385 gloriﬁcatione
3441 1315 3734 1382 miriﬁcat,

2178 1405 2421 1472 Injurias
2451 1403 2558 1456 sibi
2595 1403 2662 1456 ab
2697 1403 2962 1456 haereticis
3005 1407 3056 1456 et
3089 1404 3248 1456 malis
3281 1403 3468 1456 illatas
3516 1405 3810 1458 ulciscitur

2106 1492 2168 1544 B.
2236 1493 2421 1556 Virgo.
2476 1521 2543 1529 —
2598 1491 2811 1545 Deinde
2858 1491 3135 1556 egreditur
3195 1489 3385 1562 (Ibid)
3444 1492 3584 1560 quia
3648 1493 3808 1560 quod

2107 1579 2263 1648 apud
2306 1593 2364 1634 se
2411 1579 2763 1634 benedictam
2800 1578 2952 1633 illam
2987 1579 3150 1634 beata
3199 1579 3570 1634 interioritate
3597 1593 3805 1648 prove-

2106 1667 2210 1734 xit,
2241 1667 2558 1733 manifesta,
2593 1668 2726 1732 imo,
2761 1675 2822 1721 ut
2866 1667 2942 1721 ita
2973 1667 3238 1732 dixerim,
3279 1667 3529 1722 secunda
3568 1676 3692 1737 post
3747 1683 3808 1723 se

2107 1755 2529 1825 omnipotentia
2559 1757 2715 1824 apud
2742 1755 3000 1810 homines
3037 1755 3374 1810 auctoritate
3406 1757 3630 1810 retexit.
3664 1755 3807 1822 Quis

2106 1845 2259 1898 enim
2306 1844 2396 1899 vel
2440 1844 2611 1899 hebes
2649 1843 2862 1898 nesciat
2901 1844 3056 1912 quod
3101 1844 3221 1913 ipsa
3254 1852 3336 1898 est
3379 1858 3509 1913 qua
3558 1859 3660 1914 per
3719 1846 3807 1898 Fi-

2106 1931 2248 1987 lium
2279 1932 2418 1988 calo
2451 1932 2767 2002 prasideat,
2820 1932 2986 1986 terris
3017 1932 3273 2000 imperet,
3310 1932 3518 1986 inferos
3559 1934 3806 2002 urgeat?

2107 2019 2376 2087 Princeps
2411 2033 2545 2088 ergo
2575 2018 2888 2087 egreditur,
2931 2033 3063 2073 cum
3100 2033 3200 2088 per
3231 2019 3552 2088 Principem
3602 2020 3804 2074 Matris

2107 2106 2382 2174 principis
2415 2107 2599 2161 virtus
2629 2105 2928 2160 emittitur.
2987 2108 3148 2160 Porta
3187 2112 3366 2160 autem
3427 2123 3530 2160 non
3579 2108 3800 2160 claude-

2107 2199 2198 2246 tur
2240 2208 2408 2261 usque
2461 2194 2536 2247 ad
2563 2209 2840 2262 vesperam
2884 2194 3098 2264 (1bid.).
3149 2194 3375 2251 Clausio
3425 2196 3516 2250 hic
3563 2209 3678 2249 non
3729 2195 3802 2250 ad

2107 2281 2518 2352 virginitatem,
2577 2297 2709 2351 qua
2775 2283 2986 2352 sapius
3053 2292 3137 2338 est
3206 2284 3463 2352 repetita,
3531 2284 3799 2338 refertur.

2103 2370 2274 2425 Porta
2318 2370 2497 2441 igitur
2542 2384 2730 2440 usque
2758 2371 2830 2426 ad
2861 2384 3156 2440 vesperam
3188 2371 3295 2426 ista
3324 2385 3436 2426 non
3483 2371 3797 2437 clauditur,

2102 2458 2202 2526 qui
2244 2457 2557 2513 clementia
2613 2459 2740 2528 ejus
2793 2459 2984 2514 aditus
3038 2473 3225 2529 usque
3277 2460 3335 2514 in
3386 2459 3559 2514 ﬁnem
3601 2460 3799 2514 saculi

2102 2546 2244 2600 nulli
2302 2546 2392 2615 pie
2451 2546 2662 2615 petenti
2711 2546 3051 2602 obstruitur.
3094 2547 3219 2602 Non
3270 2547 3572 2602 claudetur
3602 2555 3799 2602 autem

2103 2636 2334 2702 dicitur,
2371 2636 2690 2706 aperietur;
2724 2637 2846 2705 ipsa
2876 2637 3028 2691 enim
3074 2651 3206 2706 qua
3238 2641 3364 2706 post
3405 2636 3585 2691 sancti
3618 2635 3798 2705 Spiri-

2103 2731 2195 2778 tus
2225 2723 2509 2778 dationem
2535 2723 2766 2794 cognita
2805 2731 2888 2778 est
2913 2731 3167 2778 nostram
3191 2723 3450 2778 omnium
3482 2724 3659 2794 Virgo
3703 2724 3794 2779 fu-

2100 2811 2245 2867 disse
2283 2811 2546 2878 salutem,
2593 2813 2648 2866 in
2704 2825 2824 2868 sua
2877 2812 3270 2882 propalatione
3303 2812 3515 2883 gloria,
3569 2813 3795 2868 nullam

2100 2901 2362 2968 deinceps
2414 2913 2580 2969 passa
2623 2910 2707 2956 est
2763 2908 3133 2968 vetustatem;
3191 2901 3287 2956 sed
3346 2901 3492 2955 sicut
3549 2898 3650 2954 Fili
3701 2903 3794 2956 sui

298 2987 499 3053 Deum,
536 3000 839 3055 nunquam
889 3000 961 3041 ne
991 2986 1061 3042 ad
1095 2994 1373 3055 punctum
1420 2987 1681 3042 imminui
1731 2990 1983 3055 sentiret,
2027 3001 2067 3056 c
2102 2989 2237 3043 fides
2267 2988 2439 3042 nullis
2488 2989 2954 3057 persecutionum
3003 2997 3129 3044 acta
3180 2989 3510 3044 turbinibus
3557 2989 3796 3044 destitui

297 3089 468 3144 quem
516 3076 574 3128 in
641 3074 1008 3142 concipiendo
1062 3074 1266 3130 habuit
1315 3075 1524 3130 latitia
1591 3076 1866 3131 fructum.
1933 3077 1986 3132 Si

295 3161 556 3217 Christus
601 3162 752 3216 Deus
798 3162 938 3231 quia
990 3177 1050 3218 se
1107 3163 1436 3217 humiliavit
1480 3164 1792 3231 exaltatur,
1849 3179 1987 3236 ergo

295 3250 419 3320 ipsa
448 3250 684 3319 perenni
716 3250 944 3305 residuo
993 3251 1187 3320 gloria
1218 3252 1372 3320 quod
1413 3259 1590 3306 totum
1633 3253 1814 3308 Deum
1846 3267 1986 3308 con-

297 3338 425 3394 tulit
486 3338 734 3406 potitur;
791 3338 905 3394 imo
974 3339 1285 3393 clariticato
1353 3340 1709 3408 provehitur,
1768 3349 1986 3411 quanto

296 3427 508 3497 regina
538 3426 751 3482 clarius
800 3435 884 3482 est
932 3426 1137 3482 Filium
1180 3428 1372 3483 videre
1419 3436 1750 3499 regnantem
1807 3443 1984 3500 quam

293 3528 365 3570 ex
391 3528 455 3569 eo
487 3528 546 3569 se
579 3514 722 3569 scire
741 3523 1152 3584 pragnantem.

365 3603 548 3672 Super
602 3603 776 3659 limen
830 3604 1027 3674 itaque
1069 3603 1246 3673 hujus
1311 3611 1484 3672 porta
1554 3604 1818 3674 princeps
1891 3607 1985 3661 ad-

291 3699 432 3758 oret,
474 3691 531 3746 id
559 3700 642 3747 est
689 3693 747 3746 in
773 3692 982 3760 spiritu
1018 3699 1071 3747 et
1105 3695 1342 3747 Veritate
1371 3693 1678 3748 adorantes
1725 3694 1980 3763 inspiret.

294 3780 454 3834 Unde
509 3787 639 3835 est:
682 3781 926 3834 Adorate
971 3781 1260 3834 scabellum
1305 3780 1502 3848 pedum
1547 3783 1681 3849 ejus,
1728 3785 1984 3850 quoniam

291 3873 536 3922 sanctum
592 3873 670 3922 est
727 3871 894 3932 (Psal.
949 3883 1142 3932 xcvm,
1205 3869 1275 3937 ὅ).
1342 3869 1394 3923 Si
1453 3873 1604 3923 enim
1678 3869 1746 3924 de
1820 3871 1983 3925 Chri-

292 3966 377 4011 sto
427 3955 657 4010 homine
703 3955 959 4010 dicitur:
1034 3957 1276 4010 Adorate
1351 3973 1488 4024 eum,
1551 3972 1726 4010 omnes
1805 3961 1987 4027 angeli

291 4049 439 4096 πυτ
473 4043 590 4110 ejus
632 4043 798 4111 (Psal.
827 4058 977 4110 xcvr,
1007 4046 1084 4114 7),
1122 4045 1190 4099 de
1233 4045 1341 4100 Deo
1371 4045 1514 4099 nulli
1561 4045 1804 4100 dubium
1837 4048 1980 4116 quin

290 4131 548 4186 adorent.
581 4130 726 4196 Quid
781 4132 1054 4199 sanctius,
1105 4133 1243 4202 quid
1275 4146 1342 4187 ea
1389 4134 1738 4188 adorabilius
1787 4148 1976 4202 carne,

289 4233 363 4274 ex
419 4233 537 4288 qua
581 4220 844 4275 Christus
899 4220 1176 4290 gignitur,
1223 4236 1354 4290 qua
1415 4221 1582 4276 habet
1628 4222 1976 4278 identitatem

289 4322 421 4363 cum
470 4307 612 4377 ipsa,
657 4309 972 4378 eademque
1021 4309 1119 4364 Dei
1167 4309 1307 4364 Filio
1340 4310 1585 4365 unitur?
1630 4311 1698 4364 Et
1741 4319 1891 4365 certe
1923 4313 1979 4366 in

288 4396 504 4451 mundo
536 4395 754 4465 positus
783 4396 826 4450 si
859 4411 1000 4465 puer
1037 4398 1372 4466 parentibus
1419 4399 1684 4452 subditus
1724 4399 1873 4467 (Luc.
1917 4415 1975 4467 ιι,

287 4484 396 4552 51),
423 4485 596 4552 juxta
616 4483 770 4554 quod
795 4485 1042 4540 tulerant
1084 4499 1204 4540 sua
1241 4485 1418 4554 ipsius
1446 4485 1588 4540 scita
1618 4485 1778 4556 legis,
1830 4488 1980 4557 ipsos

285 4572 560 4640 honorat;
589 4586 706 4626 non
734 4579 817 4627 est
861 4573 1028 4641 plane
1060 4573 1270 4628 mirum
1315 4573 1361 4627 si
1399 4573 1452 4627 id
1487 4573 1676 4642 ipsum
1734 4575 1887 4643 quod
1920 4574 1977 4628 in

282 4673 350 4715 ea
379 4659 608 4715 virtutis
636 4666 690 4714 et
737 4660 930 4730 gloria
988 4661 1212 4726 indidit,
1261 4661 1415 4729 quod
1465 4661 1752 4730 signiﬁcat
1802 4671 1978 4730 porta

282 4747 478 4813 limen,
540 4747 760 4802 adorat.
816 4749 1074 4803 Adorare
1127 4762 1382 4817 namque
1435 4748 1584 4804 sicut
1635 4763 1734 4818 pro
1780 4750 1976 4805 divino

281 4835 461 4902 cultu,
496 4835 576 4890 sic
605 4835 910 4903 aliquoties
958 4850 1058 4904 pro
1091 4836 1413 4890 reverentia
1462 4836 1533 4890 ad
1582 4837 1841 4892 homines
1886 4852 1978 4906 po-

282 4924 459 4990 nitur,
493 4924 642 4978 sicut
681 4923 910 4978 Nathan
953 4923 1232 4992 propheta
1261 4924 1438 4979 David
1473 4925 1740 4980 adorasse
1768 4926 1976 4981 scribi-

280 5020 376 5068 tur
403 5013 533 5081 (III
567 5012 706 5078 Reg.
750 5026 788 5078 ι,
840 5011 953 5080 23).
988 5011 1148 5067 Unde
1179 5020 1232 5066 et
1260 5013 1433 5068 lacob
1464 5013 1758 5083 fastigium
1793 5014 1975 5084 virga

277 5100 481 5169 Ioseph
516 5099 590 5154 ab
620 5099 889 5168 Apostolo
931 5099 1200 5155 adorasse
1239 5101 1452 5157 dicitur
1504 5102 1704 5168 (Hebr.
1758 5116 1818 5164 ιι,
1860 5102 1969 5172 2t).

277 5187 439 5253 Quod
467 5194 552 5242 est
601 5187 658 5242 in
714 5201 926 5258 magna
958 5190 1326 5246 veneratione
1359 5189 1628 5245 habuisse
1685 5203 1972 5245 summam

276 5276 403 5344 ejus
433 5276 715 5344 potentia,
750 5290 880 5345 qua
910 5276 992 5330 sic
1018 5277 1472 5346 inseparabiliter
1502 5292 1536 5331 a
1567 5278 1679 5331 Deo
1709 5286 1970 5346 paratur.

277 5361 333 5418 Si
372 5363 441 5417 de
481 5365 694 5418 sanctis
725 5365 939 5433 quibus
995 5365 1086 5420 Dei
1148 5365 1343 5420 ﬁliatio
1396 5365 1767 5434 promittitur,
1816 5367 1971 5434 quod

277 5449 608 5506 honorabile
631 5452 704 5506 sit
731 5467 940 5507 nomen
962 5467 1162 5508 eorum
1197 5467 1387 5508 coram
1423 5455 1538 5521 ipso
1564 5453 1778 5508 dicitur
1804 5456 1968 5522 (Psal.

275 5551 424 5604 LXXI,
468 5537 572 5607 14),
605 5537 744 5593 dum
795 5540 851 5594 id
910 5541 967 5594 in
997 5542 1079 5595 eis
1109 5541 1368 5596 Christus
1400 5541 1660 5609 honorat,
1694 5542 1848 5611 quod
1897 5543 1970 5597 ab

2100 3076 2299 3146 potuit,
2327 3077 2438 3131 imo
2463 3076 2782 3144 promoveri
2820 3091 2934 3131 non
2969 3076 3153 3142 desiit,
3174 3075 3253 3131 sic
3282 3076 3591 3131 benedicta
3611 3076 3797 3145 ipsius

2096 3162 2291 3218 Matris
2321 3163 2501 3217 honor
2537 3177 2652 3217 non
2685 3163 2812 3217 dico
2845 3161 3114 3230 tepeﬁeri,
3157 3162 3251 3217 sed
3285 3161 3345 3216 in
3375 3161 3492 3217 dies
3537 3177 3638 3230 pro
3667 3177 3797 3217 suc-

2095 3265 2258 3307 cessu
2316 3260 2640 3320 temporum
2693 3265 2808 3305 non
2866 3265 3091 3320 semper
3149 3251 3393 3306 exaltari
3454 3252 3674 3306 nesciit.
3739 3251 3793 3307 Si

2093 3342 2244 3396 enim
2283 3343 2337 3396 in
2387 3341 2632 3412 singulis
2679 3339 2932 3396 ﬁdelium
2981 3340 3249 3395 atatibus
3295 3340 3625 3396 Christiana
3654 3354 3794 3395 sen-

2094 3431 2289 3493 tentia,
2320 3444 2438 3499 qua
2469 3429 2717 3498 amplius
2748 3428 3082 3495 ventilatur,
3117 3429 3400 3483 astruitur
3442 3435 3496 3482 et
3525 3427 3790 3484 discussa

2093 3519 2173 3573 nil
2233 3519 2390 3574 aliud
2437 3532 2613 3588 quam
2676 3517 2920 3572 solidum
2983 3517 3326 3586 respondere
3401 3515 3634 3584 addicit,
3712 3517 3794 3572 sic

2095 3607 2274 3676 ipsius
2314 3607 2368 3660 in
2401 3605 2677 3661 saculum
2723 3605 3099 3660 clariﬁcanda
3137 3603 3461 3674 virginitas,
3506 3612 3562 3659 et
3612 3606 3795 3661 nullis

2094 3694 2409 3748 haresibus
2449 3693 2867 3760 devirginanda
2895 3691 3212 3748 fecunditas
3243 3691 3331 3747 vel
3376 3700 3793 3748 momentanea

2091 3780 2518 3836 obumbrationi
2551 3780 2879 3848 succubuit,
2940 3781 3054 3835 imo
3109 3780 3574 3849 imperiosissime
3609 3782 3791 3836 ultrix

2089 3868 2439 3938 injuriarum
2515 3881 2756 3923 suarum
2825 3882 2924 3936 per
2994 3869 3379 3924 revolutiones
3438 3877 3788 3938 temporum,

2091 3956 2244 4011 unde
2273 3964 2328 4010 et
2359 3955 2575 4025 ubique
2599 3963 2885 4025 quantum
2917 3965 3183 4028 regnaret
3216 3956 3580 4012 mirabilibus
3601 3965 3793 4013 osten-

2093 4045 2170 4099 sis
2215 4044 2458 4112 aperuit.

2156 4135 2444 4200 Proprium
2495 4134 2604 4200 ipsi
2641 4138 2719 4186 est
2777 4136 3041 4199 misereri,
3083 4139 3268 4202 utpote
3307 4140 3580 4204 sequester
3640 4137 3789 4190 inter

2092 4223 2258 4274 Deum
2301 4227 2350 4274 et
2392 4222 2650 4274 homines.
2704 4250 2774 4262 —
2838 4222 2993 4277 Unde
3042 4223 3348 4291 sequitur:
3413 4226 3480 4276 Et
3525 4224 3788 4279 adorabit

2025 4294 2064 4345 ί)
2091 4312 2264 4363 omnis
2285 4311 2515 4378 pOpulus
2537 4316 2692 4364 terra
2720 4309 2794 4362 ad
2817 4313 3013 4364 ostium
3037 4317 3205 4378 porta
3235 4311 3424 4380 (Ibid.,
3451 4315 3523 4378 3).
3551 4311 3606 4366 Si
3638 4313 3791 4381 prin-

2089 4412 2221 4467 ceps
2255 4397 2358 4451 hoc
2387 4397 2540 4466 quod
2585 4412 2650 4452 ex
2677 4412 2744 4452 ea
2797 4399 3032 4467 accepit,
3066 4399 3120 4452 id
3177 4407 3261 4455 est
3320 4401 3789 4470 integumentum

2088 4485 2333 4556 propria
2386 4485 2763 4541 humanitatis
2811 4487 3032 4554 adorat,
3086 4488 3357 4542 membris
3409 4487 3624 4543 scilicet
3668 4489 3794 4545 suis

2087 4575 2448 4630 adorandum
2501 4573 2774 4638 insinuat,
2825 4574 3136 4630 rectissime
3168 4577 3416 4645 populus
3446 4583 3634 4643 terra,
3672 4593 3790 4632 non

2088 4663 2358 4732 pulveris,
2408 4662 2512 4716 ﬁde
2541 4663 2762 4718 stabilis
2791 4671 2966 4732 atque
2998 4664 3348 4718 fructilicans
3369 4679 3482 4719 non
3515 4666 3788 4733 volatilis,

2084 4751 2261 4820 ipsam
2320 4750 2716 4819 gloriosiorem
2776 4751 3281 4820 supercalestibus
3331 4755 3629 4819 creaturis,
3693 4763 3789 4810 ut-

2084 4847 2212 4908 pote
2243 4853 2373 4908 qua
2405 4839 2652 4905 auctrix,
2688 4847 2744 4894 et
2771 4853 2932 4893 nova
2977 4840 3074 4894 Dei
3122 4840 3247 4895 Filii
3278 4848 3557 4897 creatura
3587 4843 3790 4898 alitrix

2081 4933 2183 4992 est,
2213 4941 2326 4980 non
2368 4927 2536 4980 modo
2579 4934 2641 4981 ut
2671 4935 2906 4981 cateros
2933 4935 3158 4983 sanctos
3203 4929 3464 4996 honorat,
3489 4930 3586 4984 sed
3618 4933 3789 5000 quasi

2081 5028 2451 5083 superparem
2491 5015 2695 5069 Christi
2740 5015 3118 5070 humanitatis
3145 5017 3364 5071 adorat.
3393 5017 3615 5072 Ostium
3648 5033 3789 5075 vero

2083 5110 2166 5158 est
2199 5103 2268 5157 ad
2303 5111 2522 5172 portam
2551 5103 2741 5158 aditus
2780 5104 3187 5173 patentissima
3216 5106 3488 5160 omnibus
3517 5107 3787 5162 dulcedi-

2082 5191 2172 5246 nis
2202 5191 2272 5247 ad
2304 5192 2562 5248 Mariam.
2614 5191 2761 5258 Quid
2814 5192 2966 5247 enim
3015 5193 3445 5248 miserationum
3489 5195 3570 5249 illi
3609 5195 3783 5252 bene-

2079 5279 2244 5335 dicta
2273 5294 2386 5335 non
2422 5281 2648 5346 inﬂuat,
2680 5295 2752 5336 ex
2782 5295 2900 5350 qua
2942 5281 3066 5336 fons
3097 5282 3269 5336 totius
3299 5283 3370 5337 ad
3401 5291 3645 5339 cunctos
3676 5286 3782 5354 qui

2081 5375 2270 5424 tenero
2325 5369 2600 5438 panitent
2659 5377 2982 5438 peccatores
3030 5369 3314 5438 largitatis
3354 5378 3409 5426 et
3443 5371 3643 5442 gratia
3673 5387 3788 5428 ma-

2079 5456 2219 5511 nat?
2249 5456 2350 5512 Cui
2379 5458 2531 5512 enim
2565 5465 2747 5512 totum
2789 5457 2944 5526 quod
2974 5465 3058 5512 est
3087 5457 3478 5514 misericordia
3509 5475 3571 5515 se
3617 5461 3782 5516 infu-

2078 5543 2179 5611 dit,
2231 5545 2516 5612 quomodo
2546 5545 2835 5601 dissentiet
2869 5544 2941 5600 ab
2983 5559 3049 5601 eo
3081 5547 3237 5616 quod
3269 5547 3328 5602 in
3378 5561 3438 5604 se
3468 5548 3782 5605 continens
