3914 6094
195 332 297 382 557

1555 331 1647 387 DE
1688 331 1923 387 LAUDE
1959 331 2015 386 S.
2056 330 2326 388 MARJIE.

3595 338 3697 389 558

192 465 265 521 ad
294 479 400 522 nos
422 465 613 522 fudit?
640 465 758 536 Ipsi
795 465 964 536 plane
992 465 1245 523 misereri
1282 473 1366 523 est
1395 468 1714 537 proprium,
1749 466 1890 537 quia
1924 468 1975 523 A
2000 475 2224 538 reperta
2273 473 2356 524 est
2395 467 2703 524 solitudine
2741 468 2971 537 pensari
3009 467 3235 538 poterit.
3270 468 3380 525 Ubi
3422 483 3538 525 non
3571 484 3702 542 gar-

192 568 325 624 quze
350 568 410 610 se
439 554 511 609 ad
556 555 702 610 tanti
744 553 1187 629 immensitatem
1233 555 1407 611 ofﬁcii
1450 555 1894 612 misericorditer

191 656 227 698 a
254 643 369 699 Deo
410 642 710 713 perpendit
754 651 1132 712 assumptam,
1167 642 1494 714 factamque
1524 643 1673 699 inter
1700 643 1892 713 ipsum

197 731 377 787 Deum
422 730 801 802 hominesque
834 737 1211 802 sequestram,
1259 745 1373 788 non
1421 732 1706 788 immerito
1751 731 1892 787 adeo

192 818 458 888 specialia
501 818 572 874 ad
617 833 722 874 nos
766 817 939 875 habet
969 819 1211 886 viscera,
1238 832 1306 875 ex
1339 820 1554 890 quibus
1580 826 1635 876 et
1666 826 1895 889 propter

192 921 341 977 quos
365 913 452 963 est
480 915 597 962 tam
627 906 1004 978 singulariter
1024 907 1313 964 excellens
1343 914 1407 964 ut
1439 907 1890 964 misericordiam

190 1008 681 1066 consequeremur
708 993 928 1063 eﬁ'ecta,
977 994 1119 1065 quia
1165 995 1319 1051 enim
1369 995 1530 1052 nullo
1572 995 1737 1051 modo
1766 994 1893 1051 ido—

189 1096 301 1138 nea
326 1089 389 1139 ut
416 1082 686 1152 competit
733 1083 1092 1154 pertingendi
1137 1083 1209 1139 ad
1242 1083 1451 1139 Filium
1493 1082 1895 1154 interpellandi

190 1171 385 1241 ipsum
405 1170 684 1240 cuiquam
715 1170 959 1227 facultas
987 1169 1259 1241 suppetit,
1310 1186 1442 1242 quae
1471 1171 1802 1242 eloquentia
1843 1170 1895 1227 ei

190 1258 599 1328 cujuscunque
628 1256 958 1314 mediatoris
977 1258 1215 1329 gratior,
1250 1259 1364 1315 imo
1404 1267 1699 1330 tantopere
1729 1266 1895 1330 grata

188 1361 313 1403 esse
337 1345 571 1412 valebit,
599 1359 778 1416 quam
808 1346 935 1417 ejus
965 1361 1141 1417 quam
1174 1347 1481 1413 honorare,
1515 1356 1582 1404 ut
1606 1348 1655 1403 si
1683 1347 1891 1416 dicam,

191 1432 419 1504 cogitur
448 1440 503 1489 et
545 1433 678 1504 jure
727 1433 1166 1489 necessitudinis
1207 1440 1263 1489 et
1292 1449 1412 1491 suae
1442 1434 1682 1505 imperio
1714 1434 1896 1504 legis?

190 1520 246 1577 Si
278 1520 431 1576 enim
482 1521 837 1577 audientiam
868 1535 1033 1577 suam
1078 1522 1151 1578 ab
1175 1535 1244 1578 ea
1274 1522 1334 1577 in
1385 1523 1583 1593 aliquo
1628 1523 1894 1578 absenta-

188 1616 296 1676 ret,
330 1608 531 1665 nullus
559 1608 632 1664 ad
662 1609 979 1679 rogandam
1013 1609 1120 1664 nisi
1151 1609 1553 1666 miserabiliter
1573 1609 1893 1680 repudian-

2000 555 2282 621 rulorum,
2313 569 2430 611 non
2461 555 2662 611 amasii
2692 555 3055 624 praesentiam
3092 555 3409 624 offenderit,
3454 555 3551 612 sed
3581 556 3701 612 sola

1999 643 2096 698 Dei
2147 643 2241 698 cui
2289 642 2573 699 innutrita
2620 642 2808 699 fuerat
2855 643 3333 712 contemplatione
3370 650 3699 720 contentam

1998 730 2294 801 repererit.
2328 730 2477 798 Quin
2523 738 2578 787 et
2626 723 2806 787 videri
2836 730 3144 801 impatiens
3190 744 3325 787 cum
3378 745 3497 801 qua
3544 731 3696 787 festi-

1999 819 2230 875 natione
2261 827 2533 876 montana
2580 819 2991 888 conscenderit,
3023 827 3076 875 et
3122 833 3256 875 cum
3304 825 3549 891 cognata
3579 833 3699 876 anu

1999 906 2178 977 Virgo
2240 908 2510 963 trimestri
2563 907 2776 964 morari
2825 906 3121 963 mansione
3173 907 3480 978 delegerit;
3541 908 3697 978 quod

1993 994 2325 1066 juvenculae
2354 1010 2469 1051 non
2507 995 2811 1051 minimum
2857 994 3085 1066 insigne
3127 994 3367 1050 exstitit.
3401 995 3473 1050 Et
3502 994 3697 1051 inusi-

2001 1082 2101 1138 tati
2130 1082 2426 1139 eaelibatus
2452 1090 2761 1147 ostentum,
2805 1089 2874 1139 ut
2903 1096 3128 1139 morum
3166 1082 3394 1152 pondus
3431 1082 3694 1149 anilium,

2000 1178 2310 1242 motusque
2356 1185 2582 1227 severos
2622 1185 2739 1227 non
2783 1171 2950 1226 modo
2992 1177 3302 1241 pateretur,
3351 1170 3449 1226 sed
3492 1169 3698 1226 avidis-

1999 1259 2141 1316 sime
2180 1261 2448 1316 alacritas
2493 1258 2769 1329 puellaris
2797 1266 3107 1329 expeteret,
3139 1258 3212 1314 ad
3241 1260 3363 1315 haec
3395 1259 3535 1315 tanti
3566 1273 3698 1314 ma-

1993 1348 2211 1419 jestatis
2257 1348 2455 1419 gaudii
2485 1362 2617 1403 cum
2654 1346 2928 1403 ineffabili
2961 1347 3307 1417 concepisset
3346 1346 3574 1403 affectu.
3607 1347 3698 1403 Ad

2000 1451 2171 1507 quem
2202 1449 2438 1505 prorsus
2468 1436 2660 1506 gloriae
2706 1435 2924 1491 collatae
2970 1435 3416 1490 redundantiam
3448 1449 3697 1505 magna-

2000 1524 2141 1579 nimi
2189 1531 2449 1592 respectu
2480 1524 2805 1589 contulerit,
2838 1537 2910 1577 ex
2938 1537 3002 1578 eo
3036 1521 3399 1591 propalatum
3428 1531 3512 1578 est
3541 1524 3696 1593 quod

2001 1612 2122 1682 ipsa
2171 1611 2467 1667 concinuit
2513 1630 2527 1664 '.
2571 1613 2906 1680 Magniﬁcat,
2954 1610 3165 1679 inquit,
3198 1612 3385 1664 anima
3425 1626 3546 1664 mea
3586 1614 3695 1665 Do-

185 1696 305 1753 duo
334 1696 644 1753 accederet.
671 1696 841 1753 Plane
863 1698 964 1767 qui
987 1706 1259 1753 naturam
1286 1698 1561 1765 condidit,
1586 1706 1642 1754 et
1666 1705 1890 1754 natura;
1929 1763 1959 1767 Δ
1999 1704 2239 1762 minum;
2287 1703 2339 1754 et
2385 1700 2681 1753 emsultavit
2732 1700 2963 1767 spiritus
3004 1713 3155 1752 meus
3202 1702 3261 1751 in
3303 1701 3411 1753 Deo
3460 1700 3697 1753 salutari

180 1785 323 1855 jura
347 1792 765 1856 consequenter
795 1763 1061 1852 instituit,
1092 1785 1237 1841 nulli
1267 1785 1511 1841 dubium
1546 1763 1704 1856 quod
1733 1786 1889 1856 apud
1928 1763 1970 1818 Β
2000 1804 2114 1843 meo
2145 1787 2297 1860 (Luc.
2344 1803 2379 1855 ι,
2413 1788 2501 1854 47,
2551 1788 2659 1855 48),
2697 1763 2804 1843 etc.
2854 1786 3042 1842 Habes
3082 1800 3217 1857 ergo
3264 1786 3532 1856 superius
3560 1802 3697 1843 mu—

183 1886 321 1930 eum
366 1873 741 1944 personalitas
788 1881 1053 1929 materna
1101 1873 1511 1943 praeponderet,
1558 1889 1692 1930 cum
1736 1874 1792 1930 id
1831 1874 1890 1930 in

184 1962 381 2019 causis
425 1960 756 2018 mortalium
807 1961 1064 2032 ingenita
1108 1960 1273 2018 bonis
1323 1962 1596 2018 omnibus
1650 1976 1891 2019 consue-

187 2051 328 2108 tudo
354 2058 675 2107 conservet.

843 2136 1076 2194 CAPUT
1114 2138 1232 2193 VII.
1674 2196 1679 2199 _

257 2230 409 2280 298
442 2227 798 2294 Euangelium
826 2228 886 2279 in
923 2225 1314 2294 Assumptione
1346 2226 1409 2280 B.
1445 2226 1639 2279 Mariae
1670 2227 1776 2293 legi
1802 2241 1886 2280 so-

184 2316 347 2367 litum
379 2315 733 2383 explanatur.
769 2343 839 2354 —
887 2314 1168 2369 Praeterea
1200 2326 1234 2368 a
1266 2313 1530 2383 plurimis
1572 2315 1761 2384 quaeri
1792 2328 1889 2369 so-

185 2401 265 2458 let
290 2415 475 2472 quare
516 2401 575 2456 in
618 2402 745 2472 ejus
792 2401 1200 2470 Assumptione
1245 2401 1546 2472 Evangelii
1584 2401 1729 2458 illud
1778 2401 1888 2472 legi

185 2489 329 2545 solet
356 2488 674 2558 capitulum
709 2503 722 2542 :
770 2489 1027 2557 Intravit,
1059 2489 1271 2545 scilicet
1305 2490 1490 2557 Jesus,
1519 2494 1578 2543 in
1615 2490 1890 2555 quoddam

186 2579 472 2632 castellum
516 2578 666 2648 (Luc.
713 2591 769 2644 x,
815 2580 920 2644 38).
963 2577 1125 2643 Quod
1176 2585 1394 2647 quanto
1438 2577 1610 2647 juxta
1641 2578 1889 2633 historiae

186 2666 456 2741 corticem
492 2665 848 2737 peregrinari
894 2666 1124 2721 videtur
1170 2665 1242 2720 ab
1283 2666 1423 2735 ipsa,
1479 2673 1634 2721 tanto
1681 2680 1887 2721 secun-

188 2756 331 2809 dum
383 2766 616 2807 sensum
668 2752 941 2808 moralem
994 2752 1157 2821 pleno
1208 2753 1704 2823 contemplationis
1736 2761 1890 2809 statu

189 2841 455 2898 subsistit
493 2840 550 2895 in
587 2839 724 2910 ipsa.
754 2839 913 2906 Quod
946 2839 994 2895 si
1024 2840 1117 2895 det
1156 2841 1306 2896 Deus
1335 2840 1521 2896 dicere
1550 2854 1623 2897 ex
1653 2849 1890 2897 senten—

188 2930 271 2986 tia
299 2936 570 2998 poterunt
610 2936 925 2985 monstrare
954 2928 1274 2998 sequentia.

260 3019 499 3111 Intrauit
528 3019 693 3111 Iesus
714 3022 773 3072 in
803 3017 1077 3082 quoddam
1106 3018 1408 3111 castellum.
1452 3015 1748 3083 Quoddam
1795 3033 1887 3075 so-
1930 3054 1971 3111 ρ

186 3106 376 3162 lemus
425 3106 614 3162 dicere
662 3106 731 3161 de
778 3119 847 3162 ea
894 3119 954 3161 re
1006 3119 1186 3176 quam
1236 3105 1498 3161 nolemus
1544 3108 1887 3177 exprimere,

186 3202 293 3251 aut
338 3194 668 3265 nequimus.
702 3194 1010 3249 Castellum
1060 3200 1250 3248 autem
1302 3206 1373 3249 ex
1404 3192 1556 3249 vallo
1598 3202 1655 3250 et
1700 3209 1888 3267 muro,

189 3282 462 3352 turrique
504 3280 824 3346 conﬁcitur,
858 3287 914 3336 et
943 3280 998 3335 id
1027 3280 1216 3350 ipsum
1258 3294 1292 3335 a
1320 3281 1633 3349 castrando,
1665 3288 1719 3337 et
1752 3297 1894 3336 coer-

185 3370 380 3436 cendo,
427 3376 686 3426 vocatur.
741 3368 904 3426 Illius
954 3369 1133 3441 igitur
1186 3368 1497 3425 benedicta;
1548 3370 1894 3426 conscientia

187 3457 493 3514 castellum
543 3457 671 3522 fuit,
719 3472 851 3528 quze
889 3457 1173 3528 quidquid
1222 3458 1338 3513 Deo
1388 3459 1447 3512 in
1491 3472 1550 3514 se
1591 3459 1893 3528 displicere

188 3553 418 3616 poterat
447 3545 709 3602 funditus
750 3559 945 3602 arcere
992 3560 1108 3602 non
1148 3545 1382 3601 destitit.
1434 3545 1539 3601 Sed
1584 3545 1689 3601 hoc
1733 3547 1894 3615 prius

188 3634 368 3691 habet
397 3633 639 3702 vallum,
690 3632 785 3690 cui
809 3640 942 3690 ante
971 3633 1165 3691 omnia
1194 3647 1619 3704 usquequaque
1655 3648 1770 3689 non
1797 3635 1893 3689 de-

186 3722 303 3779 fuit
337 3722 511 3778 totius
537 3722 879 3779 humilitatis
908 3724 1108 3779 imum.
1142 3722 1309 3779 Mure
1334 3721 1584 3792 denique
1616 3721 1889 3793 cingitur,

189 3826 330 3868 cum
379 3825 541 3867 mens
587 3813 713 3882 ejus
757 3811 1085 3868 beatissima
1132 3798 1373 3868 interius
1421 3811 1565 3867 bene
1609 3810 1719 3866 sibi
1764 3824 1893 3881 pro-

188 3899 349 3967 vida,
403 3898 677 3955 exteriori
723 3898 974 3968 corporis
1020 3912 1297 3955 sensuum
1337 3898 1597 3954 custodia
1633 3911 1891 3953 commu-

189 3988 380 4044 nitur.
430 3988 635 4043 Turris
685 3987 1083 4055 introsistitur,
1142 4002 1276 4043 cum
1340 3986 1398 4042 in
1448 3986 1657 4043 humili
1703 3986 1893 4055 corde,

191 4075 476 4147 castigato
518 4077 639 4147 jam
692 4089 949 4145 corpore,
1000 4089 1128 4145 spes
1185 4075 1245 4130 in
1313 4076 1496 4131 Deum
1548 4074 1719 4131 unica
1781 4083 1896 4131 tota

192 4164 538 4236 proceritate
569 4163 903 4235 porrigitur,
954 4163 1113 4219 verbi
1160 4162 1364 4234 gratia,
1415 4177 1547 4220 cum
1592 4163 1744 4219 enim
1781 4165 1896 4220 Do—

195 4252 343 4309 mini
372 4252 547 4308 totius
577 4252 894 4323 majestatis
920 4251 1030 4308 sibi
1059 4250 1398 4308 denuntiata
1429 4250 1630 4308 fuisset
1664 4251 1892 4321 infusio,

1999 1891 2153 1944 rum,
2182 1875 2358 1931 habes
2387 1874 2513 1930 istic
2542 1874 2767 1930 turrim.
2822 1874 3121 1940 Quoddam
3169 1874 3368 1943 itaque
3397 1874 3695 1931 castellum

1998 1973 2103 2029 est,
2136 1964 2291 2034 quod
2338 1963 2602 2019 videlicet
2633 1976 2667 2017 a
2692 1962 2920 2017 nemine
2949 1960 3285 2032 excogitari,
3331 1962 3544 2018 nedum
3594 1977 3694 2018 ex-

2000 2053 2169 2122 primi
2239 2058 2444 2120 potest;
2498 2051 2642 2120 quid
2715 2050 3159 2121 magniﬁcentiae
3224 2052 3499 2118 exterius,
3553 2051 3694 2121 quid

2002 2142 2167 2212 pretii
2200 2141 2348 2196 intro
2378 2141 2607 2207 habeat,
2642 2154 2775 2209 quae
2805 2129 2899 2194 Dei
2941 2145 3122 2194 mater
3148 2135 3269 2193 estl

2071 2230 2291 2284 Martha
2335 2230 2559 2283 turbata
2605 2230 2699 2294 qui
2744 2229 2807 2281 B.
2865 2229 3082 2294 Virgini
3120 2230 3407 2295 competat.
3436 2256 3508 2268 —
3536 2228 3695 2282 Illius

1998 2322 2176 2373 acti-va
2209 2320 2341 2372 vita.
2393 2346 2459 2358 —-
2490 2318 2689 2371 Mulier
2727 2316 2976 2381 quaedam
3021 2315 3245 2369 Martha
3275 2319 3491 2369 nomine
3536 2331 3695 2370 exce-

1991 2411 2082 2477 pit
2106 2422 2227 2461 eum
2262 2409 2322 2459 in
2366 2406 2584 2459 domum
2614 2419 2771 2459 suam
2800 2405 2955 2472 (Luc.
3002 2417 3059 2470 Χ,
3112 2404 3221 2472 38).
3259 2403 3365 2458 Per
3395 2402 3693 2459 mulierem

1999 2495 2241 2551 actualis
2269 2493 2608 2559 fecunditas,
2639 2493 2752 2547 imo
2799 2491 3043 2547 fecunda
3068 2491 3358 2547 beneﬁciis
3388 2490 3695 2549 actualitas

1999 2582 2356 2658 designatur.
2411 2581 2540 2636 Haec
2565 2580 2790 2635 Martha
2815 2578 3046 2647 dicitur,
3080 2579 3219 2649 quia
3250 2580 3448 2636 multis
3474 2581 3695 2643 amari-

1998 2671 2301 2727 tudinibus
2347 2677 2715 2741 provocatur.
2777 2668 2920 2723 Hinc
2982 2674 3066 2723 est
3114 2667 3269 2737 quod
3323 2668 3372 2723 ci
3421 2668 3633 2724 dicitur
3680 2683 3692 2723 :

2003 2759 2266 2813 Turbaris
2331 2772 2461 2826 erga
2514 2759 2763 2826 plurima
2817 2755 2977 2826 (Ibid.
3028 2756 3144 2826 41).
3192 2754 3520 2811 Secundum
3578 2756 3700 2812 hinc

1998 2847 2153 2903 enim
2207 2862 2415 2902 nomen
2462 2847 2590 2916 ejus
2638 2845 3068 2914 interpretatur.
3123 2844 3188 2898 In
3236 2844 3473 2900 domum
3531 2858 3697 2901 suam

1998 2950 2132 2991 eum
2159 2933 2401 3004 excepit,
2435 2947 2567 2989 cum
2601 2932 2767 3003 Virgo
2814 2938 2939 3002 post
2989 2931 3195 2987 Filium
3245 2932 3401 2988 omni
3442 2932 3700 2988 humana

2000 3032 2211 3080 natura
2253 3022 2469 3079 felicior
2520 3021 2619 3076 Dei
2670 3019 2875 3076 Filiqu
2922 3019 3202 3089 concepit.
3249 3020 3466 3076 Domus
3506 3027 3701 3076 autem

2002 3113 2109 3167 fuit
2138 3111 2364 3177 animae,
2414 3110 2620 3165 domus
2658 3107 2829 3164 uteri.
2862 3110 2932 3163 At
2957 3121 3092 3163 vero
3119 3108 3424 3177 exceptrici
3459 3108 3538 3163 illi
3568 3120 3701 3178 quae
3796 3148 3802 3153 .

2001 3198 2304 3255 actualitas
2350 3198 2533 3253 inesse
2582 3196 2835 3267 potuerit
2877 3195 3305 3266 vestigandum.
3337 3194 3538 3252 Caeteri
3567 3210 3703 3251 san-

2000 3288 2072 3343 cti
2104 3286 2222 3342 suis
2242 3284 2729 3341 commembribus
2749 3283 2936 3340 ofﬁcia
2968 3283 3378 3339 muniﬁcentiae
3409 3284 3698 3367 pendunt;

2003 3373 2125 3429 haec
2155 3386 2289 3428 Vero
2342 3371 2446 3442 ipsi
2478 3386 2586 3427 suo
2619 3371 3144 3441 universorumque
3170 3370 3354 3440 Capiti
3384 3370 3701 3441 specialiter

2001 3460 2368 3528 ministravit,
2398 3460 2553 3530 quod
2587 3458 2683 3515 alii
2717 3458 3060 3529 generaliter
3094 3458 3350 3530 vestigiis
3378 3458 3506 3529 ejus
3532 3458 3704 3515 attri-

2002 3549 2210 3606 buunt.
2246 3548 2301 3603 Si
2346 3548 2499 3604 enim
2548 3547 2726 3618 vulgo
2771 3548 2962 3617 egenti
3007 3546 3259 3603 tunicam
3297 3547 3571 3617 praebeas,
3604 3546 3704 3602 illa

2001 3635 2407 3707 omnipotentis
2438 3635 2580 3691 Filio
2626 3649 2699 3690 ex
2751 3635 2850 3690 Dei
2903 3634 3120 3704 Spiritu
3161 3642 3216 3690 et
3263 3649 3368 3690 suo
3418 3634 3702 3705 sanguine

2001 3738 2336 3795 corporeum
2391 3725 2623 3779 schema
2668 3723 2968 3792 compegit.
3033 3722 3089 3778 Si
3136 3736 3342 3792 panem
3414 3721 3739 3799 porrigas.

2001 3814 2100 3870 illa
2147 3828 2252 3870 suo
2291 3811 2545 3870 Creatori
2587 3811 2884 3867 beatorum
2945 3810 3191 3866 uberum
3259 3810 3509 3866 fomenta
3557 3823 3695 3879 sug-

2003 3902 2195 3974 gessit.
2243 3901 2299 3957 Si
2347 3899 2609 3957 muerenti
2656 3898 2938 3955 solamina
2980 3897 3314 3968 praestitisti,
3367 3899 3474 3953 ista
3504 3894 3701 3969 gaudii

2001 3989 2346 4047 universalis
2390 3989 2615 4045 altrices
2663 3987 3014 4057 lacrymulas
3062 3993 3338 4042 materna
3377 3986 3703 4044 dulcedinis

2006 4078 2399 4134 blandimento
2466 4076 2717 4132 detersit.
2769 4074 3062 4145 Quidquid
3107 4088 3433 4147 praerogare
3491 4076 3703 4145 poteris

2003 4166 2294 4233 beneﬁcio,
2328 4166 2450 4222 haec
2479 4165 2627 4222 felici
2674 4163 2958 4235 praecessit
3009 4163 3304 4234 obsequio.
3356 4163 3455 4221 Vis
3502 4165 3704 4222 audire

2004 4255 2420 4312 amaritudines
2476 4254 2691 4324 quibus
2736 4253 2910 4325 juxta
2956 4252 3225 4309 vocabuli
3276 4252 3702 4324 etymologiam,

195 4339 342 4411 quid
374 4339 433 4394 in
457 4338 584 4409 ejus
616 4352 714 4394 ore
738 4338 847 4394 nisi
870 4338 1160 4395 ancillaris
1186 4337 1482 4394 humilitas
1509 4338 1723 4405 sonuit,
1756 4338 1899 4408 quid
1939 4346 1983 4401 ι)
2008 4343 2274 4416 gloriosa,
2300 4357 2429 4413 quae
2450 4342 2531 4399 sic
2560 4341 2934 4407 obseeundat,
2966 4340 3173 4397 mulier
3193 4341 3499 4397 irritatur?
3532 4343 3703 4397 Tuam

194 4429 327 4500 ejus
385 4434 504 4483 tota
550 4427 815 4497 deinceps
862 4426 983 4483 vita
1030 4426 1141 4483 nisi
1190 4425 1482 4482 silentium
1523 4434 1579 4482 et
1625 4426 1899 4484 modestia

197 4515 351 4573 fuit?

272 4604 619 4659 Sanctissimi
660 4602 780 4672 ejus
826 4606 981 4658 actus
1034 4601 1441 4656 describuntur.
1474 4632 1543 4642 —
1579 4601 1736 4658 Unde
1763 4608 1846 4659 est
1881 4618 1895 4657 :

196 4693 390 4747 Maria
438 4695 622 4748 autem
680 4692 1035 4746 conservabat
1078 4693 1262 4746 omnia
1310 4690 1474 4745 verba
1542 4690 1672 4759 haec,
1713 4692 1897 4757 confe-

195 4796 327 4836 rens
356 4784 417 4833 in
453 4780 614 4834 corde
660 4795 757 4834 suo
803 4779 958 4851 (Luc.
1002 4792 1060 4844 II,
1115 4777 1219 4849 19).
1267 4777 1376 4835 Ubi
1417 4777 1899 4834 considerandum

195 4869 262 4926 in
318 4876 554 4939 quantae
612 4867 984 4924 sublimitatis
1032 4866 1243 4923 femina
1304 4866 1403 4922 illa
1445 4866 1664 4938 angelis
1710 4866 1898 4937 praeﬁ-

196 4956 408 5014 cienda
438 4955 592 5012 vallo
625 4954 868 5022 delituit,
900 4970 1033 5025 quae
1078 4969 1206 5011 cum
1250 4954 1438 5024 ipsum
1481 4954 1664 5010 Deum
1707 4955 1899 5011 animo

193 5052 254 5101 et
302 5051 509 5100 ventre
549 5044 672 5115 jam
725 5050 964 5114 gereret,
1029 5042 1358 5098 inimitabili
1418 5055 1538 5098 sese
1589 5041 1900 5113 dejectione

194 5131 481 5190 cohibuit.
516 5131 659 5189 Cum
699 5132 855 5188 enim
887 5132 1110 5187 beatam
1158 5131 1230 5187 ab
1276 5131 1545 5187 omnibus
1574 5130 1899 5200 generatio-

193 5221 376 5278 nibus
431 5219 732 5276 dicendam
786 5234 846 5275 se
903 5233 1026 5276 esse
1076 5219 1304 5286 diceret,
1361 5226 1417 5275 et
1478 5224 1649 5289 tantae
1705 5217 1900 5289 gloriae

195 5309 432 5365 conscia
477 5308 765 5375 existeret,
812 5308 1067 5364 maxime
1110 5307 1324 5363 mirum
1376 5306 1485 5363 fuit
1531 5306 1685 5378 quod
1729 5319 1796 5362 ea
1841 5319 1901 5363 se

195 5396 529 5454 humilitate
556 5396 869 5466 continuit;
919 5396 1075 5466 quod
1124 5394 1183 5451 in
1228 5394 1540 5465 cujuslibet
1588 5393 1901 5465 peccatoris

192 5484 409 5543 habitu
434 5484 682 5541 multum
714 5484 940 5540 laudari
987 5481 1189 5554 potuit.
1225 5481 1363 5550 Quae
1393 5483 1642 5554 denique
1670 5482 1721 5537 ei
1749 5490 1903 5540 exte-

195 5572 328 5630 rius
353 5570 722 5629 observantia
762 5570 954 5640 fuerit,
1002 5585 1076 5627 ex
1121 5570 1249 5641 ejus
1294 5569 1355 5625 in
1403 5583 1522 5641 qua
1569 5570 1643 5627 ab
1695 5570 1900 5641 angelo

2006 4436 2203 4502 ipsius,
2237 4429 2446 4501 inquit,
2491 4434 2734 4485 animam
2770 4429 3140 4498 pertransibit
3182 4429 3405 4496 gladius
3453 4430 3603 4500 (Luc.
3638 4445 3702 4499 ιι,

2007 4520 2121 4590 35).
2145 4518 2291 4586 Quot
2321 4518 2498 4574 Filius
2520 4517 2735 4588 probra
2765 4516 2914 4572 inter
2939 4516 3372 4585 praedicandum
3401 4516 3699 4583 sustinuit,

2006 4612 2087 4662 tot
2117 4604 2493 4660 mucronibus
2525 4602 2705 4659 multo
2736 4601 2978 4673 gravius
3003 4615 3179 4671 quam
3226 4600 3329 4671 qui
3363 4601 3699 4670 perferebat,

2007 4693 2123 4750 imo
2150 4692 2246 4748 cui
2276 4691 2689 4762 irrogabantur
2718 4690 2845 4760 ipsa
2874 4689 3204 4745 succubuit.

2075 4781 2234 4836 Illius
2282 4784 2399 4834 vita
2422 4780 2860 4849 contemplativa.
2902 4806 2975 4819 -—
3002 4780 3074 4832 Et
3116 4777 3243 4832 huic
3285 4781 3405 4832 erat
3426 4792 3580 4832 soror
3606 4794 3703 4833 no-

2004 4874 2149 4924 mine
2190 4870 2371 4923 Maria
2438 4868 2591 4938 (Luc.
2644 4882 2701 4936 x,
2753 4867 2864 4935 39).
2925 4866 3144 4922 Scitum
3188 4865 3402 4935 ubique
3443 4873 3527 4922 est
3566 4880 3707 4922 con-

2006 4955 2321 5026 templandi
2364 4955 2609 5027 gratiam
2655 4954 2715 5010 in
2762 4954 3005 5010 Mariam
3055 4953 3297 5025 signari.
3341 4954 3412 5009 Et
3443 4961 3706 5024 utraeque

2005 5058 2228 5101 sorores
2256 5043 2552 5111 dicuntur,
2588 5043 2726 5114 quia
2756 5042 2814 5097 in
2862 5041 3210 5098 conscientia
3253 5053 3328 5096 ex
3377 5054 3493 5096 uno
3523 5040 3705 5097 divini

2006 5133 2223 5188 amoris
2266 5132 2482 5189 semine
2530 5138 2928 5201 procreantur.
2980 5132 3139 5185 Hauc
3182 5142 3320 5185 vero
3348 5128 3706 5186 benedictam

2007 5234 2183 5290 super
2209 5235 2409 5277 omnes
2440 5220 2698 5275 homines
2728 5217 2906 5288 hujus
2934 5218 3223 5274 credimus
3254 5216 3441 5288 gloria
3471 5217 3707 5274 virtutis

2008 5308 2311 5376 imbutam,
2342 5309 2399 5363 in
2430 5321 2608 5378 quam
2652 5306 2807 5362 enim
2838 5305 3137 5376 plenitudo
3166 5304 3486 5362 divinitatis
3513 5305 3587 5361 ad
3618 5305 3707 5361 in-

2011 5403 2236 5467 tegrum
2288 5411 2408 5453 sese
2453 5395 2793 5461 contulerat,
2843 5409 2955 5450 non
3008 5394 3079 5450 ad
3132 5394 3335 5451 horam
3381 5401 3444 5450 ut
3492 5394 3704 5461 ueteri,

2008 5497 2125 5542 non
2174 5483 2597 5553 particulariter
2636 5482 3018 5553 intinguendo
3066 5483 3365 5539 sentiebat.
3416 5482 3577 5538 Unde
3623 5490 3706 5538 est

2009 5571 2164 5641 quod
2193 5571 2495 5641 sequitur:
2548 5572 2676 5635 Qua
2712 5575 2878 5626 etiam
2921 5571 3111 5625 sedens
3154 5576 3304 5626 299
3344 5585 3495 5625 secus
3540 5569 3706 5637 pedes
