3914 6094
281 298 381 349 559

1181 296 1248 349 V.
1312 295 1641 349 GUIBERTI
1699 296 1990 351 ABBATIS
2037 297 2089 350 S.
2151 298 2385 353 MARI/E
2446 300 2533 354 DE

2597 299 2982 354 NOVIGENTO
3666 304 3763 354 560

277 429 493 481 Domini
512 426 769 481 audiebat
794 425 1014 479 verbum
1039 427 1188 480 illius
1216 428 1370 494 (Luc.
1394 441 1448 493 χ,
1470 426 1578 496 39).
1604 427 1775 482 Secus
1799 426 1967 496 pedes
2004 431 2049 484 A
2078 429 2315 485 interna
2344 429 2521 498 quieti
2549 429 2668 499 jam
2699 437 2800 492 est,
2837 429 2892 483 in
2935 443 3052 498 quo
3100 428 3360 484 laborum
3409 437 3462 485 et
3511 429 3765 485 dolorum

275 517 440 582 sedit,
472 529 604 570 cum
634 514 693 568 in
719 513 926 569 Christi
957 514 1334 569 humanitatis
1379 515 1735 583 susceptione
1776 515 1968 570 debita

275 619 396 660 sese
425 602 744 659 humilitate
778 602 1083 671 depressit;
1119 603 1312 658 sedere
1350 603 1503 658 enim
1539 605 1832 659 humiliari
1859 612 1960 660 est.

276 692 435 748 Unde
465 698 548 746 est
588 705 599 742 :
641 691 878 757 Surgite,
927 695 1218 759 postquam
1264 691 1513 745 sederitis
1562 693 1727 762 (Psal.
1770 707 1961 758 CXXVI,

272 782 344 848 2).
378 782 552 835 Porro
595 779 764 848 pedes
797 779 1042 846 Domini,
1089 780 1269 848 ipsius
1298 787 1434 835 sunt
1475 781 1824 847 humanitas,
1855 781 1962 836 sic-

272 875 336 923 ut
367 874 538 936 caput
571 867 863 923 divinitas.
917 868 1054 922 Inde
1097 876 1152 924 et
1194 869 1506 924 scabellum
1555 869 1677 938 ipsa
1722 876 1965 924 vocatur

273 957 442 1024 (Psal.
495 970 609 1023 arx,
652 954 729 1025 1),
777 955 1122 1024 adorarique
1168 954 1230 1010 iu
1265 956 1483 1024 psalmo
1517 955 1758 1025 jubetur
1794 956 1958 1020 (Psal.

267 1059 424 1112 cvm,
458 1044 531 1113 5).
563 1045 624 1097 In
655 1057 776 1113 qua
806 1043 1013 1098 Christi
1043 1057 1172 1098 caro
1203 1044 1368 1113 quasi
1408 1044 1672 1113 quadam
1702 1045 1828 1114 ejus
1855 1057 1964 1099 ex—

271 1132 526 1188 tremitas
552 1130 891 1201 explicatur.
937 1131 1064 1186 Non
1110 1132 1392 1187 immerito
1443 1132 1621 1202 igitur
1666 1132 1964 1188 benedicta

271 1221 370 1277 illa
398 1235 561 1276 secus
609 1220 712 1275 hos
759 1220 928 1289 pedes
978 1220 1250 1287 consedit,
1302 1220 1462 1289 quia,
1494 1221 1632 1276 dum
1667 1220 1964 1290 perpendit

270 1316 528 1380 quantus
557 1322 592 1363 a
623 1322 682 1364 se
724 1308 1046 1377 concipitur
1084 1308 1516 1377 incomparabili
1548 1323 1667 1364 sua
1693 1308 1964 1379 dejectio-

267 1398 362 1454 nis
389 1398 623 1463 intuitu,
667 1397 794 1467 ejus
825 1410 998 1466 quem
1040 1396 1227 1466 gignit
1256 1404 1356 1452 aut
1388 1396 1629 1466 bajulat,
1664 1395 1830 1466 quasi
1855 1410 1962 1451 ex—

270 1488 464 1543 tremis
507 1484 866 1541 contactibus
910 1485 1102 1539 baret.
1140 1484 1318 1554 Cujus
1349 1493 1566 1555 quanto
1597 1483 1847 1553 proniori
1880 1497 1964 1538 re-

270 1575 525 1631 verentia
553 1581 759 1630 tractat
797 1587 1049 1637 carnem,
1084 1580 1241 1628 tanto
1272 1573 1634 1642 spiritualius
1662 1571 1961 1626 acumina-

269 1671 368 1718 tur
395 1663 465 1718 ad
514 1662 742 1727 divina,
780 1674 910 1730 qua
955 1668 1038 1716 est
1085 1660 1361 1728 Verbum,
1411 1659 1748 1716 substantia
1797 1659 1963 1714 visio-

269 1765 422 1806 nem.
452 1751 505 1806 Si
534 1751 686 1806 enim
717 1763 752 1804 a
797 1749 1009 1804 sanctis
1041 1749 1182 1805 viris
1231 1750 1370 1806 dum
1401 1749 1604 1805 Christi
1636 1749 1965 1804 humanitas

235 1835 242 1842 ”
269 1838 711 1909 pracordialiter
730 1845 961 1893 amatur
990 1844 1045 1892 et
1074 1837 1344 1905 creditur,
1369 1837 1440 1892 ad
1466 1835 1963 1905 contemplandam

268 1929 478 1984 sensim
527 1926 846 1982 divinitatis
896 1927 1022 1996 ejus
1077 1926 1320 1994 speciem
1370 1924 1722 1994 pervenitur,
1783 1923 1960 1992 illam,

269 2027 400 2082 qua
430 2013 611 2067 Deum
659 2018 713 2066 et
761 2011 1048 2065 hominem
1102 2011 1161 2063 in
1213 2024 1270 2065 se
1301 2010 1630 2079 congenuit,
1664 2016 1965 2079 totumque

268 2101 422 2156 intra
461 2114 520 2155 se
551 2097 942 2154 indifferenter
989 2097 1212 2164 habuit,
1261 2097 1329 2152 de
1363 2097 1459 2152 Dei
1495 2097 1676 2168 gloria
1702 2097 1844 2167 quid
1877 2097 1965 2152 Ia-

271 2188 415 2244 tuit‘?
442 2187 622 2257 Cujus
664 2186 724 2241 in
751 2185 859 2241 hac
889 2184 1364 2254 contemplatione
1394 2192 1612 2255 quanto
1644 2185 1752 2240 fuit
1781 2185 1962 2241 beati—

268 2277 407 2332 tudo
469 2274 751 2342 secretior,
816 2280 974 2328 tanta
1033 2272 1355 2328 intellectus
1406 2273 1478 2327 ad
1535 2272 1732 2328 divina
1787 2285 1963 2340 pene—

267 2365 474 2420 tranda
518 2378 592 2419 ex
635 2361 877 2431 simplici
925 2369 981 2416 et
1043 2361 1272 2430 penitus
1337 2360 1586 2416 indivisa
1650 2359 1962 2415 intentione

267 2453 565 2521 profusior.
599 2453 663 2506 In
687 2448 1086 2520 spiritualibus
1116 2463 1230 2502 non
1261 2448 1419 2503 aliud
1446 2455 1531 2503 est
1560 2448 1755 2503 videre
1785 2461 1958 2517 quam

265 2541 487 2606 audire,
519 2539 721 2596 audire
771 2551 949 2608 quam
980 2537 1199 2592 audire.
1249 2535 1398 2599 Quid
1447 2543 1530 2590 est
1581 2549 1717 2606 ergo
1759 2535 1962 2591 audire

265 2628 543 2692 Verbum,
578 2626 690 2681 nisi
720 2625 1038 2694 intelligere
1068 2624 1294 2678 Deum?
1341 2622 1549 2678 Sedens
1588 2623 1784 2692 itaque
1827 2637 1961 2678 ver-

265 2715 404 2771 bum
437 2715 620 2782 audit,
655 2713 794 2783 quia
824 2727 920 2781 per
947 2726 1073 2766 eam
1124 2727 1256 2781 qua
1284 2711 1604 2767 humilibus
1633 2712 1806 2767 datur
1835 2727 1963 2782 gra-

265 2805 424 2869 tiam,
448 2802 790 2858 beatissima
819 2799 1074 2871 Virginis
1106 2801 1321 2867 matris,
1359 2801 1639 2866 animum,
1663 2815 1776 2856 non
1809 2815 1956 2869 pra-

266 2891 573 2963 gustando,
637 2890 733 2946 sed
783 2903 841 2945 se
888 2888 1291 2945 universaliter
1335 2889 1646 2958 ingerendo
1689 2888 1962 2944 divinitas

265 2980 490 3036 imbuit.
547 2978 604 3034 Si
652 2978 805 3033 enim
878 2976 1059 3033 deitas
1101 2977 1360 3045 lseipsam
1409 2976 1583 3032 latere
1647 2984 1846 3046 potest,
1907 2986 1961 3032 et

264 3067 448 3138 ipsam
503 3065 812 3122 benedictis
857 3065 1146 3130 omnibus,
1204 3071 1267 3120 ut
1315 3064 1394 3119 ita
1431 3063 1693 3132 dixerim,
1731 3064 1958 3120 benedi-

255 3157 498 3212 ctiorem
528 3154 748 3224 aliquid
779 3153 1045 3210 divinum
1081 3153 1256 3208 latere
1290 3153 1492 3222 potuit,
1526 3153 1696 3222 cujus
1722 3152 1876 3208 cordi
1904 3159 1960 3208 et

263 3247 426 3300 utero
460 3242 748 3314 quidquid
782 3242 925 3298 illud
954 3247 1055 3308 est,
1089 3241 1244 3311 quod
1278 3241 1428 3296 Deus
1453 3248 1558 3309 est,
1588 3241 1646 3296 in
1677 3241 1838 3296 nullo
1863 3241 1960 3296 de-

263 3332 393 3389 fuit.
719 3382 727 3391 .

333 3419 554 3476 Martha
593 3423 774 3473 autem
813 3418 1099 3485 satagebat
1128 3421 1273 3471 circa
1295 3418 1555 3483 frequens
1594 3419 1959 3471 ministerium

262 3509 412 3582 (Luc.
441 3524 498 3577 x,
534 3507 646 3576 40).
687 3509 982 3576 Frequens
1027 3505 1409 3560 ministerium
1457 3505 1608 3560 circa
1647 3504 1802 3573 quod
1851 3512 1960 3560 sat-

184 3633 186 3636 -
263 3599 402 3670 agit,
437 3598 554 3667 ipsa
584 3603 667 3652 est
691 3594 1010 3651 sollicitudo
1039 3593 1193 3648 circa
1222 3606 1422 3648 curam
1446 3592 1720 3648 Dominici
1752 3607 1958 3662 corpo-

263 3688 360 3753 ris,
407 3699 585 3756 quam
624 3684 682 3738 in
731 3682 1030 3738 benedicta
1058 3680 1296 3751 Virgine
1325 3679 1628 3736 actualitas
1655 3681 1735 3736 sic
1780 3681 1957 3736 mini-

268 3782 412 3831 strat
469 3781 533 3830 ut
577 3770 875 3828 exterioris
923 3769 1169 3824 hominis
1226 3767 1503 3837 obsequio
1547 3768 1728 3837 magis
1776 3781 1956 3838 quam

263 3861 700 3933 contemplando
758 3861 869 3916 Deo
924 3858 1227 3928 aliquoties
1294 3857 1674 3912 insistendum
1731 3857 1952 3926 credat;

261 3953 416 4022 quod
441 3953 596 4007 enim
631 3947 938 4004 carnaliter
964 3953 1262 4016 genuerat,
1290 3953 1345 4001 et
1375 3960 1493 4014 pra
1524 3945 1702 4000 oculis
1731 3957 1955 4014 semper

258 4041 529 4108 habebat,
585 4037 862 4093 nimirum
930 4035 1260 4090 ferventiori
1319 4034 1508 4090 studio
1568 4033 1955 4088 indesinenter

261 4129 516 4184 ardebat.
550 4127 709 4194 Quod
742 4125 909 4194 plane
957 4123 1028 4178 ad
1062 4136 1295 4206 manum
1329 4129 1532 4191 prasto
1561 4128 1798 4188 constat,
1829 4120 1949 4176 ani-

261 4233 391 4274 mus
422 4218 603 4273 multo
634 4217 817 4286 magis
847 4213 1104 4282 affectat;
1148 4221 1203 4268 et
1253 4214 1406 4282 quod
1452 4212 1642 4267 minus
1690 4211 1953 4267 sensibus

2076 515 2322 572 detentio
2361 517 2563 572 crebra
2613 517 2763 571 hanc
2807 517 3041 572 obsidet.
3090 519 3158 572 Et
3190 516 3292 586 qui
3342 532 3442 586 pro
3490 518 3578 572 his
3617 518 3767 572 illam

2073 612 2296 660 certum
2321 614 2403 660 est
2439 613 2603 660 extra
2647 621 2725 672 se,
2781 606 2913 661 velit
2962 606 3122 670 nolit,
3171 606 3311 672 ﬁeri,
3343 606 3484 674 jube
3526 621 3651 662 eam
3696 607 3767 661 ad

2074 706 2257 748 unum
2304 693 2654 748 actualitatis
2700 693 2952 749 ofﬁcium
2999 693 3275 761 cohiberi,
3315 693 3470 749 Nulli
3522 708 3769 764 namque

2073 780 2315 835 dubium
2346 788 2427 836 est
2456 781 2610 850 quod
2643 781 2700 835 in
2726 781 2892 836 corde
2923 780 3265 836 beatissima
3297 781 3555 852 Virginis
3585 783 3767 837 maxi-

2074 883 2168 923 ma
2223 870 2373 925 inter
2425 877 2742 939 utrumque
2798 877 3013 925 statum
3079 883 3254 939 super
3315 869 3423 925 hoc
3479 871 3768 926 altercatio

2073 956 2266 1022 fuerit,
2307 957 2448 1012 dum
2497 957 2633 1012 hinc
2675 957 2735 1012 in
2785 957 2898 1012 Deo
2940 957 3190 1013 videndo
3227 957 3565 1023 delectatur,
3615 957 3768 1012 illinc

2072 1044 2348 1113 corporali
2376 1044 2502 1114 ejus
2557 1058 2702 1100 cura
2766 1043 3125 1100 distrahitur.
3194 1043 3299 1100 Sed
3360 1045 3767 1101 attendendum

2073 1132 2230 1202 quod
2291 1133 2504 1188 dicitur
2555 1134 2744 1186 solam.
2813 1132 2869 1188 Si
2924 1133 3044 1188 sola
3096 1133 3400 1189 actualitas
3461 1133 3765 1200 ministrat,

2071 1221 2320 1289 profecto
2357 1221 2756 1290 contemplatio
2800 1227 2985 1276 vacat.
3019 1220 3156 1286 Qua
3191 1221 3390 1290 utique
3417 1220 3465 1275 si
3495 1219 3769 1288 aliquan-

2070 1310 2142 1364 do
2185 1309 2500 1364 actualitati
2547 1308 2877 1375 inflectitur,
2929 1308 3130 1378 procul
3174 1308 3351 1364 dubio
3404 1307 3764 1363 annullatur.

2070 1396 2207 1464 Qua
2235 1411 2370 1468 ergo
2401 1397 2523 1453 sine
2548 1397 2773 1452 interna
2805 1397 2996 1467 quiete
3041 1397 3122 1452 nil
3165 1411 3336 1468 agere
3365 1397 3594 1464 sinitur,
3629 1396 3769 1451 dum

2069 1498 2208 1554 erga
2252 1483 2503 1552 plurima
2553 1484 2954 1551 conturbatur,
2997 1484 3068 1539 ad
3107 1483 3429 1552 spiritualia
3467 1498 3583 1538 non
3614 1483 3770 1538 leva-

2070 1581 2185 1628 tur.
2218 1572 2511 1637 Quomodo
2543 1572 2736 1642 itaque
2770 1572 2867 1627 illa
2896 1587 3026 1642 qua
3048 1585 3106 1627 se
3135 1573 3314 1627 solam
3343 1572 3594 1642 relinqui
3625 1586 3766 1641 quc-

2071 1660 2238 1727 ritur,
2272 1661 2344 1715 ab
2369 1675 2436 1715 ea
2454 1674 2584 1729 qua
2607 1661 2754 1715 inter
2779 1661 3064 1716 molestias
3093 1660 3255 1716 nulla
3278 1667 3382 1726 est,
3417 1659 3770 1730 adjuvatur?

2002 1724 2043 1778 Β
2073 1747 2178 1803 Sed
2224 1724 2348 1817 ipsa
2396 1724 2697 1803 actualitas
2744 1761 2779 1802 a
2827 1747 3302 1816 contemplatione
3349 1724 3636 1803 auxilium
3670 1747 3769 1802 ha-

2073 1836 2205 1891 bere
2266 1835 2511 1902 videtur,
2566 1851 2696 1892 cum
2749 1851 2909 1892 mens
2962 1836 3326 1892 uniformiter
3381 1836 3536 1906 quod
3595 1837 3651 1891 in
3708 1851 3767 1892 se

2074 1924 2491 1994 praponderat,
2525 1925 2894 1994 exsequitur;
2927 1937 3060 1979 nam
3101 1939 3232 1980 cum
3259 1925 3562 1980 actualitas
3591 1925 3767 1980 alior-

2071 2027 2199 2068 sum
2260 2013 2456 2080 tendit,
2511 2020 2565 2068 et
2619 2026 2778 2067 mens
2829 2012 3252 2081 contemplandi
3310 2013 3480 2068 avida
3549 2022 3768 2069 secreta

2072 2102 2336 2172 requirit,
2363 2115 2433 2155 ex
2462 2115 2529 2156 eo
2581 2101 2701 2170 ipso
2739 2115 2854 2170 quo
2900 2101 2968 2155 de
3015 2114 3292 2156 curarum
3341 2101 3766 2170 multiplicitate

2070 2202 2129 2243 se
2159 2188 2419 2254 retrahit,
2454 2187 2620 2257 quasi
2663 2187 2844 2243 sorori
2896 2187 3164 2243 ofﬁciosa
3211 2187 3483 2256 opitulari
3526 2188 3763 2244 desistit.

2071 2276 2272 2345 Itaque
2301 2275 2369 2330 ad
2373 2275 2392 2344 j
2404 2282 2622 2342 uvaret,
2647 2275 2692 2328 si
2716 2289 2750 2329 a
2769 2275 3049 2330 desiderio
3069 2275 3404 2344 speculandi
3425 2276 3763 2345 quiesceret.

2071 2363 2258 2419 Solam
2293 2362 2470 2433 igitur
2499 2377 2611 2418 non
2640 2363 2932 2432 relinquit,
2963 2362 3010 2418 si
3041 2377 3203 2418 mens
3232 2378 3362 2433 qua
3392 2365 3769 2434 contemplari

2071 2458 2464 2521 proposuerat,
2509 2451 2855 2506 actualitatis
2897 2464 3066 2506 curas
3095 2465 3208 2505 non
3240 2452 3470 2521 refugit.
3503 2454 3766 2508 Contem-

2068 2540 2243 2609 platio
2271 2553 2409 2610 ergo
2444 2539 2707 2609 quandiu
2737 2540 2850 2595 Deo
2889 2539 3240 2609 speculando
3290 2540 3550 2604 feriatur,
3584 2541 3767 2597 solam

2067 2627 2458 2684 actualitatem
2484 2642 2600 2682 non
2631 2628 2889 2697 adjuvat.
2925 2628 2996 2683 At
3023 2642 3184 2682 mens
3205 2628 3251 2682 si
3277 2641 3310 2682 a
3339 2629 3768 2698 contemplandi

2069 2729 2262 2770 amore
2310 2714 2552 2782 fatiscat,
2611 2716 2671 2769 in
2715 2723 3002 2784 quantum
3051 2716 3123 2771 ab
3167 2730 3231 2770 eo
3280 2716 3490 2782 deﬁcit,
3527 2717 3770 2773 liberius

2062 2805 2183 2875 jam
2215 2804 2586 2860 actionalitati
2612 2804 2840 2872 insistit,
2873 2812 2927 2860 et
2955 2818 3027 2859 ex
3056 2805 3162 2859 hoc
3191 2803 3370 2860 solam
3404 2805 3664 2874 adjuvat.

2140 2895 2261 2949 Nisi
2286 2895 2427 2946 Deus
2470 2908 2526 2946 se
2565 2909 2727 2946 carne
2779 2896 3120 2958 contemisset,
3167 2909 3449 2958 nunquam
3495 2896 3635 2960 ferri
3655 2910 3768 2963 po-

1998 3013 2039 3069 C
2069 2984 2278 3034 tuisset.
2324 2980 2592 3036 Attamen
2637 2980 2914 3036 Dominus
2964 2995 3147 3035 unum
3207 2995 3326 3036 esse
3376 2981 3768 3038 necessarium

2071 3068 2424 3138 pronuntiat,
2475 3076 2538 3124 ut
2582 3069 2735 3124 enim
2782 3069 2852 3124 de
2881 3068 3129 3139 gloriosa
3171 3068 3268 3124 illa
3311 3069 3527 3124 femina
3569 3077 3772 3125 tacea-

2069 3171 2219 3222 mus,
2253 3172 2384 3226 qua
2418 3171 2519 3226 per
2539 3156 2945 3223 ministerium,
2978 3157 3135 3225 quod
3165 3158 3323 3212 carni
3361 3156 3441 3211 illi
3470 3171 3774 3212 sacrosan-

2067 3252 2171 3300 cta
2200 3245 2485 3311 exhibuit,
2518 3245 2588 3299 ad
2638 3244 2956 3300 divinitatis
2997 3258 3268 3313 suprema
3296 3245 3544 3315 pertigit,
3577 3247 3772 3302 omnis

2068 3340 2302 3388 sanctus
2345 3347 2462 3388 non
2492 3331 2602 3386 nisi
2649 3345 2749 3401 per
2779 3331 2948 3386 ﬁdem
2980 3345 3353 3401 amoremque
3383 3332 3771 3390 humanitatis

2067 3420 2140 3474 ad
2187 3421 2480 3476 scientiam
2529 3420 2789 3489 pervenit
2839 3420 3181 3474 divinitatis.
3239 3421 3400 3476 Unde
3441 3429 3524 3476 est
3578 3437 3591 3475 :
3646 3425 3772 3477 Nisi

2067 3523 2161 3575 ego
2204 3509 2406 3569 abiero,
2450 3509 2765 3562 Paracletus
2822 3523 2930 3561 non
2974 3512 3153 3561 veniet
3194 3509 3369 3577 (Joan.
3404 3523 3519 3576 xvr,
3553 3509 3630 3580 '7).
3664 3510 3770 3565 Of—

2068 3596 2198 3651 ﬁcia
2226 3611 2478 3666 quoque,
2513 3611 2644 3666 qua
2676 3611 2801 3663 suo,
2833 3595 2973 3652 dum
3005 3596 3300 3653 adviveret
3330 3597 3552 3666 corpori
3590 3598 3770 3653 exhi-

2065 3685 2367 3753 bebantur,
2418 3685 2745 3754 approbans
2791 3685 2871 3740 ait
2917 3699 2929 3738 :
2981 3687 3254 3753 Pauperes
3297 3699 3506 3753 semper
3551 3685 3770 3738 habetis

2064 3775 2357 3837 vobiscum,
2407 3790 2490 3827 me
2542 3777 2724 3827 autem
2778 3789 2886 3827 non
2935 3788 3145 3842 semper
3201 3773 3469 3827 habebitis
3537 3774 3765 3843 (Matth.

2063 3877 2223 3929 xxvr,
2252 3863 2356 3934 ll).
2387 3861 2529 3928 Quid
2553 3876 2688 3933 ergo
2711 3861 3021 3918 benedicta
3054 3862 3132 3916 illi
3155 3863 3340 3932 magis
3373 3862 3769 3917 necessarium

2065 3965 2241 4020 quam
2286 3951 2540 4020 corporis
2581 3950 2859 4006 Dominici
2889 3955 3038 4004 300
3067 3950 3568 4020 integumentum?
3599 3951 3770 4017 Quod

2063 4039 2202 4095 dum
2234 4039 2396 4104 texit,
2440 4038 2671 4108 superni
2714 4038 2972 4093 numinis
3010 4046 3458 4105 sacramentum,
3506 4038 3768 4094 multum

2061 4126 2113 4180 ei
2143 4134 2206 4182 ut
2244 4127 2316 4182 ad
2361 4128 2650 4183 internum
2701 4126 2895 4182 lumen
2935 4127 3228 4196 integeret,
3275 4127 3535 4196 prastitit
3590 4127 3770 4197 adju-

2063 4222 2338 4270 mentum.
2373 4215 2430 4270 Si
2459 4217 2610 4270 enim
2643 4215 2902 4270 Christus
2941 4229 3001 4270 se
3031 4229 3203 4270 carne
3233 4230 3349 4269 non
3381 4221 3610 4284 tegeret,
3648 4230 3771 4284 pu-

259 4307 502 4377 adjacet,
536 4307 593 4361 id
623 4302 1129 4360 intellectualitatis
1154 4301 1303 4356 acies
1332 4299 1637 4356 difﬁculter
1669 4307 1946 4368 penetrat.
1993 4307 2036 4362 D
2061 4317 2163 4358 rus
2208 4303 2300 4358 ille
2341 4303 2569 4359 deitatis
2617 4303 2764 4372 ignis
2797 4318 2912 4373 quo
2963 4318 3021 4358 se
3059 4306 3326 4373 caperet?
3377 4305 3448 4359 Et
3492 4312 3647 4359 certe
3696 4319 3773 4360 ne

261 4398 536 4452 Animum
567 4407 771 4464 nempe
799 4392 1063 4462 colligere
1093 4390 1164 4445 ad
1205 4387 1759 4458 contemplationem,
1789 4388 1950 4458 quie-

262 4492 376 4541 tam
417 4483 665 4555 postulat
702 4496 737 4536 a
781 4481 1024 4549 strepitu
1067 4477 1330 4533 forastico
1363 4476 1754 4532 intentionem.
1795 4477 1955 4532 Unde

256 4582 312 4630 et
341 4581 492 4630 stare
522 4573 750 4635 dicitur,
784 4569 924 4640 quia
955 4566 1170 4623 crebris
1201 4566 1272 4621 ab
1305 4579 1372 4621 ea
1402 4565 1762 4620 conﬂictibus
1791 4564 1951 4620 labo-

257 4671 439 4719 ratur.
498 4663 647 4717 Dum
689 4659 842 4714 enim
887 4657 960 4712 ab
1007 4655 1227 4710 Herode
1265 4653 1613 4709 occidendus
1645 4652 1947 4722 quaritur,

256 4752 396 4807 dum
423 4749 658 4805 Iudaico
683 4747 805 4817 jam
831 4743 1064 4815 juvenis
1094 4742 1270 4797 livore
1301 4741 1614 4811 impetitur,
1643 4741 1781 4797 dum
1816 4755 1953 4810 pra-

258 4839 458 4910 cipicio
485 4838 822 4898 intentatur,
853 4833 994 4888 dum
1024 4830 1288 4886 convitiis
1325 4829 1612 4895 obruitur,
1647 4829 1784 4885 dum
1815 4828 1949 4884 ulti-

258 4943 348 4985 mo
401 4926 560 4984 cruci
612 4923 897 4978 addicitur
945 4919 1126 4976 multo
1184 4917 1486 4974 actualitas
1541 4920 1599 4973 in
1653 4931 1720 4973 ea
1773 4917 1950 4971 animi

256 5017 401 5072 bello
430 5013 793 5070 distenditur.

325 5109 568 5170 Domine,
615 5099 824 5170 inquit,
875 5113 983 5151 non
1023 5099 1102 5149 est
1158 5095 1257 5148 tibi
1303 5109 1444 5148 cura
1483 5093 1630 5159 quod
1677 5107 1804 5146 sora
1832 5107 1951 5146 mea

255 5196 517 5258 relinquit
558 5207 641 5245 me
687 5191 857 5243 solam
903 5186 1256 5240 ministrare?
1306 5184 1490 5252 (Ibid.)
1543 5182 1702 5248 Quod
1745 5189 1826 5237 est
1875 5181 1950 5236 ad

257 5283 442 5351 ipsum
504 5279 781 5343 Verbum,
831 5275 923 5331 cui
967 5272 1252 5329 audiendo
1305 5270 1706 5340 contemplatio
1754 5277 1945 5336 vacat,

254 5371 439 5426 dicere
472 5383 485 5421 :
519 5368 661 5424 Cum
714 5366 820 5420 sim
859 5371 914 5420 et
953 5362 1205 5418 infantia
1234 5360 1544 5430 obsequiis,
1587 5366 1642 5415 et
1686 5358 1946 5428 juventa

255 5455 584 5514 infortuniis
612 5452 901 5510 continuis
931 5450 1334 5508 vexationibus
1375 5455 1673 5517 occupata,
1705 5453 1759 5502 et
1786 5461 1946 5503 com-

253 5545 514 5616 passione
556 5541 780 5606 detrita,
820 5540 1019 5596 nullus
1060 5539 1154 5594 hic
1200 5537 1360 5594 locus
1389 5533 1850 5606 contemplationi
1893 5542 1947 5591 et

2066 4391 2189 4461 ipsa
2220 4392 2452 4460 quidem
2485 4406 2637 4458 caro,
2683 4391 2796 4446 Deo
2841 4393 2897 4445 in
2950 4406 3008 4446 se
3055 4391 3283 4459 latente,
3318 4391 3631 4447 tolerabilis
3674 4407 3771 4447 es-

2062 4487 2163 4546 set,
2201 4479 2311 4534 nisi
2357 4480 2558 4534 mentis
2604 4479 2731 4548 ejus
2775 4479 2966 4534 sinum
2999 4478 3187 4534 virtus
3229 4478 3506 4534 Altissimi
3545 4479 3771 4535 obum—

2063 4569 2275 4623 braret.

2135 4657 2398 4711 Continuo
2447 4657 2544 4709 Dei
2581 4659 2788 4709 uisione
2832 4659 2890 4708 in
2937 4659 3081 4709 terra
3122 4659 3307 4724 posita
3355 4661 3431 4709 est
3461 4656 3525 4708 B.
3567 4657 3766 4724 Virgo.

2062 4746 2242 4797 Maria
2283 4746 2542 4812 optimam
2577 4748 2794 4812 partem
2844 4745 3020 4812 elegit,
3074 4759 3196 4809 qua
3228 4760 3336 4798 non
3369 4745 3660 4810 auferetur
3695 4745 3769 4798 ab

2061 4846 2123 4884 ea
2165 4832 2318 4899 (Luc.
2366 4846 2421 4897 χ,
2457 4829 2569 4900 42).
2623 4831 2774 4886 Licet
2806 4830 2981 4900 igitur
3027 4831 3353 4887 beatissima
3403 4831 3580 4900 Virgo
3624 4832 3770 4887 dul-

2059 4918 2270 4973 cissimi
2301 4918 2425 4973 Filii
2454 4918 2852 4988 corporalibus
2901 4919 3144 4974 nimium
3189 4920 3427 4975 distrahi
3459 4920 3770 4977 videretur

2059 5006 2457 5072 incommodis,
2489 5015 2544 5061 et
2571 5007 2954 5062 exterioribus
2978 5007 3328 5063 detineretur
3350 5007 3575 5071 ofliciis,
3610 5009 3766 5064 nulli

2057 5101 2247 5150 tamen
2278 5095 2548 5150 credibile
2578 5093 2700 5148 sani
2729 5095 2928 5164 capitis
2971 5095 3254 5150 habeatur
3293 5095 3435 5164 quin
3470 5095 3588 5163 illa,
3626 5111 3768 5166 qua

2056 5183 2238 5238 Deum
2291 5182 2681 5238 universitatis
2739 5190 3030 5238 auctorem
3086 5183 3237 5238 intra
3289 5197 3346 5238 se
3403 5183 3763 5247 contulerat,

2057 5283 2317 5340 unquam
2349 5271 2662 5340 ejusquem
2687 5270 2858 5325 semel
2888 5277 3072 5326 totum
3099 5271 3391 5337 hauserat,
3421 5273 3578 5341 quod
3607 5271 3764 5328 nulli

2056 5358 2326 5414 humana
2364 5364 2642 5414 creatura
2672 5364 2756 5413 est
2799 5357 3042 5425 licitum,
3081 5360 3358 5416 continua
3405 5361 3766 5431 contempla-

2057 5447 2207 5502 tione
2236 5445 2325 5502 vel
2357 5445 2429 5501 ad
2455 5446 2653 5501 horam
2673 5445 3073 5517 fraudaretur;
3097 5447 3567 5518 quibuscumque
3597 5449 3762 5505 enim

2056 5534 2182 5591 Filii
2213 5541 2523 5604 angeretur
2543 5533 2856 5618 doloribus,
2888 5549 3193 5605 nunquam
3220 5544 3412 5593 tamen
3442 5536 3574 5593 ﬁdei
3600 5537 3757 5609 ejus,
