3914 6094
221 224 315 275 561

1594 220 1684 273 DE
1723 220 1948 275 LAUDE
1987 221 2041 275 S.
2086 221 2350 276 ΜΑΒΙᾹΞ.

3621 230 3725 282 562

218 369 394 425 quem
431 354 666 410 indubie
696 355 876 409 Deum
899 360 1156 421 noverat,
1181 354 1374 410 fervor
1393 353 1658 423 intepuit,
1681 368 1914 422 pratser-
1951 357 1998 409 A
2020 355 2330 423 comedenti,
2365 360 2442 410 sic
2482 361 2586 410 erit
2631 357 2851 410 verbum
2890 373 3065 411 meum
3118 360 3265 427 quod
3303 360 3610 426 egredietur
3651 363 3720 414 de

217 444 322 498 tim
361 443 455 499 cui
498 443 940 512 dispensationis
993 443 1173 512 ipsius
1213 443 1437 498 occulta
1477 442 1771 512 dispositio
1818 457 1915 497 ne-

217 546 518 602 quaquam
551 531 678 586 fuit.
714 531 855 586 Nam
890 532 1042 600 quod
1075 532 1142 586 de
1169 531 1327 585 nullo
1366 539 1694 586 sanctorum
1726 531 1912 586 credi-

219 627 334 685 tur,
372 620 440 674 de
480 618 576 674 illa
621 619 996 674 universitate
1038 619 1355 673 divinitatis
1401 626 1625 674 tantum
1662 634 1778 674 non
1816 620 1916 674 dn-

218 707 438 762 bitatur
468 707 738 761 habuisse
788 705 1024 772 residui,
1061 713 1126 761 ut
1165 720 1403 775 quaque
1432 721 1664 762 versum
1693 722 1752 762 se
1781 722 1914 777 age-

217 803 322 861 ret,
359 809 666 865 nunquam
698 808 732 848 a
753 795 851 850 Dei
883 794 1100 849 visione
1130 795 1398 860 deseiret;
1431 809 1562 864 quae
1602 795 1753 849 enim
1787 796 1916 863 plus

216 883 419 938 habuit
459 883 516 937 in
577 891 729 937 terra
771 896 950 951 quam
997 882 1260 950 angelus,
1311 896 1427 936 non
1471 882 1660 936 minor
1713 882 1914 951 angelo

214 986 338 1027 esse
369 971 703 1040 debuitpost
722 971 865 1025 tanti
891 969 1300 1025 beatitudinem
1326 977 1544 1040 partus.
1568 969 1633 1036 :Si
1663 983 1914 1040 namque

214 1059 276 1113 in
316 1059 557 1128 angelis,
603 1058 706 1127 qui
755 1057 828 1112 ad
862 1058 1177 1113 ministeria
1222 1059 1556 1128 diriguntur
1604 1059 1911 1114 salvando-

213 1160 346 1202 rum
399 1146 544 1215 (Act.
597 1161 656 1211 ιι,
715 1147 790 1215 2),
839 1145 1145 1201 irremotus
1203 1161 1553 1216 quocunque
1604 1162 1662 1202 se
1689 1155 1913 1204 vertant

212 1235 710 1304 contemplationis
747 1242 910 1290 tenor
959 1235 1240 1305 invigilat,
1293 1235 1432 1305 quid
1483 1237 1540 1290 in
1589 1243 1747 1291 tanta
1797 1245 1912 1291 tam

213 1323 492 1379 ineffabili
524 1323 806 1380 Genitrice
851 1323 1086 1392 agitur,-
1113 1337 1243 1394 quae
1281 1323 1517 1392 proinde
1550 1339 1665 1393 prm
1696 1325 1913 1395 angelis

213 1412 465 1482 regnat?
511 1415 573 1467 In
617 1419 804 1467 mente
850 1412 1021 1480 plane
1059 1411 1243 1481 ipsius
1288 1419 1506 1477 sancta,
1534 1412 1666 1479 imo,
1718 1420 1783 1468 ut
1836 1414 1912 1468 ita

210 1501 481 1568 dixerim,
525 1500 855 1562 subdivina,
907 1500 1388 1556 absurdissimum
1427 1507 1510 1556 est
1541 1499 1778 1572 intelligi
1810 1515 1912 1569 po-

213 1590 412 1656 tuisse,
444 1596 564 1658 post
593 1589 942 1643 exhaustum
975 1589 1117 1643 tanti
1159 1588 1395 1643 sacrarii
1433 1589 1640 1655 locum,
1674 1588 1911 1658 aliquod

211 1676 466 1731 incidere
503 1676 932 1740 detrimentum,
966 1683 1030 1731 ut
1059 1677 1214 1746 quod
1263 1677 1589 1745 parturiens
1618 1676 1904 1743 habuerit,

210 1761 341 1821 fuso
397 1771 565 1832 partu
625 1764 950 1833 perdiderit.
1019 1765 1089 1819 Et
1148 1765 1430 1834 siquidem
1484 1764 1905 1833 e'plenitudinem

212 1851 534 1906 divinitatis
571 1852 942 1920 corporaliter
980 1853 1305 1920 concepisse
1348 1853 1707 1922 dignoscitur
1754 1853 1910 1922 quod

216 1945 397 1994 totum
445 1939 565 2009 jam
615 1940 789 1994 enixa
832 1955 946 1994 non
986 1940 1212 2006 habuit,
1263 1940 1548 2010 quidquid
1599 1948 1787 1996 tamen
1836 1941 1910 1997 ad

213 2028 486 2097 gratiam,
543 2028 901 2098 gloriamque
961 2028 1148 2082 cordis
1197 2028 1459 2098 pertinet,
1520 2029 1678 2084 nullo
1745 2030 1910 2085 modo

211 2118 410 2172 minus
455 2116 726 2171 habuisse
772 2130 806 2170 a
859 2115 1124 2171 fidelibus
1185 2116 1522 2172 zestimatur.
1575 2116 1730 2173 Sicut
1775 2132 1913 2174 sane

211 2213 450 2261 sanctus
502 2205 767 2274 Spiritus,
817 2219 949 2260 cum
1001 2218 1175 2274 super
1224 2204 1506 2274 apostolos
1534 2213 1589 2261 et
1621 2206 1912 2261 credentes

211 2307 316 2363 per
365 2293 595 2364 linguas
624 2292 894 2362 apparuit
942 2292 1088 2363 (Act.
1121 2309 1178 2359 ιι,
1230 2293 1302 2362 3).
1337 2292 1632 2348 recedente
1661 2293 1911 2348 miracu-

211 2381 268 2437 lo
311 2381 370 2434 in
409 2395 612 2436 eorum
659 2381 930 2436 cordibus
979 2396 1080 2451 per
1127 2382 1445 2448 scientiam,
1495 2381 1908 2448 fortitudinem,

211 2477 268 2526 et
334 2483 586 2524 amorem
655 2470 776 2524 sine
826 2469 1231 2524 imminutione
1296 2470 1587 2537 remansit,
1655 2469 1733 2524 ita
1791 2477 1914 2538 post

211 2558 624 2614 exhibitionem
673 2557 914 2613 caelestis
952 2556 1262 2627 puerperii,
1317 2557 1653 2613 excellentia
1703 2557 1914 2613 divinae

214 2646 614 2716 amplitudinis
660 2646 719 2701 in
768 2646 1033 2716 virginea
1071 2653 1278 2713 mente,
1325 2645 1445 2701 sine
1488 2645 1609 2701 ulla
1656 2653 1914 2702 contem-

213 2734 487 2805 plationis
513 2734 767 2803 pristinae
795 2734 1178 2789 minoratione
1204 2734 1432 2789 resedit.

288 2823 458 2878 Recte
487 2822 664 2892 igitur
689 2822 905 2877 dictum
935 2829 1037 2887 est,
1073 2824 1191 2878 Non
1221 2823 1509 2884 auferetur
1538 2822 1606 2875 ab
1641 2837 1704 2876 ea
1756 2823 1911 2889 (Luc.

213 2927 271 2978 x,
303 2911 416 2981 42),
452 2911 592 2979 quia
612 2910 758 2964 sicut
785 2910 842 2964 in
875 2909 999 2979 ipsa
1041 2909 1191 2964 facta
1227 2917 1362 2964 sunt
1405 2909 1701 2965 nullorum
1733 2924 1912 2966 sacu-

213 2999 405 3054 lorum
445 2997 748 3053 eventibus
789 2997 1016 3064 similia,
1073 2998 1154 3052 sic
1184 3011 1302 3067 qua
1335 2997 1507 3052 semel
1541 2997 1762 3052 imbuta
1806 3003 1906 3063 est,

212 3087 400 3142 eidem
432 3084 818 3154 perseveravit
851 3085 1028 3139 animi
1049 3085 1392 3154 eminentia;
1426 3085 1685 3154 alioquin
1711 3085 1757 3139 si
1787 3091 1912 3154 post

213 3181 448 3244 partum
496 3173 768 3238 desiisset,
805 3172 1073 3240 praedicta
1107 3173 1291 3228 virtus
1340 3173 1632 3228 videretur
1681 3173 1911 3228 functo-

211 3260 319 3314 ria.
375 3257 497 3312 Etsi
549 3271 686 3327 ergo
739 3265 1047 3325 conceptus
1109 3264 1359 3326 tempore
1400 3257 1522 3312 haec
1565 3257 1622 3310 in
1676 3256 1912 3326 Virgine

210 3345 401 3417 viguit
431 3345 636 3415 gratia,
681 3344 789 3399 bac
826 3344 1039 3399 scilicet
1078 3345 1243 3414 quasi
1282 3345 1602 3400 conditione
1646 3350 1709 3399 ut
1759 3352 1911 3413 tepe-

209 3440 412 3499 sceret,
444 3439 546 3487 aut
576 3431 859 3486 desineret
889 3439 1108 3501 postea;
1149 3432 1304 3487 unde
1333 3433 1382 3487 ei
1415 3431 1474 3486 in
1521 3431 1677 3487 caelis
1710 3439 1912 3500 praeter

210 3523 540 3578 humanum
576 3519 809 3574 modum
852 3519 1041 3588 terris,
1088 3527 1144 3575 et
1191 3519 1389 3574 inferis
1433 3526 1592 3574 tanta
1623 3518 1912 3587 potentia?

212 3610 467 3667 Profecto
521 3607 616 3663 ubi
661 3607 890 3663 initium
932 3615 987 3663 et
1025 3608 1157 3663 finis
1203 3607 1376 3662 tantis
1421 3606 1737 3676 privilegiis
1774 3620 1909 3660 con-

210 3711 454 3764 venere;
509 3695 696 3750 media
755 3709 1060 3764 nunquam
1110 3695 1290 3750 fateor
1341 3694 1681 3749 detrimento
1736 3693 1911 3748 alicui

210 3795 468 3856 patuere.
521 3784 601 3839 Ad
657 3783 808 3838 hanc
845 3783 1042 3853 itaque
1085 3784 1255 3838 cessit
1297 3782 1524 3852 optimae
1568 3781 1746 3850 partis
1790 3780 1912 3836 ele-

215 3875 349 3941 ctio,
403 3872 542 3942 quia
597 3872 1046 3941 quibuscunque
1101 3870 1478 3926 famulatibus
1528 3869 1680 3923 intra
1731 3869 1912 3938 ipsam

209 3957 440 4015 Martha
487 3955 838 4011 discurreret
886 3954 959 4009 ad
1005 3954 1250 4010 internae
1307 3967 1528 4023 semper
1591 3952 1912 4008 dulcedinis

209 4046 487 4102 nucleum
535 4044 660 4113 ejus
714 4042 1158 4098 convertebatur
1195 4042 1373 4112 optio.
1422 4041 1580 4098 Unde
1624 4049 1679 4097 et
1734 4041 1914 4097 Maria

207 4136 370 4191 stella
418 4136 605 4190 maris.
649 4137 750 4186 aut
790 4131 1163 4184 illuminatria:
1206 4130 1450 4198 dicitur;
1487 4129 1547 4184 in
1577 4130 1722 4185 mari
1753 4144 1910 4185 nem-

210 4238 282 4293 pe
310 4236 384 4278 ex
416 4235 534 4291 quo
566 4219 839 4274 turbatur
881 4233 1021 4289 erga
1051 4218 1303 4288 plurima
1341 4218 1502 4274 stella
1545 4225 1601 4274 et
1631 4217 1916 4273 illumina-

210 4311 331 4367 trix
361 4317 466 4376 est,
501 4308 642 4378 quia
691 4307 750 4361 in
802 4305 1214 4361 tentationibus
1242 4306 1455 4369 saeculi,
1489 4320 1638 4376 quas
1667 4306 1915 4361 actuali—

211 4398 318 4454 tati
378 4394 742 4452 inserviendo
791 4393 1097 4464 aliquoties
1149 4394 1384 4463 patitur,
1429 4393 1560 4463 jugi
1605 4400 1660 4448 et
1704 4393 1916 4448 invicta

214 4486 368 4542 inter
418 4484 679 4540 turbines
738 4481 1146 4552 speculationis
1193 4481 1320 4536 luce
1373 4481 1617 4536 fovetur.
1670 4481 1802 4536 Haec
1847 4480 1916 4535 de

211 4571 468 4643 capitulo
498 4571 765 4641 praesenti
795 4570 1008 4625 dixisse
1041 4567 1315 4635 sufﬁciat,
1346 4575 1410 4624 ut
1439 4568 1700 4624 videlicet
1727 4576 1914 4624 osten-

212 4663 483 4718 deremus
525 4659 814 4728 quomodo
859 4659 1036 4728 hujus
1086 4656 1392 4713 ineffabilis
1426 4657 1680 4713 Dominae
1711 4657 1915 4727 praedi-

215 4749 433 4806 cationi
463 4747 790 4804 conveniat.

876 4833 1109 4891 CAPUT
1144 4833 1272 4889 VIII

289 4926 574 4980 Praeterea
617 4930 673 4979 et
709 4922 1004 4978 Isaianum
1033 4921 1177 4976 illud
1204 4921 1412 4976 discuti
1441 4934 1632 4990 operas
1663 4921 1912 4990 pretium

217 5013 574 5070 aestimamus
632 5011 680 5066 si
737 5011 878 5066 forte
938 5008 1247 5080 praemissis
1291 5009 1542 5064 arrideat
1575 5023 1588 5062 :
1625 5011 1916 5078 Quomodo,

218 5101 435 5171 inquit,
491 5098 764 5154 descendit
812 5098 983 5152 imber
1010 5102 1062 5151 et
1085 5099 1186 5151 nia:
1211 5097 1277 5151 de
1319 5097 1464 5162 coelo,
1497 5101 1548 5150 et
1592 5098 1724 5152 illuc
1769 5100 1920 5153 ultra

216 5205 327 5244 non
387 5191 699 5254 revertitur,
748 5187 843 5240 sed
889 5186 1124 5240 inebriat
1156 5190 1378 5250 terram,
1417 5189 1467 5237 et
1488 5186 1738 5250 infundit
1785 5203 1920 5254 eam,

219 5282 272 5331 et
299 5281 608 5346 germinare
646 5290 768 5330 eam
796 5276 956 5341 facit,
987 5279 1037 5328 et
1064 5274 1162 5328 dat
1204 5289 1379 5328 semen
1407 5276 1607 5328 serenti
1636 5279 1685 5327 et
1729 5290 1924 5344 panem

2027 459 2116 497 ore
2167 459 2295 498 meo.
2350 446 2470 501 Non
2532 450 2831 498 revertetur
2878 446 2954 499 ad
3001 462 3083 500 me
3122 463 3374 514 vacuum,
3417 449 3514 502 sed
3558 451 3728 515 faciet

2027 543 2354 597 quaecunque
2386 531 2552 596 volui,
2606 535 2656 584 et
2685 530 3186 598 prosperabitur-in
3216 536 3285 585 iis
3327 533 3402 585 ad
3430 548 3549 600 qua
3601 535 3729 588 misi

2024 617 2164 670 illud
2207 616 2344 687 (Isa.
2380 632 2471 683 LV,
2525 621 2609 685 10,
2661 619 2762 687 11).
2792 619 2977 673 Imber
3015 620 3320 686 descendit,
3365 636 3498 676 cum
3538 635 3722 691 ange-

2025 704 2116 760 lus
2149 705 2219 759 ad
2251 705 2546 774 Virginem
2599 707 2777 762 verba
2816 707 3159 762 inearnandi
3191 709 3471 777 deposuit.
3512 709 3624 765 Nix
3657 710 3727 764 de

2025 792 2164 849 coelo
2211 793 2387 862 venit,
2443 809 2574 849 cum
2629 809 2687 850 se
2744 809 2778 850 a
2825 797 2992 850 Patre
3039 803 3271 851 sanctus
3317 796 3564 865 Spiritus
3608 812 3725 853 non

2025 881 2319 952 virginum
2386 882 2745 950 sublaturus,
2805 883 2902 938 sed
2956 883 3262 938 candorem
3316 883 3615 939 munditiae
3671 886 3722 940 ei

2023 970 2542 1038 superexcellenter
2570 977 2852 1026 aucturus
2896 971 3123 1026 infudit.
3178 971 3285 1038 Qui
3331 971 3485 1026 enim
3538 973 3722 1041 potuit

2024 1058 2161 1113 dare
2190 1066 2528 1126 conceptum
2567 1059 2729 1128 prius
2770 1059 2828 1112 in
2876 1073 2942 1113 ea
2986 1073 3086 1127 per
3118 1059 3285 1115 fidem
3330 1060 3368 1130 (¹
3419 1060 3550 1130 [26],
3587 1074 3722 1116 cum

2023 1145 2233 1200 actuali
2277 1146 2526 1201 abolevit
2555 1147 2834 1217 originale
2878 1155 3194 1216 peccatum.
3232 1148 3377 1202 Illuc
3421 1148 3574 1203 ultra
3603 1163 3719 1204 non

2023 1235 2351 1300 revertitur,
2401 1233 2541 1303 quia
2598 1248 2760 1290 mens
2808 1235 3118 1290 benedictae
3174 1234 3328 1291 illius
3375 1249 3409 1290 a
3459 1244 3720 1305 percepta

2022 1336 2326 1391 nunquam
2379 1321 2697 1392 spiritualis
2754 1322 2953 1392 gratiae
3004 1323 3386 1393 prarogativa
3431 1331 3713 1380 cassatur.

2019 1410 2164 1465 Illuc
2215 1424 2418 1479 nempe
2469 1417 2873 1477 reverteretur,
2935 1410 2981 1464 si
3026 1418 3291 1479 suscepta
3346 1412 3405 1466 in
3458 1426 3714 1467 vacuum

2021 1499 2144 1554 sine
2171 1499 2365 1555 fructu
2394 1498 2724 1568 accipientis
2770 1499 2841 1553 ad
2881 1499 3062 1554 Deum
3104 1499 3206 1568 qui
3253 1499 3508 1567 dederat,
3541 1500 3716 1555 refer-

2019 1594 2200 1656 retur,
2229 1594 2284 1642 et
2315 1588 2419 1643 hoc
2449 1595 2533 1643 est
2575 1601 2704 1656 pars
2745 1587 2954 1654 Mariae,
2999 1602 3130 1657 qua;
3170 1588 3242 1643 ab
3273 1601 3340 1643 ea
3373 1602 3488 1643 non
3523 1587 3716 1643 aufer-

2019 1683 2114 1733 tur
2143 1677 2288 1744 (Luc.
2323 1690 2384 1745 x,
2415 1676 2522 1746 42).
2561 1676 2808 1731 lnebriat
2837 1683 3028 1732 autem
3070 1684 3302 1742 terram,
3350 1691 3482 1732 cum
3523 1676 3715 1732 insen-

2017 1764 2261 1830 sibilem,
2295 1764 2368 1818 ad
2405 1764 2706 1818 universos
2737 1764 3070 1833 passionum
3111 1764 3470 1820 internarum
3504 1771 3713 1831 motus,

2018 1860 2255 1908 sanctus
2284 1852 2529 1921 Spiritus
2569 1852 2762 1907 Mariae
2807 1852 2992 1906 reddit
3034 1851 3460 1908 conscientiam.
3509 1852 3716 1907 Ebrie-

2019 1949 2106 1996 tas
2154 1941 2307 1996 enim
2347 1954 2578 1995 sensum
2625 1939 2919 1996 doloribus
2965 1940 3139 1996 illatis
3185 1939 3404 2007 adimit,
3456 1947 3715 2009 postmo—

2018 2029 2158 2084 dum
2185 2028 2458 2093 infundit,
2491 2043 2625 2083 cum
2664 2043 2779 2083 non
2810 2028 3044 2084 aliunde
3073 2029 3171 2084 sed
3200 2043 3273 2083 ex
3324 2043 3383 2083 se
3426 2028 3543 2096 ipso
3571 2043 3714 2084 con-

2018 2123 2312 2184 cepturam
2351 2115 2574 2170 imbuit.
2616 2115 2763 2171 Nota
2801 2117 3038 2172 dictum.
3089 2115 3145 2171 Si
3189 2117 3508 2173 secundum
3559 2115 3711 2171 litte-

2019 2218 2144 2259 ram
2175 2205 2527 2274 loqueretur,
2565 2204 2725 2273 prius
2756 2204 3030 2268 infundit,
3063 2205 3428 2274 postmodum
3457 2204 3719 2270 inebriat,

2021 2299 2356 2362 poneretur.

2089 2386 2220 2434 301
2265 2379 2597 2435 Germinare
2637 2393 2764 2434 eam
2815 2379 2970 2447 facit,
3013 2394 3146 2435 cum
3188 2379 3312 2435 sine
3369 2379 3585 2435 semine
3618 2394 3720 2434 no-

2021 2475 2152 2523 strae
2187 2468 2591 2536 redemptionis
2622 2467 2833 2537 pignus
2855 2467 2990 2523 hinc
3018 2467 3187 2523 elicit.
3221 2466 3366 2523 Cum
3397 2467 3722 2537 germinare

2021 2556 2235 2612 dicitur
2290 2557 2415 2610 sine
2463 2555 2772 2625 praemissae
2818 2556 3086 2610 sementis
3133 2554 3428 2617 memoria,
3484 2554 3722 2611 indubie

2021 2643 2292 2699 innuitur
2349 2642 2661 2712 singularis
2712 2643 3023 2698 benedictze
3073 2642 3268 2699 Mariae
3323 2641 3382 2696 in
3439 2649 3720 2710 conceptu

2023 2730 2326 2787 munditia.
2372 2731 2477 2784 Dat
2517 2744 2710 2785 semen
2745 2729 2957 2784 serenti
3003 2743 3136 2785 cum
3183 2744 3315 2800 quae
3346 2729 3720 2799 spiritualiter

2023 2819 2302 2888 concepit,
2363 2832 2494 2873 cum
2559 2833 2624 2872 eo
2676 2832 2851 2888 quem
2907 2819 3127 2887 peperit
3188 2818 3489 2888 spirituale
3545 2817 3715 2873 etiam

1954 2912 1994 2966 C
2024 2921 2217 2962 semen
2242 2905 2467 2961 emittit.
2505 2904 2706 2960 Semen
2749 2906 2957 2960 serenti
2991 2906 3200 2961 exinde
3243 2906 3415 2962 datur
3453 2905 3591 2976 (Isa.
3625 2920 3716 2973 LV,

2025 2995 2129 3062 lO),
2161 3007 2294 3048 cum
2336 2993 2619 3064 generalis
2659 3001 2990 3049 sanctorum
3035 2994 3359 3063 praedicatio
3397 3009 3469 3050 ex
3509 2993 3718 3050 Christi

2021 3082 2413 3138 incarnatione
2442 3082 2685 3137 exhorta
2707 3082 3088 3152 dispergitur:
3117 3083 3210 3137 sed
3233 3083 3338 3138 hoc
3368 3083 3716 3138 doctoribus.

2020 3171 2092 3225 Et
2133 3183 2334 3239 panem
2381 3170 2695 3225 comedenti
2741 3170 2967 3240 (Ibid),
3027 3169 3169 3225 illud
3214 3170 3476 3225 videlicet
3515 3169 3618 3239 qui
3650 3169 3718 3224 de

2019 3257 2158 3313 coelo
2204 3257 2497 3312 descendit
2531 3259 2716 3326 (Joan.
2755 3273 2832 3325 vr,
2880 3258 2990 3329 33),
3031 3265 3086 3314 et
3125 3257 3227 3327 qui
3265 3257 3638 3328 quotidianus
3685 3257 3718 3310 a

2019 3345 2182 3400 nobis
2211 3345 2446 3414 petitur,
2477 3344 2622 3401 nulli
2653 3345 2749 3400 alii
2779 3345 3057 3414 debitum,
3092 3346 3204 3400 nisi
3244 3346 3345 3416 qui
3384 3345 3555 3402 avida
3583 3359 3716 3400 eum

2019 3433 2208 3488 cordis
2238 3433 2402 3489 fauce
2430 3433 2843 3502 complectitur.

2093 3520 2184 3576 Sic
2234 3521 2341 3576 erit
2389 3521 2635 3577 verbum
2691 3535 2884 3577 meum
2929 3521 3084 3590 quod
3139 3521 3464 3598 egredietur
3507 3520 3577 3576 de
3623 3535 3719 3576 ore

2019 3621 2164 3668 meo.
2195 3607 2373 3663 nullis
2410 3607 2727 3662 dictionum
2772 3608 3024 3663 motibus
3059 3608 3458 3675 explanatum,
3491 3606 3589 3662 sed
3619 3607 3716 3660 in-

2019 3695 2471 3764 circumscriptze
2521 3695 2760 3750 rationis
2812 3709 3022 3750 arcano
3073 3695 3144 3750 ab
3177 3693 3451 3749 humanis
3499 3693 3716 3748 conati-

2020 3783 2131 3838 bus
2176 3783 2556 3852 disparatum.
2601 3784 2704 3838 Hic
2749 3790 2833 3838 est
2875 3783 3017 3838 liber
3055 3783 3148 3838 ille
3187 3782 3290 3852 qui
3339 3783 3410 3837 ab
3444 3782 3552 3838 hoc
3599 3781 3716 3849 ipso

2021 3871 2300 3940 propheta
2359 3885 2584 3926 sumere
2656 3871 2891 3941 grandis
2945 3870 3204 3940 jubetur.
3262 3871 3442 3936 Sume,
3501 3870 3715 3938 inquit,

2024 3960 2125 4013 tibi
2172 3960 2370 4012 librum
2427 3960 2710 4028 grandem,
2755 3964 2807 4014 et
2862 3959 3034 4014 scribe
3081 3963 3139 4012 in
3194 3974 3250 4012 eo
3301 3961 3440 4026 style
3487 3959 3716 4012 hominis

2024 4049 2166 4116 (Isa.
2222 4063 2345 4114 VIII,
2401 4047 2470 4117 1).
2530 4047 2647 4103 Hoc
2692 4061 2897 4117 nempe
2941 4048 3092 4103 Deus
3136 4047 3288 4115 apud
3347 4047 3530 4103 Deum
3574 4045 3718 4103 Ver-

2024 4136 2162 4192 bum
2192 4134 2356 4204 stylo,
2395 4134 2450 4190 id
2480 4143 2562 4190 est
2606 4135 2894 4192 intellectu
2934 4135 3112 4192 solius
3159 4135 3255 4191 Dei
3295 4135 3421 4204 capi
3461 4140 3713 4204 poterat;

2021 4224 2119 4280 sed
2147 4230 2210 4279 ut
2237 4223 2364 4292 capi
2395 4229 2693 4293 utcunque
2718 4225 2791 4280 ab
2822 4223 3050 4279 homine
3089 4231 3292 4294 posset,
3324 4221 3717 4278 circumscribi

2025 4311 2362 4367 humanitus
2394 4311 2593 4367 voluit.
2634 4313 2752 4367 Hoc
2779 4326 2917 4382 ergo
2947 4312 3204 4368 Verbum
3239 4311 3549 4382 egreditur,
3583 4323 3716 4366 cum

2024 4414 2084 4456 se
2115 4399 2339 4456 visibile
2372 4413 2470 4468 per
2507 4413 2738 4455 carnem
2769 4400 3039 4456 exhibere
3070 4401 3376 4472 dignatur;
3416 4407 3471 4455 et
3502 4399 3608 4454 hoc
3647 4397 3717 4453 de

2023 4501 2140 4555 ore,
2176 4488 2232 4542 id
2263 4496 2347 4544 est
2382 4488 2451 4543 de
2479 4487 2717 4557 spiritu;
2767 4501 2864 4544 ore
2903 4488 3056 4543 enim
3085 4487 3346 4557 spiritum
3377 4487 3713 4542 emittimus.

2028 4576 2104 4630 De
2135 4589 2231 4630 ore
2266 4590 2517 4644 namque
2550 4575 2864 4645 egreditur,
2897 4577 2998 4645 qui
3028 4590 3102 4631 ex
3133 4575 3254 4631 sola
3281 4574 3519 4644 spiritus
3550 4573 3717 4642 puri-

2027 4670 2138 4719 tate
2193 4662 2254 4718 in
2292 4663 2529 4734 Virgine
2582 4671 2958 4732 procreatur:
3010 4666 3129 4720 Non
3173 4666 3472 4716 revertetur
3517 4661 3593 4714 ad
3637 4675 3720 4714 me

2023 4767 2255 4805 vacuum
2308 4752 2439 4818 (Isa.
2509 4767 2598 4812 Lv,
2671 4755 2781 4820 11).
2833 4751 3096 4807 Vacuum
3154 4750 3320 4820 plane
3387 4748 3616 4816 rediret,
3671 4749 3718 4803 si

2026 4839 2122 4894 Dei
2158 4838 2338 4894 Filius
2369 4839 2441 4894 ad
2493 4839 2550 4895 id
2597 4839 2751 4908 quod
2791 4846 3040 4908 emperat
3086 4838 3355 4893 inefﬁcax
3388 4836 3716 4893 exstitisset.

2026 4927 2171 4982 Nota
2200 4927 2354 4996 quod
2411 4927 2679 4996 superius
2725 4927 2936 4982 dicitur
2966 4940 3080 4981 non
3132 4925 3360 4992 reverti,
3400 4925 3492 4980 hic
3523 4924 3717 4988 etiam,

2029 5015 2124 5070 sed
2156 5029 2271 5070 non
2312 5027 2564 5070 vacuum
2598 5030 2611 5068 :
2659 5029 2690 5069 a
2725 5014 2986 5084 virginea
3023 5014 3177 5070 enim
3225 5027 3284 5069 se
3314 5025 3617 5082 nunquam
3649 5025 3721 5066 ne

2031 5102 2104 5158 ad
2156 5102 2466 5168 modicum,
2517 5110 2704 5158 mente
2761 5102 3005 5170 retorsit,
3057 5103 3154 5157 sed
3205 5101 3436 5172 qualem
3492 5099 3552 5154 in
3605 5099 3721 5155 ﬁlio

2032 5190 2426 5246 denuntiando
2458 5191 2688 5260 reperit,
2719 5205 2902 5259 usque
2933 5191 2990 5244 in
3023 5190 3192 5245 ﬁnem
3237 5188 3553 5258 proprium,
3588 5201 3724 5257 per-

2031 5287 2326 5334 severante
2355 5279 2552 5334 eadem
2587 5278 2762 5334 animi
2810 5279 3012 5349 gloria,
3063 5292 3286 5347 semper
3329 5276 3618 5332 florentior
3664 5275 3722 5329 in

296 5445 404 5506 (26)
435 5441 624 5499 Citfris
654 5443 1065 5498 minutioribus
1099 5450 1402 5498 revocatur
1436 5444 1634 5497 Lector
1663 5441 1732 5496 ad
1764 5450 1926 5500 notas
1964 5459 2094 5514 quae
2125 5444 2360 5500 seorsim
2394 5452 2519 5513 post
2547 5444 2734 5514 Opera
2765 5443 3021 5501 Guiberti
3051 5442 3325 5500 eduntur.
