3928 6070
239 186 338 238 563

1128 186 1185 236 ν.
1226 184 1558 240 GUIBERTI
1599 185 1892 240 ABBATIS
1927 184 1981 240 S.
2027 186 2268 240 ΜΑΒΙΑΞ
2308 186 2397 241 DE
2439 183 2832 240 NOVIGENTO

3633 192 3738 244 564

235 319 421 389 seipsa
447 318 681 388 coaluit;
726 318 903 374 Filius
943 326 1136 374 autem
1189 317 1317 373 licet
1358 333 1472 374 non
1515 333 1734 375 vacuus
1781 319 1921 374 dici-
1958 319 2006 374 Α
2034 318 2362 387 confoveat;
2394 320 2560 389 plane
2605 326 2660 374 et
2696 319 2815 388 ipse
2859 318 3010 376 inter
3058 322 3319 379 homines
3347 337 3521 381 sexus
3548 325 3737 381 visce-

237 415 335 462 tur
389 408 618 475 reverti,
679 407 780 476 qui
836 406 1223 462 visibilitatem
1279 420 1452 476 quam
1513 415 1924 476 assumpserat,

236 497 485 552 dexterae
515 509 740 551 necesse
771 503 894 550 erat
935 502 1190 564 paterna
1229 494 1473 549 restitui.
1522 497 1572 550 Is
1613 495 1746 550 facit
1775 509 1928 565 quae-

237 599 469 653 cunque
513 584 677 638 Pater
715 582 919 649 voluit,
971 583 1110 637 dum
1153 581 1397 637 salutem
1449 583 1762 637 humanam
1812 596 1927 638 non

237 672 359 727 sine
396 685 501 726 suo
541 685 744 727 cruore
786 670 1064 738 exercuit,
1122 677 1177 725 et
1219 671 1324 725 hoc
1370 678 1452 726 est
1505 672 1659 741 quod
1708 685 1927 741 nequa-

235 771 410 828 quam
453 771 676 814 vacuus
717 758 903 814 rediit.
960 759 1024 813 In
1073 757 1141 812 iis
1198 772 1332 812 vero
1379 759 1450 813 ad
1497 773 1627 827 quae
1683 759 1930 814 mittitur

234 853 623 915 prosperatur,
677 846 992 915 praesertim
1049 860 1181 900 cum
1236 859 1270 900 a
1317 859 1424 900 sua
1472 846 1727 913 dextera,
1773 847 1927 916 quod

231 941 315 988 est
379 933 670 1001 divinitas,
723 933 1065 989 mirabiliter
1118 934 1459 999 deducatur,
1518 934 1658 1003 quia
1725 949 1796 990 ex
1861 949 1928 990 eo

233 1021 386 1090 quod
447 1035 649 1090 passus
691 1028 794 1089 est,
843 1036 1008 1076 nemo
1065 1022 1122 1076 in
1171 1035 1304 1076 eum
1359 1022 1448 1091 pie
1490 1023 1763 1078 credulus
1812 1038 1926 1079 non

230 1108 510 1164 salvatur.
1181 1172 1188 1181 ,

303 1197 406 1251 Cui
439 1197 578 1252 illud
609 1212 840 1268 quoque
870 1198 1025 1254 haud
1063 1197 1310 1252 multum
1343 1197 1612 1254 dissimile
1638 1206 1740 1266 est,
1770 1200 1926 1269 quod

235 1285 380 1340 idem
410 1285 546 1340 alibi
573 1287 653 1342 ait
686 1301 697 1340 :
729 1289 942 1350 Rorate,
980 1288 1114 1354 coeli,
1154 1287 1404 1354 desuper,
1450 1292 1504 1343 et
1524 1288 1688 1341 nubes
1727 1289 1928 1356 pluant

225 1372 462 1440 justum,
501 1378 788 1442 aperiatur
835 1379 982 1428 terra
1022 1380 1072 1428 et
1109 1377 1369 1440 germinet
1409 1374 1746 1430 Salvatorem
1796 1379 1922 1443 (Isa.

233 1474 365 1528 XLV,
417 1462 491 1530 8).
543 1461 689 1527 Quid
728 1470 866 1518 sunt
911 1463 1038 1518 εωὶὶ
1085 1462 1193 1517 nisi
1235 1476 1448 1517 arcana
1503 1463 1737 1518 consilia
1774 1463 1925 1519 divi-

235 1550 471 1606 nitatis?
492 1552 651 1607 Unde
672 1552 807 1621 iipse
855 1552 1035 1608 Filius
1080 1553 1257 1619 :Ego,
1318 1552 1523 1622 inquit,
1574 1553 1640 1607 de
1675 1558 1925 1621 supernis

233 1653 354 1691 sum
408 1637 596 1707 (Joan.
648 1655 765 1707 vm,
827 1640 935 1706 33).
987 1639 1123 1696 Coeli
1180 1655 1315 1710 ergo
1374 1655 1572 1695 rorare
1629 1641 1921 1708 dicuntur,

236 1740 366 1780 cum
425 1726 636 1783 divinae
687 1729 1075 1784 miserationes
1140 1728 1471 1783 hominibus
1531 1729 1924 1798 propitiaturre

237 1815 566 1870 flectuntur.
608 1815 802 1871 Nubes
835 1816 1062 1884 pluunt,
1093 1830 1223 1870 cum
1270 1817 1422 1885 quod
1459 1817 1513 1870 in
1557 1831 1615 1871 se
1665 1817 1919 1872 contine~

232 1901 389 1968 bant,
439 1917 612 1971 super
659 1904 880 1958 llhristo
929 1905 1189 1958 nascitur
1218 1904 1368 1959 dicta
1415 1905 1746 1974 prophetica
1808 1906 1924 1960 evi-

229 1990 429 2044 denter
475 1991 798 2046 ostendunt.
849 1993 1023 2046 Terra
1054 1993 1334 2061 aperitur,
1369 2008 1501 2047 cum
1553 2007 1586 2046 a
1628 1993 1925 2048 benedicta

231 2079 468 2149 Virgine
514 2079 704 2134 verbis
749 2081 1023 2150 angelicis
1069 2080 1374 2135 felicissimi
1425 2083 1594 2148 uteri,
1647 2081 1758 2136 imo
1786 2082 1922 2137 bea-

229 2165 431 2221 tissimi
491 2166 668 2222 animi
721 2168 883 2223 sinus
931 2168 1258 2223 obedienter
1305 2169 1596 2236 panditur.
1654 2169 1784 2224 Haec
1840 2177 1923 2224 est

229 2254 326 2308 illa
358 2262 509 2309 terra
541 2255 609 2310 de
641 2270 755 2326 qua
779 2256 988 2312 dicitur
1023 2271 1035 2310 :
1072 2257 1422 2324 Bmcdimisti,
1461 2260 1694 2322 Domine,
1724 2262 1926 2312 terram

239 2347 388 2396 tuam
429 2342 598 2410 (Psal.
632 2359 856 2405 LXXXIV,
895 2347 974 2414 l);
1016 2359 1088 2399 ex
1141 2357 1258 2414 qua
1295 2345 1706 2412 benedictione,
1749 2345 1804 2400 id
1843 2352 1925 2401 est

229 2444 261 2484 a
316 2431 422 2485 Deo
479 2431 731 2502 ingenita
779 2432 1172 2488 fructuositate
1203 2433 1508 2502 captivitas
1551 2433 1724 2488 Jacob
1767 2448 1927 2490 aver-

231 2518 389 2572 titur.
425 2519 556 2574 Hzec
601 2527 685 2574 est
732 2520 926 2588 etiam,
965 2520 1137 2590 juxta
1181 2520 1391 2576 librum
1423 2521 1743 2591 Sapientiae,
1776 2530 1927 2578 terra

229 2607 410 2674 posita
475 2607 530 2661 in
590 2607 880 2662 immensae
937 2610 1214 2664 castitatis
1279 2610 1468 2678 arido;
1543 2618 1597 2665 et
1664 2624 1922 2679 campus,

230 2709 400 2763 quem
437 2694 632 2750 nullus
671 2696 920 2766 conjugii
965 2711 1162 2752 vomer
1199 2697 1508 2764 exciderat,
1548 2706 1748 2767 sponte
1782 2712 1925 2768 ger-

230 2782 459 2836 minans
488 2797 559 2837 ex
593 2783 932 2840 humilitatis
971 2786 1253 2854 profundo
1302 2788 1461 2855 (Scip.
1500 2800 1619 2851 xux,
1662 2791 1734 2853 ‘7).
1782 2787 1926 2842 Nota

2037 422 2168 462 rum
2199 408 2421 477 plenior
2447 423 2570 465 esse
2596 408 2756 466 solet.

2106 494 2548 563 Quamprimum
2600 499 2794 571 igitur,
2847 516 2981 558 cum
3039 500 3110 556 sit
3167 500 3299 566 Deo,
3353 499 3456 570 qui
3522 500 3740 556 miseri—

2037 583 2233 638 cordia
2286 590 2438 639 totus
2481 593 2582 648 est,
2636 587 2823 658 plena,
2879 603 2984 645 nec
3028 594 3238 643 natura
3281 595 3459 654 vacet,
3515 603 3631 658 qua
3670 589 3732 643 ﬁt

2038 671 2342 726 miserendi
2391 673 2578 729 studio
2605 691 2800 743 prona,
2851 685 2906 733 et
2956 677 3012 731 id
3055 689 3250 730 amare
3294 676 3492 732 debeat
3518 691 3588 732 ex
3643 676 3739 732 de-

2039 758 2172 824 bito,
2222 773 2322 829 pro
2380 775 2496 830 quo
2539 777 2597 818 se
2655 766 2829 820 Ρίἰιλλδ
2876 764 3097 820 addixit
3154 764 3438 833 patibulo;
3501 765 3557 819 in
3611 765 3738 834 ipsa

2037 855 2245 902 nostra:
2305 847 2636 905 intentionis
2687 850 2934 921 ﬁgamus
2991 850 3328 913 anchoram,
3395 849 3564 919 cujus
3617 863 3734 904 vox

2037 933 2442 990 universorum
2493 936 2995 994 intercessionibus
3046 944 3275 1006 praestat
3325 951 3458 991 cum
3510 938 3736 992 venerit

2036 1035 2257 1075 coram.
2288 1023 2359 1077 Et
2399 1037 2530 1078 cum
2575 1039 2748 1093 penes
2798 1025 3091 1081 liberalem
3139 1025 3346 1080 Filium
3379 1025 3435 1078 in
3480 1024 3589 1079 hoc
3631 1039 3737 1080 saa-

2036 1109 2165 1164 culo
2205 1110 2382 1166 soleat
2431 1111 2488 1166 in
2535 1120 2761 1169 tantum
2816 1113 3188 1184 praeeminere
3230 1112 3428 1167 matris
3474 1113 3736 1168 auctori-

2041 1204 2172 1264 tate,
2219 1205 2281 1253 ut
2327 1200 2510 1269 magis
2548 1201 2749 1271 jubeat
2795 1216 2972 1272 quam
3020 1203 3245 1270 exoret;
3295 1200 3386 1255 ille
3412 1201 3513 1270 qui
3545 1216 3737 1270 quon-

2037 1285 2165 1339 dam
2208 1300 2266 1341 se
2306 1287 2354 1342 ei
2400 1287 2570 1344 fuisse
2612 1304 2726 1344 non
2769 1290 3047 1345 difﬁtetur
3097 1289 3420 1353 subditum,
3474 1304 3585 1343 non
3621 1304 3736 1358 po-

2038 1372 2184 1438 terit,
2266 1389 2506 1430 securus
2558 1376 2704 1443 dico,
2768 1377 2825 1432 in
2883 1377 3037 1432 omni
3093 1391 3153 1432 re
3212 1377 3294 1431 illi
3351 1377 3736 1446 praestabilem

2035 1475 2245 1532 negare
2272 1463 2551 1533 seipsum;
2579 1471 2636 1520 et
2667 1465 2840 1535 quod,
2871 1473 2934 1522 ut
2967 1466 3305 1522 humanitus
3359 1465 3585 1535 loquar,
3616 1480 3738 1519 non

2035 1563 2220 1619 prece,
2267 1551 2361 1606 sed
2403 1559 2550 1606 nutu
2601 1559 2748 1608 309
2806 1554 2902 1608 illa
2956 1553 3232 1620 intulerit,
3288 1553 3485 1622 procul
3554 1553 3739 1608 dubio

2034 1644 2304 1692 constans
2358 1640 2494 1709 erit;
2552 1648 2608 1696 et
2658 1641 2789 1712 quis
2844 1649 3179 1697 sanctorum
3230 1642 3324 1696 illa
3370 1641 3737 1712 signiﬁcante

2033 1725 2277 1781 tacebit?
2327 1726 2463 1793 Quae
2531 1743 2664 1785 cum
2737 1731 2892 1785 omni
2963 1731 3449 1800 supercrelestium
3511 1732 3733 1800 agmini

2030 1815 2356 1883 spectabilis
2389 1830 2455 1871 ac
2506 1819 2820 1874 reverenda
2875 1820 3165 1885 credatur,
3199 1833 3332 1874 cum
3364 1819 3574 1874 sanctis
3619 1833 3731 1873 cae-

2037 1903 2169 1958 teris
2219 1917 2393 1972 super
2439 1905 2560 1959 suis
2609 1905 2974 1974 petitionibus
3026 1906 3182 1961 haud
3242 1919 3468 1961 morosa
3531 1919 3565 1960 a
3614 1906 3734 1961 Do-

2035 1992 2190 2046 mino
2237 1992 2530 2047 audientia
2565 2008 2678 2048 non
2733 2002 2998 2064 negatur.
3049 1994 3194 2049 Tum
3244 1994 3332 2049 isti
3368 2001 3490 2063 post
3521 1994 3734 2049 Filium

2032 2093 2202 2147 super
2249 2079 2442 2134 omnia
2471 2081 2778 2136 benedicta
2823 2081 3110 2152 quidquid
3161 2081 3414 2149 libuerit,
3455 2096 3570 2151 prae
3619 2096 3737 2137 om-

2035 2167 2205 2223 nibus
2236 2176 2455 2237 quanto
2490 2170 2852 2238 praestantior
2877 2178 2961 2225 est
2992 2170 3063 2225 ad
3097 2179 3224 2225 vota
3259 2178 3583 2239 praestatur.

2103 2257 2213 2312 Cur
2245 2256 2400 2310 beata
2438 2259 2601 2325 Virgo
2642 2259 2751 2311 illis
2802 2259 3128 2327 temporibus
3166 2261 3436 2312 miracula
3475 2259 3730 2313 ediderit.

2032 2372 2101 2383 —-
2138 2344 2276 2399 Inde
2321 2353 2404 2399 est
2446 2346 2598 2414 quod
2643 2345 2832 2413 ﬁdem,
2879 2360 3055 2415 quam
3109 2346 3178 2402 de
3225 2347 3351 2416 ejus
3395 2347 3737 2402 excellentia

2033 2429 2334 2498 habemus,
2380 2433 2516 2488 huic
2566 2437 2757 2488 nostro
2795 2434 3033 2502 tempori
3081 2435 3315 2489 ostentis
3363 2435 3727 2504 potissimum

2033 2517 2355 2574 mirabilius
2393 2520 2618 2576 astruit.
2676 2522 2743 2575 Et
2788 2522 2978 2588 corda,
3029 2521 3330 2592 iniquitate
3376 2523 3730 2590 abundante,

2033 2609 2316 2676 torpentia
2360 2623 2433 2663 ex
2484 2609 2550 2664 iis
2593 2609 2968 2677 recaliﬁcans,
3016 2611 3543 2666 munificentiarum
3576 2611 3730 2665 inso-

2021 2694 2267 2771 litarum
2301 2696 2650 2765 impensione
2698 2696 3023 2767 recolligit:
3077 2697 3198 2752 haec
3227 2698 3424 2752 eadem
3473 2712 3728 2766 namque

2033 2780 2217 2852 signa,
2269 2797 2398 2852 quae
2447 2783 2771 2853 antiquitus
2819 2784 2947 2839 ﬁdei
2998 2784 3347 2840 aediﬁcanda:
3397 2783 3727 2848 valuerant,

229 2870 628 2938 proprietatem
659 2872 819 2927 verbi
855 2873 996 2942 quia
1030 2888 1144 2929 non
1175 2875 1244 2930 de
1282 2874 1441 2942 satis,
1486 2874 1584 2929 sed
1627 2875 1694 2930 de
1730 2882 1926 2944 sponte
1964 2887 2005 2943 ρ
2031 2869 2149 2940 jam
2182 2885 2339 2926 nunc
2367 2871 2549 2927 eidem
2579 2873 2702 2928 sine
2739 2872 3010 2941 operibus
3049 2873 3149 2927 vix
3187 2874 3466 2928 constanti
3499 2881 3552 2928 et
3607 2887 3728 2926 mo-

231 2948 603 3015 nascentibus
653 2961 978 3031 germinare
1025 2960 1238 3017 dicitur
1269 2977 1281 3015 :
1318 2963 1473 3031 quod
1506 2962 1578 3017 ad
1629 2962 1924 3033 Virginem

231 3045 496 3102 refertur.

890 3118 1115 3175 CAPUT
1157 3119 1255 3175 IX.

297 3222 470 3286 Quam
499 3227 721 3290 gratum
757 3229 836 3279 est
882 3225 1020 3279 Filio
1067 3229 1295 3279 matrem
1354 3227 1630 3292 Virginem
1663 3225 1922 3281 laudibus

229 3310 498 3364 extollere.
562 3343 631 3352 —
695 3313 781 3367 Ad
827 3313 1055 3368 laudem
1113 3314 1437 3367 communis
1492 3313 1745 3368 Dominze
1803 3314 1926 3370 hac

231 3397 451 3451 tantilla
497 3399 963 3469 perstrinximus;
1014 3399 1073 3454 in
1124 3401 1338 3470 quibus
1381 3401 1486 3457 etsi
1537 3415 1743 3470 parum
1789 3401 1920 3457 feci-

231 3499 382 3551 mus,
415 3485 682 3542 all'ectum
715 3487 1092 3543 nihilominus
1119 3488 1488 3543 ostendimus.
1518 3487 1698 3558 Cujus
1726 3489 1922 3559 gloriae

230 3585 515 3628 summam
569 3575 790 3630 tametsi
839 3576 1034 3630 anima
1088 3591 1460 3646 nequaquam
1509 3577 1786 3647 capimus,
1823 3593 1922 3633 ne-

229 3659 370 3716 dum
421 3661 622 3732 lingua
667 3663 976 3731 solvamus,
1023 3671 1291 3719 conatum
1324 3665 1524 3734 ;ipsum
1571 3674 1759 3720 tamen
1806 3680 1921 3721 non

230 3750 351 3805 sine
380 3751 614 3820 praemio
650 3766 861 3822 magno
899 3766 1019 3809 esse
1052 3762 1341 3822 putamus,
1381 3754 1508 3809 licet
1543 3754 1712 3823 plane
1758 3769 1920 3810 men-

231 3839 301 3893 tis
345 3838 703 3895 devotionem
750 3841 906 3895 vocis
947 3841 1131 3896 ofﬁcia
1181 3843 1342 3897 nulla
1394 3842 1814 3910 commendent,
1866 3851 1921 3898 et

229 3925 298 3980 ad
350 3926 735 3996 supplendum
765 3929 918 3997 quod
965 3931 1243 3984 sentimus
1286 3930 1527 3986 facultas
1571 3944 1750 4000 parva
1777 3945 1920 4000 sup-

230 4013 460 4082 peditet,
490 4027 694 4070 verum
743 4014 1008 4072 affectare
1059 4017 1327 4073 feminam
1371 4018 1549 4084 illam,
1596 4026 1651 4074 et
1680 4033 1922 4088 praecor-

229 4101 366 4155 diali
413 4115 607 4157 amore
656 4104 971 4174 complecti;
1026 4119 1143 4159 non
1194 4107 1358 4162 modo
1425 4106 1531 4176 ipsi
1592 4107 1916 4176 gratiticum

2032 2958 2196 3014 ribus
2222 2959 2509 3028 erigendis
2556 2960 2766 3015 valent.
2805 2960 2963 3016 Unde
3001 2961 3119 3029 ipsa
3166 2961 3433 3031 ingenitae
3463 2960 3728 3031 benigni-

2029 3045 2161 3102 tatis
2193 3046 2692 3112 haudimmemor,
2726 3061 2842 3103 non
2892 3048 3132 3103 minoris
3163 3049 3330 3103 modo
3373 3048 3567 3119 gloriae
3608 3062 3731 3118 por-

2031 3141 2189 3190 tenta
2250 3135 2620 3204 percelebrat,
2683 3150 2861 3205 quam
2912 3137 3205 3206 quondam
3258 3137 3478 3192 mundo
3535 3138 3727 3192 adhuc

2033 3222 2284 3279 ﬁdeliore
2313 3232 2597 3280 sueverat.
2642 3225 2786 3280 Hinc
2831 3239 2889 3280 se
2932 3233 3056 3294 post
3083 3227 3214 3302 Jesu
3264 3225 3487 3280 Domini
3515 3239 3723 3281 nomen

2033 3310 2264 3366 unicam
2315 3310 2408 3365 cui
2457 3312 2862 3382 resipiscamus
2918 3313 3176 3381 edocens,
3225 3321 3280 3367 et
3326 3327 3498 3368 suum
3553 3313 3725 3383 quasi

2033 3396 2250 3452 ultimae
2321 3398 2638 3454 necessitati
2715 3413 3062 3454 concursum
3135 3399 3575 3454 necessariorem
3637 3401 3730 3455 de-

2031 3483 2277 3540 clivibus
2323 3486 2546 3542 saeculis
2579 3487 2869 3550 indicans;
2913 3488 3053 3556 quia
3089 3487 3241 3543 enim
3281 3487 3446 3543 hodie
3483 3503 3596 3543 non
3641 3496 3729 3545 est

2031 3573 2370 3642 praedicator
2409 3574 2510 3644 qui
2554 3575 2780 3643 m‘utiat,
2826 3576 2950 3644 ipsa
2996 3576 3239 3646 seipsam
3279 3577 3461 3645 quaeri
3498 3576 3725 3644 debere,

2029 3675 2206 3730 seque
2260 3662 2432 3717 etiam
2490 3677 2604 3718 non
2685 3670 2946 3732 rogatam
3002 3663 3274 3733 opitulari
3332 3663 3476 3719 velle
3544 3665 3729 3736 signis

2029 3748 2312 3804 enuntiat.
2364 3751 2547 3820 Igitur
2600 3750 2877 3819 quoniam
2919 3759 3139 3820 quanta
3185 3751 3277 3820 sit,
3315 3759 3724 3822 quantumque

2028 3837 2316 3892 veteribus
2360 3845 2628 3906 portensa
2679 3839 2978 3908 praconiis
3025 3839 3349 3910 signiﬁcare
3409 3841 3722 3903 voluimus,

2027 3923 2272 3993 dignum
2321 3933 2404 3980 est
2461 3926 2632 3980 etiam
2681 3935 2745 3982 ut
2800 3941 2931 3996 quae
2989 3935 3185 3983 nostra
3229 3935 3394 3983 aetate
3446 3930 3728 3999 peregerit

2028 4011 2374 4068 intexamus.
2430 4014 2527 4068 Rei
2567 4021 2757 4069 autem
2804 4023 2974 4084 gestze
3015 4015 3193 4079 locus,
3241 4030 3308 4071 ac
3352 4023 3524 4072 testes
3564 4025 3726 4072 tanta

2027 4108 2163 4155 sunt
2211 4101 2585 4171 contiguitate
2627 4103 2969 4171 probabiles,
3028 4117 3134 4158 nec
3162 4117 3268 4158 sua
3317 4106 3728 4162 numerositate

229 4205 362 4259 qua:
412 4189 588 4244 ubera
636 4191 872 4248 inﬁnitae
926 4193 1160 4263 pietatis
1229 4195 1524 4264 pratendit
1571 4195 1643 4250 ad
1699 4209 1916 4261 omnes,
1957 4179 2002 4234 Ι)
2035 4188 2338 4258 putabiles,
2400 4196 2464 4245 ut
2531 4190 2802 4259 scrupulo
2873 4190 2961 4246 vel
3028 4191 3270 4247 insanus
3339 4193 3554 4249 haerere
3611 4208 3729 4249 non

228 4277 325 4332 sed
372 4277 684 4349 singularis
729 4280 900 4335 etiam
948 4289 1002 4338 et
1049 4282 1239 4338 aditus
1290 4297 1391 4352 per
1423 4283 1603 4352 ipsius
1648 4283 1921 4338 honoriﬁ-

225 4365 469 4421 centiam
518 4367 590 4422 ad
622 4367 850 4434 Filium,
883 4369 983 4439 qui
1023 4384 1138 4425 non
1172 4369 1379 4425 minori
1429 4370 1721 4425 voluntate
1745 4369 1920 4440 lacce-

231 4461 388 4522 ptare
426 4453 785 4524 dignoscitur
823 4456 1109 4526 quidquid
1146 4457 1195 4512 ei
1227 4457 1561 4513 reverentiae
1589 4457 1916 4524 exhibetur,

228 4555 400 4610 quam
436 4542 480 4597 si
523 4556 642 4598 suae
673 4551 1046 4599 cantarentur
1075 4544 1289 4600 laudes.
1325 4544 1381 4600 Si
1415 4547 1567 4600 enim
1611 4545 1670 4599 in
1707 4545 1920 4600 sanctis

227 4630 346 4685 suis
375 4631 527 4686 Deus
556 4631 804 4700 laudari,
840 4633 1078 4702 jubetur
1109 4635 1276 4701 (Psal.
1321 4648 1409 4700 CL,
1442 4633 1522 4704 t),
1549 4640 1604 4688 et
1643 4633 1750 4689 hoc
1796 4634 1919 4690 ideo

227 4718 366 4787 quia
422 4719 574 4788 quod
621 4719 690 4774 de
739 4734 939 4776 eorum
991 4721 1202 4776 virtute
1249 4721 1548 4787 retexitur,
1593 4721 1664 4776 ad
1713 4721 1916 4792 Deum,

227 4806 330 4875 qui
364 4805 614 4873 dederat,
661 4822 773 4861 non
807 4807 1090 4864 immerito
1139 4817 1480 4877 reportatur.
1535 4810 1595 4863 In
1637 4809 1744 4863 hac
1792 4809 1918 4879 ejus

226 4893 568 4962 peculiarior
598 4893 724 4950 laus
751 4902 855 4960 est,
888 4911 1017 4966 quae
1047 4911 1161 4952 non
1193 4897 1376 4952 solum
1426 4897 1484 4951 in
1527 4911 1592 4952 eo
1647 4897 1917 4966 praecellit

221 4981 375 5050 quod
410 4989 590 5037 mater
617 4991 718 5048 est,
753 4983 850 5039 sed
881 4984 1036 5054 quod
1065 4985 1136 5040 ad
1186 4985 1488 5041 levandam
1517 4992 1769 5040 nostram
1807 4985 1912 5039 mi-

223 5068 432 5123 seriam
474 5068 842 5126 ineﬁ‘abiliter
886 5071 1120 5127 acclinis
1172 5080 1302 5128 est:
1353 5072 1507 5142 quod
1555 5079 1704 5128 certe
1761 5072 1916 5142 apud

220 5169 346 5210 eam
377 5169 449 5211 ex
505 5156 693 5215 debito
734 5165 975 5227 constat,
1031 5159 1171 5230 quia
1219 5173 1365 5230 quos
1405 5159 1584 5214 Filius
1634 5160 1917 5229 sanguine

221 5241 445 5312 liberat,
497 5245 739 5316 dignum
800 5255 883 5303 est
949 5255 1012 5304 ut
1079 5248 1200 5303 haec
1258 5247 1531 5303 sereniori
1585 5247 1916 5318 dignatione

292 5397 424 5466 (26‘)
449 5397 592 5454 Vide
623 5399 914 5463 Herman,
951 5403 1047 5458 lib.
1078 5419 1158 5470 ιιι,
1191 5418 1242 5459 c.
1271 5407 1360 5470 27,
1395 5403 1450 5458 in
1482 5404 1742 5474 Append.

2029 4276 2248 4332 debeat.

2703 4348 2936 4405 CAPUT
2975 4350 3047 4405 Χ.

2100 4455 2426 4507 Miraculum
2506 4454 2572 4507 de
2652 4455 2892 4522 muliere,
2951 4455 3280 4511 Teodeberta
3363 4461 3596 4524 nomine,
3656 4459 3728 4512 ab

2026 4545 2150 4609 igne
2197 4543 2427 4596 liberata
2469 4541 2619 4612 (26‘).
2673 4573 2742 4581 —
2787 4543 3096 4599 Chiviacus
3139 4544 3276 4598 villa
3326 4552 3408 4600 est
3458 4546 3730 4616 episcopii

2027 4630 2444 4695 Laudunensis,
2467 4630 2539 4686 ab
2567 4631 2688 4699 ipso
2708 4631 2921 4700 oppido
2946 4631 3249 4687 interstitio
3271 4632 3446 4689 ferme
3474 4635 3726 4690 duorum

2027 4717 2269 4773 millium
2313 4717 2550 4784 distans,
2594 4717 2653 4773 in
2700 4732 2818 4786 qua
2854 4720 2942 4774 vir
2983 4719 3221 4788 quidam
3265 4735 3395 4776 cum
3440 4736 3548 4777 sua
3585 4738 3725 4778 con-

2020 4803 2159 4874 juge
2199 4818 2586 4869 commanens,
2632 4806 2809 4861 ﬁliam
2857 4820 2929 4861 ex
2979 4808 3102 4877 ipsa
3137 4807 3288 4864 inter
3333 4810 3475 4865 alios
3517 4810 3726 4867 liberos

2024 4891 2298 4948 extulisse
2325 4893 2704 4964 dignoscitur.
2745 4893 2881 4960 Quae
2930 4909 3220 4952 annorum
3253 4897 3544 4954 nubilium
3588 4913 3723 4955 cum

2027 4979 2419 5036 habitudinem
2464 4980 2762 5052 attigisset,
2813 4990 2869 5037 et
2913 4983 3252 5053 jucundiori
3305 4993 3443 5042 tunc
3484 4988 3721 5056 tempori

2024 5069 2426 5137 opportunitas
2471 5069 2808 5126 substantia
2856 5071 3158 5138 arrisisset,
3217 5073 3559 5130 adolescenti
3608 5076 3726 5132 cui-

2022 5155 2172 5224 piam
2218 5164 2464 5226 nuptum
2513 5157 2708 5214 datur.
2759 5159 2927 5215 Hunc
2975 5162 3286 5231 utriusque
3338 5163 3590 5232 parentis
3637 5165 3719 5219 af-

2022 5242 2188 5299 fectio
2241 5245 2466 5300 sibimet
2511 5245 2874 5303 charitudine
2919 5255 3080 5304 tanta
3120 5249 3429 5317 contraxit,
3485 5259 3549 5307 ut
3595 5251 3719 5307 sine
