3914 6094
182 215 285 264 565

201 215 285 264 ἱϐὅ
1553 219 1641 274 DE
1680 221 1911 276 LAUDE
1950 219 2004 274 S.
2049 219 2310 274 MARLE.

3579 227 3680 279 566

182 347 423 416 privatae
454 348 534 404 rei
582 348 878 418 dispendio
898 349 1100 420 juveni
1133 365 1264 406 cum
1303 353 1490 421 puella
1533 355 1642 409 sub
1666 355 1876 410 eisdem
1916 355 1965 410 A
1991 361 2114 410 tum
2145 355 2303 418 lecto,
2358 368 2474 424 quo
2501 369 2632 410 cum
2676 354 2790 410 ﬁlia
2819 356 3079 413 cubitare
3125 367 3523 426 consueverat,
3577 375 3683 416 su-

179 436 403 492 mdibus
453 451 649 492 mensa
688 437 1006 506 thorusque
1036 436 1244 493 forent.
1286 441 1428 496 Cum
1464 441 1642 511 igitur
1682 444 1738 498 in
1770 457 1876 512 pa-

181 526 361 579 ternis
393 525 488 579 illa
535 540 668 580 cum
716 526 839 580 viro
885 526 965 580 sic
995 531 1209 594 ageret,
1243 535 1297 584 et
1346 529 1491 584 mira
1531 538 1714 585 mater
1743 531 1876 586 dili-

183 613 376 682 gentia
401 627 535 668 eum
577 626 751 667 causa
787 613 914 668 tilize
945 615 1245 680 excoleret,
1284 631 1396 670 non
1444 619 1625 687 major
1657 626 1877 688 poterat

181 699 422 770 reperiri
472 701 676 771 puellae
728 715 890 756 amor
935 703 1004 756 ad
1053 718 1294 771 puerum
1335 721 1512 775 quam
1564 721 1760 762 socrus
1803 707 1874 761 ad

181 802 482 858 generum.
530 791 656 858 Ipsa
696 789 874 859 igitur
919 791 1239 846 celebribus
1266 807 1398 848 eum
1430 795 1671 850 ornabat
1707 795 1874 849 indu-

178 876 308 942 viis,
334 877 567 946 opipare
628 877 924 947 satagebat
994 878 1048 932 in
1110 880 1316 948 epulis,
1376 882 1496 950 ipsa
1552 882 1754 937 faciem
1809 895 1877 936 ac

177 965 369 1019 crines
409 966 620 1029 eluere,
669 966 930 1020 cubitum
975 967 1143 1021 ituris
1175 968 1368 1022 mollia
1415 977 1684 1031 sternere,
1713 983 1873 1037 qure-

175 1052 324 1106 renti
385 1053 738 1120 mancipium
789 1052 973 1120 prima
1019 1053 1300 1120 assistere,
1349 1055 1622 1122 officium,
1674 1065 1876 1124 printer

175 1140 478 1202 thalamos,
514 1142 568 1195 in
603 1141 873 1196 omnibus
917 1155 1320 1210 praeoccupare
1353 1143 1499 1209 filim,
1534 1152 1607 1210 et,
1634 1152 1698 1199 ut
1741 1146 1871 1200 uni-

172 1243 342 1284 versa
390 1230 749 1295 contraham,
787 1244 901 1283 non
943 1238 1221 1286 matronae
1254 1232 1582 1301 imperium,
1627 1233 1720 1288 sed
1753 1234 1873 1288 dis-

169 1332 381 1372 cursus
435 1318 707 1372 exhibere
752 1318 1134 1387 pedissequze;
1181 1320 1320 1374 nihil
1357 1327 1543 1376 tamen
1591 1322 1874 1376 adulteri-

169 1420 314 1460 num
364 1405 709 1461 moliebatur
739 1406 859 1461 haec
909 1420 1068 1461 cura.
1121 1407 1190 1462 Ut
1232 1407 1443 1463 scilicet
1492 1409 1660 1478 quasi
1705 1410 1773 1464 ad
1815 1425 1872 1465 se

165 1492 212 1546 ei
252 1492 622 1561 ingerendam
675 1492 1093 1547 distraheretur
1123 1507 1155 1547 a
1186 1493 1320 1558 lilia,
1367 1495 1461 1549 sed
1499 1503 1562 1550 ut
1591 1496 1744 1550 aetati
1777 1497 1869 1551 lu-

165 1579 340 1635 bricae
404 1580 648 1649 propriis
709 1580 882 1634 tiliam
944 1581 1232 1650 obsequiis
1297 1584 1740 1651 commendaret,
1810 1592 1863 1640 et

165 1667 510 1722 adolescenti
559 1667 689 1723 totis
736 1668 1165 1724 urbanitatibus
1212 1678 1480 1726 accurato
1530 1671 1658 1726 tiliae
1717 1671 1862 1728 affe-

165 1763 323 1810 ctum
356 1755 626 1810 alliceret.

234 1844 464 1898 Interea
485 1843 696 1898 diaboli
725 1844 1042 1913 versipellis
1073 1845 1286 1900 astutia
1331 1846 1387 1900 in
1422 1854 1642 1915 partem
1676 1855 1862 1902 retor-

163 1945 344 2000 quere
370 1931 659 1986 sinistram
693 1932 977 2002 quidquid
1014 1933 1290 1988 benevola
1325 1933 1636 1989 intentione
1669 1933 1860 2002 ﬁebat,

160 2027 215 2074 et
275 2019 464 2074 socrui
518 2033 616 2088 per
674 2020 980 2076 maledicos
1043 2035 1274 2076 naevum
1340 2021 1537 2077 multae
1593 2022 1862 2078 foeditatis

161 2106 417 2171 inurere,
461 2108 614 2177 quod
661 2108 919 2164 videlicet
960 2123 1332 2179 nequaquam
1361 2110 1545 2179 gratia
1587 2109 1760 2178 prolis
1805 2109 1861 2165 id

159 2194 394 2260 faceret,
453 2197 547 2250 sed
597 2205 660 2251 ut
700 2197 879 2252 eidem
929 2213 1030 2267 pro
1080 2197 1197 2252 filia
1245 2213 1363 2254 sese
1403 2205 1672 2254 mutaret.
1717 2197 1858 2253 Cum

159 2281 345 2352 igitur
401 2283 824 2340 incrementum
895 2293 1145 2341 sumeret
1194 2286 1252 2340 in
1293 2287 1412 2341 dies
1464 2294 1575 2341 tam
1626 2287 1860 2342 absoleti

157 2371 412 2426 rumoris
465 2372 765 2436 acerbitas,
814 2380 867 2428 et
919 2373 1179 2428 mulieris
1224 2373 1482 2428 animum
1535 2381 1863 2430 concuteret

158 2468 332 2515 tanta)
377 2459 638 2514 falsitatis
702 2459 1060 2514 intoleranda
1114 2461 1462 2530 malignitas,
1521 2470 1738 2532 quanto
1802 2459 1860 2518 se

157 2547 442 2601 sentiebat
471 2547 900 2615 superillatione
932 2549 1126 2617 probri
1159 2549 1338 2618 hujus
1367 2549 1671 2617 insontem,
1705 2542 1860 2605 tanto

157 2635 374 2702 aegrius
413 2633 628 2690 ferebat
654 2635 762 2691 dici
802 2637 957 2691 unde
997 2637 1151 2706 quod
1184 2637 1410 2706 pietatis
1454 2639 1642 2693 studio
1686 2653 1858 2694 exer—

157 2725 340 2790 cebat,
372 2723 527 2792 vulgi
581 2725 702 2794 ipsa
743 2733 1060 2780 verteretur
1094 2725 1149 2779 in
1191 2725 1466 2780 fabulam.
1516 2727 1615 2782 His
1664 2726 1858 2796 itaque

156 2818 280 2879 post
329 2811 563 2881 aliquod
627 2821 852 2882 tempus
891 2814 1075 2868 evicta
1125 2814 1412 2881 molestiis,
1469 2815 1633 2884 cmpit
1683 2830 1854 2885 quem

1987 443 2193 513 pinari,
2241 443 2574 514 sabanoque
2635 457 2702 499 ac
2747 446 3005 501 vestibus
3058 459 3124 501 ac
3155 447 3200 502 si
3259 448 3678 504 somnolentum

1986 531 2215 601 operiri.

2055 620 2272 675 Exacto
2304 619 2518 676 interea
2546 619 2759 690 exiguo
2791 622 3058 691 temporis
3086 623 3288 691 spatio,
3327 623 3501 679 herus
3533 629 3679 678 308

1983 707 2217 763 domum
2253 709 2479 773 redivit,
2529 723 2595 763 ac
2636 709 2779 775 filia;
2813 717 2866 764 et
2899 711 2965 764 de
2999 711 3238 779 prandio
3289 711 3342 766 in
3376 727 3679 769 commune

1983 803 2228 852 tractare
2294 805 2610 866 coeperunt,
2664 799 2878 868 quibus
2946 799 3176 854 solitum
3229 801 3678 857 accelerantibus

1981 885 2182 952 larem,
2214 885 2341 939 filim
2365 894 2550 940 mater
2584 886 2879 956 eloquitur
2911 902 2924 940 :
2956 887 3132 954 Vade,
3167 888 3266 954 ait,
3298 895 3352 942 et
3380 889 3674 956 maritum,

1982 973 2084 1042 qui
2111 973 2278 1028 modo
2309 973 2621 1029 dormitum
2667 989 2787 1029 sese
2833 975 3117 1044 deposuit,
3150 976 3399 1031 excitare
3450 977 3673 1033 festina.

1982 1063 2236 1118 Procedit
2289 1063 2360 1117 ad
2419 1072 2662 1120 stratum
2723 1080 2909 1135 usque
2955 1066 3292 1135 juvencula,
3340 1075 3669 1135 soporatum

1976 1151 2248 1221 juvenem
2310 1153 2539 1206 nomine
2597 1161 2783 1216 vocat,
2841 1159 2997 1207 tactu
3051 1168 3285 1222 quoque
3356 1163 3671 1210 morantem

1978 1247 2275 1308 provocat;
2310 1255 2443 1294 cum
2489 1253 2559 1294 ne
2615 1241 2817 1309 utique
2859 1241 2953 1295 ille
2989 1241 3352 1310 compellanti
3401 1256 3467 1296 ac
3506 1243 3675 1297 velli-

1979 1328 2130 1381 canti
2177 1327 2406 1398 conjugi
2457 1328 2840 1397 responderet,
2877 1329 3211 1384 defunctum
3244 1330 3466 1384 cunctis
3512 1345 3673 1384 com—

1979 1415 2152 1484 plosis
2184 1416 2387 1484 palmis
2430 1416 2768 1472 inclamitat.
2817 1416 3150 1472 Concitatur
3198 1417 3432 1483 familia,
3462 1418 3673 1473 vicinia

1980 1503 2349 1573 glomeratur,
2389 1512 2542 1558 tanto
2589 1505 2981 1559 miserabilius
3010 1505 3198 1559 subito
3232 1505 3384 1560 illius
3440 1505 3668 1574 illacry-

1978 1598 2201 1645 mantes
2227 1590 2406 1658 casui,
2450 1598 2665 1660 quanto
2695 1592 2909 1662 justius
2938 1606 3108 1661 super
3143 1591 3268 1662 ejus
3312 1593 3671 1647 intestatione

1971 1677 2258 1733 dolebant.
2295 1678 2517 1732 Funere
2563 1678 2741 1749 igitur
2770 1680 2840 1734 ab
2876 1679 3147 1736 omnibus
3178 1693 3314 1736 vera
3344 1680 3668 1735 animorum

1969 1765 2311 1834 aegritudine
2332 1765 2704 1832 conclamato,
2746 1774 2928 1822 mater
2977 1768 3192 1836 generi,
3244 1769 3354 1823 imo
3400 1767 3532 1822 ﬁliae
3563 1767 3670 1822 bo-

1970 1853 2180 1908 micida
2213 1853 2417 1908 fucatis
2465 1855 2808 1910 maeroribus
2848 1855 3226 1923 obstrepebat,
3279 1857 3499 1910 caeteris
3541 1855 3670 1924 pla-

1970 1940 2152 1996 cidior
2202 1941 2477 2011 ejulabat.
2547 1943 2726 1997 Tanto
2801 1957 2937 2012 ergo
3007 1943 3434 1999 Iamentabilius
3492 1944 3670 1999 bonas

1969 2027 2217 2083 hominis
2283 2028 2670 2095 habitudines,
2743 2029 3095 2098 lepiditatem
3170 2045 3420 2097 morum,
3505 2032 3666 2086 verbi

1967 2115 2330 2185 elegantiam,
2383 2115 2536 2170 scitae
2591 2116 2841 2186 insignia
2885 2117 3100 2182 formze,
3165 2125 3220 2173 et
3269 2119 3340 2172 ad
3391 2118 3512 2173 hac
3558 2119 3665 2172 ob-

1968 2208 2130 2257 tutus
2161 2203 2616 2272 prosequebatur
2661 2204 2892 2271 invisos,
2927 2212 3146 2273 quanto
3185 2205 3370 2275 magis
3400 2205 3665 2261 infaustae

1968 2287 2322 2343 crudelitatis
2346 2302 2526 2344 ausus
2559 2289 2679 2344 fieri
2705 2292 3015 2346 verebatur
3039 2298 3284 2360 apertos.

2041 2373 2286 2428 Pwnz’tet
2317 2389 2387 2427 ac
2415 2373 2630 2430 crimen
2659 2374 2944 2430 sacerdoti
2970 2377 3178 2446 aperit.
3209 2407 3275 2416 —
3304 2377 3426 2443 Quo
3455 2377 3665 2434 talibus

1967 2461 2149 2516 modis
2177 2461 2344 2527 elato,
2397 2463 2603 2518 mulier
2642 2472 2696 2518 et
2722 2473 2962 2519 eventus
2992 2465 3300 2534 utrobique
3339 2465 3513 2520 siluit.
3548 2467 3662 2521 Ve-

1967 2563 2099 2602 rum
2138 2549 2348 2604 mulier
2388 2549 2520 2605 foedi
2575 2551 2846 2606 facinoris
2897 2554 3128 2608 conscia
3179 2553 3252 2608 ad
3310 2567 3367 2608 se
3428 2567 3661 2608 versum

1966 2637 2153 2705 prima
2206 2637 2448 2706 prosiliit
2497 2645 2552 2694 et
2608 2639 2947 2695 infructuosi
3009 2641 3364 2710 paenitudine
3403 2641 3661 2696 criminis

1965 2731 2092 2778 acta
2129 2726 2548 2795 presbyterum,
2585 2727 2752 2797 cujus
2796 2727 3098 2783 dioeceseos
3127 2737 3267 2795 erat,
3322 2729 3470 2784 facta
3519 2745 3660 2784 con-

1965 2811 2204 2868 fessione
2233 2814 2558 2880 consuluit;
2590 2830 2622 2868 a
2649 2830 2765 2884 quo
2815 2823 2974 2871 tanto
2996 2816 3146 2871 malo
3183 2816 3660 2872 convenientibus

157 2908 455 2970 tantopere
503 2910 722 2957 arserat
766 2903 956 2958 subito
1008 2903 1264 2958 fastidire
1311 2905 1718 2973 juvenculuin,
1758 2919 1854 2959 ve-
1894 2913 1934 2968 c
1965 2901 2191 2956 addicta
2235 2901 2490 2971 jejuniis,
2552 2903 2896 2972 aliquandiu
2953 2905 3063 2960 sub
3115 2905 3309 2960 eodem
3359 2904 3658 2960 medicinae

155 3002 290 3043 rens
325 3003 397 3044 ne
419 2989 487 3044 de
522 2997 723 3045 caetero
752 2994 887 3044 nota
919 2990 1154 3057 viveret,
1188 2991 1232 3046 si
1260 3005 1394 3045 eum
1444 2991 1696 3060 quotidie
1741 3005 1855 3060 przc

155 3077 340 3131 oculis
388 3077 655 3143 haberet;
708 3077 861 3134 unde
905 3093 1020 3132 non
1063 3092 1096 3132 a
1144 3092 1248 3133 suo
1297 3093 1449 3145 eum,
1507 3079 1661 3148 quod
1718 3082 1856 3134 satis

151 3173 315 3230 esset,
347 3166 726 3220 contubernio
773 3167 1060 3231 dirimere,
1111 3167 1206 3221 sed
1261 3166 1538 3236 perimere
1583 3168 1700 3236 jam
1750 3167 1854 3221 de-

153 3254 352 3308 stinat.
393 3254 530 3308 Boni
555 3254 705 3309 enim
740 3254 1144 3320 consuluisset,
1177 3254 1221 3308 si
1257 3268 1388 3308 eum
1433 3255 1789 3310 solummodo
1820 3268 1854 3309 a

153 3341 242 3396 sui
267 3341 598 3410 frequentia
627 3341 992 3407 dimovisset;
1022 3349 1081 3396 at
1126 3342 1220 3396 illa
1253 3341 1322 3396 ad
1361 3340 1577 3396 ferrum
1626 3355 1684 3396 se
1711 3356 1854 3396 con-

157 3429 312 3496 tulit,
348 3429 568 3484 malens
599 3429 890 3484 hominem
921 3429 990 3484 de
1021 3430 1208 3485 medio
1237 3430 1356 3485 fieri
1387 3443 1564 3499 quam
1597 3429 1855 3484 obscenae

152 3525 373 3584 pateret
403 3518 679 3586 opinioni.

221 3604 441 3658 Mulier
463 3622 737 3677 generum
775 3605 1140 3660 occidendum
1179 3605 1358 3676 jubet.
1395 3636 1462 3644 —
1510 3604 1851 3660 Autumnali

153 3693 349 3762 itaque
384 3700 523 3748 tunc
573 3702 905 3764 tempestate
935 3702 1191 3764 promota
1239 3708 1371 3749 cum
1400 3693 1627 3748 duobus
1656 3693 1853 3762 pueris

153 3789 386 3850 pactum
443 3796 516 3837 ex
589 3783 794 3851 placito
844 3782 1012 3848 locat,
1080 3782 1310 3838 vicenos
1374 3781 1586 3851 cuique
1643 3780 1853 3836 solidos

152 3867 429 3936 pollicens
478 3868 525 3922 si
573 3882 725 3935 eum,
760 3868 844 3923 uti
889 3868 1174 3924 docebunt
1220 3866 1537 3936 sequentia,
1592 3866 1851 3922 trucida-

151 3963 306 4011 rent.
347 3956 526 4010 Erant
556 3964 748 4011 autem
783 3957 840 4022 ii,
876 3965 941 4012 ut
987 3956 1188 4022 fertur,
1223 3969 1430 4026 genere
1469 3955 1687 4021 Nervii,
1725 3954 1846 4025 qui,

151 4043 602 4098 vindemialibus
655 4043 831 4099 lucris
877 4043 1085 4110 adacti,
1134 4045 1191 4098 in
1223 4043 1579 4113 provinciam
1617 4044 1852 4099 Laudu-

149 4146 390 4188 nensem
447 4146 568 4187 sese
617 4133 999 4188 contulerant.
1062 4132 1274 4187 Ibidem
1320 4145 1456 4202 ergo
1505 4131 1852 4202 aliquandiu

1964 2987 2285 3056 spiritualis
2352 2989 2502 3044 fasce
2559 2991 2802 3046 delituit.
2879 2991 3132 3047 Plurimo
3184 3001 3375 3048 autem
3430 3006 3658 3049 emenso

1962 3083 2215 3146 tempore
2239 3077 2386 3132 inter
2419 3078 2598 3146 ipsam
2635 3086 2690 3134 et
2716 3079 3113 3148 presbyterum
3163 3079 3371 3134 oboriri
3419 3081 3657 3150 contigit

1960 3163 2314 3230 simultates;
2371 3179 2548 3236 quam
2610 3166 2903 3236 presbyter
2959 3167 3249 3223 canonica:
3317 3169 3657 3224 conditionis

1960 3250 2285 3320 impatiens,
2337 3268 2452 3323 quo
2506 3254 2772 3309 atrociori
2831 3255 3014 3324 potuit
3065 3255 3363 3326 jaculatur
3423 3257 3650 3325 probro.

1960 3338 2159 3394 Generi
2193 3355 2386 3396 necem
2439 3341 2611 3397 fronti
2641 3343 2900 3399 mulieris
2930 3343 3180 3414 impegit.
3236 3345 3352 3399 Hoc
3393 3351 3655 3413 parentes

1952 3426 2186 3495 juvenis
2210 3443 2275 3484 ac
2303 3429 2349 3483 si
2393 3429 2638 3486 terrifico
2690 3431 2904 3486 tonitru
2942 3433 3280 3500 experrecti,
3312 3431 3384 3487 ad
3439 3439 3654 3501 praeto-

1959 3517 2112 3570 rium
2147 3517 2319 3573 lberti
2363 3517 2708 3574 vicedomini
2755 3519 3154 3574 Laudunensis
3203 3533 3323 3574 rem
3372 3519 3648 3574 referunt.

1958 3603 2012 3658 Is
2043 3613 2329 3674 quantum
2376 3605 2435 3660 in
2483 3621 2544 3663 re
2575 3607 2806 3662 militari
2838 3608 3110 3673 vivacior,
3165 3615 3390 3662 tantum
3434 3609 3651 3663 exstitit

1958 3692 2017 3746 in
2072 3693 2340 3763 episcopii
2410 3695 2640 3764 publica
2697 3696 3104 3764 procuratione
3173 3697 3429 3751 ferocior.
3501 3695 3649 3762 Quid

1957 3781 2267 3837 verborum
2324 3782 2546 3838 laciniis
2603 3784 2844 3838 trahor?
2900 3783 3309 3839 Viredominus
3374 3783 3527 3840 villae
3591 3799 3649 3840 se

1957 3869 2170 3933 intulit,
2228 3870 2497 3924 feminam
2543 3871 2794 3940 corripit.
2827 3871 2942 3940 juri
2968 3871 3134 3937 sistit,
3165 3885 3398 3926 causam
3445 3872 3644 3942 exigit,

1957 3957 2164 4014 mulier
2228 3973 2343 4013 non
2396 3958 2693 4025 diffitetur,
2756 3961 3037 4015 sententia
3095 3959 3358 4014 Lauduni
3417 3960 3650 4015 ferenda

1958 4045 2240 4102 differtur.

2031 4135 2202 4190 Porro
2237 4134 2375 4190 dum
2409 4149 2542 4190 cum
2589 4135 2710 4204 ipsa
2741 4135 2887 4190 idem
2928 4135 3256 4190 causidicus
3293 4135 3650 4206 cognationis

149 4235 284 4276 cum
317 4220 593 4274 mercedis
643 4227 764 4276 tum
814 4221 1080 4276 inusitate
1118 4234 1260 4275 escae
1302 4219 1555 4275 novitate
1604 4227 1852 4275 moratos
1890 4209 1932 4261 ί)
1961 4223 2086 4292 ejus
2115 4223 2341 4292 aliquos
2367 4222 2549 4277 eidem
2578 4230 2724 4278 notas
2767 4223 3076 4294 subigeret,
3112 4223 3168 4277 in
3213 4237 3321 4289 me,
3357 4223 3456 4291 ait,
3512 4225 3648 4280 uni-

148 4309 364 4363 mulier
418 4309 713 4377 praslibata
771 4313 1074 4378 sponsione
1123 4307 1495 4379 aggreditur;
1561 4307 1850 4377 iidemque

148 4410 312 4452 acres
362 4410 435 4452 ex
487 4404 716 4464 natura,
766 4397 977 4464 animo,
1038 4396 1216 4466 pretio
1269 4397 1520 4462 exacuti,
1571 4396 1850 4465 explendo

151 4484 392 4539 facinori
423 4493 815 4540 coarmantur.
846 4485 1106 4552 Quadam
1138 4486 1318 4556 igitur
1349 4485 1439 4539 die
1480 4485 1669 4540 virum
1713 4499 1849 4553 pro-

148 4574 345 4643 prium
395 4587 468 4628 ex
524 4575 810 4630 industria
853 4573 1150 4644 quidpiam
1197 4574 1350 4628 foras
1393 4579 1660 4628 acturum
1707 4573 1853 4626 diri-

146 4661 251 4733 git,
318 4661 493 4717 ﬁliam
551 4663 768 4731 pariter
823 4662 1097 4717 aliorsum
1153 4662 1292 4717 falso
1346 4668 1517 4715 nacta
1558 4659 1851 4715 occasione

148 4750 506 4806 transmittit.
543 4751 764 4816 Quibus
803 4751 876 4806 ab
926 4751 1046 4806 aede
1072 4749 1344 4822 digressis
1393 4763 1603 4819 penum
1645 4748 1852 4803 mulier

145 4845 367 4894 secreto
427 4839 630 4908 aperit,
700 4838 1079 4894 conductitios
1164 4837 1435 4893 satellites
1519 4835 1847 4901 introducit,

147 4927 377 4996 hocque
407 4940 441 4980 a
473 4927 609 4982 foris
645 4927 931 4991 obserato,
965 4940 1243 4998 generum
1301 4940 1407 4980 nec
1454 4937 1615 4979 mora
1660 4930 1722 4979 ut
1762 4923 1848 4978 vi-

146 5028 295 5070 num
355 5014 656 5082 pransuris
719 5015 990 5070 exhibeat
1047 5013 1355 5070 sollicitare
1416 5012 1690 5080 intendit;
1746 5012 1849 5080 qui

147 5110 385 5172 sumpto
413 5102 574 5158 ocius
605 5103 732 5159 lado
762 5102 1058 5158 cellarium
1104 5108 1337 5162 reserat,
1371 5101 1465 5156 sed
1508 5100 1846 5170 priusquam

150 5190 210 5245 in
241 5203 344 5245 vas
377 5189 514 5244 vina
542 5190 866 5260 deponeret,
900 5190 972 5246 ab
1005 5190 1073 5244 iis
1105 5188 1208 5259 qui
1238 5188 1490 5244 latebant
1533 5187 1681 5240 intro
1714 5200 1849 5256 per-

148 5277 408 5343 vaditur,
455 5285 509 5333 et
556 5278 702 5333 illico
761 5278 1181 5348 strangulatur.
1239 5275 1399 5342 Quod
1459 5275 1673 5330 factum
1714 5289 1847 5329 cum

150 5366 251 5421 illa
283 5366 562 5433 rescisset,
606 5366 769 5437 jubet
816 5380 1026 5436 corpus
1072 5366 1264 5421 statim
1295 5364 1367 5420 ab
1413 5363 1668 5434 ejusdem
1723 5377 1848 5418 sce-

152 5455 290 5511 leris
337 5454 671 5511 auctoribus
717 5454 858 5520 tolli,
889 5461 944 5508 et
988 5454 1043 5508 in
1097 5455 1303 5510 domus
1346 5451 1643 5522 superiora
1692 5450 1845 5506 dela-

1958 4325 2083 4366 cam
2117 4311 2204 4366 his
2247 4310 2437 4366 liberis
2484 4324 2646 4366 arma
2690 4319 3022 4380 contorque.
3075 4311 3370 4366 Neminem
3420 4313 3651 4368 noveris

1959 4412 2062 4468 pro
2117 4407 2269 4454 certo
2309 4399 2601 4454 conscium
2644 4399 2967 4468 iniquitatis
3015 4399 3270 4469 objectae.
3328 4400 3465 4456 Erat
3513 4415 3648 4456 vero

1956 4487 2278 4542 Elinandus
2334 4501 2433 4556 per
2479 4487 2532 4542 id
2570 4489 2915 4556 tempestatis
2959 4489 3280 4558 episcopus,
3336 4488 3424 4543 vir
3481 4488 3648 4556 plane

1958 4581 2243 4644 quantum
2293 4573 2630 4630 litteraturae
2662 4574 2972 4640 invalidus,
3021 4583 3244 4629 tantum
3277 4573 3649 4628 administra-

1958 4660 2096 4716 tioni
2147 4661 2445 4721 forasticae.
2493 4669 2549 4717 et
2595 4661 2988 4717 ecclesiasticas
3045 4661 3356 4730 praesertim
3411 4661 3648 4716 institu-

1959 4749 2097 4803 tioni
2131 4763 2246 4803 non
2279 4750 2522 4804 nescius.
2560 4749 2791 4804 Latione
2822 4750 2999 4819 igitur
3040 4749 3335 4804 sententiae
3367 4749 3650 4818 pontificis

1959 4836 2219 4891 traducta
2250 4835 2309 4890 in
2353 4837 2596 4903 curiam,
2626 4850 2758 4890 cum
2789 4835 3128 4891 vicedomini
3161 4836 3399 4892 haereret
3418 4837 3650 4892 animus

1957 4922 2096 4992 quid
2128 4923 2274 4978 facto
2324 4923 2671 4978 conveniens
2719 4922 3028 4988 videretur,
3066 4937 3100 4976 a
3152 4924 3402 4992 quodam
3448 4937 3647 4994 gram-

1956 5014 2160 5066 matico
2187 5011 2236 5066 ei
2267 5011 2618 5081 suggeritur,
2652 5011 2805 5080 quod
2835 5010 3006 5081 digne
3039 5011 3166 5066 talis
3195 5012 3368 5081 culpa
3400 5012 3646 5068 incendii

1957 5099 2330 5169 plecteretur;
2380 5099 2535 5169 quod
2585 5098 2677 5153 ille
2725 5113 2826 5167 pro
2857 5113 3093 5154 suorum
3129 5113 3355 5155 morum
3384 5100 3649 5155 acredine

1955 5200 2088 5242 cum
2130 5187 2301 5243 avida
2329 5186 2490 5242 fauce
2520 5186 2763 5255 legisset,
2810 5188 2980 5256 quasi
3015 5201 3319 5243 censuram
3357 5187 3648 5257 publicam

1953 5289 2060 5330 sua
2097 5275 2436 5345 allegatione
2470 5275 2522 5330 id
2572 5274 2823 5330 roborat.
2865 5279 2934 5329 At
2969 5275 3064 5328 illa
3107 5275 3246 5329 adeo
3297 5276 3452 5330 triste
3488 5275 3648 5346 judi-

1955 5364 2106 5419 cium
2135 5379 2265 5418 cum
2296 5364 2401 5418 sibi
2453 5363 2738 5418 accedisse
2789 5363 3150 5432 prospiceret,
3197 5378 3329 5433 quae
3377 5365 3496 5434 jam
3546 5363 3648 5418 diu

1957 5451 2086 5506 facti
2147 5456 2385 5522 pertaesa
2441 5451 2722 5517 doluerat,
2782 5465 2939 5506 nunc
3005 5451 3388 5508 miserabilius
3440 5450 3647 5508 saeculo
