3914 6094
272 225 374 277 567

1154 223 1214 277 ν.
1258 221 1594 277 GUIBEBTI
1637 223 1928 278 ABBA'l'lS
1967 223 2027 277 S.
2069 224 2311 278 MABIE
2349 224 2438 278 DE
2478 224 2864 280 NOVIGENTO

3671 231 3782 283 568

271 357 408 413 huic
427 357 720 426 desperata
751 355 1099 422 concutitur,
1150 370 1384 426 quoque
1411 357 1594 426 magis
1623 356 1674 412 ei
1723 357 1951 428 imprze-
1993 360 2037 411 Α
2065 358 2338 414 inauditis
2365 360 2730 430 gratulatura
2754 360 3132 430 provolvitur.
3171 359 3469 416 Indicibile
3511 368 3597 417 est
3629 362 3783 432 quid

269 446 588 501 sentiarum
638 444 829 500 omnia
878 443 1294 513 praeciduntur,
1345 459 1410 499 eo
1463 445 1737 501 universa
1787 445 1964 500 animi

270 534 418 590 acies
448 532 622 588 statui
651 532 844 586 futuro
875 531 1206 600 exponitur.

344 619 451 673 Dei
475 617 775 689 genitricis
813 619 1091 689 implorat
1119 618 1422 673 auxilium.
1454 620 1651 674 Illaesa
1688 620 1877 676 medio
1905 620 1966 674 in

268 707 418 778 igne.
447 735 519 747 —
553 706 639 760 Ab
685 706 1111 775 apparitoribus
1155 708 1346 776 itaque
1395 709 1642 776 postulat
1670 716 1731 763 ut
1773 709 1842 763 ad
1867 723 1966 763 ca-

269 793 587 850 thedralem
621 793 1166 848 misericordissima:
1203 804 1408 850 nostrze
1440 796 1635 851 Matris
1673 796 1966 851 ecclesiam

270 883 350 938 ire
394 882 578 949 liceat,
609 890 663 938 et
697 882 830 952 quis
870 883 924 936 id
970 882 1245 955 profanus
1277 883 1595 939 abnueret?
1645 884 1824 939 multo
1873 899 1967 939 co-

274 971 480 1026 mitatu
512 971 612 1040 qui
643 985 745 1039 pro
787 969 1093 1040 punienda)
1137 970 1311 1026 exitio
1349 972 1655 1040 spectando
1688 987 1969 1028 convene-

269 1066 419 1123 rant,
472 1059 872 1114 miserabiliter
946 1059 1376 1114 succenturiata
1461 1061 1840 1130 progreditur,
1913 1069 1972 1116 et

269 1147 458 1202 media
489 1146 724 1201 basilica
756 1145 826 1200 ad
850 1160 970 1200 suae
1004 1147 1360 1216 purgationis
1389 1148 1709 1214 cumulum,
1745 1156 1969 1204 reatum

273 1234 572 1304 proprium
615 1234 723 1288 sub
781 1234 1031 1303 generali
1075 1234 1370 1288 audientia
1415 1236 1738 1291 confitetur.
1792 1237 1968 1291 Dein-

271 1336 403 1391 ceps
433 1322 758 1377 communis
815 1321 1161 1376 saeculorum
1206 1321 1461 1378 Dominae
1511 1323 1776 1392 pietatem
1807 1323 1966 1378 humi

273 1409 654 1478 imploratura
700 1409 1106 1464 consternitur.
1141 1408 1382 1475 Quantis
1426 1411 1497 1465 ad
1527 1425 1672 1478 eam,
1709 1425 1838 1480 quae
1877 1425 1971 1467 ne-

272 1497 508 1560 minem,
544 1498 819 1552 miserum
853 1504 1157 1552 aversatur
1185 1498 1463 1566 suspiriis,
1498 1506 1718 1567 quanto
1756 1513 1971 1569 angore

277 1584 532 1654 rugierit,
582 1584 706 1653 ipsa
755 1598 826 1639 ex
859 1583 1122 1653 sequenti
1181 1584 1520 1640 testificatur
1565 1593 1797 1641 eventu.
1833 1587 1969 1641 Inde

275 1687 308 1727 a
343 1687 447 1728 suo
501 1680 838 1728 exsecutore
870 1673 1060 1740 citata,
1105 1672 1262 1742 petiit
1316 1673 1387 1728 ab
1434 1673 1689 1729 oratione
1742 1675 1972 1744 suppli-

276 1759 448 1814 cium.
486 1759 737 1815 Ecclesia
771 1759 925 1814 Beati
959 1760 1127 1823 Justi,
1169 1759 1471 1828 paululum
1517 1760 1724 1815 montis
1754 1761 1972 1816 devexo

281 1847 478 1914 posita,
543 1848 886 1902 circumsitis
938 1847 1050 1902 illic
1091 1847 1418 1902 Britonibus
1473 1849 1786 1903 oratorium
1821 1864 1970 1918 prte-

273 1943 402 1990 stat.
461 1935 580 1989 Illic
629 1935 877 1990 ministri
909 1934 1252 1990 vicedomini
1294 1935 1352 1989 in
1402 1944 1673 2005 promptu
1718 1937 1974 1992 habuere

274 2023 596 2092 tugurium,
657 2023 729 2077 ad
782 2023 952 2092 cujus
1003 2021 1229 2077 furcam
1294 2023 1535 2092 pedibus
1593 2038 1659 2079 ac
1725 2025 1974 2081 brachiis

276 2110 546 2165 feminam
596 2110 715 2165 sola
759 2117 962 2165 tectam
1016 2110 1304 2165 subucula
1348 2111 1681 2181 colligantes
1729 2115 1975 2183 sumptis

273 2212 347 2253 ex
404 2198 571 2252 vinea
630 2197 893 2267 proxima
947 2198 1336 2254 arundinibus
1391 2206 1445 2254 et
1493 2198 1757 2268 spinulis.
1814 2201 1975 2257 Illius

277 2292 445 2340 antra
503 2284 702 2356 tegetis
772 2293 929 2341 strue
999 2287 1182 2341 multa
1238 2285 1615 2353 conferciunt,
1663 2287 1975 2359 ignemque

277 2372 610 2443 subjiciunt.
644 2371 766 2439 Quo
812 2387 984 2428 exesa
1028 2373 1281 2429 materiei
1313 2375 1576 2444 congerie
1629 2376 1686 2430 in
1719 2377 1972 2433 favillam

279 2475 615 2530 prunasque
655 2461 924 2530 deposito,
966 2461 1172 2516 mulier
1201 2463 1554 2532 consumptis
1596 2463 1779 2520 libera
1811 2466 1977 2521 nexi-

279 2549 389 2603 bus
418 2555 570 2603 stare
608 2547 838 2602 videtur
871 2548 929 2602 in
961 2549 1161 2604 medio.

349 2637 422 2690 At
455 2643 720 2704 parentes
768 2635 983 2705 generi,
1037 2651 1211 2705 quem
1244 2637 1338 2691 illa
1376 2646 1712 2707 peremerat,
1747 2641 1874 2709 ejus
1895 2640 1978 2695 in-

280 2723 542 2778 videntes
587 2722 757 2778 saluti
786 2729 840 2777 et
891 2723 1237 2793 ereptionem
1279 2725 1406 2794 ejus
1452 2725 1601 2796 ignis
1639 2727 1979 2797 deputantes

280 2809 519 2878 inertiae,
567 2809 925 2866 animositate
973 2811 1254 2882 sacrilega
1301 2826 1506 2868 rursus
1551 2814 1624 2869 ad
1667 2825 1974 2886 sarmenta,

2077 447 2284 501 ibidem
2317 447 2527 502 fuderit
2577 446 2989 516 lacrymarum.
3023 448 3364 504 Tacebimus
3404 446 3625 518 jubilos
3671 449 3783 519 qui

2076 534 2555 603 multiplicitatem
2617 535 2979 605 singultuum
3028 535 3413 602 ;exbalabant,
3459 550 3592 591 cum
3641 550 3786 591 nus-

2075 636 2252 692 quam
2284 623 2547 677 cohibere
2572 638 2691 678 sese
2723 623 2937 678 valeret
2968 624 3137 678 turba
3178 623 3518 690 videntium,
3553 625 3785 694 quibus

2076 709 2572 778 superexcellens,
2633 725 2806 778 Super
2875 717 3047 765 tanta:
3117 711 3373 766 subsidio
3439 711 3784 780 peccatricis

2077 797 2416 868 generaliter
2451 798 2812 866 praebebatur
2844 797 3196 866 ixemplum.

2145 885 2306 939 Tunc
2332 898 2458 938 eam
2516 883 2909 939 vicedominus
2956 885 3073 940 sola
3134 885 3392 940 indutam
3444 885 3596 940 linea
3641 900 3786 941 cum

2076 972 2402 1040 pavimento
2429 971 2688 1038 haereret,
2743 971 2970 1026 sublata
3002 972 3075 1027 ab
3120 972 3360 1028 humero
3396 972 3627 1028 lacerna
3656 987 3792 1042 ope-

2078 1060 2214 1125 ruit,
2273 1066 2328 1114 et
2381 1067 2504 1129 post
2564 1059 2936 1129 inexplebiles
2991 1061 3276 1117 orationes
3337 1068 3390 1116 et
3447 1062 3685 1130 gratias,
3753 1076 3791 1116 a

2078 1155 2228 1203 terra
2256 1155 2581 1217 exemptam
2612 1148 2846 1203 domum
2879 1148 3055 1204 ducit.
3097 1148 3276 1216 Quam
3309 1150 3448 1218 quia
3479 1149 3788 1204 hastarum

2077 1234 2424 1304 impulsibus
2455 1235 2588 1290 laesa
2617 1243 2758 1303 erat,
2783 1235 3077 1306 etignium
3105 1237 3522 1292 commaculata
3542 1237 3787 1305 favillis,

2079 1323 2316 1390 balneis,
2345 1330 2400 1378 et
2466 1324 2682 1393 quibus
2731 1323 2916 1392 potuit
2955 1324 3237 1391 fomentis,
3274 1339 3376 1380 nec
3406 1339 3520 1379 non
3554 1331 3610 1379 et
3644 1333 3792 1379 stra-

2080 1418 2244 1466 tuutn
2313 1410 2548 1466 mollitie
2604 1411 2883 1476 mulcens,
2943 1411 3082 1466 dum
3148 1426 3208 1466 se
3261 1419 3423 1480 putat
3477 1412 3790 1468 restituere

2079 1498 2354 1568 sospitati,
2392 1507 2512 1568 post
2546 1499 2806 1554 triduum
2838 1499 3127 1555 consuluit
3156 1501 3301 1554 Deus
3333 1500 3510 1569 ipsius
3559 1501 3790 1570 sempi-

2079 1595 2256 1643 ternae
2285 1587 2456 1642 saluti
2481 1603 2496 1655 ;
2531 1589 2693 1644 tertio
2722 1588 2875 1643 enim
2905 1587 2994 1644 die
3023 1587 3340 1643 salvatricis
3361 1602 3481 1644 suae
3509 1589 3792 1644 manibus

2080 1675 2348 1745 spiritum
2390 1690 2594 1732 secura
2633 1677 2916 1746 deposuit.
2951 1681 2991 1732 A
3033 1691 3151 1746 qua
3198 1677 3367 1746 plane
3408 1677 3591 1746 potuit
3651 1691 3790 1733 cor—

2080 1763 2272 1832 porale
2327 1763 2572 1820 exitium
2629 1765 2943 1833 deprecari,
3021 1765 3080 1819 in
3129 1765 3324 1819 anima
3380 1765 3593 1820 meruit
3654 1766 3789 1821 fusa

2082 1851 2342 1907 libertate
2371 1852 2527 1906 beari
2550 1867 2568 1921 ;
2607 1867 2680 1907 ex
2724 1867 2839 1922 quo
2887 1852 3059 1908 etiam
3097 1852 3407 1908 benedictae
3450 1853 3635 1922 ipsius
3665 1853 3788 1908 cla-

2083 1938 2200 1994 ruit
2247 1938 2840 1995 misericordissimum
2887 1947 3122 2010 pectus;
3170 1940 3326 2009 quod
3371 1954 3501 1995 cum
3554 1940 3789 1997 femina}

2083 2027 2163 2082 illi
2196 2034 2355 2082 tanta
2397 2027 2614 2083 viscera
2664 2027 2719 2082 in
2751 2029 3021 2084 exteriori
3062 2029 3316 2099 periculo
3365 2030 3785 2098 praetendisset,

2084 2121 2209 2183 post
2247 2115 2446 2184 gratiae
2474 2129 2594 2170 suae
2635 2115 3051 2184 experientiam
3092 2115 3278 2171 noluit
3308 2130 3433 2170 eam
3483 2117 3789 2171 mundana

2084 2201 2272 2257 denuo
2347 2203 2776 2259 conversatione
2830 2203 3050 2271 fcedari,
3109 2204 3208 2259 sed
3250 2218 3383 2258 mox
3442 2217 3622 2273 quam
3671 2218 3792 2259 cre-

2085 2290 2296 2346 mando
2327 2290 2665 2361 imaginarie
2685 2291 2807 2346 sine
2825 2291 3034 2347 laesura
3063 2298 3435 2362 purgaverat,
3469 2292 3538 2346 ad
3563 2293 3788 2361 apicem

2084 2391 2368 2447 supremae
2406 2379 2756 2435 liberationis
2804 2379 3026 2435 eduxit.
3080 2381 3402 2436 Vocabatur
3434 2387 3626 2436 autem
3664 2396 3791 2437 mu-

2085 2464 2192 2521 lier
2221 2466 2419 2521 eadem
2451 2467 2796 2522 Teodeberta
2829 2467 2962 2537 (27).

2746 2555 2976 2610 CAPUT
3017 2554 3112 2609 Χῐ.

2158 2639 2509 2694 Miraculum
2548 2641 2619 2695 de
2648 2641 2768 2696 viro
2797 2641 2896 2712 qui
2932 2643 3082 2712 quod
3111 2641 3276 2696 arari
3309 2643 3677 2714 pi'wcepi'sset
3711 2643 3785 2695 Β.

2085 2728 2290 2782 Mariae
2320 2729 2678 2800 Magdalenz
2706 2730 2868 2799 festo
2896 2730 2988 2783 die
3015 2729 3224 2800 plexus
3265 2731 3481 2798 fuerat,
3509 2729 3791 2801 sospitati

2084 2815 2364 2870 redditur.
2409 2847 2467 2855 —
2517 2819 2580 2872 In
2639 2817 3166 2888 Gratianopolitano
3212 2819 3492 2874 territorio
3532 2819 3625 2874 vir
3653 2820 3789 2888 qui-

282 2897 632 2967 fruticesque
663 2905 1038 2964 concurrunt,
1084 2899 1236 2954 focos
1264 2899 1416 2954 circa
1450 2901 1602 2956 illam
1636 2918 1977 2974 usquequa-
2020 2927 2060 2981 C
2087 2904 2219 2960 dam
2249 2919 2322 2960 ex
2352 2905 2548 2971 vidua,
2582 2920 2712 2975 quae
2741 2906 2847 2961 sibi
2880 2909 3171 2975 nupserat,
3201 2908 3534 2977 privignum
3566 2907 3788 2962 habue-

283 2996 397 3052 que
456 2983 742 3052 reficiunt,
803 2985 903 3054 qui
961 2985 1130 3041 etiam
1179 2987 1465 3057 impietate
1519 3005 1697 3059 quam
1753 2993 1975 3063 rabida,

283 3085 414 3141 quae
445 3071 624 3127 solius
654 3071 797 3127 fumi
823 3074 1134 3142 vaporibus
1161 3082 1379 3144 poterat
1399 3076 1649 3145 offocari,
1679 3078 1980 3139 liberatam

284 3159 564 3215 miraculo
598 3174 712 3214 non
745 3161 1057 3229 credentes,
1110 3163 1382 3231 porrectis
1417 3178 1515 3233 per
1546 3166 1694 3236 ignis
1727 3169 1979 3227 medium

285 3247 590 3302 hastilibus
619 3247 972 3304 atrocissime
1000 3249 1374 3320 fustigabant.
1409 3251 1568 3318 Quod
1599 3255 1784 3310 solum
1817 3257 1981 3314 valde

283 3348 406 3390 eam
466 3335 604 3390 focis
665 3336 1070 3393 innocentibus
1130 3337 1302 3408 laesit;
1336 3353 1469 3394 nam
1514 3355 1644 3396 cum
1701 3350 1817 3398 tota
1861 3347 1981 3402 hanc

285 3422 588 3494 profligata
635 3424 831 3480 fuisset
859 3426 1164 3493 ambustio,
1216 3436 1569 3485 remanserat
1615 3430 1748 3486 item
1780 3431 1980 3490 discri-

286 3510 457 3566 minis
486 3524 721 3582 expers.
757 3513 831 3568 At
867 3512 1265 3569 vicedominus
1295 3521 1467 3569 tantas
1519 3517 1841 3585 spectaculo
1873 3533 1980 3574 no-

287 3598 481 3654 vitatis
545 3600 841 3666 attonitus,
928 3601 1198 3656 omnibus
1263 3602 1604 3658 nostratium
1679 3604 1978 3674 regionum

288 3687 546 3754 personis
591 3695 646 3743 et
693 3688 956 3757 partibus
1005 3689 1286 3758 inaudito,
1348 3690 1674 3747 barbariem
1720 3692 1982 3762 protinus

286 3773 588 3830 exhorruit
653 3775 1028 3844 rusticanam,
1088 3791 1299 3847 eosque
1350 3791 1384 3832 a
1436 3780 1827 3849 propulsanda
1859 3781 1979 3852 jam

287 3870 486 3917 sancta
515 3862 728 3917 femina
757 3864 1004 3931 heroica,
1042 3871 1104 3919 ut
1136 3879 1236 3934 par
1263 3876 1403 3934 erat,
1451 3870 1749 3924 severitate
1786 3870 1979 3939 dispe-

288 3949 426 4017 cuit,
459 3957 514 4006 et
545 3964 644 4019 per
689 3951 960 4006 officiales
1002 3955 1288 4022 extemplo
1319 3956 1552 4025 direptis
1602 3957 1832 4027 ignibus
1873 3958 1980 4015 sibi

289 4037 456 4092 asciri
488 4039 775 4108 praecepit.
806 4040 928 4103 Qua
954 4039 1062 4095 sibi
1091 4042 1348 4098 exhibita
1380 4085 1392 4108 ,
1419 4042 1560 4099 dum
1598 4059 1724 4100 eam
1763 4046 1979 4101 circum

289 4123 441 4178 circa
469 4139 540 4180 ex
571 4124 1020 4184 circumstantiis
1057 4137 1329 4186 eventum
1360 4133 1707 4202 aucupando
1733 4133 1978 4202 dispicit,

2043 3033 2048 3040 .
2090 3001 2197 3060 rat,
2231 2992 2331 3062 qui
2380 2993 2518 3048 dum
2579 2992 2780 3048 vitrico
2832 2993 3068 3049 bubulci
3128 2994 3300 3051 ferret
3349 2994 3626 3062 ofﬁcium,
3667 2995 3794 3050 dies

2089 3080 2264 3137 beatae
2309 3081 2496 3136 Mariae
2554 3081 2905 3152 Magdalenze
2952 3082 3160 3137 natalis
3215 3082 3547 3148 obvenerat,
3607 3097 3789 3153 quam

2089 3169 2236 3225 idem
2263 3170 2496 3239 juvenis
2532 3170 2836 3226 indictione
2879 3171 3215 3227 sacerdotali
3243 3187 3376 3227 cum
3427 3171 3680 3227 audisset
3716 3173 3790 3227 ab

2090 3270 2260 3326 opere
2313 3256 2519 3313 forensi
2578 3257 2902 3324 inhibitam,
2963 3258 3165 3314 vitrico
3212 3259 3563 3328 agricultum
3610 3259 3790 3328 impe-

2089 3345 2238 3400 ranti
2289 3345 2665 3401 reverentiam
2715 3347 2902 3401 vetita:
2952 3345 3325 3402 solemnitatis
3371 3347 3596 3417 objecit.
3666 3347 3790 3403 Vo-

2088 3433 2328 3489 cabatur
2367 3441 2560 3489 autem
2611 3434 2759 3489 idem
2805 3435 3026 3490 Petrus.
3081 3435 3222 3491 Vicit
3262 3435 3449 3490 vitrici
3493 3437 3788 3506 jurgantis

2088 3521 2413 3591 imperium,
2460 3521 2749 3592 bovesque
2797 3530 2988 3578 aratro
3031 3524 3396 3596 subjungens
3436 3538 3569 3578 cum
3604 3525 3787 3593 ipsius

2088 3611 2295 3679 operis,
2325 3623 2392 3664 ac
2420 3609 2760 3665 animalium
2790 3610 3177 3666 exsecratione
3219 3611 3608 3681 prosequitur.
3642 3612 3785 3668 tium

2087 3712 2223 3768 ergo
2245 3697 2488 3769 jugibus
2534 3707 2716 3768 empta
2766 3698 3080 3754 maledictis
3112 3699 3390 3768 illapidat,
3422 3699 3626 3755 inutile
3674 3700 3783 3754 sibi

2087 3783 2402 3840 exauditur
2448 3784 2519 3839 ad
2558 3792 2780 3840 votum.
2827 3783 2972 3840 Nam
3004 3785 3178 3840 boves
3211 3800 3278 3840 ac
3324 3785 3592 3841 utensilia
3620 3787 3789 3841 motis

2089 3872 2386 3928 subitaneo
2445 3872 2662 3928 tonitru
2709 3873 3018 3936 elementis,
3075 3871 3318 3928 fulmine
3370 3872 3784 3942 absumuntur,

2088 3966 2144 4014 et
2186 3959 2303 4028 ipse
2348 3959 2449 4030 qui
2479 3960 2537 4016 id
2569 3961 2690 4015 ﬁeri
2746 3968 3035 4030 exegerat,
3082 3961 3466 4030 imprecando,
3505 3961 3786 4030 supplicio

2090 4047 2353 4102 atrociori
2384 4047 2522 4117 quia
2553 4047 2905 4102 diuturniori
2934 4047 3240 4103 addicitur.
3272 4047 3408 4114 Quae
3429 4049 3578 4103 enim
3613 4049 3783 4104 bruta

2091 4148 2158 4190 ac
2203 4135 2390 4206 lignea
2445 4134 2685 4192 caalestis
2733 4133 2966 4190 flamma
3019 4143 3341 4202 voraverat,
3404 4135 3603 4212 eadem
3661 4135 3787 4205 ejus

289 4226 404 4266 non
454 4212 580 4267 dico
638 4213 970 4283 interulam,
1018 4216 1114 4272 sed
1171 4233 1242 4273 ne
1298 4219 1547 4276 crinium
1583 4219 1673 4276 vel
1720 4221 1981 4277 ciliorum
2023 4217 2066 4270 D
2095 4222 2220 4292 pedi
2250 4223 2534 4292 extemplo
2559 4223 2870 4293 subripuit,
2908 4237 3080 4294 quem
3125 4223 3183 4278 in
3227 4222 3385 4278 brevi
3437 4237 3568 4278 cum
3594 4223 3783 4278 reddi-

289 4299 628 4368 particulam
679 4315 752 4356 ne
820 4303 1054 4360 minime
1113 4306 1346 4374 quidem
1427 4308 1715 4364 addictam
1769 4309 1984 4365 laesioni

289 4387 582 4457 comperit,
639 4388 698 4445 in
741 4404 857 4460 quo
907 4391 1266 4462 potissimum
1315 4395 1437 4450 sola
1466 4395 1700 4451 vincula
1746 4404 1984 4466 experta

293 4473 452 4544 ignes
477 4475 795 4546 obstupuit.

363 4567 510 4617 304
565 4569 870 4636 Assumpta
927 4567 1124 4638 itaque
1174 4569 1267 4626 ille
1302 4570 1650 4626 Laudunum
1682 4570 1803 4641 ipse
1841 4586 1981 4627 con-

289 4651 488 4718 tendit,
530 4660 584 4708 et
615 4654 753 4709 satis
812 4655 1115 4724 copiosiori
1175 4657 1378 4714 urbem
1426 4657 1749 4729 frequentia
1790 4659 1981 4730 ingre-

288 4737 444 4794 ditur
473 4740 542 4795 ad
576 4740 836 4811 gloriam,
871 4757 1047 4813 quam
1080 4745 1300 4814 pridem
1345 4746 1610 4802 habuerit
1640 4761 1771 4804 cum
1805 4747 1982 4816 proﬁ-

288 4825 597 4882 cisceretur
617 4829 686 4882 ad
705 4843 950 4898 poenam.
977 4830 1160 4897 Quam
1177 4833 1573 4890 vicedominus
1595 4849 1726 4890 cum
1746 4835 1981 4891 domum

289 4915 576 4984 propriam
619 4916 903 4973 divertere
935 4919 1228 4988 potuisset,
1263 4928 1319 4976 et
1357 4935 1559 4977 curam
1611 4922 1843 4978 inﬂictis
1888 4924 1983 4980 do-

288 5000 506 5058 loribus
551 5003 843 5074 adhibere,
892 5006 1057 5063 beata
1113 5007 1209 5063 illa
1249 5010 1464 5078 renuit,
1521 5011 1620 5066 sed
1675 5025 1790 5066 non
1839 5011 1982 5067 alias

287 5088 455 5157 plane
485 5090 896 5162 ituramquam
916 5095 988 5150 ad
1017 5109 1167 5162 eam,
1198 5112 1328 5167 quae
1346 5111 1404 5153 se
1434 5098 1786 5167 salvaverat,
1810 5099 1976 5157 dixit.

289 5176 603 5247 Vestigium
679 5179 858 5249 igitur
916 5181 988 5236 ad
1047 5183 1344 5241 ecclesiam
1416 5193 1734 5256 retorquet,
1792 5189 1979 5244 media

288 5262 524 5320 basilica
557 5265 802 5324 dominae
832 5283 952 5324 suae
998 5285 1098 5340 pro
1150 5272 1437 5330 beneficiis
1480 5282 1674 5330 nostro
1727 5281 1979 5345 tempore

2093 4311 2266 4367 disset
2319 4326 2576 4378 exesum,
2644 4311 2843 4368 tibiam
2917 4327 3150 4382 quoque
3214 4311 3535 4381 pervadens
3599 4312 3788 4368 cruris

2094 4399 2308 4468 pariter
2335 4415 2610 4470 suprema
2639 4400 2956 4470 corripuit;
3007 4414 3210 4456 carnes
3257 4413 3508 4469 namque
3552 4414 3782 4467 vorans,

2093 4499 2403 4541 nervorum
2443 4485 2658 4543 duritia
2700 4487 2910 4542 tabidis
2959 4485 3240 4542 ﬂuoribus
3288 4487 3612 4554 latescente,
3660 4501 3789 4543 ossa

2092 4581 2396 4636 retexerat.
2446 4575 2763 4644 eademque
2803 4589 2940 4630 casu
2987 4575 3322 4644 quotidiano
3356 4589 3542 4644 usque
3584 4575 3658 4630 ad
3691 4591 3783 4647 ge-

2091 4661 2351 4718 niculum
2423 4661 2531 4718 hac
2595 4662 2806 4732 illaque
2860 4663 3242 4732 disperserat;
3298 4663 3369 4718 ad
3425 4662 3547 4718 ιιωο
3599 4665 3787 4720 cruris

2092 4749 2270 4819 pulpa
2299 4749 2566 4806 deficiens
2596 4765 2780 4820 usque
2818 4750 2891 4806 ad
2923 4751 3047 4820 ipsa
3079 4751 3307 4806 narium
3357 4751 3784 4821 inguinumque

2091 4837 2362 4908 contigua
2382 4838 2538 4893 nudo
2558 4853 2679 4895 osse
2711 4838 2832 4909 jam
2859 4838 3006 4894 male
3030 4838 3302 4909 pendulo,
3323 4839 3445 4909 pari
3494 4841 3784 4896 sententiae

2091 4925 2522 4981 succumbebat.

2161 5015 2304 5069 Cum
2336 5013 2514 5084 igitur
2556 5027 2656 5082 pro
2689 5013 2896 5069 misera
2926 5027 3033 5070 sua
3077 5013 3437 5080 habitudine,
3484 5020 3540 5070 et
3571 5016 3782 5084 putori,

2089 5107 2143 5156 et
2173 5100 2380 5168 pudori
2419 5098 2539 5154 suis
2567 5099 2827 5169 cmpisset
2855 5113 2974 5154 esse
3014 5099 3369 5169 parentibus,
3419 5106 3602 5156 totum
3656 5103 3784 5158 sub-

2090 5185 2233 5242 sidio
2258 5184 2452 5241 divino
2482 5199 2541 5242 se
2578 5185 2839 5253 contulit,
2887 5193 2940 5240 et
2985 5186 3057 5241 ad
3115 5185 3432 5256 quamdam
3487 5185 3778 5243 ecclesiam

2090 5271 2267 5328 beatae
2319 5271 2513 5328 Mariae
2567 5272 2915 5344 Magdalenae
2960 5273 3175 5328 nomini
3225 5273 3544 5329 dedicatam
3595 5271 3779 5329 efferri

357 5436 465 5505 (27)
496 5437 766 5495 Herman.
804 5441 897 5498 lib.
944 5458 1026 5511 ιιι,
1065 5460 1114 5501 c.
1145 5447 1233 5513 27,
1269 5446 1327 5502 in
1378 5446 1664 5518 Append.,
1711 5461 1839 5503 eam
1871 5447 2128 5520 appellat
2156 5445 2518 5518 Soiburgam.
