3928 6070
148 229 260 282 569

1519 225 1610 279 DE
1655 223 1888 280 LAUDE
1927 223 1983 278 S.
2029 223 2286 278 MARM‘J.

3559 226 3663 278 570

147 376 209 416 se
242 360 444 431 petiit:
501 374 606 415 nec
653 360 708 416 id
748 360 915 430 plane
957 359 1196 430 injuria,
1255 369 1319 417 ut
1363 359 1533 430 cujus
1581 366 1854 415 temerata
1890 358 2303 413 Aaestuabant.
2335 357 2588 413 Tandem
2635 355 2970 411 difficillime
3008 355 3310 417 excitatus,
3372 356 3502 426 quis
3557 357 3663 413 sibi

153 449 436 505 festivitas
467 447 691 504 occasio
731 448 1048 518 punitionis
1075 449 1388 512 exstiterat,
1423 449 1469 504 si
1501 447 1609 503 sibi
1642 447 1858 517 placeat

148 539 290 594 satis
321 537 472 594 ultra
498 537 727 592 tandem
769 536 1004 591 remedii
1046 551 1222 592 causa
1262 551 1465 592 rursus
1493 539 1719 592 existat.
1754 536 1858 592 Cui

149 627 272 696 spei
300 625 642 682 fortunatior
670 638 849 694 quam
877 625 1219 694 sperabatur
1251 639 1284 680 a
1313 625 1576 694 plurimis
1615 633 1858 680 eventus

151 712 420 778 accessit;
479 725 616 766 nam
670 724 830 766 sacer
883 711 994 777 ille,
1047 711 1148 781 qui
1192 720 1381 781 partes
1439 711 1558 782 jam
1606 711 1858 780 corporis

151 801 475 870 superiores
501 799 768 870 attigerat
792 799 958 869 ignis,
998 799 1198 854 merito
1242 799 1398 854 illius
1439 798 1853 870 exstinguitur,

151 879 286 958 qu'ze
317 888 387 942 ad
421 887 589 957 pedes
617 887 750 942 Jesu
781 888 1376 956 concupiscentiarum
1408 886 1598 959 ignem
1646 887 1860 943 exstin-

151 979 253 1046 gui
288 977 498 1031 meruit
545 975 830 1044 lacrymis.
867 976 1087 1030 Interea
1119 975 1292 1031 unius
1337 975 1692 1046 experientia
1740 975 1856 1045 pie-

150 1065 287 1119 tatis
311 1064 430 1133 jam
458 1063 695 1132 jamque
727 1063 946 1133 majora
973 1077 1347 1133 praesumens,
1380 1079 1512 1120 cum
1552 1063 1624 1119 ab
1663 1071 1856 1119 extre-

150 1153 265 1206 mis
293 1151 554 1220 partibus
594 1165 829 1220 prorsus
871 1159 1013 1207 esset
1044 1152 1282 1214 inutilis,
1331 1152 1605 1222 comperit
1643 1167 1857 1222 quam-

151 1240 289 1295 dam
350 1239 646 1295 ecclesiam
703 1239 802 1294 Dei
854 1239 1166 1310 genitricis,
1217 1241 1540 1296 communis
1588 1242 1852 1307 dominae,

151 1328 480 1383 celebribus
509 1327 727 1397 ubique
760 1327 871 1382 dici
923 1328 1218 1383 miraculis
1252 1328 1566 1400 insignem;
1612 1329 1858 1385 habebat

151 1425 207 1471 et
259 1416 542 1486 Hippolyti
587 1416 859 1485 martyris
890 1416 1245 1482 memoriam,
1288 1418 1359 1471 ad
1390 1431 1566 1487 quam
1607 1432 1739 1473 cum
1799 1433 1856 1472 se

150 1503 360 1559 devehi
399 1504 775 1574 impetrasset,
832 1504 1156 1574 ingreditur
1205 1519 1430 1573 navem,
1479 1519 1658 1577 quam
1716 1507 1853 1562 dum

152 1592 394 1648 molitur
445 1593 766 1659 ascendere,
840 1607 902 1648 os
971 1592 1113 1648 illud
1176 1593 1332 1663 quod
1407 1594 1854 1663 protendebatur

151 1681 405 1748 aridum,
457 1695 570 1751 quo
627 1681 815 1736 nescio
871 1680 1180 1737 infortunio
1227 1681 1363 1751 pupi
1406 1681 1667 1750 illiditur,
1719 1689 1774 1737 et
1822 1695 1856 1738 a

150 1782 262 1824 sua
290 1781 561 1839 compage
590 1769 914 1825 resolvitur.
949 1769 1111 1832 Quod
1146 1768 1240 1824 ille
1271 1777 1570 1839 sumptum
1600 1785 1733 1826 cum
1783 1772 1855 1827 ad

151 1856 450 1913 basilicam
491 1857 823 1927 appulisset,
876 1857 1025 1912 intra
1061 1858 1293 1927 parietis
1321 1859 1570 1914 ecclesiae
1600 1859 1857 1914 foramen

158 1945 476 2001 abscondit.

225 2033 405 2103 Cmpit
454 2033 629 2104 igitur
668 2032 807 2088 inibi
859 2033 1074 2089 crebris
1113 2034 1608 2091 obsecrationibus
1654 2036 1857 2092 mundi

151 2121 522 2191 interpellare
569 2121 849 2191 reginam,
884 2130 948 2177 ut
984 2121 1140 2191 quod
1185 2122 1310 2178 aliis
1359 2123 1722 2193 impendebat
1764 2139 1859 2180 va-

153 2210 516 2277 lentioribus,
550 2209 656 2264 sibi
691 2224 923 2279 prorsus
953 2211 1148 2280 impoti
1198 2226 1312 2266 non
1361 2221 1617 2283 negaret.
1666 2213 1858 2269 Conti-

153 2312 345 2369 guum
375 2297 562 2353 fuerat
609 2298 810 2353 Natale
844 2299 1224 2361 Dominicum,
1257 2307 1313 2355 et
1353 2301 1514 2355 miles
1571 2301 1858 2371 quispiam

153 2401 309 2456 saepe
337 2399 470 2441 eum
512 2387 744 2440 intuens
785 2386 1079 2442 basilicam
1120 2387 1396 2456 reptando
1445 2388 1657 2456 subire,
1713 2391 1858 2445 elee-

154 2488 413 2543 mosynae
442 2487 616 2529 causa
649 2473 708 2528 in
739 2474 972 2529 domum
1005 2476 1296 2544 propriam
1324 2475 1608 2532 declinare
1655 2479 1856 2534 suasit.

154 2561 305 2619 Cum
353 2575 488 2632 ergo
537 2561 652 2616 illic
711 2561 1054 2631 aliquandiu
1095 2563 1416 2624 desedisset,
1464 2564 1552 2619 die
1607 2566 1859 2634 quadam

157 2650 234 2706 ad
269 2649 524 2706 rivulum
557 2649 817 2719 proxime
857 2650 1200 2706 defluentem
1245 2666 1364 2706 sese
1386 2659 1771 2717 contraxerat,
1808 2663 1862 2712 et

155 2752 456 2804 cruorem,
513 2738 615 2808 qui
655 2739 862 2793 veteris
907 2739 1166 2794 vulneris
1212 2739 1464 2795 stillabat
1511 2756 1583 2796 ex
1625 2744 1858 2810 venula,

158 2825 384 2882 haustis
406 2841 585 2881 manu
624 2826 890 2882 laticibns
926 2827 1173 2882 eluebat.
1216 2827 1378 2891 Quod
1416 2843 1627 2898 procax
1665 2830 1863 2900 aliqua

1966 446 2303 502 restituisset
2359 446 2588 513 amissa,
2623 460 2656 500 a
2711 445 2938 501 feminis
2987 451 3346 515 perrogatur.
3407 445 3661 511 Dixerat,

1967 541 2175 611 inquit,
2211 542 2348 596 mihi
2383 542 2603 596 funesta
2636 541 2842 596 mulier
2889 541 3027 610 quia
3083 554 3390 610 nunquam
3438 555 3660 606 coxam,

1970 630 2163 686 tibiam
2188 637 2286 685 aut
2318 630 2514 698 pedem
2547 644 2725 684 essem
2758 629 3086 684 habiturus.
3121 628 3381 698 Cumque
3411 627 3667 697 aperuis-

1967 724 2048 771 set
2072 717 2264 772 oculos
2303 719 2651 773 benedictam
2698 732 2829 772 cum
2860 725 3110 785 martyre
3139 715 3434 785 Virginem
3474 715 3666 769 adhuc

1966 803 2172 860 lectulo
2213 806 2531 861 aestimabat
2575 811 2846 873 astantes,
2895 805 3110 875 quibus
3147 803 3511 859 invisibiliter
3559 803 3665 857 ab-

1965 893 2221 954 sentatis,
2275 907 2394 947 rem
2445 894 2634 949 refert.
2682 894 2904 947 Interea
2946 893 3017 947 ad
3063 892 3361 947 dominum
3407 890 3666 945 curritur

1965 980 2190 1048 domus,
2245 979 2413 1050 eique
2459 980 2882 1049 insuspicabilis
2928 981 3018 1035 ille
3076 987 3349 1033 narratur
3392 985 3661 1045 eventus;

1965 1077 2271 1124 cunctatur
2321 1068 2440 1124 diu.
2493 1069 2719 1124 Nzenias
2772 1082 2902 1138 quze
2967 1067 3301 1122 ferebantur
3352 1065 3661 1131 existimat,

1966 1157 2038 1212 ab
2060 1157 2447 1212 asserentibus
2469 1157 2698 1212 tandem
2734 1156 2920 1212 victus
2969 1155 3089 1210 suis
3123 1169 3179 1210 se
3205 1155 3425 1210 aedibus
3472 1153 3660 1219 infert,

1965 1246 2138 1312 videt,
2181 1245 2279 1300 vix
2314 1259 2430 1314 prae
2487 1252 2719 1313 stupore
2773 1244 2845 1298 ad
2903 1244 3068 1298 ﬁdem
3117 1257 3174 1297 se
3223 1243 3466 1297 cohibet.
3507 1242 3666 1296 Intra

1967 1333 2114 1388 idem
2155 1333 2427 1402 oppidum
2483 1331 2714 1386 fratrem
2751 1331 2912 1386 miles
2962 1330 3209 1385 habebat
3258 1331 3514 1393 unicum,
3571 1329 3663 1383 cui

1965 1434 2137 1489 super
2191 1421 2311 1490 ipsa
2355 1419 2588 1475 fortuna
2634 1419 2822 1474 statim
2879 1418 3089 1473 direxit
3133 1417 3427 1483 nuntium,
3491 1429 3664 1484 quem

1965 1509 2057 1564 ille
2079 1523 2151 1564 ex
2183 1508 2460 1578 pridianis
2479 1507 2676 1562 uxoris
2707 1507 2830 1561 feta:
2854 1505 3041 1574 epulis
3061 1503 3371 1573 appellavit
3407 1503 3661 1569 ebrium;

1965 1605 2022 1652 at
2044 1611 2178 1652 vero
2205 1596 2472 1666 postridie
2503 1594 2806 1664 oppidanis
2833 1594 2955 1664 jam
2999 1592 3093 1648 illo
3138 1590 3444 1647 ruentibus
3489 1589 3667 1644 frater

1966 1684 2058 1740 ille
2089 1685 2302 1740 factum
2335 1684 2527 1738 videre
2560 1683 2847 1738 sustinens
2877 1681 3075 1737 credit.

2032 1773 2280 1828 Additur
2310 1786 2448 1842 ergo
2481 1771 2557 1826 illi
2599 1769 2880 1826 miraculo
2930 1770 3142 1824 mirum
3174 1767 3474 1838 quiddam,
3507 1764 3664 1835 quod

1963 1875 2181 1917 novum
2231 1861 2370 1916 illud
2409 1859 2502 1914 Dei
2545 1859 2859 1928 opificium,
2887 1865 2942 1913 et
2991 1855 3236 1911 infantili
3288 1854 3668 1910 teneritudine

1964 1949 2171 2018 impari
2220 1961 2453 2017 prorsus
2505 1947 2724 2007 robore,
2785 1958 2839 2000 et
2893 1945 3088 2000 minus
3144 1944 3417 2013 congrua!
3472 1941 3668 1996 inveni

1965 2037 2276 2107 majestate.
2313 2036 2469 2090 Coxa
2504 2034 2754 2089 distabat
2793 2048 2826 2087 a
2876 2033 3056 2088 veteri
3100 2031 3158 2086 in
3207 2044 3322 2100 qua
3358 2045 3432 2085 ex
3481 2029 3669 2084 cruris

1963 2125 2201 2180 alterius
2235 2122 2540 2192 asperitate
2581 2130 2756 2191 atque
2803 2121 3062 2191 grossitie
3108 2117 3440 2188 compositio
3502 2117 3666 2172 valde

1963 2213 2193 2270 diversa
2233 2211 2537 2266 videbatur
2569 2209 2792 2279 haberi;
2841 2216 2896 2266 et
2945 2210 3051 2264 hoc
3100 2215 3222 2264 erat
3261 2206 3416 2276 quod
3467 2219 3668 2260 eorum

1963 2303 2066 2373 qui
2091 2315 2224 2357 eum
2265 2308 2395 2356 ante
2425 2313 2540 2354 non
2592 2305 2871 2353 noverant
2911 2297 3076 2353 valde
3114 2295 3482 2350 adnitebatur
3514 2292 3663 2348 fidei.

1966 2391 2088 2447 Non
2120 2397 2309 2446 tamen
2341 2395 2559 2458 poterat
2608 2388 2762 2442 cruri
2804 2393 3028 2442 vetusto
3071 2385 3143 2440 ad
3189 2383 3443 2452 corporis
3497 2381 3668 2436 susti-

1965 2480 2222 2536 nentiam
2299 2478 2586 2533 ullatenus
2642 2473 2973 2546 exaequari;
3051 2477 3302 2528 attamen
3365 2483 3670 2541 quorsum-

1966 2581 2200 2637 cunque
2243 2565 2547 2636 migrabat,
2606 2577 2960 2634 quocunque
3020 2561 3324 2616 videbatur
3385 2559 3442 2613 in
3524 2557 3667 2623 loco,

1967 2663 2150 2712 totum
2203 2653 2413 2709 divinae
2482 2650 2893 2706 commilitabat
2964 2648 3140 2714 laudi,
3196 2647 3350 2717 quod
3405 2647 3464 2700 in
3545 2645 3671 2714 ejus

1967 2757 2140 2798 carne
2188 2750 2305 2798 tam
2358 2739 2697 2796 mirabiliter
2753 2737 3085 2794 constiterat
3149 2735 3443 2792 celebrari.
3504 2734 3671 2788 Anno

1967 2830 2162 2900 itaque
2248 2829 2469 2897 integro
2557 2826 2982 2896 magnificentia
3058 2823 3321 2879 miraculi
3421 2823 3475 2876 in
3563 2821 3670 2875 ho-

160 2914 374 2970 mulier
404 2913 701 2969 attendens
737 2914 947 2969 intulit.
985 2915 1224 2970 Frustra
1253 2915 1470 2978 niteris,
1513 2917 1689 2986 Petre,
1723 2919 1863 2990 quia
1901 2948 1940 3003 C
1970 2917 2123 2972 mine
2154 2914 2517 2972 claudicavit.
2562 2915 2684 2979 Quo
2715 2915 2979 2980 obducto,
3037 2925 3212 2982 super
3258 2925 3455 2966 omnes
3512 2923 3670 2965 crea-

159 3016 467 3073 nunquam
495 3009 838 3070 autcoxam,
873 3003 1214 3070 auttibiam,
1257 3004 1566 3061 habiturus
1613 3020 1673 3062 es
1709 3007 1863 3063 dein-

159 3106 317 3160 ceps.
354 3091 511 3146 Hanc
542 3091 744 3146 Petrus
774 3105 966 3146 vocem
998 3094 1296 3163 :egerrimo
1327 3094 1585 3164 concepit
1631 3095 1859 3152 affectu.

161 3181 247 3235 Ea
279 3186 603 3247 tempestate
657 3179 874 3248 praefati
917 3194 1064 3234 uxor
1111 3181 1306 3236 militis
1350 3190 1520 3251 partu
1576 3184 1726 3239 edito
1775 3185 1866 3240 de-

160 3267 490 3333 cumbebat,
535 3267 696 3322 miles
725 3281 876 3332 vero,
913 3275 977 3323 ut
1020 3267 1366 3324 familiarius
1407 3269 1504 3324 illa
1544 3285 1662 3325 rem
1696 3285 1864 3342 gere-

159 3364 265 3418 ret,
325 3356 383 3410 in
440 3355 679 3411 alteram
744 3355 980 3411 domum
1051 3365 1427 3412 concesserat.
1505 3357 1864 3429 Pedissequze

162 3451 345 3498 noctu
375 3445 563 3498 nescio
607 3442 744 3512 quid
779 3451 1014 3509 acturze,
1056 3457 1090 3498 a
1127 3458 1356 3500 camera
1401 3445 1458 3500 in
1491 3445 1724 3502 domum
1769 3460 1867 3502 ex-

160 3530 430 3586 teriorem
474 3531 844 3592 devenerant,
898 3539 952 3587 et
1016 3532 1248 3587 Petrum
1303 3533 1661 3589 subaudiunt
1717 3539 1865 3588 305

162 3618 383 3674 crebris
432 3618 757 3688 planctibus
798 3619 1202 3690 ingementem,
1255 3634 1505 3690 quorum
1545 3624 1866 3692 gemituum

164 3719 344 3762 causa
375 3707 496 3762 haec
523 3707 750 3762 fuerat:
786 3707 962 3778 Virgo
1000 3715 1056 3763 et
1086 3717 1268 3763 mater
1310 3723 1484 3778 super
1524 3711 1718 3765 omnia
1762 3711 1866 3767 be-

164 3795 418 3863 nedicta,
467 3809 599 3851 cum
659 3795 823 3850 beato
877 3803 1128 3866 martyre
1186 3796 1488 3866 Hippolyto
1539 3797 1597 3853 in
1651 3799 1866 3856 visione

163 3882 371 3938 stratui
403 3883 529 3953 ejus
559 3882 838 3944 astiterat,
884 3898 1016 3954 quas
1063 3885 1324 3953 martyri,
1362 3893 1424 3940 ut
1449 3885 1663 3955 jacenti
1702 3888 1866 3943 vide—

162 3971 360 4036 batur,
420 3971 753 4040 imperabat.
809 3972 1078 4038 Restitue,
1136 3971 1346 4042 inquit,
1419 3988 1550 4028 eum
1628 3975 1867 4045 antiquo

161 4059 374 4130 vigori.
425 4059 643 4129 Martyr
687 4073 822 4114 vero
883 4060 1190 4129 imperanti
1241 4061 1536 4117 humiliter
1582 4064 1866 4120 obsecun—

159 4147 308 4202 dans
355 4161 509 4208 crus,
568 4147 788 4210 tibiam,
842 4148 1159 4218 pedemque
1211 4163 1685 4218 quaquaversum
1731 4151 1865 4207 olim

1970 3012 2132 3061 turas
2190 3012 2312 3073 post
2368 3002 2594 3062 Filium,
2656 3010 2712 3058 et
2767 3016 2867 3071 per
2928 3001 3136 3057 Filium
3186 2999 3482 3056 benedicta
3537 3014 3671 3054 cum

1971 3107 2076 3150 suo
2130 3092 2448 3162 Hippolyto,
2499 3092 2608 3147 sub
2663 3092 2862 3146 eadem
2920 3105 3050 3160 qua:
3113 3090 3274 3159 prius
3329 3095 3564 3144 venerat
3616 3095 3672 3142 et

1971 3189 2153 3250 nocte,
2186 3189 2240 3238 et
2275 3182 2461 3252 ﬁgura
2483 3180 2808 3235 revertitur.
2833 3179 3014 3248 Cujus
3041 3193 3256 3234 novum
3289 3177 3509 3248 plasma
3537 3190 3669 3230 cum

1967 3271 2206 3342 jubente
2264 3270 2522 3339 piissima
2581 3276 2801 3338 martyr
2879 3267 3245 3323 beatissimus
3317 3273 3670 3321 contrectare

1971 3359 2249 3428 coepisset,
2276 3358 2562 3428 quidquid
2610 3357 2690 3412 illi
2721 3356 3009 3411 aunotinze
3067 3355 3339 3411 creationi
3391 3352 3668 3420 defuerat,

1971 3455 2209 3516 excepta
2238 3446 2619 3502 teneritudine
2652 3445 2816 3511 cutis,
2863 3452 2917 3499 et
2961 3443 3142 3512 specie
3192 3442 3465 3498 novitatis
3516 3448 3669 3496 vete-

1972 3548 2114 3590 rano
2138 3534 2317 3590 fenori
2343 3534 2628 3588 simillime
2666 3532 3080 3587 conformatur.
3126 3532 3511 3600 Experrectus
3552 3528 3670 3598 ﬁgi-

1973 3629 2084 3683 tur,
2115 3629 2169 3677 et
2200 3620 2435 3677 visionis
2485 3620 2780 3675 veritatem
2823 3633 2894 3673 ex
2926 3617 3158 3672 habitus
3207 3617 3429 3686 pristini
3475 3615 3668 3671 melio-

1972 3710 2192 3764 ratione
2233 3709 2602 3779 persentiens,
2661 3708 2799 3762 dum
2853 3706 3088 3775 superni
3146 3703 3456 3774 spectaculi
3508 3704 3672 3758 itera-

1972 3799 2184 3854 tionem
2244 3804 2407 3868 gestu
2463 3811 2568 3852 suo
2620 3795 2843 3851 cunctis
2884 3794 3166 3860 enuntiat,
3216 3799 3270 3848 et
3325 3792 3490 3847 ﬁdem
3538 3791 3668 3846 facti

1975 3887 2224 3953 roborat,
2285 3887 2439 3955 apud
2496 3887 2696 3949 Deum,
2744 3892 2800 3938 et
2863 3882 2957 3938 Dei
3016 3896 3209 3952 opera,
3285 3881 3365 3936 nil
3430 3880 3672 3936 existere

1974 3974 2416 4044 imperfectionis
2447 3973 2746 4028 acclamat.

2047 4060 2426 4133 Leodegarz'us
2457 4059 2819 4115 Vinariensis
2848 4057 3143 4131 episcopus
3171 4057 3405 4112 discutit
3420 4055 3675 4111 miracu-

1975 4151 2114 4207 lum.
2149 4181 2217 4190 -—
2267 4153 2546 4206 Prmterea
2581 4164 2713 4204 cum
2761 4147 2980 4218 ubique
3029 4147 3136 4203 loci
3173 4147 3254 4202 rei
3296 4147 3435 4201 adeo
3486 4145 3674 4201 inusi-

160 4249 386 4305 sparsa,
426 4234 703 4290 divinitus
747 4235 817 4290 ad
851 4237 1031 4291 instar
1057 4235 1266 4292 futurae
1299 4239 1734 4295 resurrectionis
1809 4241 1866 4295 in
1907 4239 1948 4292 Ι)
1976 4247 2106 4294 tatae
2163 4238 2408 4294 ferretur
2436 4239 2629 4307 opinio
2674 4238 2746 4292 ad
2796 4235 3207 4306 Leodegarium
3256 4235 3670 4300 Vivariensem,

162 4331 380 4394 puncto
438 4331 751 4392 compacta,
822 4324 1174 4394 recolligens,
1226 4326 1449 4394 corpori
1503 4327 1629 4397 ejus
1689 4341 1755 4382 ac
1819 4329 1864 4383 si

162 4410 468 4468 surculum
520 4410 711 4468 arbori
767 4413 936 4482 coepit
982 4413 1356 4483 subjungere.
1411 4414 1477 4468 In
1512 4429 1631 4485 qua
1683 4416 1866 4472 inser-

160 4499 316 4556 tione
345 4499 518 4555 tantis
575 4501 958 4570 torquebatur
986 4501 1302 4571 angoribus
1343 4509 1409 4558 ut
1448 4503 1698 4558 vicissim
1750 4518 1865 4560 non

161 4587 288 4643 sine
332 4587 686 4644 clamoribus
748 4588 1176 4655 substridendo,
1225 4597 1279 4645 et
1340 4590 1555 4646 crebris
1606 4591 1863 4660 rictibus,

161 4675 677 4746 membrorumque
725 4677 974 4732 motibus
1023 4677 1163 4747 quid
1210 4686 1501 4747 pateretur
1539 4679 1864 4749 indicando,

162 4763 469 4833 przedictas
513 4764 814 4820 ancillulas
881 4780 1012 4836 quze
1066 4779 1166 4836 per
1224 4767 1438 4823 donum
1501 4769 1868 4838 vagabantur

163 4853 394 4908 acciret.

236 4941 480 4997 Irruunt
495 4941 695 5012 igitur,
725 4948 779 4998 et
813 4941 966 4998 illato
999 4941 1313 5013 adjacentis
1344 4943 1518 4999 cubili
1553 4943 1692 5013 faro,
1727 4946 1864 5002 dum

164 5030 278 5085 hac
317 5028 565 5100 illacque
603 5029 937 5100 dispiciunt,
969 5031 1114 5086 duos
1163 5031 1332 5100 pedes
1380 5033 1614 5088 Petrum
1661 5041 1714 5089 et
1752 5034 1867 5090 duo

163 5117 380 5174 habere
411 5131 579 5173 crura
616 5117 928 5188 reperiunt.
971 5119 1191 5174 Tantus
1223 5119 1371 5174 illico
1396 5134 1468 5175 ex
1514 5121 1621 5176 hoc
1652 5121 1867 5178 intuitu

165 5205 439 5262 mulieres
491 5212 694 5276 stupor
721 5207 1015 5264 exanimat
1046 5215 1108 5264 ut
1157 5223 1215 5264 se
1244 5223 1359 5264 non
1390 5222 1486 5265 eas
1525 5224 1655 5280 quae
1688 5224 1866 5267 vene-

166 5299 319 5356 rant,
353 5291 450 5347 sed
484 5293 695 5348 mutari
744 5293 803 5348 in
854 5294 1064 5350 alteras
1110 5296 1479 5352 aestimarent.
1532 5297 1866 5354 Contrecta-

167 5380 328 5446 bant,
369 5388 423 5435 et
455 5394 590 5436 vera
640 5382 900 5437 membra
957 5396 1088 5452 quae
1146 5384 1471 5453 tetigerant,
1521 5386 1861 5442 sentiebant.

168 5470 241 5524 At
283 5476 482 5524 contra
539 5470 669 5525 inde
727 5469 779 5524 id
832 5477 946 5525 tam
1005 5470 1295 5527 insolitum
1347 5472 1455 5529 sibi
1523 5483 1864 5544 provenerat

1975 4328 2072 4398 qui
2091 4341 2247 4382 nunc
2270 4325 2506 4393 advivit,
2531 4326 2863 4395 episcopum
2885 4324 3144 4394 pervenit
3165 4323 3384 4389 relatio,
3423 4322 3672 4392 idipsum

1974 4416 2141 4486 plane
2169 4415 2226 4469 in
2255 4414 2780 4484 Gratianopolitano
2810 4413 3130 4482 territorio,
3164 4412 3316 4468 unde
3348 4412 3516 4467 homo
3551 4417 3675 4466 erat

1975 4503 2277 4565 oriundus,
2328 4502 2448 4558 ﬁeri
2501 4509 2766 4571 cceperat,
2817 4502 2913 4557 sed
2962 4502 3023 4556 in
3071 4501 3299 4556 diceccsi
3350 4497 3671 4553 Vivariensi

1975 4592 2107 4647 finis
2138 4591 2468 4646 obvenerat.
2520 4590 2838 4660 Episcopus
2875 4603 3014 4659 ergo
3064 4587 3290 4642 insolito
3333 4585 3674 4640 omnimodis

1975 4695 2206 4738 rumore
2249 4680 2517 4748 percitus,
2565 4693 2698 4734 cum
2740 4678 2828 4732 die
2867 4677 3118 4747 quadam
3182 4675 3431 4745 plurima
3488 4687 3675 4744 proce-

1975 4783 2107 4824 rum
2146 4767 2466 4837 frequentia
2512 4781 2719 4822 causas
2761 4765 2944 4820 acturi
2988 4777 3180 4819 coram
3234 4778 3299 4818 eo
3364 4762 3669 4824 venissent,

1975 4856 2161 4912 adfuit
2190 4863 2244 4912 et
2292 4855 2340 4910 is
2384 4855 2553 4925 cujus
2600 4855 2768 4910 domo
2817 4861 2943 4908 acta
2982 4867 3072 4909 res
3109 4853 3292 4908 fuerat
3324 4866 3456 4907 cum
3500 4850 3675 4905 fratre

1975 4944 2226 5014 proprio.
2263 4943 2349 4997 Ad
2390 4957 2534 5012 quos
2563 4941 2643 4997 sic
2682 4940 2868 4996 oravit
2920 4941 3221 5010 episcopus
3255 4955 3266 4993 :
3297 4961 3317 4987 ι
3381 4939 3525 4995 Cum
3573 4952 3675 4993 vos

1975 5032 2124 5088 inter
2169 5045 2366 5088 omnes
2413 5031 2715 5086 dimeeseos
2770 5045 2908 5084 meae
2935 5029 3100 5084 :viros
3149 5042 3380 5084 veraces
3426 5041 3494 5082 ac
3539 5041 3671 5082 con-

1972 5120 2313 5178 versationis
2343 5119 2610 5190 legitimae
2660 5117 2868 5184 norim,
2901 5118 3149 5173 obtestor
3187 5131 3292 5172 vos
3328 5130 3518 5172 coram
3553 5116 3675 5171 haec

1973 5209 2359 5281 probabilium
2407 5208 2714 5278 przesentia
2763 5219 3158 5276 personarum,
3203 5214 3268 5261 ut
3313 5219 3443 5275 quae
3490 5204 3674 5260 since-

1973 5300 2096 5354 rius
2121 5297 2232 5354 dici
2262 5311 2295 5352 a
2323 5297 2483 5352 vobis
2512 5303 2753 5366 qtueunt
2779 5309 2954 5364 super
2985 5295 3150 5364 signo
3187 5294 3300 5361 illo,
3334 5294 3486 5365 quod
3519 5293 3672 5363 apud

1973 5401 2074 5440 vos
2120 5394 2342 5457 gestum
2404 5385 2771 5454 prmdicatur,
2822 5383 3080 5438 referatis
3136 5383 3192 5437 in
3253 5385 3512 5438 omnium
3571 5381 3670 5450 qui

1976 5483 2180 5548 przeslo
2206 5483 2341 5530 sunt
2381 5473 2694 5534 audientia.
2735 5494 2756 5521 ι
2809 5460 3316 5544 Ουῖδεδωέθηιρδ
3357 5473 3438 5530 uti
3496 5471 3673 5529 relata
