3914 6094
315 213 410 264 571
1198 206 1258 257 ν.
1300 203 1632 261 GUIBERTI
1671 205 1861 259 ABBA'

1198 206 1258 257 V.
1300 203 1632 261 GUIBERTI
1671 202 1962 259 ABBATIS
2000 204 2055 258 S.
2100 202 2335 256 ΜΑΒΙᾸΞ
2371 201 2464 256 ΒΕ

3707 201 3819 252 572

2527 200 2910 256 NOVIGENTO

309 347 444 396 sunt
474 344 852 394 retexuerunt
893 335 1113 401 omnia;
1147 348 1180 389 a
1227 333 1439 404 quibus
1485 333 1657 388 etiam
1701 340 1823 402 post
1867 347 2001 402 per-
2039 339 2080 388 Α
2112 332 2452 402 proripiunt,
2498 331 2644 385 intro
2685 329 3058 400 prospiciunt,
3096 338 3148 386 et
3177 329 3234 384 in
3267 330 3451 386 medio
3482 331 3629 387 Petri
3662 346 3815 387 con-

306 429 616 485 orationem
641 427 712 482 ob
731 425 1042 481 astantium
1064 422 1404 491 scrupulum
1428 421 1860 485 dimovendum,
1885 433 1996 476 cer-

304 518 608 574 titudinem
663 513 1002 570 sacramenti
1053 509 1261 579 exegit.
1320 509 1443 573 Quo
1491 509 1746 577 praebito,
1801 508 1994 563 dilatis

301 606 450 661 illico
480 618 626 674 quas
657 600 862 657 dicturi
893 607 1058 655 erant
1088 597 1293 658 causis,
1346 597 1557 666 pariter
1605 599 1904 667 episcopus
1937 604 1993 652 et

298 706 559 763 proceres
600 697 851 745 castrum
911 687 1144 753 adeunt,
1202 693 1256 741 et
1305 685 1595 741 hominem
1651 685 1707 738 in
1756 684 1993 740 ecclesia

296 782 467 837 turba
500 779 954 836 circumsistente
1003 775 1314 845 reperiunt.
1361 774 1712 845 Aggreditur
1761 774 1989 828 Petrum

291 868 612 938 episcopus,
645 874 700 922 et
730 866 982 936 primum
1014 865 1082 920 de
1131 863 1445 918 infortunio
1476 862 1796 917 sciscitatus
1842 875 1987 916 cau-

291 971 383 1012 sas
412 957 574 1011 audit
619 970 752 1010 cum
800 953 1112 1009 effectibus.
1165 953 1406 1007 Demum
1454 951 1698 1006 fortunae
1750 951 1990 1006 recentis

289 1052 532 1100 eventus
560 1043 862 1114 inquirens
891 1042 1135 1097 auribus
1165 1041 1517 1104 relationem,
1550 1053 1616 1093 ac
1665 1053 1782 1093 rem
1814 1039 1989 1092 obtu-

291 1133 445 1189 tibus
493 1132 704 1188 haurit.
767 1133 1168 1185 Perscrutatur
1206 1129 1394 1184 denuo
1445 1136 1639 1182 utrum
1694 1127 1988 1196 aliquibus

289 1221 568 1290 conjicere
602 1220 788 1274 valeat
837 1217 1210 1288 argumentis,
1269 1217 1313 1270 si
1372 1215 1569 1270 eadem
1637 1215 1745 1269 sibi
1801 1221 1987 1270 essent

291 1311 461 1365 insita
484 1309 742 1364 membra
769 1323 900 1377 quze
925 1307 1083 1375 prius
1111 1320 1185 1361 an
1209 1307 1406 1371 altera,
1460 1304 1748 1374 respondit
1797 1303 1890 1358 ille
1928 1317 1986 1358 se

290 1399 556 1454 nescire:
598 1419 616 1445 ι
659 1397 804 1462 Νοη,
852 1395 950 1461 ait,
998 1409 1226 1463 possum
1279 1408 1367 1448 me
1426 1394 1532 1448 hac
1580 1393 1826 1462 illacque
1885 1405 1984 1460 pro

289 1487 478 1541 cruris
552 1485 731 1554 ipsius
795 1484 1045 1538 novitate
1108 1481 1457 1552 diSpiciendo
1521 1489 1808 1551 torquere,
1884 1493 1986 1534 vos

289 1577 476 1644 potius
507 1574 866 1638 scrutamini,
892 1581 946 1628 et
977 1572 1022 1626 si
1055 1572 1110 1626 in
1144 1571 1264 1640 ipso
1311 1570 1629 1626 cicatricem
1663 1569 1986 1638 repereritis

289 1664 478 1733 ipsum
535 1663 688 1733 quod
741 1662 1032 1732 quondam
1084 1660 1385 1716 habuerim
1442 1660 1559 1713 fore
1626 1657 1921 1712 noveritis.
1959 1678 1979 1704 ι

289 1749 568 1806 Subtilius
599 1761 890 1820 quaerunt,
924 1764 1027 1804 nec
1059 1763 1216 1803 mora
1252 1749 1513 1803 vulneris
1557 1747 1723 1816 signa
1753 1745 1986 1814 conspi-

287 1837 469 1905 ciunt,
494 1851 600 1892 nec
629 1837 946 1892 difﬁtentur
975 1835 1292 1890 mirabilem
1318 1834 1518 1888 Deum.

359 1926 542 1997 Igitur
571 1927 865 1982 recedente
894 1925 1158 1994 episcopo
1204 1938 1333 1978 eum
1381 1921 1473 1977 ille
1514 1935 1618 1990 pro
1668 1928 1828 1976 tanta
1876 1921 1983 1975 sibi

288 2013 544 2084 impensa
563 2014 748 2084 gratia
778 2028 952 2083 quam
986 2014 1096 2067 Deo
1141 2011 1399 2066 redderet
1453 2010 1632 2064 vicem
1687 2009 1982 2079 cogitaret,

287 2102 358 2158 ad
383 2103 485 2158 hoc
511 2103 740 2158 tandem
782 2102 1040 2157 animum
1080 2099 1319 2169 appulit,
1356 2106 1645 2168 quatenus
1699 2112 1732 2152 a
1775 2097 1984 2152 forensi

286 2186 439 2254 quod
474 2185 741 2240 omnibus
773 2185 988 2254 ubique
1013 2191 1134 2238 erat
1161 2181 1346 2237 factus
1377 2183 1617 2247 theatro,
1655 2183 1764 2236 Deo
1796 2183 1980 2236 victu-

285 2287 386 2329 rus
441 2273 546 2328 soli
613 2274 720 2328 sub
783 2273 1101 2328 reclusione
1157 2271 1457 2337 secederet,
1524 2278 1578 2325 et
1640 2269 1779 2340 quia
1838 2275 1985 2322 306

284 2376 422 2432 erga
448 2375 506 2416 se
556 2361 816 2416 inaudita
863 2360 1102 2425 fecisset,
1160 2358 1402 2428 dignum
1449 2365 1608 2412 retur
1663 2365 1728 2412 ut
1771 2372 1984 2412 conve-

288 2448 450 2503 niens
480 2450 578 2504 Dei
632 2447 1038 2504 munificentiae
1069 2446 1207 2516 quid
1265 2452 1474 2516 ageret.
1530 2446 1725 2514 Itaque
1771 2445 1982 2500 divina:

283 2535 661 2605 speculationi
690 2536 770 2591 sic
800 2549 1033 2596 vacans,
1077 2548 1210 2588 cum
1259 2533 1328 2588 de
1357 2532 1761 2602 omnipotentis
1808 2533 1981 2588 bene-

289 2625 414 2679 ficio
445 2625 715 2679 humanae
751 2623 1092 2678 visitationis
1127 2622 1358 2690 praemia
1403 2622 1565 2675 nulla
1604 2623 1723 2690 jam
1765 2635 1985 2691 quaere-

285 2719 392 2778 ret,
421 2712 638 2767 invenit
667 2711 930 2766 diabolus
968 2717 1168 2765 contra
1197 2709 1323 2779 ejus
1373 2709 1792 2764 immunitatem
1842 2709 1982 2779 quid

283 2800 684 2856 machinarum
771 2800 1072 2869 ingereret.
1141 2798 1363 2852 Sciebat
1426 2797 1592 2866 plane
1662 2798 1981 2853 maximum

283 2888 628 2944 intentivum
686 2888 758 2942 ad
799 2886 1178 2942 atiectandam
1219 2887 1316 2942 Dei
1392 2886 1742 2956 genitricem,
1802 2895 1856 2942 et
1911 2888 1980 2942 ad

283 2977 595 3044 sperandas
623 2975 806 3046 magis
851 2989 917 3029 ac
948 2977 1129 3043 magis
1155 2977 1281 3044 ejus
1309 2975 1722 3030 misericordias
1767 2974 1821 3029 id
1865 2974 1980 3029 mi-

281 3064 754 3120 raculiomnibus
798 3063 1090 3120 accidisse.
1134 3064 1294 3120 Unde
1345 3064 1636 3119 nitebatur
1673 3078 1745 3119 ex
1783 3065 1980 3133 aliqua

281 3167 509 3209 morum
557 3153 684 3223 ejus
733 3153 1119 3221 corruptione,
1149 3152 1430 3206 divinitus
1495 3151 1554 3206 in
1605 3152 1726 3221 ipsa
1782 3167 1981 3223 perpe-

283 3249 434 3298 trata
488 3242 716 3298 fredare.
770 3241 948 3308 Quem
997 3256 1132 3308 ergo
1181 3240 1624 3295 insolentissima
1670 3241 1818 3296 Deus
1871 3240 1980 3310 pie-

283 3337 396 3386 tate
464 3338 785 3398 sanaverat,
854 3329 1202 3386 insolentiori
1288 3328 1552 3384 diabolus
1620 3328 1978 3384 infestatione

285 3427 585 3490 pertentat,

351 3511 691 3578 Intempesta
730 3507 882 3563 enim
921 3507 1245 3576 cujuspiam
1295 3505 1477 3561 noctis
1517 3505 1659 3561 hora
1705 3506 1840 3560 dum
1882 3520 1979 3560 cu-

282 3597 465 3653 bitum
491 3611 609 3652 sese
629 3597 951 3665 deponeret,
987 3595 1277 3665 inopinate
1314 3595 1384 3648 ad
1419 3608 1631 3663 purum
1663 3595 1785 3648 sine
1829 3608 1976 3649 exu-

278 3685 390 3742 viis
427 3685 654 3754 species,
708 3687 819 3738 imo
850 3697 986 3738 vera
1024 3683 1239 3752 effigies
1257 3682 1362 3737 sibi
1407 3682 1663 3737 mulieris
1717 3690 1972 3751 apparet.

280 3773 418 3837 Quae
469 3787 598 3828 eum
637 3781 841 3827 caztera
883 3770 1154 3840 corporis,
1206 3777 1327 3825 tum
1373 3771 1622 3825 maxime
1687 3770 1974 3840 puerperii

281 3860 655 3932 ignominiam
708 3859 1068 3928 impudenter
1102 3859 1426 3925 ostendens,
1482 3859 1551 3912 ad
1605 3858 1781 3914 foedos
1835 3873 1974 3914 usus

279 3949 576 4004 lenociniis
613 3948 957 4003 moliebatur
1001 3946 1246 4002 allicere.
1303 3947 1478 4002 Porro
1534 3947 1825 4002 blanditiis
1869 3948 1974 4000 mi-

279 4052 391 4092 nus
418 4051 613 4106 agens,
657 4036 943 4090 hominem
978 4043 1190 4090 terrore
1239 4036 1542 4102 mactabat,
1589 4050 1721 4089 cum
1772 4041 1975 4090 neutro

279 4133 482 4194 posset,
519 4124 740 4194 injectis
792 4124 962 4180 etiam
1015 4125 1284 4180 manibus
1335 4123 1596 4194 pellicere
1638 4124 1692 4177 vi
1728 4124 1970 4189 volebat,

279 4220 334 4269 et
373 4227 488 4283 quo
536 4213 628 4268 ille
677 4213 934 4268 vivacius
981 4212 1197 4283 ﬂagitio
1246 4211 1560 4278 resistebat,
1598 4219 1757 4266 tanto
1805 4211 1978 4281 pestis

282 4301 416 4356 hinc
444 4308 498 4356 et
526 4301 656 4356 inde
685 4302 939 4357 rabidior
976 4301 1361 4356 incumbebat.
1393 4301 1480 4356 Ab
1513 4300 1608 4356 illa
1649 4314 1784 4368 ergo
1818 4308 1981 4354 nocte

279 4390 552 4446 omnibus
589 4404 648 4445 se
691 4391 739 4446 ei
797 4391 1061 4445 noctibus
1117 4389 1325 4444 femina
1383 4389 1503 4457 ipsa
1557 4389 1863 4458 praebebat,
1925 4397 1980 4443 et

282 4478 498 4548 quibus
563 4485 784 4547 poterat
838 4477 1104 4533 versutiis
1159 4477 1312 4546 turpi
1380 4476 1622 4532 licentiae
1691 4476 1975 4543 inurebat,

281 4567 689 4636 iutantumque
735 4566 1014 4637 fatigabat
1057 4573 1120 4620 ut
1178 4579 1346 4620 mane
1399 4564 1471 4619 ad
1517 4579 1575 4619 se
1619 4565 1980 4619 venientibus

280 4655 551 4711 visitandi
580 4656 766 4726 gratia
798 4656 898 4710 vix
942 4654 1284 4723 respondere
1337 4653 1568 4720 valeret,
1603 4653 1700 4708 vix
1735 4653 1788 4708 id
1822 4653 1979 4723 quod

283 4745 706 4815 perpetiebatur
734 4745 974 4799 edicere.

352 4833 495 4889 Cum
538 4833 718 4903 igitur
760 4831 956 4886 multis
1001 4831 1154 4901 quod
1201 4831 1271 4887 ab
1315 4846 1380 4887 eo
1427 4832 1719 4887 ferebatur
1763 4831 1980 4886 veniret

283 4919 342 4975 in
383 4920 745 4990 scrupulum,
793 4919 999 4975 accidit
1048 4920 1416 4988 supervenire
1457 4929 1639 4975 castro
1685 4919 1762 4975 illi
1805 4933 1976 4990 quem

282 5010 714 5080 praelibavimus
757 5009 1150 5064 Vivariensem
1192 5009 1542 5078 episcopum.
1607 5011 1687 5064 Ea
1731 5009 1980 5078 denique

283 5107 446 5154 nocte
474 5097 709 5168 quidam
738 5097 959 5166 equites
989 5111 1120 5152 cum
1159 5097 1336 5152 cereis
1368 5098 1490 5152 suis
1523 5111 1622 5165 pro
1663 5096 1981 5150 reverentia

285 5185 561 5253 proximae
593 5185 860 5253 basilicae,
892 5185 987 5240 cui
1029 5185 1119 5241 ille
1159 5185 1528 5254 appendicem
1573 5183 1820 5238 habebat
1868 5183 1978 5237 cel-

285 5271 485 5339 lulam,
536 5273 593 5329 in
663 5275 844 5344 ipsius
898 5273 1182 5330 vestibulo
1243 5273 1576 5342 vigilabant.
1628 5274 1698 5327 Et
1751 5286 1878 5327 erce
1923 5272 1980 5327 in

286 5358 527 5414 aedicula
558 5361 807 5417 interiori
839 5362 934 5417 ubi
977 5362 1378 5418 commanchat
1426 5361 1590 5416 solita
1620 5359 1688 5415 de
1721 5373 1835 5429 qua
1874 5373 1983 5414 au-

287 5445 512 5503 dierant
563 5448 732 5504 turba
763 5449 1134 5519 perstrepuit;
1168 5450 1235 5504 ad
1283 5449 1585 5504 fenestram
1630 5449 1822 5517 itaque
1861 5462 1982 5503 sese

2104 421 2323 476 ﬂictum
2352 429 2526 489 atque
2559 417 2814 474 mulieris
2849 419 3171 485 attendunt,
3224 433 3474 489 quorum
3504 420 3594 476 ille
3629 421 3814 476 robo-

2103 511 2278 564 ratior
2305 508 2607 579 praesentia
2632 509 2872 578 jamjam
2905 508 3290 563 lassabundus
3329 510 3636 565 exclamat.
3697 511 3813 564 Pro

2103 601 2211 654 Deo
2240 598 2441 654 stolam
2475 597 2576 653 sibi
2619 597 2691 652 ab
2721 596 2956 652 ecclesia
2995 597 3401 652 sacerdotalem
3443 601 3600 652 ocius
3641 599 3813 654 exhi-

2099 687 2251 756 beri;
2295 701 2413 756 qua
2458 685 2665 756 raptim
2707 685 2813 740 sibi
2849 685 3075 754 injecta,
3110 685 3252 740 collo
3303 686 3596 741 diabolicze
3645 686 3813 741 illius

2099 776 2312 845 pellicis
2340 775 2639 845 implicuit.
2671 775 2738 829 Et
2779 775 2837 830 in
2871 782 3096 830 tantum
3129 774 3394 842 perniciei
3430 775 3582 830 illius
3609 777 3812 846 jugu-

2096 863 2217 920 lum
2249 865 2410 920 torsit
2441 871 2502 919 ut
2530 877 2656 918 eam
2687 863 3013 932 pavimento
3039 871 3441 932 prosterneret,
3474 877 3541 918 ac
3570 866 3812 933 penitus

2096 954 2417 1008 sulfocaret.
2466 953 2581 1007 Hoc
2621 953 2679 1006 in
2724 952 3041 1006 crastinum
3090 951 3296 1006 milites
3342 952 3607 1020 episcopo
3653 952 3808 1007 refe-

2095 1047 2251 1096 runt.
2306 1041 2476 1095 Adest
2530 1039 2846 1109 episcopus,
2896 1040 3192 1094 victoriam
3241 1046 3429 1108 stupet
3473 1054 3650 1109 quam
3703 1054 3812 1109 per

2095 1130 2324 1184 Petrum
2354 1129 2612 1184 exercuit
2641 1129 2810 1195 Deus,
2851 1128 3084 1183 clientes
3128 1129 3392 1196 proprios
3435 1128 3653 1198 dirigit,
3698 1129 3808 1197 qui

2095 1223 2240 1272 tecto
2305 1223 2531 1282 retecto,
2590 1222 2644 1270 et
2698 1216 2835 1270 fune
2893 1215 3158 1282 demisso,
3240 1214 3507 1285 gulzeque
3585 1216 3809 1270 innexo

2093 1312 2397 1360 extraxere
2427 1318 2600 1358 anum
2640 1303 3118 1372 ingentissimam,
3151 1311 3206 1358 et
3247 1304 3322 1358 ab
3351 1303 3558 1373 oppido
3588 1304 3809 1358 elatam
3855 1328 3866 1339 -

2094 1391 2366 1448 addixere
2398 1393 2564 1448 szevis
2595 1392 2826 1462 ignibus
2860 1392 3363 1448 concrem'indam.

2163 1483 2470 1550 Postquam
2503 1490 2696 1535 autem
2727 1495 2851 1535 eam
2895 1481 3094 1536 Petrus
3142 1479 3407 1535 offocavit
3458 1480 3514 1534 in
3565 1480 3804 1540 cellula,

2096 1573 2292 1625 tantus
2343 1569 2483 1623 fetor
2527 1568 2712 1636 ipsum
2751 1568 2852 1637 qui
2895 1567 3073 1623 sacris
3129 1568 3283 1622 illam
3334 1568 3508 1622 armis
3549 1583 3807 1638 pereme-

2098 1665 2187 1713 rat
2227 1665 2282 1712 et
2327 1663 2579 1712 astantes
2622 1656 2840 1711 obsedit
2894 1664 2956 1710 ut
3007 1656 3222 1710 nemini
3256 1657 3599 1727 ambiguum
3652 1657 3807 1712 foret

2093 1745 2341 1800 cadaver
2370 1743 2716 1813 turpissima:
2750 1742 3071 1812 cujuspiam
3113 1744 3415 1810 exstitisse,
3467 1745 3645 1814 quocL
3671 1745 3807 1798 dia—

2092 1833 2256 1888 bolus
2288 1831 2582 1886 induisset.
2621 1830 2720 1885 Cui
2743 1829 2998 1898 opinioni
3027 1830 3133 1884 hoc
3164 1845 3276 1884 non
3305 1831 3605 1885 minimum
3651 1847 3800 1901 prte-

2091 1922 2231 1976 stitit
2255 1926 2668 1990 argumentum
2707 1918 2859 1988 quod
2903 1918 2956 1972 in
3009 1919 3396 1974 fenestrellula
3449 1919 3800 1975 latrinarum

2093 2009 2266 2078 panni
2302 2007 2464 2063 scissi
2495 2021 2562 2062 ac
2588 2006 2801 2076 putridi
2825 2007 3029 2075 reperti
3061 2015 3216 2062 sunt.
3244 2008 3310 2061 Et
3341 2007 3474 2076 quis
3514 2008 3619 2062 hos
3655 2008 3802 2062 alios

2090 2112 2210 2152 esse
2242 2097 2548 2166 putaverit,
2577 2095 2684 2150 nisi
2721 2096 2821 2150 hos
2847 2110 2992 2164 quos
3041 2095 3191 2150 circa
3237 2110 3297 2151 se
3342 2096 3802 2165 impurissimum

2093 2185 2234 2241 illud
2261 2185 2316 2240 in
2367 2184 2734 2240 obvolutione
2781 2198 2887 2238 sua
2926 2184 3173 2239 cadaver
3224 2184 3529 2240 habuerit?
3568 2186 3798 2240 Etenim

2091 2287 2190 2342 per
2237 2273 2541 2328 fenestram
2591 2272 2744 2327 illam
2791 2273 3012 2327 irruere
3060 2280 3459 2328 consueverat.
3532 2273 3799 2343 Denique

2090 2361 2323 2416 additur
2351 2375 2384 2414 a
2415 2361 2789 2430 quibusdam,
2832 2375 2866 2414 a
2898 2361 3151 2429 quodam
3183 2361 3355 2416 etiam
3396 2367 3619 2416 constat
3647 2361 3801 2416 scri—

2093 2458 2276 2518 pturae
2313 2449 2672 2513 mandatum,
2707 2449 2882 2518 quod,
2922 2449 3275 2517 triumphato
3309 2451 3411 2504 hoc
3454 2449 3621 2503 modo
3663 2449 3800 2504 dia-

2093 2537 2239 2603 bolo,
2278 2538 2511 2592 consilio
2557 2537 2892 2607 pontiﬁcum
2939 2537 3452 2606 Gratianopolitani
3496 2553 3562 2593 ac
3604 2538 3795 2592 Viva-

2093 2627 2299 2682 riensis
2330 2625 2592 2682 abdicata
2616 2625 2932 2680 reclusione
2971 2626 3139 2696 quasi
3182 2626 3572 2695 periculosiori
3611 2634 3797 2693 statu,

2091 2715 2404 2770 monastico
2453 2714 2830 2769 contubernio
2875 2714 3039 2784 quasi
3078 2714 3332 2784 contigui
3375 2714 3560 2769 solatii
3605 2715 3799 2784 gratia

2091 2818 2211 2860 sese
2265 2803 2590 2859 contulerit.
2646 2803 2804 2868 Quod
2859 2804 3052 2858 minus
3112 2804 3234 2858 ideo
3296 2812 3485 2858 ratum
3545 2812 3791 2870 constat,

2023 2925 2063 2979 Ο
2092 2893 2230 2963 quia
2260 2893 2616 2948 Vivariensis
2643 2892 2965 2961 episcopus,
2992 2893 3094 2962 qui
3127 2892 3382 2960 hzceipsa
3413 2907 3543 2961 quae
3579 2907 3796 2963 magna

2090 2993 2162 3035 ex
2220 2987 2380 3049 parte
2419 2979 2659 3046 viderat,
2721 2979 2950 3034 domino
3005 2987 3198 3034 nostro
3251 2980 3369 3049 regi
3432 2980 3796 3035 excellentis-

2089 3068 2234 3122 simo
2266 3067 2571 3127 Ludovico,
2608 3075 2882 3135 praesente
2928 3068 3238 3122 venerabili
3271 3067 3575 3122 Guillelmo
3622 3070 3795 3122 Cata-

2085 3155 2350 3211 launensi
2399 3157 2662 3225 episcopo
2712 3157 2974 3211 retulisse
3004 3155 3380 3226 dignoscitur,
3423 3155 3501 3210 nil
3543 3155 3653 3210 tale
3699 3156 3796 3210 di-

2087 3246 2254 3300 xerit.
2289 3244 2360 3299 Et
2391 3245 2497 3299 hoc
2518 3258 2695 3313 quam
2724 3245 3060 3314 nuperrime
3093 3258 3125 3298 a
3161 3244 3483 3300 Vivariensi
3523 3244 3796 3299 auditum

2089 3331 2458 3388 Laudunensi
2490 3332 2753 3402 episcopo
2803 3333 3032 3387 domino
3064 3332 3496 3398 Bartholomzeo,
3548 3340 3602 3387 et
3648 3332 3792 3386 mihi

2087 3437 2220 3477 cum
2251 3427 2385 3476 ante
2416 3435 2628 3491 paucos
2665 3421 2786 3476 dies
2813 3421 3246 3477 Catalaunensis
3277 3421 3394 3488 ipse
3441 3422 3788 3485 narraverit,

2086 3523 2218 3566 cum
2252 3509 2400 3564 Petri
2441 3510 2848 3564 monachatum
2880 3509 2950 3571 ei,
3001 3509 3150 3564 sicut
3185 3509 3258 3564 ab
3287 3509 3413 3563 aliis
3465 3509 3788 3575 audieram,

2085 3598 2436 3668 objecissem,
2494 3597 2886 3652 Vivariensem
2923 3597 3000 3652 nil
3051 3611 3225 3667 super
3255 3597 3361 3652 hoc
3399 3597 3613 3652 dixisse
3654 3612 3790 3666 per-

2087 3686 2432 3742 hibuit.Nec
2475 3699 2598 3740 mea
2632 3685 2718 3740 vel
2767 3685 3087 3755 cujuspiam
3139 3686 3372 3740 interest
3425 3695 3618 3740 utrum
3671 3701 3789 3740 mo-

2085 3772 2309 3830 nachus
2338 3775 2429 3841 sit,
2481 3774 2570 3829 vel
2601 3788 2736 3841 non,
2765 3788 2896 3828 cum
2946 3774 3017 3828 sit
3061 3774 3213 3828 credi
3261 3787 3447 3842 operas
3505 3773 3779 3843 pretium.

2086 3864 2272 3934 ipsum
2311 3863 2524 3918 bonum
2555 3863 2665 3917 sub
2699 3877 3054 3932 quocunque
3087 3863 3255 3932 degat
3288 3863 3570 3931 proposito
3601 3862 3780 3917 habe-

2085 3965 2145 4006 re
2177 3951 2455 4017 studium,
2489 3950 2582 4005 cui
2615 3958 2838 4006 tantum
2877 3951 3028 4006 Deus
3072 3950 3336 4005 tribuerit
3371 3958 3492 4020 post
3522 3951 3782 4006 exhibita

2088 4039 2145 4094 in
2167 4053 2226 4094 se
2249 4039 2414 4109 signa
2443 4038 2829 4107 triumphum.

2157 4126 2302 4182 Ecce
2370 4127 2666 4182 benedicta
2739 4127 2846 4182 ista
2905 4126 3058 4196 quod
3121 4127 3646 4195 desperatissimum
3699 4141 3786 4184 est

2021 4199 2060 4250 ί)
2087 4216 2241 4284 apud
2269 4214 2547 4276 homines,
2595 4229 2774 4284 quam
2830 4215 3147 4270 ambienter
3202 4214 3392 4270 eflicit.
3439 4215 3507 4270 Et
3549 4225 3703 4271 certe
3740 4218 3788 4272 si

2089 4305 2147 4360 in
2177 4311 2372 4359 sancto
2417 4303 2671 4373 quolibet
2701 4304 2827 4359 viro
2870 4304 2980 4359 tale
3026 4303 3165 4372 quid
3195 4304 3553 4372 patravisset,
3585 4306 3788 4360 merito

2089 4392 2143 4446 id
2177 4391 2297 4446 fieri
2344 4390 2742 4458 acclamasses,
2797 4405 3002 4446 verum
3036 4391 3093 4445 in
3137 4391 3389 4446 bubulco
3431 4391 3678 4460 simplici
3732 4401 3789 4448 et

2084 4479 2344 4536 omnium
2374 4479 2568 4544 inscio,
2598 4479 2762 4549 quid,
2795 4479 2903 4534 nisi
2927 4479 3491 4534 consuetudinariam
3517 4480 3786 4549 gratiam,

2086 4565 2277 4622 dices?
2322 4567 2473 4622 Raro
2501 4567 2655 4622 enim
2709 4567 2849 4622 alias
2901 4580 2960 4622 se
2993 4567 3272 4622 mirabilis
3318 4567 3440 4636 ipsa
3480 4567 3785 4637 glorificat,

2085 4655 2194 4710 nisi
2253 4655 2310 4708 in
2358 4653 2425 4710 iis
2483 4655 2585 4725 qui
2638 4669 2764 4710 eam
2811 4669 3015 4725 rogare
3072 4657 3353 4716 nesciunt,
3389 4663 3489 4710 aut
3528 4665 3788 4712 extremo

2086 4749 2410 4814 peccatores
2454 4750 2610 4798 sunt.
2668 4743 2783 4798 Nec
2834 4743 2887 4797 id
2931 4743 3163 4813 injuria,
3221 4743 3364 4813 quid
3417 4743 3570 4798 enim
3617 4744 3786 4800 obse-

2086 4834 2285 4902 quenti
2321 4831 2424 4888 sibi
2455 4832 2612 4887 dabit
2660 4832 2782 4901 ipsa
2813 4832 2990 4901 justo,
3034 4832 3078 4886 si
3120 4838 3344 4908 tantum
3379 4832 3439 4886 tit
3471 4833 3564 4900 pia
3597 4846 3664 4888 ac
3693 4833 3787 4887 vi-

2085 4920 2316 4976 sceralis
2347 4919 2587 4976 averso?
2621 4934 2724 4975 nec
2753 4933 2924 4988 super
2952 4920 3210 4990 hocjipsa
3239 4919 3566 4990 degenerat.
3620 4921 3789 4977 Venit

2043 5026 2052 5034 ·
2089 5007 2265 5064 Filius
2297 5023 2439 5064 suus
2468 5023 2584 5064 non
2623 5008 2830 5078 justos,
2867 5007 2962 5063 sed
3005 5016 3327 5077 peccatores
3377 5022 3586 5064 vocare
3628 5009 3786 5077 (Luc.

2090 5111 2144 5163 v,
2169 5098 2277 5164 32).
2308 5099 2430 5162 Qua
2473 5097 2626 5152 enim
2681 5097 2900 5151 ratione
2937 5096 3192 5150 humano
3226 5095 3418 5165 generi
3457 5103 3701 5150 matrem
3733 5109 3790 5151 se

2087 5185 2273 5255 magis
2301 5199 2423 5241 esse
2455 5184 2820 5248 monstrabit,
2853 5197 3028 5254 quam
3062 5184 3107 5238 si
3142 5182 3385 5238 offensos
3413 5183 3535 5237 sine
3573 5182 3793 5238 meritis

2088 5274 2158 5330 ad
2181 5288 2240 5329 se
2263 5273 2586 5330 contrahit?

2743 5344 2976 5401 CAPUT
3016 5343 3129 5398 XII.

2164 5447 2514 5503 Miraculum
2583 5465 2692 5520 quo
2759 5448 2830 5502 B.
2911 5446 3086 5520 Virgo
3156 5446 3483 5501 adulleram
3516 5445 3789 5502 convertit
