3914 6094
110 195 215 247 573

1497 197 1585 250 DE
1627 196 1858 252 LAUDE
1895 198 1954 252 S.
1999 196 2262 250 ΜΑΒΙᾸΞ.

3510 205 3613 258 574

112 331 207 385 Est
238 337 518 398 praterea
563 328 721 384 aliud
748 329 1026 400 quiddam
1071 331 1257 386 relatu
1303 330 1495 398 breve,
1546 331 1807 401 exemplo
1844 333 1889 386 A
1918 346 2090 401 super
2125 333 2229 388 hoc
2260 346 2445 388 meam
2477 333 2726 388 devoveo
2770 333 3128 408 pudicitiam,
3166 351 3296 406 quae
3343 351 3466 392 meo
3498 346 3613 394 tam

109 417 515 488 magniﬁcum,
547 416 644 473 cui
674 417 996 488 arrigendaa
1019 426 1156 474 sunt
1185 432 1356 474 aures
1384 418 1642 474 omnium
1679 433 1808 489 pec-

110 513 395 560 catorum.
431 506 519 560 Ex
559 505 831 560 relatione
874 506 1264 562 Atrebatensis
1307 507 1553 577 episcopi
1603 508 1812 564 mulier

110 593 380 663 quaedam
444 594 651 660 fuerat,
713 609 844 664 qua:
906 595 1280 665 conjugatum
1327 595 1521 652 virum
1603 611 1811 666 quem-

112 682 248 736 dam
329 695 363 736 a
459 682 702 752 propriae
785 683 988 738 uxoris
1069 682 1245 738 latere
1323 683 1811 741 illecebrosissime

113 774 262 823 θον
323 769 692 826 distrahebat.
751 770 888 837 Quae
942 771 1072 827 licet
1126 779 1226 827 aut
1279 772 1493 841 pretiis,
1552 779 1653 828 aut
1710 787 1810 829 vo-

113 857 436 927 luptatibus
481 867 606 914 acta
653 873 785 915 cum
824 858 1459 930 quotidianaaﬁmcechize
1507 875 1620 916 non
1673 874 1812 930 par-

115 954 288 1014 ceret,
353 954 406 1002 et
448 947 664 1002 homini
708 949 913 1004 misero
967 949 1129 1004 taedis
1183 949 1479 1006 amoribus
1516 949 1807 1016 obvoluto,

106 1034 228 1104 jam
263 1035 529 1106 conjugis
558 1036 727 1091 etiam
761 1037 1035 1092 memoria
1066 1037 1138 1092 ab
1182 1037 1378 1093 animo
1423 1053 1564 1108 pene
1601 1039 1810 1093 defice-

111 1129 218 1187 ret,
285 1131 473 1178 tameu
529 1123 753 1194 quoties
809 1125 879 1179 ad
937 1125 1232 1181 ecclesiam
1316 1126 1431 1182 ibat
1501 1134 1809 1196 antequam

111 1211 418 1281 quidpiam
485 1219 722 1267 oratura
782 1213 964 1282 precis
1009 1223 1390 1283 expromeret,
1461 1230 1810 1285 quocunque

109 1299 424 1368 imaginem
497 1300 805 1356 benedictae
876 1302 1122 1357 domina:
1196 1311 1406 1359 nostra:
1475 1303 1637 1373 prius
1704 1303 1808 1358 sibi

109 1385 308 1441 videre
375 1389 746 1458 contingeret,
835 1389 1155 1458 angelicam
1234 1391 1341 1446 sibi
1407 1390 1808 1445 salutationem

111 1487 232 1542 qua
304 1482 525 1544 poterat
577 1476 896 1531 reverentia
926 1477 1251 1534 exhibebat.
1310 1479 1448 1546 Ave,
1514 1478 1804 1548 inquiens,

105 1560 306 1634 gratia
348 1563 544 1633 plena,
598 1563 874 1618 Dominus
923 1567 1126 1620 tecum.
1171 1567 1397 1636 Conjux
1450 1566 1645 1637 itaque
1677 1567 1804 1634 viri,

109 1665 244 1720 quin
303 1651 410 1706 sibi
465 1652 820 1708 adulterinos
881 1654 1137 1723 praeferri
1198 1655 1421 1710 dolebat
1486 1655 1806 1724 amplexus,

109 1739 490 1795 acerbissimis
563 1741 619 1795 in
677 1742 946 1797 aemulam
1013 1742 1290 1798 stridebat
1371 1744 1695 1813 ardoribus,
1753 1753 1808 1800 et

109 1841 243 1882 cum
275 1827 467 1883 mariti
510 1829 714 1885 timore
758 1830 901 1886 nihil
933 1831 1172 1887 auderet
1212 1832 1269 1886 in
1301 1832 1474 1900 illam,
1505 1840 1723 1903 quanto
1750 1835 1804 1888 in

111 1915 348 1985 publico
376 1931 447 1971 ne
475 1917 712 1988 quidem
763 1919 1043 1989 grunnire
1076 1919 1157 1974 fas
1209 1919 1414 1989 fuerat,
1449 1929 1606 1977 tanto
1655 1922 1806 1977 rabi-

106 2004 242 2060 dius
273 2005 425 2073 apud
462 2020 520 2060 se
550 2006 922 2062 fremebunda
967 2007 1209 2064 furebat.
1241 2010 1388 2080 Ergo
1431 2011 1501 2064 ad
1546 2011 1808 2067 beatissi—

106 2106 265 2148 mam
299 2093 463 2148 istam
494 2097 792 2150 conversio
821 2097 948 2165 ejus
995 2105 1110 2152 tota
1139 2097 1221 2152 sic
1244 2107 1368 2153 erat
1399 2105 1461 2152 ut
1507 2099 1554 2154 ei
1589 2115 1718 2168 quae
1749 2115 1808 2155 se

104 2195 140 2236 a
167 2195 274 2236 suo
308 2181 614 2238 fraudabat
653 2184 940 2254 conjugio,
991 2198 1092 2254 per
1125 2185 1302 2256 hujus
1331 2187 1575 2242 dominae
1610 2195 1805 2257 poten-

105 2269 248 2324 tiam
283 2269 536 2325 caalestes
587 2271 1000 2340 imprecaretur
1047 2273 1180 2339 iras,
1229 2281 1403 2344 atque
1456 2273 1808 2331 mulierculae

107 2357 266 2413 illius
313 2359 714 2426 spurcissimas
784 2360 1097 2417 rivalitates
1157 2377 1270 2416 non
1344 2364 1444 2418 diu
1518 2371 1810 2432 pateretur

105 2446 346 2501 inultas.

179 2535 447 2604 Cumque
508 2534 796 2604 piissimos
852 2538 1066 2608 reginae
1122 2538 1362 2595 caelestis
1419 2539 1659 2596 affectus
1707 2541 1805 2595 ad-

106 2636 316 2678 versus
361 2637 487 2678 eam
533 2638 590 2679 se
645 2625 908 2681 lamentis
955 2627 1199 2697 jugibus
1250 2628 1502 2699 graviter
1557 2630 1810 2685 irritasse

109 2716 360 2779 putaret,
425 2711 546 2781 ipsa
608 2727 706 2781 per
750 2727 809 2768 se
866 2713 1162 2770 benedicta
1217 2716 1396 2771 eidem
1448 2717 1507 2772 in
1543 2717 1670 2772 visu
1723 2717 1806 2772 di-

111 2806 363 2869 gnanter
417 2805 674 2870 apparet.
737 2822 764 2850 ‹‹
813 2801 1022 2870 Quare,
1079 2805 1157 2858 ait
1209 2818 1383 2873 super
1427 2805 1667 2860 muliere
1711 2806 1808 2862 illa

1921 432 2099 486 parvo
2149 419 2425 488 obsequio
2497 426 2715 475 tantam
2774 421 3034 489 praestitit
3087 423 3527 493 indulgentiam.
3581 446 3610 474 ››

1920 506 2081 562 Unde
2105 506 2318 562 factum
2348 515 2430 562 est
2470 515 2534 563 ut
2579 522 2651 562 ex
2679 521 2744 563 eo
2789 523 2903 578 quo
2934 508 3040 564 ista
3088 512 3332 566 castitati
3385 526 3444 568 se
3481 513 3614 567 red-

1919 594 2094 660 deret,
2143 594 2240 649 illa
2294 595 2639 652 simultatem
2692 596 3014 665 deponeret,
3055 606 3110 654 et
3157 599 3263 654 hoc
3323 607 3503 656 totum
3541 601 3614 657 ad

1919 682 2162 738 salutem
2212 683 2520 753 utriusque
2570 685 2716 740 inter
2771 699 2967 740 omnes
3026 687 3262 743 feminas
3318 687 3615 745 benedicta

1918 770 2264 841 disponeret.

2196 851 2200 854 ’
2553 841 2784 898 CAPUT
2823 843 2974 898 XIII.

1990 947 2098 1001 Pro
2162 946 2231 1002 iis
2304 947 2499 1017 itaque
2555 948 2888 1017 peccatricis
2949 950 3155 1005 animae
3215 951 3615 1007 devotionibus

1917 1041 2035 1090 tam
2085 1033 2396 1090 liberaliter
2443 1037 2767 1105 acceptatis,
2821 1051 2923 1106 pro
2961 1038 3145 1094 salute
3187 1041 3358 1096 etiam
3408 1054 3614 1109 corpo-

1919 1137 2048 1176 rum
2089 1122 2148 1177 in
2179 1123 2394 1192 quibus
2423 1139 2538 1178 non
2569 1124 2854 1194 quaeritur
2883 1126 2990 1181 nisi
3013 1129 3338 1182 communis
3369 1129 3616 1197 sospitas

1918 1212 2266 1278 animarum,
2314 1213 2384 1265 ad
2424 1212 2602 1281 ipsius
2655 1213 2880 1267 laudem
2918 1215 3122 1270 iterum
3173 1226 3468 1272 vertamus
3515 1230 3616 1270 ar-

1921 1298 2180 1353 ticulum.
2241 1301 2494 1371 Magnus
2547 1300 2827 1354 Dominus
2873 1304 2926 1354 et
2976 1302 3288 1356 laudabilis
3315 1303 3508 1371 nimis,
3553 1301 3616 1356 in

1917 1386 2151 1443 civitate
2212 1386 2322 1440 Dei
2375 1386 2576 1456 nostri,
2632 1389 2694 1442 in
2750 1393 2940 1444 monte
2991 1394 3190 1444 sancto
3241 1391 3365 1460 ejus
3415 1392 3612 1461 (Psal.

1917 1489 2089 1542 vau,
2138 1475 2205 1542 1).
2259 1477 2328 1530 Et
2377 1477 2432 1530 in
2467 1491 2583 1546 quo
2644 1477 2852 1532 dicitur
2901 1492 3165 1547 magnus,
3219 1479 3319 1548 qui
3368 1479 3613 1548 exprimi

1919 1577 2032 1617 non
2096 1572 2276 1633 potest
2341 1566 2630 1634 quomodo
2698 1565 2983 1636 magnus?
3027 1567 3187 1622 Dicat
3247 1571 3347 1637 qui
3408 1568 3614 1623 melius

1914 1651 2121 1706 sentit:
2187 1652 2324 1706 mihi
2376 1654 2559 1722 major
2616 1654 2765 1709 Deus
2827 1653 2882 1707 in
2931 1653 3093 1709 nullo
3135 1654 3384 1720 videtur,
3437 1668 3616 1724 quam

1915 1739 2069 1809 quod
2119 1740 2456 1796 humanitus
2484 1741 2652 1796 nobis
2703 1742 3172 1798 condescendisse
3215 1743 3508 1813 dignatur.
3560 1742 3613 1798 Si

1914 1827 2086 1894 enim,
2147 1835 2210 1882 ut
2255 1827 2509 1883 dicitur:
2567 1851 2588 1877 ε
2629 1827 3112 1898 Omnipotentiam
3153 1831 3437 1899 parcendo
3494 1843 3616 1884 ma-

1915 1911 2068 1967 xime
2098 1921 2152 1968 et
2191 1914 2511 1970 miserando
2557 1916 2882 1986 manifestat
2914 1919 3092 1984 (Orat.
3148 1918 3308 1972 Dom.
3368 1921 3433 1970 lo
3490 1925 3615 1987 post

1916 1997 2188 2071 Pentec.),
2227 2021 2252 2052 »
2287 2002 2472 2057 dicam
2502 2011 2556 2059 et
2589 2018 2693 2073 ego
2741 2004 2882 2073 quia
2929 2005 3009 2060 nil
3039 2005 3098 2060 in
3142 2007 3256 2060 Deo
3307 2005 3614 2061 sublimius

1917 2103 2093 2159 quam
2148 2092 2301 2161 quod
2335 2106 2392 2147 se
2443 2093 2610 2148 homo
2661 2093 2847 2149 factus
2900 2094 3186 2149 humiliat.
3237 2093 3344 2160 Qui
3384 2109 3522 2150 sane
3553 2095 3613 2148 in

1915 2192 1980 2233 eo
2014 2179 2169 2247 quod
2214 2179 2366 2234 mitis
2395 2187 2449 2234 et
2493 2180 2727 2235 humilis
2758 2180 2926 2236 corde
2977 2189 3060 2236 est
3105 2182 3328 2253 (Matth.
3377 2197 3452 2246 xi,
3502 2183 3609 2249 29),

1915 2280 1974 2320 se
2007 2267 2348 2322 imitandum
2405 2268 2761 2324 solummodo
2819 2270 3106 2338 proponit,
3158 2270 3215 2324 in
3273 2285 3389 2339 quo
3441 2285 3616 2340 penes

1916 2354 2103 2423 ipsum
2184 2356 2624 2426 magniticemur
2696 2358 2962 2412 ostendit.
3042 2359 3202 2414 Unde
3257 2358 3614 2428 omnipotens

1914 2458 2097 2500 sermo
2157 2457 2191 2498 a
2241 2445 2529 2515 regalibus
2586 2445 2815 2500 sedibus
2876 2445 3087 2501 dicitur
3152 2447 3378 2501 venisse
3450 2447 3610 2514 (Sap.

1915 2546 2074 2596 xvm,
2145 2533 2250 2602 15).
2310 2532 2414 2599 Qui
2469 2533 2621 2589 enim
2677 2533 2816 2589 coelo
2870 2541 3138 2604 terraque
3200 2548 3314 2590 non
3363 2533 3609 2603 capitur,

1919 2621 2105 2691 majus
2139 2622 2278 2676 nihil
2331 2623 2541 2677 mirum
2573 2631 2656 2677 est
2701 2636 2878 2691 quam
2918 2623 3074 2691 quod
3126 2622 3182 2676 in
3215 2630 3376 2677 utero
3412 2620 3614 2690 puellae

1916 2709 2255 2777 concipitur.
2288 2710 2402 2764 Nec
2442 2710 2601 2777 alias,
2632 2713 2696 2764 ut
2741 2710 2878 2764 mihi
2920 2709 3166 2776 videtur,
3200 2711 3316 2779 ipse
3361 2709 3614 2778 omnipo-

1918 2797 2123 2853 tentior
2159 2804 2242 2852 est
2267 2812 2442 2867 quam
2476 2799 2628 2868 quod
2667 2806 2948 2853 creaturae
2979 2798 3250 2854 Conditor
3281 2798 3431 2852 intra
3456 2811 3612 2852 crea-

110 2887 365 2942 ultiones
417 2902 448 2942 a
505 2903 592 2944 me
639 2891 897 2960 expetis?
949 2906 1055 2961 ego
1109 2892 1274 2961 plane
1335 2893 1477 2948 nihil
1528 2895 1807 2950 adversus
1845 2904 1885 2959 c
1917 2892 2110 2942 turam
2165 2895 2468 2942 contentus
2523 2896 2622 2943 est.
2664 2888 2779 2943 Nec
2819 2902 3002 2958 usque
3045 2887 3391 2943 laudabilior
3435 2901 3610 2957 quam

106 2989 235 3031 eam
269 2990 522 3045 possum,
556 2992 732 3048 quam
777 2980 1117 3050 quotidiana
1157 2980 1458 3038 sedulitate
1497 2982 1635 3038 illud
1667 2984 1804 3038 mihi

106 3078 304 3119 meum
350 3065 655 3121 denuntiat
699 3067 1000 3137 gaudium,
1051 3083 1166 3138 quo
1209 3071 1432 3140 gratius
1460 3071 1680 3141 aliquid
1733 3073 1807 3128 ab

107 3152 230 3208 ulla
282 3160 552 3208 creatura
608 3155 810 3211 audire
869 3171 980 3211 non
1040 3171 1288 3226 possum.
1347 3160 1595 3216 Putasne
1652 3162 1804 3230 quod

104 3248 310 3296 contra
358 3241 508 3296 hanc
554 3256 654 3311 pro
704 3251 756 3298 te
812 3244 1046 3300 debeam
1096 3246 1330 3313 irritari,
1380 3262 1512 3317 quat
1566 3249 1635 3303 de
1682 3264 1805 3305 mea

106 3328 388 3385 ineffabili
443 3330 625 3401 gloria
681 3333 844 3403 quasi
885 3348 1344 3391 commemorans
1399 3351 1488 3393 me
1536 3346 1807 3407 provocat

106 3417 371 3487 gloriari.
410 3440 430 3466 ι

176 3507 268 3561 Ex
302 3521 422 3576 quo
459 3506 608 3563 dicto
633 3522 765 3563 cum
791 3509 1021 3565 animus
1053 3509 1276 3566 feminae
1312 3525 1346 3565 a
1374 3512 1553 3568 solitis
1599 3513 1805 3583 impre-

101 3593 435 3650 cationibus
491 3595 717 3664 penitus
746 3596 1070 3664 desedisset,
1105 3599 1343 3669 contigit
1398 3601 1664 3656 aemulam
1697 3602 1803 3657 sibi

105 3683 366 3754 quadam
418 3683 508 3738 die
539 3684 735 3739 venire
771 3685 1037 3755 obviam;
1081 3701 1256 3755 quam
1298 3688 1474 3743 veluti
1520 3702 1552 3742 a
1594 3689 1806 3743 divinis

100 3771 222 3841 jam
272 3770 576 3839 desperata
617 3770 869 3840 judiciis,
903 3772 1174 3827 conviciis
1205 3773 1477 3828 lacessere
1509 3772 1589 3829 sic
1621 3773 1805 3828 inten-

103 3857 186 3913 dit
219 3872 232 3911 :
273 3877 296 3905 ι
335 3857 378 3912 Ο
411 3856 759 3926 turpissima,
818 3865 958 3927 quot
1013 3857 1219 3914 anima:
1268 3873 1407 3915 meae
1452 3873 1696 3929 angores
1727 3859 1808 3914 in-

107 3946 285 4017 ﬂigis,
320 3960 453 4015 quae
501 3952 555 4001 et
588 3946 884 4002 lenociniis
943 3947 1054 4003 tuis
1104 3963 1333 4004 carnem
1390 3963 1574 4004 meam
1632 3963 1666 4003 a
1718 3963 1807 4003 me

107 4032 354 4100 dirimis,
388 4039 442 4088 e‘t
480 4033 839 4101 praesentiam
885 4041 1065 4100 tuam,
1119 4049 1294 4104 quam
1341 4034 1806 4104 Incomparabili-

106 4129 192 4176 ter
223 4120 468 4188 oderim,
502 4121 640 4176 mihi
679 4121 965 4177 obviando
1020 4123 1302 4191 opponis?
1330 4122 1512 4188 Quam
1544 4123 1802 4187 libenter,

105 4211 222 4266 imo
255 4222 436 4278 quam
483 4209 666 4265 debite
715 4219 814 4266 tuo
865 4211 1018 4266 mala
1064 4211 1284 4279 corpori
1333 4210 1620 4279 inferrem,
1672 4226 1804 4281 quae

105 4297 516 4367 quotidianum
569 4299 763 4360 menti,
819 4299 1083 4365 auribus,
1138 4313 1205 4355 ac
1261 4299 1443 4355 oculis
1501 4300 1640 4355 meis
1691 4313 1805 4354 non

102 4384 322 4441 desinis
349 4384 602 4453 irrogare
639 4383 926 4440 dolorem?
955 4385 1062 4442 Ubi
1103 4387 1254 4442 enim
1293 4402 1328 4442 a
1369 4389 1660 4443 continuis
1690 4401 1804 4442 non

102 4478 279 4526 vacat
311 4478 412 4526 aut
460 4473 660 4528 thorus
705 4480 805 4528 aut
855 4487 1054 4529 mensa
1107 4474 1467 4541 rancoribus,
1510 4475 1650 4544 quid
1700 4475 1806 4531 ista

102 4572 291 4628 quam
350 4559 490 4615 mihi
547 4560 721 4616 infers
783 4560 1088 4616 hostilitate
1157 4562 1485 4618 crudelius?
1538 4564 1804 4619 Restabat

102 4647 353 4702 unicum
379 4646 517 4703 illud
546 4647 684 4716 spei,
718 4648 873 4719 quod
907 4649 1076 4720 Virgo
1106 4650 1201 4704 Dei
1243 4658 1426 4705 mater
1455 4650 1709 4721 aliquam
1745 4651 1804 4706 in

102 4744 158 4791 te
185 4735 548 4805 jacularetur
589 4736 850 4792 ultricem
898 4738 1257 4804 sententiain,
1298 4737 1394 4793 sed
1425 4738 1498 4794 ab
1540 4738 1647 4793 hac
1677 4754 1801 4793 om-

100 4823 394 4894 ninojam
423 4823 626 4890 decidi,
669 4823 794 4891 ipsa
829 4825 983 4881 enim
1027 4825 1169 4880 mihi
1199 4825 1364 4893 dixit,
1411 4827 1568 4896 quod
1616 4827 1802 4896 ipsum

101 4918 250 4976 Ave,
289 4914 445 4984 quod
471 4913 579 4970 sibi
623 4915 954 4984 depromere
1006 4928 1241 4985 quaque
1294 4914 1383 4968 die
1412 4929 1801 4984 prmoccupas,

103 5002 163 5056 in
198 5008 426 5056 tantum
466 5015 592 5056 eam
635 5002 972 5068 demulceat,
1020 5009 1083 5058 ut
1125 5001 1349 5056 nullum
1383 5002 1485 5057 tibi
1537 5003 1804 5058 inconve-

102 5087 274 5142 niens
300 5086 511 5142 inferre
549 5089 875 5157 praevaleat.
911 5110 931 5137 ι
965 5088 1125 5156 Quod
1171 5089 1266 5144 illa
1312 5088 1574 5158 audiens,
1607 5097 1801 5146 utrum

103 5187 310 5228 verum
355 5181 522 5237 esset,
580 5181 636 5230 et
697 5174 822 5232 haec
875 5175 947 5231 ab
989 5190 1055 5231 ea
1117 5176 1371 5232 audisset
1440 5177 1805 5248 argutissime

104 5267 529 5330 perscrutatur.
605 5260 764 5327 Quod
825 5277 893 5318 ea
956 5271 1260 5330 asserente,
1335 5264 1517 5321 altera
1570 5265 1799 5321 intulit:

109 5370 131 5396 α
169 5347 217 5402 Α
269 5347 458 5414 modo,
509 5347 610 5415 ait,
665 5349 896 5405 noveris
952 5351 1105 5420 quod
1162 5351 1497 5408 nullatenus
1563 5353 1804 5408 maritus

105 5443 248 5492 tuus
281 5449 369 5490 me
420 5435 686 5506 deinceps
727 5435 796 5492 ad
835 5437 919 5492 tui
971 5437 1241 5508 injuriam
1299 5447 1584 5509 coutetur,
1633 5447 1689 5496 et
1722 5440 1801 5497 illi

1915 2971 1974 3026 in
2006 2987 2122 3042 quo
2173 2971 2355 3027 factus
2401 2980 2484 3028 est
2525 2973 2877 3028 clementior.
2922 2972 3027 3028 Sed
3073 2974 3178 3028 hoc
3225 2973 3282 3028 in
3330 2973 3426 3028 Dei
3473 2972 3610 3028 civi-

1915 3066 2048 3124 tate,
2074 3059 2143 3114 de
2176 3075 2294 3129 qua
2313 3060 2559 3116 dicitur:
2593 3061 2862 3116 Gloriosa
2886 3060 3044 3116 dicta
3075 3064 3208 3116 sunt
3235 3061 3303 3116 de
3334 3064 3387 3115 te
3417 3060 3606 3132 (Psal.

1915 3163 2127 3215 Lxxxn,
2179 3148 2252 3218 3),
2295 3149 2351 3203 in
2377 3163 2494 3218 qua
2525 3157 2696 3205 natus
2721 3159 2807 3206 est
2843 3151 3009 3205 homo
3052 3165 3185 3206 cum
3223 3164 3350 3205 eam
3399 3149 3608 3204 funda-

1917 3237 2064 3290 verit
2120 3236 2448 3292 Altissimus
2496 3236 2634 3308 ipse.
2686 3239 2755 3293 Et
2793 3237 2932 3307 quid
2965 3236 3269 3308 gloriosius
3297 3236 3409 3292 dici
3448 3236 3517 3291 de
3545 3250 3612 3291 ea

1914 3325 2097 3396 potuit
2127 3339 2304 3395 quam
2337 3325 2492 3395 quod
2516 3326 2848 3382 universam
2867 3325 3028 3394 regni
3061 3325 3334 3381 caelorum
3366 3324 3609 3395 gloriam

1915 3413 2068 3467 intra
2097 3427 2155 3467 se
2205 3413 2530 3469 continuit?
2578 3415 2648 3469 Et
2682 3415 2932 3483 quisest
2972 3428 3137 3468 mons
3183 3413 3449 3478 civitatis,
3498 3413 3607 3468 nisi

1916 3502 2094 3557 Filius
2154 3500 2547 3571 virginitatis?
2612 3503 2736 3570 Ipse
2791 3503 2934 3572 lapis
2983 3502 3243 3557 abscisus
3294 3501 3362 3556 de
3418 3509 3609 3557 monte

1913 3590 2035 3644 sine
2066 3589 2356 3648 manibus,
2388 3589 2491 3659 qui
2520 3589 2775 3659 implevit
2813 3591 3142 3645 universam
3180 3598 3390 3646 terram
3427 3591 3599 3659 (Dan.

1912 3693 1971 3742 ιι,
2005 3678 2091 3743 34,
2123 3677 2231 3746 35).

1987 3767 2118 3820 Haec
2157 3763 2436 3820 fundatur
2471 3764 2855 3820 exsultatione
2899 3765 3184 3820 universae
3227 3772 3388 3820 terrae
3420 3764 3608 3832 (Psal.

1915 3870 2084 3921 XLVII,
2145 3857 2217 3920 3),
2269 3853 2407 3924 quia
2455 3867 2556 3922 per
2614 3861 2877 3909 sanctum
2909 3852 3182 3923 Spiritum
3249 3852 3308 3907 in
3365 3860 3608 3908 matrem

1913 3944 2225 4000 suscitatur
2279 3943 2383 4013 qui
2438 3951 2523 3996 est
2570 3941 2760 3998 oleum
2812 3943 2984 3998 totius
3031 3940 3422 3997 ecclesiastica
3465 3939 3610 3995 laeti-

1917 4032 2026 4089 tiaa.
2072 4032 2231 4088 Unde
2278 4039 2361 4087 est
2398 4047 2409 4086 :
2450 4033 2770 4101 Accingere
2812 4029 3009 4102 gladio
3057 4032 3150 4084 tuo
3203 4045 3378 4100 super
3420 4029 3612 4092 femur

1917 4121 2074 4173 tuum
2117 4118 2508 4190 potentissime
2539 4119 2725 4189 (Psal.
2770 4134 2922 4184 XLIV,
2970 4121 3049 4188 4).
3085 4119 3281 4175 Gladio
3329 4133 3503 4188 super
3533 4117 3610 4174 fe-

1847 4198 2050 4263 Dmur
2115 4207 2457 4279 accingitur,
2508 4209 2646 4263 dum
2696 4217 2958 4263 concreto
3005 4208 3114 4263 sibi
3167 4221 3267 4276 per
3335 4207 3613 4277 Spiritum

1913 4304 2176 4352 sanctum
2224 4311 2460 4367 corpore
2509 4297 3031 4366 circumscribitur;
3084 4303 3138 4352 et
3188 4297 3293 4352 hoc
3322 4310 3498 4366 super
3525 4295 3612 4352 fe-

1913 4398 2064 4451 mur,
2098 4387 2238 4455 quia
2273 4400 2346 4442 ex
2394 4384 2692 4441 divinitate
2725 4386 2993 4455 praecedit
3019 4385 3304 4455 quidquid
3349 4399 3422 4440 ex
3452 4384 3610 4454 geni-

1911 4471 2050 4528 trice
2095 4473 2212 4528 fore
2258 4474 2588 4528 assumitur.
2636 4474 2751 4528 Hoc
2795 4472 2965 4527 etiam
3018 4472 3151 4527 facit
3205 4471 3608 4540 potentissime,

1912 4560 2057 4616 nihil
2112 4561 2314 4631 utique
2344 4560 2529 4630 magis
2577 4575 2752 4630 quam
2794 4561 2948 4630 quod
3003 4560 3066 4615 fit
3110 4573 3326 4630 parvus
3373 4559 3432 4614 in
3479 4559 3610 4615 Vir-

1913 4664 2065 4720 gine.

1984 4739 2152 4792 Mons
2190 4736 2347 4803 Sion,
2381 4739 2572 4793 latera
2609 4736 2898 4809 aquilonis
2927 4736 3132 4792 civitas
3187 4734 3354 4808 Regis
3401 4735 3600 4808 magni

1915 4825 2097 4896 (Psal.
2165 4841 2336 4894 xnvn,
2400 4829 2468 4893 3).
2523 4826 2577 4882 Si
2630 4827 2832 4880 civitas
2879 4824 2979 4880 Dei
3035 4832 3118 4881 est
3174 4825 3229 4879 in
3291 4838 3409 4893 qua
3457 4825 3609 4880 Deus

1915 4915 2156 4981 habitat,
2208 4915 2507 4970 videamus
2581 4914 2729 4969 idem
2811 4913 3100 4968 habitator
3171 4913 3323 4968 unde
3364 4920 3603 4968 constat.

1915 5005 2090 5069 Mons,
2153 5003 2198 5056 si
2273 5002 2546 5057 divinitas
2609 5001 2966 5072 intelligitur,
3040 5005 3453 5071 consequenter
3525 4999 3607 5055 la-

1913 5097 2034 5145 tera
2101 5090 2390 5160 aquilonis
2458 5089 2793 5145 humanitas
2853 5089 3220 5160 appellatur:
3295 5089 3352 5143 in
3427 5088 3608 5144 excel-

1912 5178 2144 5234 lentiam
2205 5193 2459 5248 namque
2515 5179 2739 5235 deitatis
2792 5179 2977 5235 omnis
3027 5182 3174 5233 ειυς
3229 5178 3379 5233 acies
3431 5177 3607 5248 spiri-

1891 5267 2157 5322 tualium
2192 5267 2419 5335 nititur,
2465 5267 2605 5337 quia
2653 5267 2784 5322 Sion
2815 5266 3224 5338 contemplatio
3265 5268 3606 5336 interpreta-

1912 5361 2027 5410 tur.
2085 5355 2287 5410 Latera
2341 5354 2630 5424 aquilonis
2691 5353 3145 5424 improvidentize
3195 5363 3332 5411 sunt
3378 5353 3605 5423 antiqui

1913 5441 2110 5497 hostis.
2143 5441 2434 5513 Quidquid
2461 5443 2613 5498 enim
2641 5457 2675 5497 a
2719 5442 2894 5500 latere
2942 5451 3046 5508 est,
3090 5444 3147 5498 in
3194 5443 3448 5514 profectu
3497 5443 3604 5496 mi~
