3914 6094
325 175 428 226 5'75

1242 172 1300 224 V.
1341 170 1672 224 GUIBERTI
1709 169 1999 226 ABBATIS
2037 170 2092 225 S.
2133 171 2368 225 MARI/E
2407 169 2495 225 DE
2533 170 2924 226 NOVIGENTO

3737 175 3849 225 576

325 316 439 359 nus
465 308 592 357 est:
644 302 705 356 Si
724 301 881 356 enim
919 299 1327 367 cognovissent,
1377 316 1672 370 nunquam
1710 301 2022 356 Dominum
2059 303 2102 358 A
2135 308 2256 357 reat
2306 317 2373 358 ac
2416 302 2463 358 si
2520 303 2795 359 radicitus
2853 304 3084 360 hareat.
3137 305 3313 375 Virgo
3373 304 3562 360 radice
3622 304 3847 368 caruit,

321 388 518 462 gloria
545 389 960 458 cruciﬁzissent
991 388 1053 459 (I
1100 391 1237 444 Cor.
1293 405 1351 456 ιι,
1403 392 1479 458 8).
1539 390 1698 445 Unde
1744 397 1798 445 et
1852 390 2019 445 homo

327 487 533 549 captus
565 478 794 544 dicitur,
840 477 978 547 quia
1019 491 1124 532 suo
1173 477 1384 546 impetu
1437 477 1682 546 ignavia
1712 478 2016 533 addicitur.

326 567 486 622 Mons
513 581 647 635 ergo
701 573 755 620 et
805 565 980 620 latera
1036 565 1322 635 aquilonis
1360 567 1510 621 Deus
1547 573 1648 633 est,
1693 573 1747 620 et
1786 567 2020 635 integu-

326 661 584 708 mentum
635 653 904 722 corporis,
955 668 1070 722 quo
1114 654 1332 709 fallitur
1370 654 1614 708 aviditas
1655 668 1804 709 caca
1845 652 2018 709 latro-

325 743 433 797 nis.
468 743 539 796 Et
562 755 744 810 quare
791 756 905 795 non
938 741 1107 809 latus,
1141 742 1236 797 sed
1288 742 1501 796 latera?
1526 742 1670 808 Quia
1725 742 1840 798 duo
1883 749 2018 798 sunt

325 831 384 884 in
425 829 642 898 quibus
679 829 786 884 sibi
831 830 1189 899 improvidus
1235 830 1364 885 fuit.
1395 831 1674 898 Alterum,
1740 831 1894 900 quod
1946 846 2018 886 ex

326 917 580 972 indebita
610 918 708 972 Dei
754 917 877 972 Filii
935 920 1270 987 pervasione
1318 918 1433 989 jus,
1490 920 1643 988 quod
1699 920 2020 989 usurpabat

326 1004 383 1058 in
409 1005 684 1072 homines,
719 1005 989 1074 perdebat
1019 1006 1325 1076 antiquum
1352 1027 1367 1073 ;
1397 1007 1638 1061 alterum
1682 1007 1835 1077 quod
1881 1008 2018 1063 sub-

327 1094 516 1149 iturus
544 1102 667 1149 erat
706 1101 838 1149 ante
869 1101 1094 1164 tempus
1127 1109 1379 1164 perenne
1411 1103 1779 1152 tormentum.

397 1182 484 1238 Ad
514 1183 664 1236 hanc
703 1181 990 1238 civitatem
1022 1183 1327 1238 confluunt
1358 1184 1459 1254 qui
1504 1185 1560 1238 in
1608 1185 1792 1240 omnis
1828 1185 2018 1240 crimi-

327 1270 418 1325 nis
448 1269 844 1340 labyrinthum
878 1270 1226 1340 praruptius
1268 1280 1469 1326 ruunt.
1507 1273 1635 1328 Istic
1685 1274 2020 1343 alienigena

326 1365 462 1412 sunt
498 1358 601 1428 qui
651 1373 829 1429 regno
860 1358 1133 1414 calorum
1173 1359 1290 1414 vim
1343 1359 1579 1426 faciunt,
1632 1360 1882 1430 factique
1932 1360 2020 1429 pie

326 1444 557 1500 violenti
589 1446 868 1515 diripiunt
898 1447 1130 1516 (Matth.
1181 1461 1261 1512 x1,
1308 1448 1412 1517 l2).
1470 1448 1602 1503 Istic
1653 1449 1856 1517 Tyrus,
1919 1447 2020 1518 qui

328 1533 613 1600 repellunt
640 1549 808 1590 omne
837 1535 1078 1603 pondus,
1113 1542 1168 1591 et
1196 1535 1576 1590 circumstans
1608 1551 1666 1591 se
1697 1544 2014 1606 peccatum.

331 1621 489 1676 Unde
517 1629 571 1677 et
598 1623 784 1691 Tyrus
823 1623 1232 1692 interpretatur
1276 1623 1571 1695 angustia.
1621 1625 1721 1680 llic
1771 1626 2018 1694 populus

327 1709 662 1778 Ethiopum
693 1712 882 1778 (Psal.
917 1726 1144 1775 Lxxxw,
1181 1711 1256 1782 4),
1307 1713 1456 1784 nigri
1491 1714 1749 1769 videlicet
1780 1714 2020 1785 fuligine

329 1806 712 1866 peccatorum,
781 1801 1067 1871 quidquid
1126 1810 1208 1856 est
1267 1805 1511 1870 peccatis
1564 1803 1892 1870 immanius,
1949 1805 2019 1859 ad

329 1885 509 1955 hujus
554 1886 861 1943 benedicta
918 1889 1180 1943 tutiorem
1238 1891 1391 1945 omni
1428 1891 1656 1946 civitate
1713 1893 1905 1947 sinum
1963 1907 2022 1948 se

330 1974 618 2046 immergit
648 1977 973 2046 proclivius.
1017 1980 1086 2032 Et
1121 1978 1239 2048 ipsa
1268 1987 1350 2034 est
1390 1979 1612 2046 civitas,
1668 1981 1725 2034 in
1755 1994 1873 2050 qua
1921 1981 2022 2050 qui

332 2077 432 2132 per
460 2062 728 2120 affectum
767 2079 880 2119 non
923 2065 1204 2134 habitant,
1256 2067 1476 2122 nullius
1509 2069 1779 2124 momenti
1813 2070 2024 2125 habent

329 2152 497 2207 vitas.
529 2151 666 2218 Qua
689 2168 924 2223 quoque
955 2154 1275 2210 latantium
1314 2156 1572 2211 omnium
1607 2164 1689 2212 est
1717 2156 1912 2227 (Ibid.,
1939 2158 2020 2225 '7),

331 2242 471 2311 quia
524 2257 889 2312 quacunque
928 2244 1000 2299 ad
1049 2244 1202 2299 illam
1235 2245 1547 2314 piissimam
1585 2247 2025 2316 pracordialiter

330 2343 389 2384 se
421 2329 649 2400 ingerit,
703 2331 994 2400 gaudiosa
1043 2333 1158 2401 spei
1207 2347 1407 2388 exsors
1459 2347 1574 2388 non
1631 2341 1733 2389 est.
1793 2335 1864 2389 Et
1894 2350 2024 2403 qua

332 2425 466 2474 sunt
513 2425 689 2488 porta
741 2419 897 2488 Sion,
949 2435 1096 2490 quas
1144 2421 1332 2491 diligit
1384 2422 1658 2477 Dominus
1701 2422 1897 2491 (Ibid.,
1943 2425 2021 2488 2),

331 2506 439 2560 nisi
471 2514 700 2562 aterna
743 2507 1110 2577 virginitatis,
1164 2525 1335 2578 quem
1366 2511 1552 2578 prima
1601 2511 1802 2566 habuit
1845 2527 2024 2581 appe-

332 2595 491 2662 titus,
526 2595 670 2650 nulli
721 2597 1110 2665 comparanda
1159 2598 1216 2652 in
1265 2605 1423 2653 tanta
1453 2599 1803 2655 sublimitate
1841 2600 2027 2656 humi-

333 2683 506 2738 litas:
560 2685 972 2739 transcendens
1001 2687 1194 2740 omnia
1246 2686 1374 2741 fidei
1423 2701 1489 2742 ac
1541 2687 1875 2742 obedientia
1906 2687 2022 2742 vir-

335 2770 464 2826 tus?
495 2769 641 2837 Quid
677 2779 760 2826 est
803 2771 957 2839 Sion,
1005 2774 1113 2828 nisi
1147 2773 1324 2842 ipsius
1367 2773 1694 2830 felicissima
1721 2776 1934 2844 anima,
1966 2776 2024 2831 in

2130 390 2269 459 quia
2334 390 2406 446 ad
2463 390 2901 459 concipiendum
2966 391 3067 446 Dei
3123 391 3329 446 Filium
3397 399 3538 447 usus
3593 391 3848 446 omnino

2129 487 2353 534 natura
2391 478 2610 533 defecit.
2645 480 2731 534 Ab
2770 479 3026 534 humana
3068 494 3200 549 ergo
3233 480 3371 534 dum
3423 493 3612 534 massa
3645 479 3847 535 succi-

2129 567 2305 634 ditur,
2357 566 2697 621 humilitatis
2751 574 2902 622 terra
2943 567 3179 622 inferius
3218 568 3529 622 introrsum
3561 567 3848 621 videlicet

2128 655 2419 725 sepelitur,
2470 663 2666 710 sancto
2718 657 2930 724 pariter
2981 655 3195 724 Spiritu
3254 656 3645 710 humectatur.
3700 655 3847 710 Inde

2129 744 2344 799 candor
2391 743 2602 798 divina
2657 743 2810 799 illius
2862 744 3238 799 humanitatis
3295 743 3605 813 egreditur,
3660 744 3849 812 cujus

2130 832 2387 888 fidelium
2411 831 2758 887 universitas
2805 832 3086 902 singulari
3136 833 3307 888 odore
3333 832 3614 899 nutritur,
3660 833 3850 901 cujus

2129 921 2265 976 folia
2293 921 2546 990 repanda
2600 927 2812 990 patent,
2866 923 3005 991 quia
3034 922 3314 977 virtutum
3365 920 3544 990 ipsius
3589 919 3847 974 claritu-

2129 1009 2290 1065 dines
2316 1009 2386 1064 ad
2418 1016 2613 1064 nostra
2662 1023 2721 1064 se
2769 1009 3032 1078 exempla
3058 1017 3410 1079 retorquent.
3457 1007 3847 1064 Subtilissimi

2129 1098 2285 1153 intus
2311 1096 2677 1167 virgularum
2701 1096 2904 1152 radioli
2933 1111 3175 1152 aureum
3209 1096 3456 1152 colorem
3489 1096 3842 1166 praferunt,

2129 1184 2269 1252 quia
2307 1199 2502 1240 omnes
2530 1185 2657 1254 ejus
2686 1192 2876 1240 motus
2907 1186 3198 1240 intrinseci
3232 1198 3496 1253 superna
3530 1184 3844 1252 sapientia

2130 1271 2371 1342 gloriam
2413 1279 2705 1340 promunt.
2740 1271 2900 1327 Unde
2957 1287 3086 1341 qua
3131 1271 3252 1326 sine
3296 1272 3551 1326 humano
3611 1270 3844 1323 semine

2131 1375 2232 1430 per
2279 1359 2554 1429 Spiritum
2623 1359 2987 1430 germinavit,
3066 1375 3166 1429 per
3216 1360 3482 1414 eumdem
3540 1356 3669 1412 Filii
3748 1357 3840 1411 sui

2129 1449 2386 1505 membra
2424 1449 2785 1519 germinabit,
2824 1448 2876 1502 id
2929 1457 3010 1503 est
3057 1449 3329 1517 germinis
3371 1461 3546 1502 causa
3594 1455 3840 1502 consta-

2133 1538 2230 1592 bit.
2289 1537 2642 1593 Latabunda
2671 1537 2922 1591 exsultat
2965 1535 3161 1605 (Ibid.,
3217 1536 3292 1606 2),
3346 1551 3475 1591 cum
3537 1549 3656 1590 non
3716 1542 3838 1590 tam

2129 1626 2383 1682 laetitiam
2415 1639 2591 1695 quam
2647 1625 3079 1680 similitudinem
3131 1625 3339 1680 latitia
3382 1624 3641 1679 exterius
3692 1622 3838 1677 affe-

2128 1721 2262 1770 ctat.
2302 1714 2522 1769 Laudat
2554 1727 2690 1768 vero
2741 1727 2874 1768 cum
2913 1712 3184 1768 inefiabili
3234 1714 3412 1768 Deum
3456 1711 3706 1766 interius
3737 1726 3836 1765 so-

2129 1804 2376 1858 noritate
2443 1802 2739 1874 glorificat.
2817 1803 2975 1858 Unde
3046 1803 3375 1871 magnificat
3441 1803 3566 1870 ejus
3631 1801 3837 1854 anima

2129 1891 2457 1957 Dominum,
2501 1898 2557 1946 et
2601 1890 2852 1946 exsultat
2881 1891 3116 1958 spiritus
3145 1891 3270 1960 ejus
3329 1889 3387 1945 in
3431 1890 3543 1944 Deo
3585 1889 3748 1954 (Luc.
3797 1905 3833 1951 ι,

2129 1982 2216 2048 46,
2251 1979 2364 2049 47),
2416 1979 2569 2049 quod
2600 1986 2683 2034 est
2734 1978 2971 2048 psallere
3000 1979 3225 2047 spiritu,
3261 1977 3501 2048 psallere
3547 1984 3603 2032 et
3638 1983 3836 2031 mente

2132 2069 2187 2139 (Ι
2211 2070 2343 2122 Cor.
2371 2081 2492 2133 xiv,
2521 2070 2627 2132 15).

2204 2155 2408 2210 Gloria
2437 2154 2642 2210 Libani
2669 2154 2810 2210 data
2842 2158 2926 2208 est
2973 2153 3027 2208 ei
3060 2156 3207 2221 (Isa.
3241 2169 3414 2220 xxxv,
3451 2153 3526 2224 2).
3570 2153 3837 2207 Libanus

2132 2245 2344 2300 dicitur
2395 2244 2628 2299 candor.
2683 2244 2873 2300 Gloria
2926 2243 3127 2299 Libani
3181 2243 3420 2298 ccelestis
3477 2249 3562 2296 est
3611 2240 3834 2310 specio-

2133 2335 2272 2388 sitas
2311 2333 2493 2403 regni.
2558 2334 2690 2388 Hac
2732 2333 2976 2388 domina
3035 2331 3114 2386 illi
3176 2331 3481 2386 benedicta
3526 2329 3838 2398 specialius

2103 2425 2324 2500 (datur,
2358 2423 2450 2478 cui
2481 2422 2597 2491 ipse
2652 2423 2771 2477 Rex
2831 2421 3025 2491 gloria
3079 2419 3470 2490 principaliter
3518 2418 3834 2478 obnoxius,

2132 2526 2204 2567 ex
2261 2510 2505 2580 propria
2553 2511 2744 2564 carnis
2796 2509 3095 2564 collatione
3143 2508 3519 2578 dignoscitur.
3571 2507 3640 2560 Et
3690 2506 3836 2576 quid

2135 2599 2194 2653 in
2223 2598 2362 2653 calo
2393 2598 2441 2653 ei
2465 2611 2576 2652 non
2608 2597 2979 2666 obtemperat,
3006 2609 3136 2650 cum
3172 2595 3295 2663 ipsa
3323 2608 3428 2648 suo
3473 2600 3528 2648 et
3565 2593 3836 2648 omnium

2133 2685 2387 2742 Creatori
2417 2699 2490 2740 ex
2522 2693 2681 2754 parte
2721 2699 2864 2753 pene
2896 2684 3177 2752 imperat?
3209 2683 3360 2736 Deus
3407 2681 3576 2736 bone!
3631 2695 3836 2750 quan-

2134 2783 2259 2830 tum
2307 2773 2512 2829 mentis
2570 2773 2627 2826 in
2672 2771 2768 2826 illa
2810 2771 3020 2826 femina
3063 2777 3164 2836 est,
3219 2784 3368 2839 qua,
3423 2769 3553 2824 licet
3602 2782 3838 2837 propor-

333 2873 452 2930 qua
478 2860 894 2929 supereminuit
922 2861 1047 2930 ejus
1075 2877 1244 2931 quem
1289 2863 1346 2917 in
1397 2877 1456 2917 se
1504 2863 1787 2919 continuit
1817 2863 2029 2921 divina
2067 2867 2106 2922 C
2138 2862 2446 2928 tionaliter,
2496 2861 2759 2916 divinum
2812 2860 3086 2930 quiddam
3138 2865 3256 2914 tota
3303 2866 3404 2913 est.
3439 2858 3509 2914 Et
3568 2858 3626 2911 in
3679 2865 3837 2912 terra

333 2947 738 3018 speculationis
799 2947 1020 3018 gloria?
1091 2953 1191 3004 Per
1263 2951 1364 3006 has
1415 2951 1716 3007 exterioris
1777 2953 2027 3022 exempli

334 3043 528 3106 portas
564 3044 760 3092 nostra
809 3037 1049 3093 addiscit
1102 3037 1478 3109 intelligentia
1535 3048 1754 3109 quanta
1801 3039 1859 3093 in
1901 3038 2026 3109 ejus

335 3124 588 3179 interiori
625 3124 828 3181 habitu
859 3126 1108 3196 viguerit
1142 3127 1384 3182 calestis
1419 3127 1735 3182 urbanitas.
1786 3127 1903 3184 Nec
1944 3127 2027 3184 .ad

337 3212 444 3268 has
481 3213 656 3268 Jacob
699 3214 1071 3270 tabernacula
1103 3215 1294 3270 valent
1326 3215 1548 3285 (Ibid),
1581 3216 1720 3286 quia
1746 3229 2030 3286 quacun-

335 3315 447 3370 que
475 3301 729 3357 exterius
774 3311 1119 3358 exercentur
1164 3303 1551 3372 perfunctoria
1593 3310 1747 3370 sunt,
1805 3310 1858 3358 et
1907 3301 2029 3370 spi-

335 3389 567 3445 ritualia
603 3391 998 3460 corporalibus
1037 3391 1376 3461 neutiquam
1436 3391 1822 3461 aquipollent.
1877 3392 2031 3447 Pra-

335 3479 527 3534 sertim
577 3494 710 3534 cum
748 3481 875 3550 ejus
931 3479 1308 3535 fundamenta
1357 3480 1569 3535 fuerint
1617 3479 1674 3533 in
1738 3480 2030 3535 montibus

335 3567 546 3622 sanctis
580 3566 776 3635 (Ibid.,
823 3568 899 3637 1),
951 3568 1007 3623 id
1039 3575 1120 3623 est
1146 3582 1278 3623 cum
1327 3568 1642 3634 Abraham,
1694 3569 1874 3634 Isaac,
1927 3570 2030 3623 Ja-

335 3657 456 3724 cob,
522 3656 702 3711 David
757 3663 964 3725 patres,
1025 3670 1096 3710 ex
1147 3655 1358 3724 quibus
1407 3655 1684 3721 Christus,
1747 3670 1858 3710 non
1914 3664 2028 3712 tam

335 3744 707 3811 caremoniis,
741 3758 918 3814 quam
950 3743 1232 3813 spirituali
1266 3743 1621 3799 benedictam
1669 3743 1816 3798 hanc
1856 3744 2028 3799 filiam

337 3845 499 3888 suam
532 3833 747 3886 virtute
776 3831 1185 3900 pracesserint.

407 3919 595 3991 Igitur
625 3919 844 3974 latetur
892 3919 1119 3974 deserta
1146 3921 1201 3972 et
1246 3918 1409 3976 invia
1448 3919 1589 3989 (1.9a.
1625 3934 1802 3988 xxxv,
1858 3920 1927 3990 1).
1962 3921 2032 3975 Et

339 4008 479 4079 quid
523 4008 704 4062 Maria
751 4007 1051 4074 desertius,
1130 4008 1300 4078 cujus
1351 4009 1423 4064 ad
1482 4009 1662 4064 instar
1709 4009 1897 4079 angeli
1957 4009 2030 4064 ab

337 4096 494 4150 omni
545 4108 719 4149 sensu
769 4093 1080 4163 voluptatis
1124 4096 1372 4150 extorris
1411 4094 1518 4150 fuit
1569 4095 1836 4150 animus?
1883 4094 2030 4161 Quid

2137 2952 2310 3006 datur
2355 2950 2403 3006 ei
2459 2950 2630 3005 decor
2654 2949 2896 3005 Carmeli
2949 2956 3003 3003 et
3033 2947 3211 3002 Saron
3243 2945 3462 3015 (Ibid).
3511 2945 3834 3010 Carmelus,

2135 3037 2388 3111 cognitio
2413 3035 2882 3100 circumcisionis,
2915 3035 3092 3090 Saron
3123 3033 3393 3105 princeps
3421 3033 3690 3088 tristitia.
3731 3035 3839 3088 Per

2137 3127 2482 3193 Carmelum,
2505 3126 2718 3196 justus;
2763 3139 2861 3194 per
2909 3124 3108 3190 Saron,
3159 3123 3411 3193 intellige
3472 3123 3835 3192 pmnitentes.

2142 3216 2423 3285 Loquitur
2451 3214 2603 3269 enim
2646 3214 2797 3268 Deus
2815 3229 3020 3283 pacem
3049 3227 3223 3282 super
3247 3214 3479 3264 sanctos
3512 3226 3667 3274 suos,
3696 3213 3756 3263 et
3781 3209 3838 3262 in

2137 3321 2232 3360 eos
2259 3303 2360 3375 qui
2385 3305 2788 3358 convertuntur
2833 3301 2910 3354 ad
2963 3317 3060 3355 cor
3100 3300 3287 3371 (Ps-al.
3323 3313 3553 3364 LXXXIV,
3606 3301 3677 3363 9}.
3730 3301 3837 3353 Co-

2139 3393 2316 3465 gnitio
2383 3391 2835 3448 circumcisionis
2909 3389 3267 3458 experientia
3339 3396 3422 3442 est
3493 3387 3836 3442 omnimoda

2137 3483 2408 3538 vitiorum
2468 3479 2823 3545 abscisionis,
2857 3478 2964 3533 hoc
3009 3478 3080 3532 ad
3129 3483 3372 3532 sanctos.
3417 3475 3709 3543 Principes
3743 3489 3838 3528 au-

2140 3579 2251 3627 tem
2305 3569 2546 3625 tristitia
2603 3575 2760 3634 sunt,
2807 3580 3056 3637 quorum
3091 3578 3245 3620 unus
3293 3566 3415 3618 ait:
3463 3562 3632 3616 Venit
3662 3565 3837 3616 Jem

2135 3659 2466 3726 peccatores
2504 3654 2694 3710 salvos
2738 3653 2948 3720 facere,
3004 3669 3244 3723 quorum
3291 3650 3513 3723 primus
3556 3666 3658 3721 ego
3711 3665 3836 3704 sum

2141 3746 2200 3816 (Ι
2230 3745 2398 3811 Tim.,
2435 3759 2473 3810 ι,
2509 3743 2616 3811 i5).
2646 3741 2924 3798 Effectum
2956 3750 3148 3796 autem
3182 3755 3283 3810 pro
3327 3753 3502 3794 causa
3548 3739 3833 3807 ponendo,

2141 3833 2370 3890 tristitia
2427 3839 2721 3902 peccatum
2769 3837 2870 3885 est.
2921 3829 3182 3885 Tristitia
3212 3842 3347 3897 ergo
3381 3836 3516 3882 sunt
3549 3827 3838 3895 principes

2141 3920 2240 3992 qui
2271 3933 2330 3975 se
2359 3932 2474 3973 non
2522 3917 2842 3972 diffitentur
2892 3916 3248 3985 potissimum
3288 3921 3628 3983 peccatores.
3673 3911 3837 3977 Quod

2139 4016 2322 4064 totum
2377 4014 2461 4062 est
2509 4005 2743 4061 dicere:
2788 4003 3082 4074 Quidquid
3127 4002 3415 4068 innocens,
3461 4008 3516 4056 et
3573 4009 3838 4070 peccator

2142 4097 2423 4166 panitens
2477 4093 2548 4148 ad
2595 4094 2777 4148 Deum
2824 4099 3066 4162 possunt
3112 4091 3323 4146 habere
3360 4088 3598 4153 decoris,
3657 4096 3834 4143 totam

339 4181 524 4250 magis
553 4182 799 4248 invium,
839 4197 970 4252 qua
1028 4197 1331 4253 nunquam
1377 4192 1564 4238 mente
1612 4182 1904 4238 admiserit
1947 4183 2036 4238 vel
2075 4189 2117 4242 D
2145 4186 2230 4241 sui
2264 4183 2398 4240 boni
2427 4182 2706 4253 originem
2756 4181 2828 4236 ad
2880 4182 3127 4252 gratiam
3160 4179 3406 4235 referant
3445 4185 3620 4233 tanta
3666 4176 3835 4232 Geni-

340 4269 524 4339 ipsius
589 4268 857 4339 legitima
931 4270 1371 4341 conjugationis.
1431 4271 1768 4326 assensum?
1848 4271 2033 4326 Potest

342 4357 511 4428 plane
545 4357 604 4412 in
654 4365 841 4413 mente
878 4359 1205 4429 cujuspiam
1253 4373 1458 4415 vacare
1491 4359 1794 4428 appetitus,
1826 4367 1880 4415 et
1933 4373 2032 4429 pa-

340 4455 458 4502 tere
487 4453 677 4502 tamen
706 4446 814 4502 via
841 4446 1119 4502 martialis
1167 4447 1468 4503 adventus.
1513 4448 1673 4504 Unde
1725 4449 1988 4516 sequitur
2018 4463 2029 4502 :

341 4537 422 4591 Et
447 4533 760 4590 exsultabit
783 4533 1026 4590 solitudo
1065 4534 1282 4606 (Ibid.).
1332 4535 1470 4602 Qua
1515 4536 1738 4591 deserta
1783 4535 1889 4592 fuit
1939 4550 2036 4606 per

332 4623 877 4693 ,impassibilitatem,
940 4623 1094 4678 invia
1141 4624 1314 4678 etiam
1388 4638 1489 4693 per
1551 4624 1836 4680 liciturum
1894 4639 2035 4679 con-

343 4712 845 4782 temptibilitatem,
905 4711 964 4766 in
1017 4719 1177 4768 tanta
1229 4712 1534 4768 solitudine
1585 4714 1706 4784 jam
1762 4713 2032 4778 exsultat,

343 4800 484 4870 quia
517 4801 638 4856 sine
698 4800 1137 4870 pracedentium
1193 4814 1259 4856 ac
1297 4802 1725 4857 succedentium
1775 4800 2036 4870 exemplo

343 4897 582 4945 constat.
620 4888 780 4944 Unde
823 4895 878 4943 et
933 4887 1156 4944 beatam
1205 4903 1263 4944 se
1311 4889 1608 4944 dicendam
1655 4889 1728 4944 ab
1766 4888 2037 4943 omnibus

343 4976 814 5049 generationibus
854 4984 1047 5032 cantat
1079 4978 1230 5045 (Luc.
1284 4993 1322 5043 1,
1353 4978 1463 5044 48).
1515 4978 1652 5041 Qua
1694 4978 1846 5031 enim
1899 4977 2038 5032 adeo

341 5065 596 5120 solitaria
622 5079 799 5136 quam
844 5065 940 5120 illa
971 5080 1102 5135 qua
1134 5072 1316 5122 totum
1348 5066 1499 5136 quod
1543 5073 1627 5120 est
1681 5065 1739 5120 in
1774 5073 2040 5121 creatura

345 5152 747 5220 pratervolat?

415 5240 748 5310 Εἰλιονεὸἰί
791 5243 961 5312 quasi
1011 5239 1202 5296 lilium
1254 5243 1394 5310 (Isa.
1452 5256 1622 5308 xxxv,
1689 5242 1758 5311 l).
1822 5242 2040 5296 Natura

345 5327 448 5382 lilii
476 5335 560 5382 est
590 5336 653 5384 ut
701 5329 922 5385 desecto
960 5329 1076 5384 solo
1110 5338 1274 5385 tenus
1321 5330 1506 5398 stipite
1555 5330 1599 5383 si
1659 5333 1813 5385 terra
1851 5328 2042 5384 obvol-

345 5422 536 5483 vatur,
564 5423 666 5472 aut
717 5430 884 5490 aqua
915 5418 988 5473 ab
1033 5417 1148 5473 imo
1181 5418 1479 5485 inferatur,
1505 5431 1666 5474 coma
1714 5417 1840 5489 ejus
1879 5417 2040 5474 efﬂo-

2141 4273 2324 4342 tricis;
2351 4285 2482 4342 qua
2507 4271 2619 4326 nisi
2649 4271 2730 4326 sic
2757 4269 3065 4341 genuisset,
3094 4269 3175 4324 sic
3197 4269 3406 4338 justus,
3438 4265 3519 4322 sic
3557 4265 3836 4335 paenitens

2142 4360 2303 4416 nullo
2335 4363 2483 4413 ωε
2503 4358 2670 4413 modo
2700 4357 3098 4426 splenduisset.
3127 4355 3194 4409 Hi
3224 4353 3403 4410 visuri
3428 4361 3562 4408 sunt
3593 4353 3832 4422 gloriam

2143 4447 2367 4504 Domini
2401 4448 2545 4515 (lca.
2579 4460 2752 4511 xxxv,
2785 4444 2861 4515 2),
2895 4443 3033 4514 quia
3065 4443 3238 4510 illam,
3263 4442 3319 4497 in
3349 4443 3517 4512 cujus
3539 4442 3683 4496 uteri
3719 4441 3838 4496 tha-

2144 4536 2293 4591 lamo
2324 4535 2393 4590 de
2421 4534 2541 4589 suis
2580 4531 2860 4603 gloriatus
2888 4537 2972 4585 est
3027 4529 3267 4599 nuptiis,
3300 4543 3432 4584 cum
3465 4528 3552 4583 sui
3607 4528 3833 4590 Christi,

2142 4633 2196 4682 et
2251 4637 2451 4680 eorum
2486 4635 2632 4692 quos
2677 4620 2915 4676 redemit
2945 4619 3138 4674 fructu
3181 4624 3318 4673 sunt
3370 4616 3590 4672 visione
3639 4630 3835 4686 perpe-

2146 4718 2243 4766 tua
2297 4707 2673 4778 complexuri.
2747 4706 2941 4762 Visuri
2999 4705 3168 4760 etiam
3239 4710 3375 4758 sunt
3422 4703 3682 4759 decorem
3743 4703 3835 4756 Dei

2144 4798 2321 4854 nostri
2346 4796 2556 4867 (Ibid),
2620 4797 2796 4866 ipsam
2828 4793 3038 4850 scilicet
3064 4793 3183 4863 jam
3207 4791 3577 4847 clarilicatam
3609 4805 3835 4847 carnem

2145 4886 2240 4943 cui
2269 4887 2382 4942 Deo
2417 4885 2661 4956 propitio
2691 4883 3043 4940 merebimur
3073 4879 3436 4937 conformari.

2783 4969 3017 5026 CAPUT
3056 4969 3200 5024 XIV.

2216 5061 2570 5132 Apostrophe
2597 5059 2674 5113 ad
2702 5059 2771 5112 Β.
2809 5057 3126 5129 Virginem.
3162 5085 3228 5094 —
3253 5054 3381 5124 Aliq
3393 5053 3634 5121 uandiu,
3669 5067 3836 5123 super

2146 5163 2343 5206 omnes
2386 5148 2683 5204 benedicta
2729 5144 2990 5213 feminas,
3028 5145 3085 5199 in
3117 5143 3230 5198 tuis
3260 5142 3533 5198 laudibus
3560 5141 3831 5206 delectati,

2149 5239 2218 5292 ad
2253 5245 2304 5292 te
2335 5237 2564 5292 tandem
2597 5235 2728 5290 licet
2756 5247 2935 5304 supra
2962 5232 3197 5287 modum
3237 5236 3578 5300 peccatores,
3628 5230 3830 5298 cogita-

2150 5326 2330 5382 tiones
2373 5339 2439 5379 ac
2471 5323 2648 5379 verba
2685 5319 3092 5376 convertimus.
3141 5318 3428 5373 Desiderio
3457 5324 3651 5372 nostro
3691 5317 3762 5372 ad
3788 5324 3835 5371 te

2149 5398 2524 5480 laudandam,
2583 5411 2654 5468 ad
2711 5419 2762 5467 te
2811 5407 3297 5480 complectendam
3352 5404 3674 5462 satisfacere
3727 5420 3831 5460 non
