3914 6094
127 276 231 325 577

1512 271 1601 325 DE
1641 271 1871 328 LAUDE
1912 273 1966 326 S.
2011 271 2269 327 MARIAS.
3533 279 3634 329 578

124 420 459 477 possumus,
493 420 528 460 a
561 414 610 460 tc
642 414 830 460 tamen
865 405 1196 460 medullitus
1245 421 1403 475 posse
1443 406 1822 476 deposcimus.
1863 416 1909 468 Α
1934 407 2101 474 Apud
2133 406 2314 460 Deum
2346 406 2426 460 sic
2456 419 2568 460 vox
2606 413 2706 460 tua
2737 414 2955 462 constat
2988 406 3363 475 impetrabilis

124 495 525 551 Reverberant
577 508 680 548 nos
725 493 1131 549 carnalitatum
1164 494 1453 562 turbines;
1503 508 1704 550 verum
1757 493 1827 548 ad

125 584 481 639 dirimendos
510 581 635 638 illos
665 591 978 652 provocant
1001 596 1103 637 nos
1141 589 1392 652 expertae
1421 597 1643 652 semper
1677 584 1731 636 in
1777 590 1829 636 te

125 671 480 727 dulcedines.
515 670 615 725 His
657 670 950 737 exsatiari,
1000 671 1103 724 has
1133 671 1472 725 avidissimis
1505 669 1830 740 przecordiis

128 759 457 815 combibere
494 759 676 814 satius
710 765 792 814 est
825 772 1000 828 quam
1032 759 1248 813 vivere.
1290 759 1360 814 Et
1386 759 1518 828 quis
1550 757 1693 813 vivit
1723 756 1828 812 nisi

128 847 235 916 qui
295 855 347 903 te
398 846 775 902 aﬁectualiter
828 845 1035 902 sentit?
1080 845 1218 912 Quis
1275 847 1382 901 nisi
1436 846 1667 901 demens
1713 860 1830 900 non

127 943 287 1004 optet
321 934 518 1003 emori,
561 934 609 988 si
648 935 844 990 videre
891 942 943 990 te
987 934 1166 1003 possit
1204 934 1500 990 moriendo
1544 932 1830 989 mercari?

126 1024 334 1079 Nonne
373 1030 459 1078 est
505 1029 716 1078 nostrae
758 1022 1178 1078 consummatio
1231 1023 1446 1094 gloriae,
1500 1022 1548 1077 si
1591 1022 1674 1083 vel
1709 1036 1832 1091 pos-

128 1112 315 1167 simus
356 1111 500 1166 inter
525 1125 628 1166 nos
673 1118 728 1166 et
767 1117 936 1166 tuum
972 1111 1179 1166 Filium
1225 1119 1275 1166 te
1307 1111 1691 1166 mediatricem
1725 1109 1832 1164 ha-

126 1200 306 1256 bere?
352 1200 442 1254 Ex
471 1199 660 1254 debito
699 1206 800 1265 est,
859 1199 1118 1265 Domina,
1173 1199 1219 1254 si
1256 1199 1435 1254 nostri
1483 1197 1829 1266 memineris,

129 1293 368 1356 propter
413 1287 520 1341 hoc
569 1286 725 1340 enim
774 1284 949 1340 facta:
1000 1291 1230 1355 propter
1276 1285 1383 1340 hoc
1428 1299 1488 1340 es
1536 1285 1732 1351 electa,
1768 1292 1834 1340 ut

130 1373 291 1441 apud
336 1371 735 1428 dulcissimum
784 1372 993 1428 Filium
1023 1385 1258 1428 causam
1292 1379 1546 1428 nostram
1579 1372 1834 1442 piissima

131 1460 373 1515 tuearis.
407 1462 596 1516 Insere
637 1461 791 1516 cordi
841 1468 895 1516 et
934 1460 1016 1515 ori
1046 1468 1239 1516 nostro
1270 1461 1354 1516 tui
1404 1461 1662 1517 numinis
1694 1461 1833 1516 irre-

131 1549 371 1603 missam
397 1549 752 1616 memoriam,
787 1564 964 1619 quam
1007 1549 1100 1604 cui
1135 1549 1382 1616 dederis,
1416 1563 1656 1606 securus
1687 1549 1833 1627 dico,

134 1636 278 1706 quia
301 1638 424 1707 jam
454 1637 734 1693 coelestem
792 1638 988 1707 incipit
1019 1646 1369 1708 praegustare
1397 1638 1658 1708 gloriam.
1689 1637 1836 1703 Quid

132 1725 289 1780 enim
334 1732 385 1780 te
442 1725 690 1792 dulcius,
736 1726 877 1795 quid
934 1733 1034 1780 tua
1085 1726 1478 1782 recordatione
1530 1724 1836 1781 securius?

133 1813 237 1868 tibi
272 1813 426 1867 enim
452 1828 565 1868 non
596 1828 779 1880 orare,
810 1814 906 1869 sed
937 1814 1156 1884 ubique
1185 1814 1464 1883 imperare
1495 1821 1698 1884 praesto
1730 1821 1834 1869 est.

134 1902 285 1957 Iube
315 1916 452 1972 ergo
484 1909 546 1957 ut
581 1903 637 1956 in
669 1903 932 1970 praesenti
964 1903 1192 1958 miseria
1219 1911 1278 1969 te
1307 1903 1472 1958 nobis
1505 1904 1833 1968 invisceres,

133 1996 192 2044 et
217 1990 340 2060 jam
385 1988 615 2044 miseria
641 2003 757 2044 non
801 1997 902 2045 est.
947 1991 1060 2046 Fac
1103 1997 1165 2046 ut
1197 1990 1483 2061 quidquid
1513 2006 1718 2046 sumus
1764 2003 1838 2046 ex

131 2085 190 2133 te
217 2078 419 2144 simus,
449 2084 504 2133 et
532 2091 666 2133 cum
694 2092 795 2133 nos
827 2077 927 2133 tibi
954 2077 1173 2146 feceris,
1211 2086 1415 2148 praeter
1436 2085 1536 2134 tua
1561 2079 1641 2133 nil
1671 2083 1838 2134 restet

134 2179 212 2221 ex
240 2165 425 2221 nobis.

293 2307 610 2379 Rhymmus
635 2306 712 2364 ad
741 2307 810 2362 Β.
853 2307 1171 2380 Virginem,
1202 2311 1258 2362 et
1287 2310 1349 2365 S.
1382 2309 1672 2364 Joannem

772 2397 1210 2468 Evangelistam

141 2519 540 2573 Erumnarum
571 2523 626 2571 et
658 2515 921 2571 dolorum
945 2516 1107 2585 plena
1143 2530 1349 2586 gerens
1382 2516 1621 2583 viscera,

142 2606 222 2660 De
253 2618 515 2660 meorum
546 2605 903 2660 exsecranda
936 2612 1300 2674 peccatorum
1332 2605 1516 2666 fovea,

140 2693 399 2759 Quorum
431 2693 623 2758 miser,
654 2693 826 2749 velim
858 2693 1055 2761 nolim,
1088 2694 1273 2762 patior
1302 2693 1535 2761 damna,

139 2783 217 2836 Te
249 2782 494 2837 reclamo
519 2781 901 2849 salvatricem,
937 2782 1207 2851 puritatis
1237 2783 1488 2837 domina.

143 2870 230 2925 Ad
269 2877 504 2925 tuorum
536 2884 624 2925 me
654 2870 934 2925 factorum
967 2871 1312 2926 mentionem
1344 2871 1590 2927 confero.

142 2959 217 3014 Te
245 2973 403 3028 spem
439 2973 623 3012 meam
654 2957 1028 3029 singularem,
1058 2966 1110 3014 te
1141 2958 1385 3015 salutem
1417 2967 1704 3030 computo.

141 3047 269 3102 Non
299 3060 614 3114 aspernans
645 3061 733 3102 me
763 3054 1115 3115 contemnas,
1135 3048 1276 3104 dum
1307 3055 1379 3115 te,
1396 3049 1593 3114 Mater,
1611 3049 1832 3105 invoco.

139 3135 249 3191 Sed
280 3135 387 3190 hoc
417 3135 545 3190 licet
568 3135 676 3190 sim
708 3135 999 3206 indignus,
1033 3134 1124 3190 fac
1148 3137 1290 3191 mihi
1321 3137 1476 3206 quod
1507 3137 1642 3192 lilio.
1728 3169 1733 3176 -

140 3225 185 3280 Ο
217 3225 384 3279 beata
415 3223 570 3278 orbis
593 3223 780 3279 omnis
813 3225 990 3292 pretio
1021 3223 1332 3280 valentiori

141 3313 231 3367 Tu
264 3311 536 3380 praedicta
566 3311 666 3366 Dei
690 3326 829 3366 voce
861 3313 1062 3368 mundi
1089 3313 1196 3368 sub
1225 3312 1558 3382 primordio,

138 3400 326 3470 Cujus
359 3407 587 3469 partum
621 3407 734 3455 tota
764 3408 960 3456 vatum
985 3409 1350 3470 praconatur
1377 3401 1594 3464 concio,

143 3489 275 3544 Sola
308 3488 490 3557 plebis
517 3489 839 3558 expetenda
868 3488 1206 3546 Christianae,
1236 3489 1436 3558 portio.

143 3577 344 3648 Virgo,
379 3577 537 3632 dives
563 3577 744 3646 prisco
779 3577 1050 3646 pietatum
1085 3578 1376 3648 quondam
1400 3585 1666 3645 tempore,

143 3666 248 3721 His
273 3665 478 3721 diebus
507 3681 622 3721 non
655 3667 877 3722 minora
901 3667 1068 3736 signa
1094 3667 1167 3722 da
1197 3666 1542 3735 clementiae;

143 3753 294 3809 Nam
325 3755 372 3808 si
405 3762 573 3821 taces,
605 3769 642 3807 o
671 3754 952 3818 miranda,
988 3769 1119 3824 quae
1151 3769 1278 3824 spes
1302 3754 1410 3810 erit
1433 3752 1654 3809 venire?

144 3841 261 3898 Nos
294 3841 551 3911 repulsos
582 3856 759 3912 quam
792 3843 1054 3899 crudeles
1083 3843 1403 3912 depriment
1434 3841 1700 3898 miseriae!

147 3931 365 3986 Graves
391 3931 499 3986 mei
527 3938 663 3986 sunt
693 3939 913 4001 reatus;
944 3932 1107 4001 placa
1137 3932 1340 3999 Deum,
1372 3929 1633 3998 Domina,

148 4019 204 4073 Si
238 4028 290 4074 te
323 4019 472 4088 piam
498 4019 673 4074 sensit
697 4019 833 4085 olim
866 4019 1136 4074 meretrix
1167 4019 1456 4088 1Egyptia,

151 4106 364 4176 Virque
391 4107 488 4176 qui
518 4114 570 4162 te
599 4113 775 4176 atque
803 4113 971 4162 tuum
1005 4106 1212 4162 Filium
1241 4113 1576 4176 negaverat.

148 4191 334 4247 Corde
365 4199 478 4246 toto
501 4199 554 4246 te
584 4199 935 4261 quaerentem
967 4205 1073 4246 cur
1101 4191 1398 4248 fraudabis
1427 4191 1639 4249 venia?

148 4281 257 4336 Tui
289 4294 595 4350 nunquam
627 4280 800 4335 moris
831 4279 938 4334 fuit
968 4278 1205 4334 miseros
1235 4275 1550 4349 despicere,
1675 4276 1677 4278 ’
1731 4269 1736 4276 ’

150 4368 259 4424 Sed
290 4368 634 4437 plerumque
664 4382 777 4423 non
808 4373 1005 4438 rogata
1035 4369 1317 4424 consuesti
1347 4369 1526 4424 visere
1551 4384 1562 4422 :

147 4455 382 4523 Quanto
411 4455 598 4526 magis
624 4469 762 4526 ergo
788 4455 957 4510 debes
985 4455 1274 4524 postulata
1303 4455 1519 4522 adfore,

149 4545 291 4611 Quae
315 4544 600 4614 profundo
629 4543 931 4615 appellaris
961 4543 1168 4600 mentis
1198 4558 1337 4600 meae
1366 4543 1606 4600 vulnere
1641 4543 1728 4612 [f.,
1760 4543 1849 4599 vi-

1629 4631 1847 4704 [scere],

149 4723 330 4778 Plena
358 4723 478 4790 Dei,
509 4729 564 4777 et
594 4721 815 4791 piorum
849 4722 1021 4792 plena
1051 4735 1284 4792 prorsus
1312 4722 1618 4790 viscerum,

149 4811 342 4880 Super
370 4825 539 4865 omne
565 4810 718 4879 quod
752 4811 1020 4866 humanae
1052 4811 1264 4881 linguae
1291 4811 1443 4866 valet
1464 4811 1742 4867 studium.

147 4900 279 4954 Iam
312 4905 545 4954 tuorum
576 4898 908 4954 elucescunt
937 4897 1223 4954 claritates
1252 4912 1578 4954 munerum.

149 4987 312 5043 Orna
346 5000 535 5042 mores
573 4985 633 5041 in
664 5001 752 5041 me
787 5001 998 5042 curans
1023 4985 1310 5057 quidquid
1357 4994 1441 5042 est
1470 4986 1848 5043 mortiferum.

151 5076 473 5145 Nunquam
503 5073 631 5142 fuit,
662 5090 765 5131 nec
789 5076 980 5132 existit
1011 5091 1116 5145 par
1147 5076 1246 5132 tibi
1280 5076 1366 5131 vel
1400 5075 1619 5132 similis.

154 5164 285 5220 Toti
312 5164 467 5218 enim
493 5171 773 5220 creaturae
801 5174 1170 5234 superexstas
1197 5164 1426 5220 nobilis.

1939 494 2008 548 Ut
2039 494 2110 547 ad
2142 507 2312 547 aures
2339 492 2506 562 Regis
2533 508 2731 563 regum
2766 494 2927 548 nulla
2953 500 3067 548 tam
3096 498 3165 549 sit
3192 495 3420 550 habilis.

1938 583 2000 636 1n
2028 595 2130 636 nos
2161 595 2299 652 ergo
2335 595 2433 650 per
2467 589 2723 637 materna
2756 582 2972 650 respice
3005 584 3332 651 praecordia,

1938 673 2122 739 Atque
2152 677 2346 724 nostra
2378 677 2438 725 tu
2473 678 2582 725 tuae
2612 670 2750 739 proli
2782 685 3026 740 suggere
3054 673 3320 740 suspiria,

1942 758 2192 813 Fluxum
2223 758 2410 813 carnis
2450 765 2623 828 atque
2657 773 2830 828 vagos
2860 760 3143 828 appetitus
3174 767 3460 829 tempera;

1939 847 2085 902 Rore
2107 860 2332 915 semper
2357 847 2630 902 castitatis
2658 855 2856 915 pectus
2889 847 2996 901 hoc
3026 846 3316 917 refrigera,

1937 934 2118 990 Omne
2149 948 2397 1004 nequam
2431 935 2584 1004 quod
2617 936 2675 989 in
2707 935 2873 990 nobis
2902 935 3237 998 exsecraris.
3267 935 3467 1002 obrue,

1940 1023 2120 1077 Mores
2150 1029 2329 1091 aptos,
2362 1036 2460 1077 cor
2493 1024 2775 1092 quietum,
2809 1031 3008 1078 sancta
3049 1037 3324 1093 quaeque,
3359 1038 3624 1094 congere.

1940 1110 2117 1166 Virus
2145 1111 2272 1181 ejus
2302 1119 2474 1180 atque
2505 1110 2660 1166 dolos
2691 1111 2922 1180 pellens,
2966 1111 3123 1167 obsta
3148 1113 3390 1180 Satanae,

1940 1199 2056 1254 Nec
2083 1199 2265 1268 ipsius
2295 1199 2672 1254 hortamentis
2700 1213 2802 1253 nos
2833 1199 3126 1267 permittas
3155 1201 3372 1256 cedere.

1942 1287 2073 1342 Sola
2101 1302 2351 1357 namque
2385 1288 2430 1342 si
2461 1288 2735 1342 caelorum
2767 1288 2958 1358 surgis
2993 1288 3050 1342 in
3080 1289 3340 1356 concilio,

1944 1376 2272 1431 Praecatura
2303 1377 2461 1445 pium
2485 1377 2712 1430 Patrem
2739 1389 2870 1430 cum
2900 1375 3172 1444 przedulci
3205 1374 3375 1443 Filio;

1945 1464 2327 1520 Succlamabit
2358 1479 2490 1518 mox
2521 1471 2855 1519 sanctorum
2888 1463 2985 1519 tibi
3011 1465 3215 1532 juncta
3243 1465 3437 1520 concio

1946 1553 2016 1606 Et
2047 1553 2220 1620 petita
2246 1567 2492 1622 quaeque
2521 1558 2620 1606 tuo
2653 1552 2934 1608 suberunt
2965 1551 3202 1606 arbitrio

1947 1645 2096 1694 alo
2127 1641 2214 1704 Et,
2247 1641 2514 1706 Joannes,
2552 1647 2614 1694 tu
2643 1640 2744 1708 qui
2772 1647 3004 1708 quantze
3035 1640 3310 1694 castitatis
3352 1638 3631 1703 conscius,

1877 1707 1916 1761 Ο
1944 1730 2137 1783 Tantae
2169 1730 2360 1795 matri,
2390 1729 2614 1783 Christo
2643 1707 2834 1794 dante,
2866 1727 3185 1782 successisti
3217 1727 3385 1781 lilius.

1946 1816 2089 1872 Audi
2121 1830 2247 1871 mea
2275 1830 2467 1870 secum
2506 1824 2634 1870 vota
2658 1815 2844 1882 claris,
2877 1830 3094 1884 precor,
3127 1816 3388 1883 auribus,

1944 1905 2014 1958 Et
2043 1917 2077 1956 a
2103 1901 2324 1956 cunctis
2355 1916 2443 1956 me
2475 1901 2693 1956 diverte
2721 1902 2980 1971 pessimis
3008 1902 3293 1970 operibus,

1943 1993 2048 2057 Tu,
2081 1990 2181 2059 qui
2215 1997 2396 2044 terras
2428 1988 2693 2044 incolenti
2725 1989 2866 2043 mire
2891 1990 3102 2044 cbarus
3131 1988 3372 2044 Domino

1943 2075 2238 2142 Exstitisti,
2273 2082 2387 2130 tam
2417 2076 2564 2131 felici
2593 2077 2803 2146 dignus
2830 2076 3127 2146 privilegio

1943 2164 2050 2218 Pro
2083 2171 2314 2219 tuorum
2339 2164 2495 2233 apud
2527 2165 2712 2234 ipsum
2746 2164 2982 2233 loquere
3013 2163 3279 2230 remedio,

1944 2251 2242 2322 Frangens
2270 2265 2450 2322 regna
2485 2251 2701 2312 mortis,
2735 2251 2861 2321 ejus
2885 2251 3068 2306 subde
3096 2266 3200 2306 nos
3225 2251 3483 2320 imperio.

1947 2339 2031 2393 llli
2060 2339 2244 2395 Verbo
2274 2339 2599 2410 prompsisti
2633 2347 2850 2409 quanto
2880 2347 2963 2395 est
2995 2339 3255 2406 vicinior,

1945 2428 2124 2482 Tanto
2153 2427 2335 2497 magis
2363 2428 2748 2483 interventum
2781 2435 2984 2496 prasta
3015 2427 3326 2483 sollicitior.

1948 2514 2170 2570 Prosint
2200 2521 2314 2570 tuze
2348 2523 2557 2570 sanctae
2587 2530 2774 2585 preces
2803 2530 2862 2570 se
2894 2515 3119 2570 deﬂenti
3148 2516 3375 2581 misero,

1945 2602 2057 2658 Ora
2087 2617 2310 2672 semper
2333 2619 2434 2673 pro
2469 2605 2781 2659 multorum
2814 2612 3176 2672 peccatorum
3198 2604 3422 2658 conscio

1946 2691 2081 2746 Tua;
2112 2692 2359 2747 multum
2395 2692 2720 2762 indigemus
2748 2691 3030 2761 largitatis
3063 2704 3321 2745 munere.

1947 2777 2100 2844 Quid
2127 2780 2380 2835 remittat
2411 2787 2474 2835 ut
2504 2778 2748 2835 offensas
2778 2780 2890 2834 Deo
2921 2777 3117 2834 differs
3147 2779 3352 2834 dicere.

1947 2867 2238 2938 Quidquid
2264 2869 2416 2923 enim
2447 2867 2763 2938 postulabis
2793 2866 3161 2937 consequeris
3192 2866 3375 2921 facile.

1950 2957 2102 3027 Ergo
2135 2957 2363 3012 tandem
2393 2964 2666 3011 exoratus
2697 2955 2951 3010 infelices
2977 2955 3214 3024 respice.

1951 3046 2031 3098 Da
2061 3058 2363 3113 perennem
2394 3058 2570 3115 quam
2601 3044 2804 3099 amasti
2825 3043 3140 3098 castitatem
3158 3041 3430 3111 corporis,

1949 3131 2017 3188 Et
2043 3147 2076 3186 a
2105 3133 2327 3188 cunctis
2356 3146 2487 3201 quae
2518 3132 2818 3188 molestant
2846 3132 3034 3187 exime
3058 3131 3381 3187 contrariis.

1953 3223 2117 3291 Auge
2147 3235 2398 3287 sensum,
2437 3221 2601 3276 ﬁrma
2633 3235 2849 3290 pacem,
2884 3221 3170 3290 quidquid
3200 3228 3363 3276 nocet
3395 3233 3642 3276 remove.

1950 3313 1997 3363 A
2029 3309 2238 3364 futuris
2268 3323 2356 3364 me
2387 3309 2680 3365 refrenans
2709 3309 2855 3364 facta
2883 3309 3036 3364 mala
3065 3309 3239 3364 dilue.

1952 3398 1996 3453 Ο
2023 3398 2260 3468 Regina,
2289 3398 2408 3468 jam
2433 3398 2695 3466 praesenti
2726 3397 3033 3453 inclamata
3066 3397 3340 3464 carmine,

1953 3486 2155 3542 Custos
2178 3485 2303 3555 ejus
2332 3499 2400 3540 ac
2428 3485 2687 3540 minister
2717 3493 3037 3555 praepotens
3061 3485 3330 3554 apostole,

1955 3574 2126 3644 Apud
2157 3588 2287 3630 eum
2320 3574 2421 3644 qui
2455 3588 2570 3642 prae
2600 3574 2822 3630 cunctis
2852 3589 2952 3629 vos
2982 3573 3244 3643 probavit
3273 3573 3424 3644 agite

1959 3664 2026 3717 Ut
2052 3662 2325 3733 dignetur
2353 3662 2425 3716 ad
2446 3676 2504 3717 se
2532 3669 2755 3717 nostros
2775 3661 2997 3717 animos
3019 3663 3259 3731 erigere.

1960 3751 2129 3805 Passo
2163 3764 2300 3806 sane
2331 3750 2555 3806 Christo
2588 3743 2882 3819 qu'ondam
2908 3749 3045 3804 satis
3071 3749 3204 3805 estis
3228 3763 3524 3805 memores.

1955 3841 2132 3894 Juxta
2163 3839 2351 3895 crucis
2382 3840 2510 3909 ejus
2538 3851 2696 3894 aram
2733 3852 2908 3908 quam
2938 3837 3171 3894 stetistis
3201 3837 3434 3893 ﬂebiles.

1957 3929 2063 3983 Per
2089 3929 2239 3983 hanc
2267 3943 2404 3999 ergo
2436 3935 2645 3983 sanctae
2678 3927 2879 3982 mortis
2907 3941 3001 3983 ore
3035 3941 3134 3983 vos
3162 3926 3488 3983 maestitiam

1957 4017 2271 4087 Impetretis
2301 4017 2400 4072 ubi
2428 4017 2594 4072 nobis
2615 4017 2750 4072 .lesu
2781 4015 2855 4086 pii
2890 4016 3154 4086 gratiam.

1957 4105 2001 4160 Ο
2033 4105 2230 4171 Maria,
2261 4107 2530 4175 quamvis
2563 4120 2660 4161 ore
2693 4112 2746 4160 te
2775 4103 2990 4174 polluto
3017 4104 3332 4172 nominem,

1957 4193 2108 4249 Audi
2137 4202 2344 4262 tamen,
2365 4184 2423 4250 et
2452 4209 2486 4248 a
2511 4193 2694 4264 culpis
2726 4193 2952 4249 interim
2984 4194 3057 4249 da
3086 4193 3364 4264 requiem.

1855 4265 1860 4276 ’
1893 4307 1936 4360 D
1959 4285 2160 4354 Jugem
2189 4273 2428 4352 quoque
2455 4283 2564 4337 hac
2595 4283 2652 4337 in
2683 4283 2802 4338 vita
2832 4282 2904 4337 da
2936 4282 3018 4337 tui
3048 4283 3404 4338 memoriam.

1957 4372 2057 4438 Da,
2092 4369 2272 4427 Maria
2301 4369 2484 4426 dulcis
2513 4378 2648 4437 tota,
2684 4370 2740 4425 in
2771 4370 2971 4425 futura
2999 4369 3260 4440 gloriam.

1957 4458 2002 4514 Ο
2027 4460 2292 4527 Joannes,
2325 4459 2495 4530 digne
2525 4458 2773 4514 multum
2806 4457 2908 4512 Dei
2928 4458 3038 4513 dici
3065 4457 3282 4530 gratia,

1958 4546 2072 4603 Nos
2097 4555 2152 4603 et
2183 4562 2380 4604 omnes
2403 4548 2503 4617 qui
2535 4554 2589 4603 te
2618 4554 2892 4617 quzerunt
2915 4546 2973 4601 in
3001 4547 3226 4616 periclis
3255 4547 3454 4602 libera.

1960 4636 2078 4691 Etsi
2111 4650 2321 4704 corpus
2349 4636 2680 4700 tribulatur,
2716 4635 2924 4690 mentis
2954 4634 3097 4704 pelle
3125 4647 3332 4701 nocua,

1959 4722 2373 4792 Comprobetur
2402 4738 2475 4779 ex
2506 4723 2702 4780 effecto
2731 4723 2888 4794 quod
2919 4723 2991 4778 sit
3023 4723 3079 4776 in
3109 4730 3163 4778 te
3193 4722 3400 4793 gratia.

1960 4813 2060 4878 Da,
2091 4811 2286 4876 Maria,
2323 4813 2437 4867 tuis
2465 4813 2648 4868 servis
2669 4812 2875 4868 animae
2896 4811 3261 4867 munditiam.

1961 4901 2060 4967 Da,
2092 4901 2359 4967 Joannes,
2392 4900 2767 4957 adversorum
2799 4901 3028 4956 vincere
3058 4899 3394 4956 molestiam.

1959 4989 2190 5045 Nosmet
2217 4989 2387 5045 ambo
2419 4989 2492 5044 ad
2524 4989 2753 5045 virtutis
2783 4989 2991 5044 lineam
3024 4989 3278 5044 reducite
3310 5002 3323 5042 :

1962 5077 2034 5133 Ut
2062 5079 2337 5148 conjungi
2368 5091 2696 5134 mereamur
2727 5076 2972 5134 claritati
3005 5075 3234 5133 ccelicae.

1821 5397 2008 5444 FINIS.
