3914 6094
321 318 422 369 579

1198 315 1263 368 ν.
1313 312 1646 368 GUIBERTI
1687 313 1978 369 ABBATIS
2015 312 2069 367 S.
2113 311 2354 368 MARLE
2385 315 2477 370 DE
2521 313 2915 370 NOVIGENTO

3723 317 3840 366 580

1300 595 1587 678 vnn.
1651 593 2242 678 auram-rx
2285 555 2856 677 Anna-ris

817 781 1004 889 AD
1115 779 1982 891 OPUSCULUM
2088 779 2270 888 DE
2375 776 3310 923 VIRGINITATE

1421 985 1887 1059 EPISTOLA
1943 984 2722 1098 NUNCUPATORIA.

392 1338 531 1387 an
565 1335 746 1400 Quam
764 1333 904 1387 dese
922 1331 1672 1387 auctorhumilitersentiat.
1697 1330 2016 1386 —Etsinos
2052 1332 2099 1384 A
2195 1331 2292 1385 Est
2336 1337 2390 1385 et
2432 1329 2611 1385 altera
2656 1329 2799 1385 ratio
2831 1343 2947 1384 non
2986 1327 3296 1384 admodum
3333 1342 3510 1384 cassa.
3563 1328 3619 1384 Si
3664 1328 3834 1384 enim

320 1426 436 1474 tam
467 1420 694 1475 eximite
724 1419 899 1489 hujus
939 1421 1170 1476 virtutis
1209 1429 1262 1475 et
1293 1420 1600 1486 credimus,
1643 1427 1697 1474 et
1729 1418 1882 1474 credi
1913 1433 2013 1472 vo-

317 1507 532 1573 lumus,
565 1521 703 1576 pene
749 1511 894 1562 totos
935 1516 1208 1574 exsortes,
1249 1509 1292 1562 si
1341 1509 1565 1576 copiose
1610 1509 1786 1576 ipsius
1820 1505 2013 1576 gloriae

316 1595 684 1649 eminentiam
716 1609 786 1650 ne
812 1595 1190 1664 excogitando
1212 1595 1443 1664 quidem
1471 1595 1768 1665 attingere,
1801 1594 2012 1649 nedum

317 1683 624 1751 explicare,
674 1682 936 1751 possibile
983 1691 1085 1748 est,
1142 1691 1252 1737 tute
1299 1683 1605 1748 dilectioni,
1656 1683 1786 1738 licet
1835 1696 2013 1750 supra

317 1769 526 1824 viresa
570 1769 733 1823 nobis
774 1768 987 1839 exigat,
1029 1768 1172 1824 nihil
1218 1769 1488 1824 novimus
1527 1769 1681 1838 quod
1724 1783 1909 1838 usque
1939 1769 2012 1822 ad

315 1856 656 1927 sanguinem
688 1858 758 1911 sit
801 1857 1152 1925 negandum.
1202 1856 1518 1911 Praesertim
1556 1871 1690 1911 cum
1731 1856 1803 1910 ad
1853 1855 2010 1925 puri-

316 1945 448 2000 tatis
490 1945 747 2000 studium
802 1953 995 1998 nostra
1046 1952 1096 1998 te
1145 1945 1400 1999 oratione
1431 1944 1714 1999 inhortari
1752 1952 2008 2013 expetas,

315 2033 584 2102 quamvis
614 2031 954 2102 incongrue,
989 2040 1041 2087 et
1072 2031 1306 2102 indigne
1336 2047 1438 2087 nos
1466 2032 1573 2086 hac
1602 2032 1670 2086 de
1700 2046 1759 2086 re
1791 2039 2011 2087 constet

313 2134 433 2175 esse
464 2121 738 2186 dicturos,
791 2119 1145 2174 arbitramur
1189 2128 1299 2175 tum
1333 2119 1590 2189 petitioni
1627 2134 1739 2174 non
1779 2120 2009 2174 obedire

311 2207 488 2264 nefas.
537 2207 806 2262 Notitiam
855 2221 991 2262 sane
1043 2207 1255 2262 divinas
1303 2207 1546 2277 paginae,
1598 2209 1701 2262 etsi
1739 2207 2004 2275 tenuiter,

312 2296 629 2366 attigimus,
663 2295 833 2364 cujus
865 2303 1145 2364 praecepta
1176 2295 1319 2349 scita
1350 2295 1543 2358 verbo,
1587 2294 1683 2349 sed
1715 2309 1882 2364 opere
1915 2294 2008 2348 in-

311 2385 561 2454 cognita,
608 2384 875 2450 maxime,
926 2383 1122 2449 fateor,
1167 2393 1372 2437 nostras
1407 2382 1762 2437 damnationi
1801 2383 2008 2437 didici-

309 2486 460 2538 mus,
494 2471 541 2526 si
574 2471 660 2526 vel
689 2485 774 2538 ea,
814 2486 928 2525 non
985 2472 1108 2525 dico
1159 2470 1246 2524 his
1289 2469 1389 2540 qui
1435 2480 1736 2539 respuunt,
1779 2470 1876 2525 sed
1919 2470 2007 2539 pie

309 2560 648 2629 rogantibus
679 2559 939 2629 dilargiri
968 2557 1381 2614 distulerimus.
1413 2557 1465 2612 Si
1488 2572 1624 2627 ergo
1647 2572 1751 2612 nec
1781 2558 2002 2624 salutis,

308 2660 496 2716 neque
524 2647 743 2716 praemii
770 2661 912 2701 cura
945 2661 1046 2700 nos
1085 2647 1347 2711 advocat,
1383 2645 1581 2700 saltem
1624 2646 2009 2715 undecunque

306 2734 610 2804 desperati,
653 2741 707 2789 et
745 2735 913 2803 quasi
963 2748 1062 2802 pro
1105 2742 1259 2789 certo
1301 2735 1593 2802 puniendi,
1631 2733 1686 2788 id
1716 2734 1899 2789 solum
1949 2735 2009 2788 in

303 2821 630 2877 omnimodo
671 2821 765 2877 illa
805 2835 973 2890 poena
1012 2821 1307 2876 lucremur
1357 2829 1420 2876 ut
1462 2835 1577 2876 non
1625 2835 1728 2890 pro
1771 2821 2008 2878 benedi-

305 2910 469 2964 cendi
513 2909 737 2977 inertia,
773 2924 902 2964 cum
941 2907 1062 2978 'pro
1110 2909 1238 2963 aliis
1279 2909 1424 2964 male
1466 2909 1638 2978 gestis
1672 2909 2004 2978 plectemur,

305 2995 467 3052 dolor
516 2996 678 3051 nobis
729 2995 1063 3067 gehennalis
1102 3003 1403 3051 accrescat.
1440 2997 1551 3051 Nec
1595 2997 1747 3051 enim
1788 2997 2009 3067 absque

255 3088 260 3092 '
307 3084 558 3140 remedio
588 3092 691 3152 est,
725 3085 772 3140 si
803 3084 952 3140 inter
980 3087 1191 3140 mortes
1220 3083 1308 3140 vel
1343 3085 1415 3140 ab
1454 3099 1569 3140 uno
1610 3099 1715 3141 nos
1745 3085 2006 3140 redeme-

310 3173 496 3230 rimus
529 3174 666 3229 ictu.

377 3263 500 3319 Tibi
535 3264 710 3334 igitur
731 3262 1046 3328 humiliter,
1069 3262 1196 3318 licet
1226 3260 1355 3318 aliis
1387 3263 1768 3332 impudenter,
1793 3262 2006 3318 obtem-

308 3366 509 3422 perare
543 3351 944 3422 proponimus;
978 3353 1074 3406 sed
1102 3366 1134 3405 a
1167 3355 1236 3420 te,
1270 3367 1369 3407 seu
1395 3365 1428 3405 a
1458 3351 1812 3420 quibuslibet
1841 3351 2005 3406 nobis

307 3439 778 3510 eXprobraudum
829 3454 943 3493 non
995 3447 1098 3506 est,
1148 3455 1280 3494 cum
1328 3454 1395 3494 ea
1451 3441 1518 3494 de
1571 3454 1687 3509 qua
1741 3440 2005 3508 cupimus

304 3535 551 3585 tractare
603 3528 813 3583 virtute
853 3527 1020 3583 vacui
1071 3529 1275 3597 reperti
1328 3528 1627 3596 fuerimus,
1669 3543 1802 3583 cum
1854 3528 1999 3583 idem

307 3617 488 3672 coacti
541 3615 861 3671 fecerimus.
916 3617 980 3670 Et
1029 3623 1176 3670 certe
1225 3617 1267 3670 si
1318 3617 1422 3671 hoc
1471 3617 1657 3685 ipsum
1698 3630 1772 3671 ex
1813 3625 2002 3670 nostro

307 3705 567 3773 arbitrio,
595 3704 925 3773 simpliciter
947 3712 1157 3765 tamen,
1185 3711 1239 3759 et
1269 3719 1383 3759 non
1407 3704 1573 3774 quasi
1596 3719 1667 3760 ex
1693 3704 2002 3774 magisterii

307 3793 647 3849 auctoritate
678 3793 986 3849 fuissemus
1017 3793 1293 3863 aggressi,
1329 3802 1708 3862 spontaneum
1742 3801 2000 3848 nostrum

2123 1431 2362 1485 persona
2397 1417 2666 1487 quaelibet
2713 1417 2890 1472 sacris
2925 1417 3300 1472 enuntiandis
3338 1417 3711 1488 dogmatibus
3747 1418 3834 1471 si-

2125 1507 2298 1562 bimet
2330 1506 2524 1560 minus
2552 1514 2687 1574 apta
2726 1506 2974 1573 videtur,
3019 1513 3073 1560 et
3110 1519 3183 1560 ex
3214 1519 3408 1574 pravae
3456 1505 3833 1561 conscientia:

2123 1593 2344 1664 objecta
2377 1593 2543 1647 silere
2585 1591 2883 1660 disposuit,
2932 1591 3174 1645 nimium
3224 1591 3446 1659 pudens
3478 1591 3617 1644 mihi
3653 1590 3832 1644 vide—

2123 1689 2236 1745 tur,
2267 1681 2388 1747 iste,
2427 1681 2581 1735 hunc
2611 1679 2871 1734 inutilem
2906 1692 3133 1734 necesse
3170 1685 3254 1733 est
3296 1685 3476 1734 mutet
3515 1678 3830 1743 intuitum,

2118 1778 2172 1826 et
2213 1770 2339 1825 licet
2388 1769 2640 1838 plenarie
2687 1769 2975 1838 corrigere
3015 1783 3128 1822 non
3173 1767 3348 1836 possit
3413 1767 3639 1844 vitium,
3686 1774 3833 1836 agat

2121 1867 2309 1914 tamen
2365 1871 2466 1926 pro
2513 1870 2752 1925 persona
2803 1869 2977 1925 quam
3027 1861 3236 1924 portat.
3285 1855 3586 1910 Talentum
3640 1855 3832 1909 humo

2119 1960 2236 2000 non
2288 1944 2551 2010 subruat,
2609 1943 2712 1998 etsi
2770 1957 2884 1997 non
2946 1942 3212 2008 doctoris,
3274 1950 3376 1997 aut
3433 1941 3832 2010 praedicator-is

2117 2033 2325 2100 officio,
2360 2033 2584 2092 clamet,
2638 2046 2708 2086 ne
2739 2044 2932 2086 secum
2959 2030 3056 2085 alii
3091 2029 3335 2100 pessima
3378 2029 3649 2085 sectando
3692 2043 3826 2099 per-

2116 2129 2268 2186 eant,
2302 2120 2390 2175 vel
2423 2119 2853 2188 prmmunientis
2884 2127 3032 2174 voto.

2188 2211 2393 2263 Doctus
2419 2208 2572 2271 licet,
2600 2205 2856 2278 peccatis
2874 2205 3162 2274 obnoxius,
3183 2205 3346 2261 debet
3375 2203 3524 2260 alios
3539 2203 3731 2260 verbis
3744 2205 3828 2258 ad

2115 2295 2409 2350 meliorem
2434 2296 2679 2367 frugem
2719 2311 3048 2366 provocare.
3080 2326 3149 2336 ——
3188 2295 3360 2352 Verbi
3401 2295 3586 2365 gratia
3624 2309 3637 2347 :
3674 2295 3828 2349 Ecce

2113 2385 2438 2455 cujuspiam
2501 2383 2696 2440 divitis
2754 2383 2929 2449 filius,
2997 2391 3232 2452 paterno
3275 2398 3390 2439 aere
3444 2390 3818 2452 consumpto,

2116 2473 2310 2528 relicta
2339 2473 2449 2528 sibi
2480 2473 2694 2541 praedia
2724 2471 3085 2541 abliguriens
3117 2479 3296 2527 totum
3332 2470 3482 2541 gulae
3516 2471 3826 2538 immersit,

2121 2571 2175 2618 et
2200 2576 2373 2632 egens
2406 2562 2476 2616 ad
2511 2560 2719 2614 infame
2751 2560 2980 2616 vivendi
3024 2560 3252 2616 devenit
3285 2560 3633 2630 exemplum.
3685 2561 3738 2616 Si
3776 2561 3827 2616 is

2123 2651 2302 2719 igitur
2354 2649 2498 2716 talis,
2547 2649 2759 2704 erroris
2801 2649 3034 2717 quidem
3083 2649 3381 2718 pmnitens,
3429 2649 3528 2703 sed
3571 2649 3828 2718 pristino

2117 2739 2292 2794 statui
2320 2738 2543 2792 reddire
2574 2752 2686 2790 non
2721 2737 3058 2805 praevalens,
3087 2737 3340 2806 aliquem
3368 2745 3623 2792 moneret
3650 2737 3830 2793 locu-

2117 2827 2316 2895 pletem
2381 2842 2450 2880 ne
2506 2825 2685 2879 nimia
2739 2823 3016 2880 effusione
3071 2839 3208 2879 suas
3258 2824 3600 2893 dilapidaret
3655 2840 3828 2894 opes.

2119 2915 2277 2979 Vide,
2321 2913 2610 2982 inquiens,
2662 2927 2732 2967 ne
2782 2912 2968 2967 ventri
3012 2920 3112 2966 aut
3155 2913 3343 2967 inutili
3390 2913 3637 2982 largitati
3687 2920 3831 2968 stu-

2115 3002 2300 3057 dendo
2331 3001 2402 3055 ad
2437 3001 2541 3055 hoc
2569 3009 2629 3056 ut
2663 3000 2770 3054 mei
2801 2999 2877 3054 sis
2908 2998 3107 3054 similis
3134 2999 3442 3068 delabaris,
3477 3000 3608 3070 quis
3637 2999 3830 3056 istum

2114 3089 2173 3144 in
2209 3090 2314 3144 hoc
2345 3089 2655 3144 ridiculum
2689 3088 3036 3143 aestimaret?
3065 3088 3210 3143 Sane
3241 3088 3344 3143 iste
3374 3087 3539 3144 aliter
3572 3087 3830 3144 audien-

2113 3178 2222 3233 dus
2269 3191 2450 3246 quam
2506 3177 2599 3232 ille
2649 3191 2819 3246 quem
2860 3176 3153 3246 quondam
3182 3176 3560 3232 Terentianus
3599 3176 3830 3247 legitur

2112 3265 2392 3321 Parmeno
2454 3266 2683 3320 risisse:
2736 3264 2951 3319 Scitum
3003 3264 3210 3330 hercle,
3262 3263 3441 3332 aiens,
3492 3263 3821 3333 hominem,

2113 3355 2214 3424 qui
2307 3355 2376 3408 de
2433 3349 2624 3408 stultis
2680 3366 2943 3422 prorsum
3010 3352 3341 3408 hominibus
3393 3354 3624 3407 insanos
3680 3353 3824 3408 facit

2110 3443 2274 3511 (Tan.
2308 3443 2462 3496 Eun.
2506 3456 2562 3507 ιι,
2617 3444 2670 3509 2,
2725 3441 2832 3512 23).
2884 3441 2984 3496 Ille
3031 3455 3150 3496 suae
3193 3441 3516 3512 gulositatis
3546 3441 3821 3496 fortunas

2104 3531 2375 3601 jactaudo
2414 3529 2688 3585 miserum
2735 3529 2930 3584 incitat
2975 3529 3317 3597 auditorem,
3362 3530 3408 3584 is
3447 3544 3518 3584 ne
3549 3529 3620 3584 ad
3655 3531 3812 3585 cala-

2110 3619 2364 3674 mitatem
2391 3623 2544 3685 ruat,
2577 3617 2668 3672 sui
2702 3617 3079 3672 imitationem
3111 3624 3279 3673 caute
3308 3616 3525 3672 evitare
3558 3616 3816 3672 doceret.

2111 3706 2217 3762 Sed
2248 3706 2389 3776 quia
2419 3720 2522 3762 nos
2567 3705 2737 3773 nosti,
2779 3712 2834 3760 et
2871 3705 3073 3774 quales
3112 3705 3256 3760 nosti
3297 3719 3331 3760 a
3367 3705 3581 3760 talibus
3609 3705 3819 3759 admo-

2111 3793 2233 3856 neri
2263 3795 2447 3864 cupis,
2498 3793 2716 3863 pudore
2759 3806 3006 3861 recusso,
3053 3807 3166 3848 non
3213 3806 3332 3862 qua
3391 3792 3667 3848 debemus
3712 3794 3821 3848 sed

307 3882 524 3937 bonum
571 3895 686 3935 non
736 3880 1059 3949 supercilio,
1114 3887 1214 3936 aut
1263 3881 1564 3936 temeritati
1624 3880 1852 3948 ascribi,
1903 3881 2001 3936 sed
2042 3911 2083 3966 ρ
2114 3895 2232 3950 qua
2272 3895 2596 3951 possumus,
2622 3881 2736 3936 tuis
2765 3880 3008 3936 auribus
3038 3895 3172 3936 voce
3201 3889 3521 3937 cantamus.

310 3968 682 4040 gratulatorie
709 3968 898 4038 excipi
919 3967 1224 4024 debuisset.

969 4194 1840 4302 OPUSCULUM
1909 4196 2095 4298 DE
2163 4133 3118 4301 VIRGINITATE.

829 4375 1469 4432 PRIEFATIUNCULA.

381 4478 556 4536 Poesi
588 4478 722 4551 plus
755 4480 913 4548 justo
936 4479 1326 4535 delectabatur
1344 4484 1561 4534 auctor.
1585 4509 1656 4521 —
1671 4479 2004 4552 Subjectum

314 4569 475 4625 valde
503 4568 562 4625 in
611 4576 805 4624 tenera
843 4568 1224 4624 adolescentia
1268 4568 1482 4638 positus
1522 4568 1713 4640 peregi
1755 4583 2003 4639 opuscu-

311 4658 453 4715 lum.
507 4657 652 4713 Nam
687 4671 820 4712 cum
861 4657 968 4712 arti
1009 4657 1279 4722 metricae,
1324 4671 1454 4726 quae
1489 4671 1677 4713 comes
1707 4671 1828 4713 esse
1869 4672 2003 4712 con-

310 4745 497 4803 suevit
544 4745 787 4802 tumoris
834 4759 900 4801 ac
955 4745 1220 4812 lascivia,
1283 4745 1412 4815 plus
1454 4745 1610 4816 justo
1658 4745 2002 4812 insisterem,

311 4835 551 4906 quidam
585 4849 616 4889 e
659 4833 798 4889 meis
835 4833 1367 4902 contubernalibus,
1410 4834 1578 4890 homo
1621 4835 1742 4890 sine
1786 4834 2004 4890 invidia

309 4921 630 4978 litterarum
686 4922 996 4989 studiosus,
1040 4921 1142 4991 qui
1181 4930 1386 4993 rogatu
1440 4937 1553 4979 non
1603 4923 1797 4993 plures
1841 4937 1875 4978 a
1916 4937 2004 4978 me

309 5012 635 5068 carminum
676 5011 894 5067 ntenias
935 5019 1280 5079 extruserat,
1332 5011 1596 5067 Salomon
1635 5011 1884 5077 nomine,
1931 5010 2003 5065 ad

310 5100 418 5156 hoc
445 5099 617 5156 etiam
649 5099 874 5170 impulit
901 5106 964 5154 ut
1007 5113 1182 5170 super
1226 5099 1558 5171 virginitate
1588 5099 1808 5170 aliquid
1833 5098 2004 5154 dicti-

311 5196 510 5244 tarem.
559 5187 720 5254 Quod
763 5186 1078 5257 opificium,
1133 5195 1327 5257 utpote
1372 5187 1685 5253 insolitum,
1741 5193 2002 5242 metucu-

309 5275 464 5332 losus
488 5275 614 5345 [al.,
644 5275 1034 5346 meticulosus]
1066 5277 1406 5347 aggrediens
1438 5275 1757 5331 biformiter
1781 5276 2000 5343 horrui,

309 5364 448 5419 dum
478 5371 533 5418 et
562 5363 785 5420 lusibus
813 5379 1083 5421 versuum
1116 5380 1276 5421 meus
1301 5365 1514 5433 dedita,
1546 5364 1695 5419 seria
1733 5364 2002 5434 prosaicae

309 5451 611 5523 gravitatis
659 5453 850 5508 minus
902 5453 1187 5523 attigerat,
1237 5460 1292 5508 et
1346 5467 1450 5519 res,
1513 5467 1644 5522 quae
1703 5453 2005 5509 tractanda

312 5538 759 5609 proponebatur,
792 5540 1038 5596 difficilis
1063 5541 1233 5597 etiam
1262 5541 1588 5611 grandaevis
1626 5541 2004 5598 intellectihus

2112 4380 2255 4430 erat.
2287 4373 2447 4441 Quod
2475 4375 2762 4445 quomodo
2801 4375 3173 4444 explicuerim
3215 4377 3480 4432 curiosus
3521 4377 3604 4432 sic
3632 4377 3821 4434 lector

2113 4462 2373 4518 advertat
2422 4470 2506 4530 ut,
2538 4478 2670 4533 quae
2711 4463 2854 4519 bene
2887 4465 3184 4530 senserim,
3231 4465 3364 4533 Deo,
3407 4463 3452 4519 si
3484 4478 3604 4535 qua
3640 4479 3820 4521 secus

2113 4564 2291 4620 quam
2321 4551 2512 4619 debui,
2547 4551 2836 4621 pubertati
2867 4552 3093 4608 referat.

2669 4692 2898 4751 CAPUT
2936 4693 3236 4750 PRIMUM.

2184 4836 2369 4901 Quam
2396 4834 2674 4890 excellens
2690 4836 2767 4888 sit
2792 4833 3097 4906 virginitas
3119 4837 3176 4889 et
3194 4833 3406 4890 ardua.
3449 4835 3815 4906 Voluptuosi,

2111 4923 2386 4995 quomodo
2417 4921 2598 4994 possit
2625 4921 2928 4988 contineri,
2971 4939 3179 4994 capere
3207 4928 3522 4994 nequeunt.
3564 4953 3633 4963 —
3659 4923 3817 4990 Quid

2110 5011 2344 5080 mirum,
2377 5011 2423 5068 si
2455 5011 2597 5068 illud
2616 5011 2750 5066 felix
2773 5010 3116 5081 integritatis
3140 5025 3345 5066 nomen
3372 5011 3512 5066 adeo
3532 5011 3820 5082 gloriosas

2111 5099 2170 5156 in
2213 5099 2484 5156 humanis
2533 5099 2790 5156 moribus
2835 5099 3082 5169 possidet
3124 5099 3342 5166 laudes,
3393 5113 3501 5156 cur
3547 5114 3647 5169 per
3702 5101 3817 5158 ho-

2112 5188 2295 5244 mines
2359 5203 2466 5244 suo
2527 5189 2719 5244 adhuc
2772 5187 2962 5244 cinere
3027 5188 3280 5257 amictos,
3353 5195 3409 5244 et
3475 5188 3817 5246 cadaverosi

2112 5277 2291 5348 hujus
2355 5276 2607 5346 corporis
2672 5277 2742 5332 de
2807 5277 2956 5332 fasce
3010 5285 3320 5347 gementes,
3387 5291 3582 5344 suum,
3642 5279 3818 5335 modo

2111 5365 2250 5421 satis
2315 5365 2517 5433 arduo,
2583 5373 2638 5421 et
2706 5380 2846 5435 pene
2911 5365 3061 5421 vires
3125 5365 3419 5422 excedenti
3468 5365 3812 5437 imitatione,

2112 5461 2405 5510 auctorem
2431 5453 2634 5509 sectari
2663 5453 3010 5510 contendat?
3058 5454 3256 5510 Arduo
3294 5453 3550 5525 quidem.
3596 5457 3665 5511 Et
3697 5471 3816 5514 non

2114 5542 2438 5608 minimum,
2476 5556 2608 5598 cum
2635 5556 2750 5607 eos,
2782 5542 2885 5613 qui
2913 5542 3192 5600 diuturno
3222 5543 3468 5598 carnalis
3498 5545 3816 5613 experien-
