3928 6070
130 303 226 355 581
1360 300 1718 357 OPUSCULU
1730 303 1770 356 Μ
1816 301 1909 356 DE
1949 299 2418 355 VIRGINITATE.

3527 304 3631 355 582

127 435 225 490 tiae
261 447 372 489 usu
396 432 517 503 jam
547 431 845 487 extzediari
877 431 1216 501 debuerant,
1251 433 1550 488 videamus
1589 432 1647 488 in
1693 439 1830 488 tan—
1866 438 1913 489 Α
1939 446 2030 486 mo
2060 432 2214 501 quod
2247 431 2304 485 hi
2336 429 2596 499 igniculi,
2629 431 2792 500 quasi
2849 431 3085 501 quidam
3128 433 3416 488 zeternalis
3475 433 3629 489 illius

129 529 256 578 tum
294 521 387 576 tali
421 521 698 590 appetitui
731 533 844 574 non
876 520 1068 576 valere
1103 521 1384 588 resistere,
1417 520 1680 590 quinimo
1711 535 1827 576 non

126 609 296 676 velle,
332 616 395 664 ut
433 608 720 663 mirentur
760 607 933 662 etiam
978 608 1147 678 ipsos,
1193 608 1296 678 qui
1341 623 1400 664 se
1429 608 1722 664 continent
1753 607 1826 662 ab

129 701 241 755 hoc
283 697 530 768 negotio,
586 696 851 751 cohibere
902 709 961 751 se
1020 710 1197 765 posse.
1267 696 1428 762 Quod
1484 697 1827 767 plerumque

129 785 352 841 malum
393 785 586 840 acrius
631 799 699 840 ac
757 785 944 855 magis
995 784 1358 852 indomitum,
1414 784 1557 854 proh
1609 782 1822 854 pudor!

130 874 190 927 in
228 873 314 928 his
351 887 497 943 quos
526 872 729 944 fatigat
771 873 1019 937 senium,
1074 886 1326 942 quorum
1378 881 1553 942 caput
1585 873 1828 942 pessima

127 963 494 1032 lonngitate
524 961 804 1027 incanuit,
838 961 1075 1030 reperiri
1110 961 1268 1016 solet.

204 1053 388 1105 Deum
419 1049 685 1105 imitatur
713 1048 813 1120 qui
853 1047 1256 1120 virginitatem
1286 1051 1500 1104 servat.
1546 1079 1614 1088 —-
1656 1049 1822 1117 Pene,

125 1138 395 1208 inquam,
446 1138 600 1193 vires
642 1135 941 1192 excedenti
980 1137 1163 1191 Deum
1199 1135 1515 1192 imitatione
1554 1144 1824 1203 sectatur,

123 1247 264 1288 cum
295 1239 499 1288 contra
528 1231 812 1287 naturalis
844 1229 1204 1286 irritamento
1225 1229 1449 1297 caloris,
1474 1237 1530 1286 et
1561 1229 1829 1300 ingenitae

123 1320 470 1376 titillationis
504 1318 795 1383 acumina,
829 1332 944 1373 non
976 1317 1033 1372 in
1079 1318 1347 1385 alterum,
1384 1319 1481 1374 sed
1521 1318 1580 1372 in
1619 1327 1828 1374 semet-

126 1410 322 1476 ipsum
371 1412 520 1460 812
567 1406 636 1461 de
666 1405 957 1472 certando,
1001 1403 1158 1474 quod
1202 1405 1494 1460 difficilius
1530 1413 1634 1473 est,
1676 1421 1831 1461 sem-

123 1496 352 1564 piterno
376 1492 677 1548 conamine
712 1491 1057 1562 refragatur.
1096 1494 1156 1545 In
1180 1507 1242 1547 re
1272 1492 1527 1562 qualibet
1557 1494 1826 1549 exteriori

121 1581 444 1637 evincenda
509 1595 656 1649 saepe
731 1579 920 1635 valent
972 1587 1162 1635 astuta
1214 1580 1465 1651 ingenia,
1533 1596 1826 1639 armorum

123 1668 311 1736 vires,
373 1669 681 1734 machinae,
740 1665 1105 1721 obsidionum
1164 1667 1439 1722 molestia.
1501 1667 1828 1738 Operantur

124 1756 349 1810 interea
382 1769 480 1824 per
520 1755 835 1810 verborum
891 1753 1176 1809 fallaciam
1215 1755 1471 1823 plurimi,
1522 1772 1653 1825 quae
1709 1772 1824 1812 non

125 1849 372 1911 possunt
420 1857 521 1911 per
563 1842 788 1910 praelia;
841 1843 937 1896 sed
989 1843 1197 1898 horum
1244 1843 1388 1898 nihil
1439 1845 1496 1899 in
1546 1847 1829 1902 intestinis

128 1930 378 2000 negotiis
433 1930 753 2000 quidquam
780 1929 969 1999 juvat.
1023 1930 1089 1985 Se
1118 1931 1271 1985 enim
1302 1933 1550 2002 quisque
1575 1949 1742 2003 penes
1771 1949 1830 1990 se

128 2015 373 2082 habens,
405 2015 516 2070 imo
546 2029 604 2071 se
659 2015 718 2069 in
747 2030 805 2070 se
836 2015 1042 2080 ferens,
1083 2016 1224 2085 quia
1249 2018 1409 2073 aliud
1451 2033 1628 2088 quam
1673 2021 1828 2090 quod

124 2112 214 2160 est
249 2105 499 2174 quisque
532 2119 648 2159 non
686 2111 789 2171 est,
835 2119 939 2159 nec
969 2104 1026 2158 in
1051 2105 1164 2160 duo
1203 2105 1400 2173 dividi,
1425 2117 1489 2163 ut
1521 2122 1653 2177 pars
1679 2109 1828 2178 parti

123 2192 490 2259 adversetur,
535 2199 733 2262 potest.
781 2192 1042 2262 Seipsum
1083 2194 1427 2264 plerumque
1465 2210 1738 2266 superare
1770 2198 1826 2254 in

123 2289 359 2336 tantum
407 2295 546 2350 pene
597 2296 712 2336 non
766 2289 944 2350 potest
989 2290 1052 2337 ut
1097 2296 1204 2338 sua
1250 2297 1284 2337 a
1339 2284 1520 2352 seipso
1558 2286 1826 2342 dissecari

121 2371 389 2425 membra
420 2385 582 2439 posse
613 2370 799 2426 levius
828 2371 1070 2426 aestimet
1096 2385 1273 2441 quam
1305 2373 1454 2428 nolle
1485 2374 1538 2428 id
1585 2376 1737 2444 quod
1769 2390 1827 2431 se

123 2459 275 2513 velle
307 2466 363 2513 et
392 2467 660 2527 appetere
690 2459 814 2528 ipsa
849 2459 1207 2528 potissimum
1238 2469 1449 2516 natura
1474 2463 1751 2518 docuerit.

199 2547 344 2602 Cum
381 2545 558 2614 igitur
587 2546 916 2603 voluntarie
956 2548 1256 2618 quidpiam
1291 2564 1451 2605 mens
1490 2551 1706 2607 ambiat
1736 2552 1826 2620 (de

130 2633 226 2689 his
255 2635 670 2704 cupiditatibus
718 2635 944 2705 loquor,
997 2651 1128 2706 qum
1159 2652 1263 2692 nos
1310 2639 1667 2708 originaliter
1695 2641 1826 2695 affi—

127 2724 318 2792 ciunt)
387 2733 441 2779 et
499 2724 753 2779 universi
801 2725 950 2780 illico
1006 2727 1260 2794 corporis
1315 2740 1477 2782 amor
1544 2729 1826 2784 voluntati

128 2812 343 2866 mentis
400 2825 588 2867 comes
636 2813 881 2880 assistat,
942 2827 1075 2868 cum
1153 2813 1398 2884 ﬂagrent
1463 2831 1642 2883 venae,
1693 2831 1824 2872 cum

128 2900 321 2955 cordis
350 2900 528 2954 robur
562 2900 891 2971 elangueat,
949 2916 1084 2957 cum
1132 2902 1282 2973 ignis
1323 2903 1561 2960 intimus
1606 2907 1827 2962 viscera

1937 519 2072 575 solis
2103 519 2326 587 radioli,
2389 533 2488 574 nos
2528 519 2599 573 ad
2645 520 2913 574 eumdem
2958 534 2991 574 a
3049 535 3163 590 quo
3215 521 3622 589 infunduntur,

1930 607 2216 677 arrigunt.
2251 607 2356 663 Sed
2401 614 2658 677 patenter
2700 608 2776 662 rei
2827 609 3004 678 hujus
3034 610 3299 663 enuntiat
3354 610 3620 665 conside-

1936 697 2098 763 ratio,
2131 704 2184 752 et
2215 704 2410 751 nostra
2436 696 2508 752 ab
2540 697 2662 766 ipso
2700 698 3000 765 procedere
3038 697 3242 752 debere
3275 698 3426 752 credi
3455 698 3625 766 bona,

1935 793 1991 840 et
2023 785 2181 840 nullo
2208 785 2374 840 modo
2407 786 2560 840 credi
2591 785 2796 840 debere
2848 784 3085 850 bonum,
3133 785 3287 854 quod
3320 786 3393 840 ad
3427 786 3541 840 ima
3569 794 3624 841 et

1937 881 2164 928 terrena
2194 880 2432 941 ῐιοὸῐΐοό,
2471 874 2740 942 quamvis
2773 873 3022 943 imagine
3051 872 3297 942 pietatis,
3330 873 3629 943 imprimat

1933 961 2235 1031 cogitatus.
2297 961 2350 1015 Si
2394 976 2646 1031 namque
2687 961 2996 1016 materialis
3053 961 3174 1015 haec
3219 960 3454 1016 flamma
3507 976 3627 1018 suae

1934 1051 2014 1105 sic
2044 1058 2266 1104 natura:
2296 1064 2519 1119 semper
2555 1049 2764 1104 indicat
2803 1049 3158 1119 qualitatem,
3193 1056 3258 1104 ut
3293 1048 3627 1105 indesinen-

1938 1147 2022 1193 ter
2049 1137 2121 1192 ad
2144 1152 2393 1207 superna
2419 1138 2743 1203 contendat,
2776 1145 2992 1206 quanto
3024 1137 3152 1206 plus
3177 1137 3628 1207 incorruptibilis

1938 1226 2093 1281 illius
2140 1225 2290 1296 ignis
2337 1229 2641 1296 portiones,
2689 1226 2901 1281 scilicet
2957 1241 2991 1280 a
3044 1227 3157 1281 Deo
3216 1227 3379 1282 nobis
3440 1227 3625 1282 insitae

1938 1315 2198 1380 virtutes,
2251 1314 2440 1384 ipsum
2492 1313 2705 1368 imitari
2755 1314 2826 1368 ad
2889 1314 3194 1384 ipsumque
3248 1315 3476 1370 evolare
3527 1315 3625 1370 de-

1939 1404 2108 1459 bent?
2150 1404 2248 1458 Hae
2278 1411 2414 1458 sunt
2462 1402 2561 1457 illa
2591 1402 2688 1456 Dei
2735 1402 3065 1468 similitudo,
3119 1403 3190 1457 ad
3235 1417 3410 1472 quam
3457 1404 3624 1459 homo

1937 1492 1996 1547 in
2039 1491 2239 1547 Genesi
2279 1491 2491 1560 legitur
2528 1491 2712 1546 factus
2758 1489 2920 1560 (Gen.
2956 1506 2992 1557 ι,
3038 1490 3149 1559 26),
3186 1492 3293 1545 hoc
3330 1491 3623 1561 signatum

1937 1594 2110 1649 super
2144 1594 2246 1634 nos
2271 1579 2467 1635 lumen
2500 1579 2697 1634 vultus
2724 1577 2902 1647 ipsius
2935 1578 3125 1648 (Psal.
3160 1593 3254 1646 vn,
3289 1579 3359 1646 4),
3394 1586 3624 1648 propter

1936 1669 2064 1735 hoc,
2089 1669 2261 1738 juxta
2291 1668 2432 1723 illud
2462 1667 2744 1737 poeticum
2779 1683 2791 1722 :

1936 1758 2010 1810 Os
2035 1755 2255 1810 homini
2279 1754 2520 1810 sublime
2551 1754 2727 1819 dedit,
2756 1754 3073 1824 caelumque
3098 1753 3290 1808 videre
3319 1754 3421 1824 [aL
3453 1755 3622 1825 tueri]

1935 1844 2135 1912 Jussit,
2163 1849 2218 1898 et
2248 1847 2463 1898 erectos
2483 1843 2559 1897 ad
2587 1843 2782 1900 sidera
2809 1843 3010 1897 tollere
3037 1843 3245 1896 vultus.

3001 1931 3182 2000 (Ovm.
3214 1933 3550 2001 Metamor.)

1938 2021 2008 2076 Ut
2041 2020 2210 2090 cujus
2251 2019 2502 2090 regionis
2537 2027 2682 2074 esset
2717 2019 2908 2075 accola
2949 2019 3201 2086 futurus,
3244 2019 3383 2075 illuc
3425 2021 3624 2076 crebro

1937 2107 2078 2163 lanae
2110 2107 2226 2177 spei
2254 2107 2487 2162 inferret
2508 2107 2774 2161 intuitus.

2005 2195 2214 2251 Omnes
2242 2195 2440 2265 itaque
2470 2193 2730 2260 virtutes,
2755 2208 2907 2260 cum,
2933 2200 2997 2247 ut
3037 2193 3222 2248 dicere
3242 2207 3618 2263 coeperamus,

1935 2283 2119 2337 simile
2171 2283 2314 2352 quid
2367 2297 2471 2338 suo
2523 2283 2864 2351 portendant
2921 2283 3122 2348 datori,
3194 2283 3334 2350 haec,
3383 2283 3452 2337 de
3498 2297 3616 2352 qua

1937 2371 2253 2441 loquimur,
2309 2372 2604 2440 integritas
2635 2379 2881 2426 mentem
2923 2370 3013 2426 sui
3066 2371 3312 2426 hominis
3363 2385 3620 2438 servans,

1932 2468 1988 2515 et
2010 2475 2221 2529 corpus
2245 2460 2464 2530 integre
2496 2458 2779 2527 purificat,
2805 2459 3148 2529 geminoque
3173 2459 3422 2528 quodam
3438 2459 3623 2515 officio

1933 2549 2366 2604 similitudinem
2414 2549 2502 2603 sui
2547 2547 2868 2602 Conditoris
2899 2546 3140 2603 affectat.
3170 2547 3236 2602 Et
3283 2548 3404 2602 haec
3433 2562 3622 2618 quan-

1935 2643 2057 2691 tum
2091 2651 2219 2692 reor
2250 2636 2470 2692 czeteris
2495 2634 2816 2705 specialius.
2865 2635 3128 2690 Aliarum
3168 2648 3304 2690 sane
3337 2634 3624 2704 pleraeque

1936 2725 2013 2779 ita
2043 2724 2149 2780 soli
2178 2725 2355 2779 menti
2406 2725 2689 2793 pertinent
2731 2731 2794 2778 ut
2821 2723 2868 2778 si
2918 2722 3168 2792 plenarie
3210 2723 3533 2778 habeantur
3563 2724 3622 2778 in

1935 2812 2149 2878 animo,
2195 2812 2465 2882 quamvis
2516 2813 2744 2868 diversa
2787 2819 2842 2866 et
2882 2811 3107 2880 penitus
3151 2825 3301 2880 smpe
3331 2812 3621 2867 contraria

1932 2899 2195 2955 exhiberi
2243 2900 2548 2956 videantur
2621 2899 2896 2966 exterius,
2965 2912 3126 2953 mens
3193 2906 3383 2954 tamen
3441 2899 3621 2954 solida

129 2988 283 3042 lassa
315 2988 578 3052 resolvat,
622 3003 752 3043 cum
802 3003 932 3045 caro
963 2998 1015 3045 et
1043 2991 1272 3058 animus
1318 2993 1374 3046 in
1412 3009 1594 3048 unum
1650 2996 1824 3050 mise-
1862 3001 1902 3056 c
1934 2987 2152 3058 absque
2187 2989 2360 3043 ullius
2390 2988 2773 3051 destitutionis
2800 2987 3010 3042 damno
3036 3001 3226 3042 arcem
3257 3002 3376 3042 sum
3405 2987 3622 3043 obtinet

127 3075 390 3131 rabiliter
421 3084 613 3143 ruant,
645 3091 862 3146 quaeso,
895 3078 953 3133 in
988 3093 1103 3133 uno
1153 3079 1250 3134 illo
1290 3087 1429 3136 tunc
1481 3082 1709 3138 homine
1750 3091 1828 3140 tot

127 3165 342 3220 ictibus
393 3165 620 3231 obruto,
675 3180 807 3235 qua;
855 3181 986 3235 pars
1025 3168 1343 3224 remedium
1403 3169 1638 3225 aliunde
1671 3171 1826 3227 dela-

124 3262 264 3309 tura
294 3253 584 3320 remansit,
623 3254 776 3308 unde
807 3253 878 3308 ad
912 3255 1343 3323 reprimendum
1376 3259 1580 3312 mentis
1621 3273 1823 3328 rogum

125 3340 218 3395 vel
284 3341 581 3395 minimam
656 3341 864 3396 stillam
922 3341 1124 3408 eliciet,
1195 3350 1346 3398 totus
1397 3352 1481 3399 est
1554 3345 1824 3400 ﬂamma?

123 3428 342 3483 mirum
376 3442 576 3498 nempe
601 3444 786 3484 unum
813 3430 1034 3500 aliquid
1056 3439 1256 3486 contra
1282 3445 1341 3486 se
1370 3432 1429 3487 in
1464 3433 1674 3489 bellum
1708 3449 1825 3491 suae

123 3517 375 3585 propriae
425 3517 740 3572 voluntatis
791 3532 952 3587 posse
1000 3533 1368 3590 consurgere,
1426 3529 1489 3577 ut
1548 3523 1604 3577 in
1655 3524 1826 3594 cujus

125 3604 411 3660 desiderio
447 3605 733 3675 praecipue
756 3606 1042 3672 defecerit,
1076 3607 1130 3662 id
1155 3623 1225 3662 ne
1252 3617 1385 3679 agat
1418 3610 1524 3665 sibi
1561 3611 1820 3680 imperet.

201 3695 302 3748 His
332 3694 636 3750 exercitari
667 3697 832 3751 docta
862 3695 1226 3752 conﬂictibus
1266 3697 1361 3752 illa
1393 3699 1526 3754 viva
1556 3701 1824 3770 antiquo-

127 3796 261 3838 rum
307 3784 610 3853 sagacitas,
639 3784 778 3840 dum
825 3785 974 3840 inter
1017 3800 1076 3840 se
1111 3793 1166 3840 et
1196 3786 1404 3841 bestias
1433 3788 1574 3856 quid
1621 3789 1825 3846 debeat

131 3870 384 3926 rimatur
427 3871 638 3926 distare
667 3887 782 3927 non
814 3887 998 3928 unum
1047 3887 1081 3928 a
1138 3874 1251 3928 Deo
1296 3874 1353 3928 in
1405 3875 1572 3930 nobis
1617 3891 1827 3946 corpus

130 3974 253 4015 esse
286 3959 492 4015 debere
530 3968 584 4016 et
627 3961 916 4031 spiritum,
954 3970 1018 4017 ut
1065 3962 1146 4016 nil
1178 3959 1392 4018 efficiat
1435 3964 1672 4033 spiritus
1716 3965 1824 4020 nisi

132 4047 292 4117 quod
324 4048 580 4116 corporis
612 4050 741 4104 usui
777 4049 971 4118 prosit,
1007 4050 1162 4119 quod
1193 4050 1329 4105 satis
1378 4050 1432 4104 in
1488 4051 1824 4109 animalium

131 4138 254 4191 vita
299 4144 627 4206 promptum
678 4152 799 4193 esse
827 4138 1204 4208 dignoscitur,
1255 4140 1692 4208 prudentissime
1730 4155 1826 4197 re-

132 4225 300 4294 perit,
333 4234 388 4280 et
435 4233 498 4280 ut
555 4240 669 4280 non
729 4226 1074 4282 alterutrum
1123 4227 1368 4282 alterum
1419 4229 1672 4284 vicissim
1723 4237 1824 4285 aut

1936 3077 2224 3142 bonitatis,
2283 3077 2442 3132 verbi
2507 3076 2713 3146 gratia,
2787 3075 2932 3130 inter
2992 3075 3351 3143 operandum
3410 3074 3623 3144 aliquis

1931 3173 2074 3230 orat,
2104 3172 2158 3220 et
2183 3179 2280 3220 ore
2309 3179 2650 3234 compresso,
2686 3163 2932 3218 immotis
2973 3163 3139 3218 labiis
3186 3163 3326 3217 dum
3367 3162 3620 3218 universi

1932 3253 1991 3306 in
2042 3253 2248 3322 quovis
2293 3253 2571 3308 exercitio
2621 3251 2874 3321 corporis
2914 3251 3169 3320 implicat
3213 3257 3395 3317 artus,
3440 3251 3622 3306 Deum

1930 3341 2050 3396 sola
2108 3341 2472 3396 meditatione
2525 3349 2811 3410 precatur.
2863 3339 3015 3394 Alter
3063 3339 3246 3394 tilium
3296 3352 3395 3407 pro
3443 3338 3624 3408 ipsius

1933 3429 2185 3500 ﬂagellat
2255 3429 2538 3496 facinore;
2603 3429 2876 3498 praelatus
2950 3427 3194 3497 quilibet
3243 3426 3301 3481 in
3362 3426 3621 3482 subditos

1930 3518 2226 3584 acerrime,
2277 3524 2348 3583 et,
2402 3524 2465 3571 ut
2510 3524 2765 3585 putatur,
2831 3515 2960 3584 plus
2993 3529 3160 3584 aequo
3213 3515 3514 3581 infrendet,
3571 3520 3627 3570 et

1931 3612 2123 3662 tamen
2181 3604 2538 3660 discretionis
2595 3611 2794 3658 neuter
2860 3603 3334 3673 praetergreditur
3387 3601 3617 3671 libram,

1931 3696 2032 3766 qui
2055 3695 2264 3750 scelera
2295 3693 2480 3760 ferire,
2523 3707 2638 3746 non
2669 3692 2900 3761 explere
2942 3694 3163 3747 noverit
3190 3693 3354 3746 iram.

2005 3783 2094 3836 Ad
2129 3783 2475 3837 servandam
2520 3779 2862 3852 pudicitiam
2903 3780 3170 3835 continuo
3207 3777 3628 3848 invigilandum

1931 3874 2034 3926 est.
2065 3902 2133 3910 —
2180 3871 2312 3927 Haec
2361 3885 2498 3926 sane
2524 3885 2655 3926 cum
2713 3869 2866 3925 cordi
2928 3869 3264 3924 mundando
3295 3867 3630 3923 cautissima

1933 3959 2254 4030 provisione
2300 3959 2613 4025 incumbat,
2653 3958 2910 4014 membra
2942 3958 3115 4013 totius
3158 3956 3426 4026 corporis,
3472 3970 3539 4011 ac
3581 3956 3628 4011 si

1938 4063 2217 4118 quosque,
2243 4048 2344 4118 qui
2377 4062 2496 4103 suae
2521 4047 2755 4116 praesint
2785 4045 2982 4101 domui
3011 4045 3069 4100 of
3077 4045 3306 4112 ficiales,
3339 4045 3625 4111 observat,

1933 4151 2005 4191 ne
2033 4151 2235 4192 eorum
2278 4136 2506 4203 inertia,
2555 4150 2657 4191 seu
2689 4134 2928 4191 libidine
2983 4133 3238 4190 interiori
3291 4133 3629 4190 substantiae

1933 4225 2238 4280 diminutio
2300 4223 2416 4280 ﬁat.
2487 4225 2554 4279 Et
2628 4223 2757 4279 licet
2800 4224 3008 4292 smpius
3066 4222 3296 4277 animus
3351 4221 3630 4292 quiddam

132 4313 446 4383 subigeret,
505 4321 606 4369 aut
654 4314 964 4383 praeferret,
1013 4315 1110 4370 sed
1162 4315 1414 4385 regimen
1456 4317 1630 4372 totius
1683 4331 1826 4373 mor-
1863 4298 1906 4352 Ῑ)
1938 4314 2273 4383 polliceatur
2305 4312 2589 4382 quietum,
2627 4326 2696 4366 ne
2735 4326 2794 4366 se
2825 4311 2970 4366 velle
3015 4311 3122 4366 nisi
3157 4311 3490 4380 pudicitiam
3526 4324 3627 4379 pa-

133 4408 302 4456 tuum
333 4403 586 4470 corporis
618 4403 844 4471 spiritui
877 4411 1092 4459 mterna
1122 4403 1404 4459 soliditate
1452 4413 1727 4474 maneret,
1772 4412 1828 4461 et

129 4504 188 4545 se
210 4490 380 4544 homo
410 4490 717 4546 adversum
746 4507 803 4546 se
832 4491 1081 4547 divisum
1134 4500 1406 4561 perpetua
1437 4493 1645 4549 horum
1676 4494 1822 4550 duo-

130 4593 266 4633 rum
299 4579 608 4635 hostilitate
634 4588 844 4646 noscet,
866 4581 1007 4635 dum
1031 4579 1248 4635 viveret
1269 4595 1372 4635 nos
1397 4580 1688 4635 instruxit.
1720 4579 1826 4635 Sed

133 4667 246 4721 Deo
277 4665 598 4735 opitulante
628 4667 697 4722 de
729 4667 819 4723 his
850 4667 993 4722 alias
1018 4667 1303 4723 morosius
1336 4675 1582 4723 tractaze
1616 4667 1823 4723 licebit.

128 4757 216 4810 Ad
265 4756 470 4824 prioris
510 4771 687 4826 quam
734 4757 1168 4827 praelibavimus
1197 4757 1492 4814 sententiae
1526 4757 1826 4813 redeamus

131 4842 384 4898 exordia.

805 4931 1036 4989 CAPUT
1078 4933 1150 4988 Ιῐ.

213 5018 472 5074 Virtutes
487 5018 679 5074 simile
701 5019 840 5091 quid
869 5037 994 5076 cum
1017 5023 1151 5075 Deo.
1178 5053 1245 5060 —
1271 5022 1419 5076 Cum
1441 5037 1604 5076 omne
1626 5021 1828 5075 datum

132 5104 438 5175 optimum,
469 5107 522 5160 et
545 5121 710 5160 omne
733 5107 944 5160 donum
975 5107 1296 5177 perfectum
1325 5124 1363 5162 a
1386 5107 1564 5162 Patre
1600 5107 1828 5162 descen-

130 5191 232 5246 dat
271 5192 554 5247 luminum
605 5196 749 5264 (Jac.
787 5210 825 5262 ι,
889 5196 995 5264 17),
1048 5197 1348 5264 prudentis
1387 5197 1565 5251 animi
1614 5196 1827 5265 cuique

135 5280 550 5337 attendendum
586 5289 688 5350 est,
741 5284 1026 5352 quomodo
1057 5299 1304 5354 quaeque
1334 5299 1481 5355 quas
1508 5299 1581 5341 ex
1623 5299 1689 5340 eo
1725 5299 1824 5340 ex-

135 5369 385 5437 cipimus
432 5369 584 5425 fonte
617 5370 879 5436 virtutes,
929 5371 1206 5440 quiddam
1237 5386 1341 5426 suo
1392 5386 1615 5441 semper
1645 5371 1826 5427 simile

136 5457 386 5512 habeant
417 5458 726 5527 praebitori.
762 5458 816 5514 Si
844 5460 999 5514 Deus
1023 5463 1233 5525 noster,
1259 5467 1322 5516 ut
1351 5460 1642 5527 scribitur,
1676 5459 1826 5531 ignis

133 5560 475 5599 consumens
494 5549 579 5600 est
606 5547 806 5612 (Hebr.
837 5563 934 5614 xu,
955 5550 1062 5616 29),
1097 5563 1214 5604 non
1245 5548 1656 5604 inconcinnum
1678 5548 1826 5604 testi-

1933 4417 2174 4472 cemque
2201 4409 2455 4468 testetur,
2504 4400 2667 4455 nulla
2703 4407 2891 4456 tamen
2923 4401 3229 4456 securitate
3269 4413 3376 4455 sua
3410 4399 3628 4468 patitur

1936 4491 2194 4546 membra
2241 4490 2446 4545 laxari.
2490 4490 2614 4543 Jam
2663 4487 2818 4543 illam
2851 4488 2971 4544 coeli
3006 4488 3220 4544 civium
3266 4487 3628 4543 serenitatem

1935 4580 2103 4634 etiam
2133 4579 2282 4635 inter
2321 4577 2512 4633 carnis
2543 4577 2744 4632 crebra
2773 4577 3022 4632 convitia
3075 4576 3242 4646 quasi
3273 4575 3627 4630 dissimulato

1935 4667 2291 4737 cogitatuum
2324 4665 2567 4734 strepitu
2602 4664 2811 4720 imitari
2847 4663 3091 4732 affectat,
3125 4663 3237 4718 imo
3270 4663 3432 4718 illum
3469 4677 3627 4718 sum-

1936 4769 2097 4810 mum
2126 4761 2354 4809 aeternae
2387 4752 2746 4823 quietudinis
2783 4751 2994 4818 sinum,
3050 4751 3146 4806 cui
3177 4750 3336 4806 nulla
3362 4750 3627 4806 admistio

1936 4842 2280 4898 incommodi
2304 4841 2536 4909 accedit,
2573 4840 2668 4897 cui
2702 4840 2948 4910 proprie,
2983 4847 3038 4894 et
3070 4853 3186 4894 non
3214 4838 3495 4905 collative,
3530 4839 3625 4894 sed

1935 4929 2277 4986 naturaliter
2324 4929 2641 4985 essentialis
2691 4930 2833 4984 inest
2887 4927 3204 4997 integritas,
3264 4927 3358 4983 cui
3395 4941 3495 4996 per
3545 4941 3624 4993 se,

1935 5026 1990 5074 et
2010 5033 2082 5074 ex
2112 5032 2189 5086 se,
2222 5025 2276 5074 et
2297 5017 2356 5073 in
2383 5032 2442 5073 se
2471 5017 2737 5074 existenti
2775 5016 2919 5071 nihil
2966 5029 3166 5071 eorum
3198 5030 3328 5085 quae
3368 5028 3471 5084 per
3513 5014 3627 5070 ali-

1936 5106 2097 5178 quid,
2129 5113 2230 5162 aut
2262 5121 2334 5162 ex
2396 5105 2593 5176 aliquo
2651 5105 2798 5160 facta
2845 5111 2981 5160 sunt
3029 5102 3348 5159 necessario
3396 5102 3620 5169 accidit,

1935 5210 2039 5251 nec
2068 5194 2392 5250 Creatorem
2423 5194 2773 5250 adminiculo
2807 5191 3158 5249 suffulcitur.
3217 5194 3400 5248 Extra
3452 5205 3624 5263 quem

1936 5283 2077 5339 nihil
2104 5284 2340 5338 omnino
2372 5282 2666 5338 conditum
2699 5283 3045 5338 continetur.

2005 5370 2152 5427 Vere
2180 5369 2417 5425 feliciter
2450 5369 2678 5435 aemula,
2712 5368 2792 5422 nil
2845 5369 2900 5422 in
2932 5383 2989 5423 se
3028 5374 3370 5423 extraneum
3417 5367 3624 5423 admit-

1939 5466 2079 5525 tens,
2133 5458 2419 5528 quidquid
2452 5457 2768 5527 corrumpit
2807 5457 3034 5527 fugiens
3073 5457 3312 5526 spiritus
3352 5463 3405 5511 et
3434 5457 3626 5512 carnis

1936 5546 2391 5616 impassibilitate
2433 5545 2816 5615 prosequitur.
2867 5544 3053 5601 Felix!
3117 5553 3172 5600 et
3237 5543 3441 5599 millies
3488 5543 3624 5599 felix
