3914 6094
307 272 409 326 583

1206 268 1266 320 V.
1308 265 1636 323 GUIBERTI
1678 266 1969 322 ABBATIS
2006 266 2062 322 S.
2106 265 2346 321 MARIE
2382 263 2476 321 DE
2516 264 2900 322 NOVIGENTO

3703 266 3812 320 584

306 399 551 456 audacia
624 413 774 468 quin,
848 396 1018 452 etiam
1083 396 1396 452 cmlestium
1455 396 1763 467 spirituum
1811 397 2006 468 gloriae
2044 398 2091 450 A
2117 397 2255 466 quia
2285 398 2448 468 virgo
2475 396 2601 465 fuit,
2646 397 2793 453 inter
2830 402 3035 452 czetera
3070 399 3333 466 potentize
3361 410 3483 452 sum
3523 395 3815 451 miracula

306 487 548 544 similari
578 501 695 541 non
735 492 1019 551 contenta,
1059 485 1233 554 ipsius
1263 485 1373 552 sui,
1411 485 1564 555 quod
1598 485 1755 541 dictu
1785 486 1996 542 mirum

307 576 396 642 sit,
433 573 837 644 tranquillitati
866 578 1014 626 ala
1065 573 1241 628 beatae
1273 572 1519 628 nimium
1572 573 1789 629 invidet
1822 572 1998 628 Crea-

308 663 464 730 toris,
490 676 606 718 non
634 675 733 730 spe
759 660 993 730 quidem
1023 660 1304 727 eamdem,
1334 674 1451 731 qua
1493 661 1645 715 Deus
1689 668 1792 727 est,
1829 667 2001 715 natu-

306 764 428 805 ram
466 748 837 818 adipiscendi,
870 748 965 803 sed
996 762 1063 804 ea
1093 762 1211 819 qua
1256 748 1437 804 sancti
1471 763 1543 803 ex
1589 748 1686 804 Dei
1725 748 1998 804 tiliatione

303 836 648 893 deificantur
703 835 904 906 requie
948 843 1002 891 et
1058 850 1194 905 pace
1257 835 1507 892 fruendi.
1560 836 1693 893 Haec
1749 846 1832 893 est
1901 836 2000 891 illa

303 923 577 980 fortitudo
620 923 789 991 asini,
860 938 978 979 non
1020 924 1093 979 ob
1144 923 1723 991 irrationabilitatem,
1774 924 1872 979 sed
1926 921 1999 977 ob

304 1011 807 1068 mansuetudinem
868 1011 1343 1083 tolerantiamque
1392 1012 1450 1068 in
1517 1012 1780 1068 Issachar
1836 1011 2001 1068 bene-

303 1100 550 1157 dictione
578 1099 743 1170 positi
774 1099 939 1167 (Gen.
999 1114 1159 1167 xmx,
1200 1100 1304 1169 14),
1348 1101 1448 1171 qui
1501 1100 1699 1156 vident
1740 1099 1997 1170 requiem

304 1204 339 1246 a
375 1189 698 1245 carnalium
744 1188 890 1244 bello
920 1188 1314 1254 tumultuum,
1348 1189 1505 1259 quod
1552 1196 1697 1244 esset
1729 1188 1899 1257 bona,
1944 1195 2000 1243 et

303 1283 519 1333 terram
559 1276 816 1346 corporis
857 1276 1072 1332 scilicet
1118 1276 1177 1330 in
1224 1291 1341 1346 quo
1369 1291 1528 1332 nunc
1577 1276 1999 1347 peregrinando

303 1366 628 1436 hospitatur
659 1378 968 1430 carcerem,
1012 1378 1143 1434 quae
1210 1364 1449 1419 mitibus
1497 1365 1557 1419 in
1586 1364 2001 1435 possessionem

304 1454 557 1521 dabitur,
608 1453 747 1524 quia
786 1454 1019 1523 optima,
1072 1454 1377 1509 humerum
1405 1453 1709 1522 supposuit
1738 1452 1811 1508 ad
1870 1466 1997 1522 por-

305 1541 545 1598 tandum
594 1541 821 1611 pondus
874 1541 987 1596 diei
1017 1548 1072 1596 et
1120 1549 1313 1608 zestus,
1366 1548 1420 1596 et
1450 1541 1684 1597 habitus
1729 1548 1814 1596 est
1850 1555 1992 1596 eon-

305 1628 569 1699 temptui,
594 1628 761 1698 quasi
783 1630 1048 1698 quaedam
1075 1629 1266 1698 gravis
1291 1628 1545 1684 molestia
1572 1629 1771 1698 mundi
1799 1629 1996 1684 luxus.

307 1718 441 1774 Hzec
471 1725 607 1773 sunt
662 1724 875 1773 sanctae
929 1715 1107 1786 hujus
1150 1717 1336 1785 prima
1384 1715 1842 1787 excogitamenta
1883 1716 1996 1771 vir-

307 1806 465 1872 tutis,
528 1812 594 1860 ut
647 1806 794 1861 sicut
844 1819 987 1859 suus
1030 1812 1231 1860 auctor
1277 1802 1592 1860 essentialis
1636 1804 1890 1874 potentia
1927 1805 1998 1860 ab

306 1893 463 1949 omni
516 1900 698 1959 motu,
759 1900 813 1948 et
876 1891 1173 1962 superﬂua
1242 1892 1584 1962 cogitatione
1638 1893 2001 1963 dignoscitur

305 1995 528 2050 exsors,
565 1982 643 2036 ita
674 1995 966 2050 quemque
992 1980 1081 2035 sui
1114 1979 1435 2035 studiosum
1478 1979 1775 2050 integritas
1807 1994 2002 2049 quan—

307 2075 431 2125 tum
461 2069 519 2123 in
549 2067 873 2136 corruptela
897 2066 1115 2135 positus
1134 2067 1300 2121 homo
1325 2066 1445 2121 fieri
1469 2067 1708 2135 patitur,
1738 2066 1811 2121 ab
1843 2067 2002 2123 inor-

308 2157 504 2213 dinato
535 2155 792 2227 quolibet
815 2156 1031 2224 impetu
1066 2154 1270 2209 reddat
1293 2154 1638 2224 immunem;
1674 2155 1731 2210 in
1772 2162 1997 2212 tantum

306 2260 444 2317 ergo
476 2244 718 2300 similem
751 2243 1017 2299 dixerim.
1044 2300 1049 2307 ,

964 2331 1197 2387 CAPUT
1238 2330 1340 2387 III.

382 2422 467 2475 De
506 2419 640 2476 Filii
685 2419 790 2474 Dei
819 2419 1128 2491 temporali
1154 2416 1542 2490 generatione.
1573 2447 1646 2460 —
1683 2418 1917 2475 Accedit
1948 2426 2002 2475 et

307 2509 448 2566 huic
480 2516 597 2565 tam
628 2509 933 2580 praecipuae
964 2507 1299 2563 adventioni
1333 2506 1513 2563 altera
1532 2521 1647 2562 non
1680 2522 2005 2578 usquequa-

308 2610 423 2668 que
454 2595 832 2666 improbanda
862 2595 1029 2663 ratio,
1074 2594 1229 2664 quod
1272 2594 1533 2649 videlicet
1575 2594 2003 2665 indisputabilis

307 2700 381 2741 ex
441 2684 626 2740 Patris
680 2683 997 2739 aeternitate
1036 2681 1307 2738 coaeterni
1356 2682 1480 2737 Filii
1533 2690 1715 2750 ortus,
1770 2698 1886 2738 non
1933 2683 2003 2740 de

309 2771 563 2828 exterius
605 2771 884 2834 adhibita,
933 2785 1063 2841 quae
1116 2770 1197 2825 illi
1247 2770 1533 2826 nativitati
1577 2779 1999 2841 cooperaretur,

308 2858 650 2926 substantia,
711 2872 783 2913 ne
838 2840 1163 2913 nostrarum
1219 2855 1644 2928 geniturarum,
1688 2840 2003 2928 iconjuga4

308 2945 526 3003 liumve
557 2944 1042 3001 necessitudinum
1073 2930 1280 3013 officio,
1310 2944 1757 3015 corruptivoque
1787 2946 2004 3002 semine
2040 2986 2079 3041 ϐ

309 3041 529 3091 constat
557 3033 896 3100 celebratus,
931 3032 1028 3088 sed
1066 3046 1139 3089 ex
1170 3031 1263 3087 illo
1315 3032 1674 3088 inscrutabili
1719 3034 1997 3102 sacrario,

308 3122 697 3193 thesauroque
736 3121 937 3187 Patris,
980 3134 1095 3175 non
1145 3118 1301 3175 aliud
1353 3119 1490 3190 quid
1523 3119 1770 3177 alterum
1822 3136 2001 3192 quam

309 3211 465 3282 quod
500 3211 636 3281 ipse,
684 3217 784 3266 aut
828 3208 1095 3279 efligiale,
1150 3209 1249 3264 sed
1303 3222 1430 3275 sua,
1483 3208 1705 3279 absque
1739 3224 1856 3280 qua
1897 3224 2003 3266 nec

310 3305 524 3369 puncto
593 3297 825 3368 quidem
893 3297 1017 3360 fuit,
1069 3296 1352 3365 sapientia
1408 3296 1711 3367 virtusque
1768 3297 1998 3367 prodiit,

310 3386 651 3456 competenti
683 3386 789 3440 sibi
845 3386 1155 3455 generandi
1198 3386 1383 3452 modo,
1445 3392 1506 3439 ut
1556 3385 1672 3454 ipse
1715 3385 2002 3440 munditia

309 3473 965 3532 munditicansomnium
988 3486 1120 3543 quae
1151 3472 1491 3527 munditieat
1520 3472 1734 3543 glorias
1756 3472 2003 3528 excede-

311 3571 417 3631 ret,
470 3570 525 3619 et
576 3577 649 3619 ex
698 3577 777 3630 se,
826 3562 958 3633 igne
1009 3561 1223 3616 scilicet
1250 3558 1600 3629 vivificante,
1651 3560 1752 3631 qui
1794 3570 2000 3617 cuncta

309 3648 497 3709 foveat
552 3649 729 3708 Filius
769 3659 1047 3720 tanquam
1091 3649 1359 3719 splendor
1400 3650 1600 3705 exiret.
1658 3649 1893 3705 Talibus
1930 3651 2002 3705 ad

310 3738 692 3795 roborandam
743 3737 1157 3794 continentiam
1210 3736 1534 3793 Christiana
1600 3737 1881 3794 vivacitas
1927 3738 2007 3794 in-

310 3828 556 3885 struitur
584 3828 966 3899 argumentis,
1000 3832 1054 3882 et
1103 3825 1160 3880 in
1189 3825 1534 3896 temporaria
1580 3825 1874 3895 voluptate
1902 3839 2005 3892 ge-

308 3916 489 3972 renda
545 3915 750 3971 cedens
808 3914 954 3980 aliis,
1017 3928 1187 3969 omne
1241 3914 1395 3985 quod
1446 3914 1554 3970 sibi
1617 3914 1686 3969 de
1742 3911 2006 3969 saeculari

311 4019 507 4062 amore
576 4004 796 4074 irrepit,
852 4002 1189 4069 subnervat,
1247 4010 1302 4058 et
1373 4011 1649 4073 perpetua
1712 4003 2006 4058 sterilitate

312 4092 530 4149 mundo
574 4091 934 4147 infructuosa
965 4104 1219 4146 marcere
1249 4089 1578 4159 disponens,
1631 4089 2007 4160 spiritualiter

311 4180 427 4237 Deo
458 4180 723 4247 fecunda,
764 4187 819 4234 et
868 4178 1101 4234 illibatae
1148 4178 1217 4234 de
1266 4178 1447 4248 pretio
1481 4178 1790 4248 pudicitiaa,
1850 4177 2004 4233 omni

312 4267 452 4324 ﬂore
478 4267 725 4338 gratius,
750 4280 846 4335 spe
875 4266 1154 4337 gaudiosa
1184 4263 1495 4336 praepollet.

381 4359 526 4413 Cum
558 4354 737 4426 igitur
766 4355 968 4422 Deum,
1011 4368 1127 4410 non
1167 4354 1287 4408 sine
1316 4352 1626 4423 Scripturaa
1661 4351 2000 4419 testimonio,

312 4444 480 4516 quasi
510 4443 817 4514 quemdam
848 4442 1037 4513 ignem
1067 4440 1327 4512 accipiat,
1361 4441 1430 4496 de
1468 4455 1583 4511 quo
1604 4439 1685 4495 nil
1716 4439 1828 4495 nisi
1850 4440 2006 4510 quod

312 4531 614 4605 spirituale
655 4532 727 4588 sit
755 4538 979 4587 certum
1017 4537 1099 4585 est
1127 4530 1306 4601 gigni,
1355 4543 1471 4585 non
1521 4528 1773 4584 absurde
1829 4529 1878 4583 ei
1948 4528 2006 4584 in

312 4622 420 4679 isto
450 4635 509 4677 se
538 4627 852 4690 comparat,
886 4633 1017 4689 quae
1039 4618 1177 4673 dum
1206 4617 1435 4673 ruitura
1465 4617 1657 4671 carnis
1680 4617 2008 4685 posteritate

312 4722 433 4765 sese
469 4714 784 4778 spontanea
832 4706 1042 4777 privat,
1093 4706 1154 4761 lit
1208 4712 1272 4761 ut
1310 4719 1375 4760 eo
1427 4703 1743 4760 studiosius
1772 4704 2007 4761 demum

314 4796 446 4853 fidei
490 4795 870 4863 documentis,
902 4809 1048 4865 quos
1079 4794 1281 4864 poterit
1326 4794 1441 4849 Deo
1474 4792 1781 4863 parturiat,
1809 4799 1865 4849 et
1892 4807 2010 4848 non

314 4884 609 4940 moriturae
642 4881 852 4939 sobolis
882 4896 1074 4937 semen
1112 4880 1183 4936 ad
1222 4880 1499 4948 dolorem,
1528 4880 1625 4935 sed
1664 4879 2011 4936 aeternaliter

313 4973 557 5029 victurae
588 4971 658 5027 ad
710 4970 990 5042 gaudium
1039 4968 1261 5025 fundat.
1300 4968 1596 5024 Nefarium
1634 4975 1717 5023 est
1761 4967 1809 5023 si
1852 4967 2012 5024 Chri-

316 5061 540 5118 stianus
569 5060 859 5131 quispiam
893 5066 1007 5114 tam
1042 5058 1208 5113 beato
1235 5056 1367 5113 vitae
1426 5057 1617 5127 generi
1660 5055 2006 5127 refragetur,

315 5155 371 5205 et
396 5148 565 5205 nimis
596 5155 870 5206 causetur
909 5146 1181 5212 arduum,
1219 5159 1325 5201 nec
1364 5143 1572 5201 debere
1612 5146 1831 5199 servari
1874 5159 2008 5201 con-

316 5238 531 5306 tendat,
565 5252 697 5293 cum
738 5235 895 5306 apud
933 5242 1153 5291 veteres
1185 5234 1554 5290 observatum
1586 5233 1834 5289 evidenti
1866 5248 2012 5304 gen-

316 5324 507 5381 tilium
537 5325 864 5382 litterarum
908 5330 1161 5394 patescat
1189 5321 1473 5393 exemplo.
1526 5320 1758 5379 Vestam
1797 5334 2012 5391 quam-

317 5411 450 5468 dam
482 5411 796 5470 voluerunt
823 5426 945 5469 esse
966 5411 1152 5480 deam,
1186 5424 1363 5482 quam
1375 5417 1431 5467 et
1455 5417 1696 5467 matrem
1715 5422 2011 5481 magnam,

319 5505 377 5555 et
408 5499 604 5557 nescio
634 5514 765 5571 quae
785 5499 899 5556 alia
948 5499 1175 5557 infinita
1214 5498 1285 5556 de
1311 5511 1380 5556 ea
1417 5496 1774 5565 fabulantur,
1811 5510 2009 5568 quam,

2108 485 2459 556 adjicientes,
2511 484 2779 541 deitatem
2805 484 2912 540 sibi
2972 485 3124 555 ignis
3179 483 3592 555 ascripserunt.
3653 483 3814 554 Ignis

2108 574 2264 630 enim
2313 573 2457 629 nihil
2488 580 2752 644 generat;
2804 573 2946 628 nihil
2979 573 3150 628 etiam
3179 573 3364 643 virgo.
3398 572 3559 629 Unde
3585 579 3642 627 et
3678 573 3813 627 vir—

2110 662 2473 734 ginesipsius
2510 662 2829 717 servituras
2859 660 2996 722 fano
3041 676 3175 717 eum
3204 661 3606 729 instituissent,
3643 668 3812 717 tanta

2109 750 2422 819 disciplinae
2450 751 2751 805 severitate
2793 764 2996 805 earum
3044 749 3296 805 lasciviae
3325 749 3698 816 obstiterunt,
3744 756 3814 804 ut

2108 837 2332 907 legibus
2359 837 2644 893 edicerent
2680 836 2968 893 Vestalem
3005 837 3289 907 virginem
3338 836 3523 905 stupri
3550 835 3815 891 insimu—

2108 925 2304 992 latam,
2336 932 2390 981 et
2407 924 2747 1001 convictam,
2780 938 2914 980 cum
2952 939 3055 980 suo
3086 925 3277 979 vivam
3300 931 3624 994 stupratore
3650 931 3814 979 terra

2108 1013 2313 1068 debere
2340 1013 2526 1068 obrui.
2561 1012 2721 1079 Quod
2763 1012 3137 1068 attentissime
3167 1011 3469 1083 vestigare,
3498 1026 3603 1067 nec
3644 1011 3810 1068 inul-

2106 1107 2231 1156 tum
2263 1100 2547 1157 dimittere
2570 1099 2843 1156 Romanis
2871 1100 3101 1156 solertia
3130 1099 3315 1156 multa
3340 1100 3468 1156 fuit.

2179 1188 2235 1244 Si
2262 1188 2443 1260 igitur
2487 1196 2781 1258 tantopere
2828 1188 3193 1255 vilissimum,
3240 1203 3312 1244 ne
3342 1188 3654 1256 laberetur,
3708 1188 3806 1244 vi-

2108 1282 2265 1332 trum
2313 1284 2452 1333 tunc
2511 1277 2779 1346 temporis
2837 1276 3197 1345 servabatur,
3251 1275 3407 1346 quod
3455 1282 3607 1332 certe
3663 1289 3808 1331 cum

2109 1366 2401 1435 przecipue
2431 1364 2701 1421 reniteret
2738 1364 2969 1420 nullum
2998 1371 3141 1433 erat,
3172 1371 3228 1419 et
3260 1364 3546 1435 integrum
3585 1378 3659 1420 ne
3682 1363 3807 1419 duo

2109 1453 2340 1523 quidem
2376 1451 2511 1507 vilia
2542 1466 2720 1507 corna
2750 1452 2999 1508 valebat.
3032 1451 3178 1519 Quid
3209 1451 3350 1507 illud
3384 1451 3538 1507 omni
3577 1451 3808 1521 topazio

2109 1540 2361 1596 nobilius
2399 1539 2783 1611 margaritum
2843 1540 3008 1595 debet
3056 1540 3266 1595 habere
3314 1539 3606 1602 custodiae,
3648 1552 3812 1609 prie-

2108 1628 2301 1684 sertim
2333 1629 2485 1698 apud
2517 1642 2638 1696 nos,
2674 1628 2889 1697 quibus
2915 1642 3021 1684 sua
3064 1641 3182 1698 prae
3212 1613 3456 1684 auribus
3478 1627 3681 1683 crebro
3715 1627 3808 1682 le-

2110 1724 2332 1789 guntur
2373 1718 2643 1786 praemia?
2684 1715 2875 1773 locum
2915 1730 3053 1787 ergo
3111 1715 3169 1770 in
3216 1715 3541 1771 Christiano
3579 1722 3812 1785 pectore

2108 1806 2294 1861 virtus
2320 1805 2595 1872 obtineat,
2637 1819 2784 1875 quos
2812 1818 2990 1875 regno
3027 1811 3082 1860 et
3113 1802 3297 1875 gloria
3330 1802 3593 1873 pollicitis
3630 1802 3804 1859 Chri-

2110 1901 2235 1949 stus
2264 1893 2489 1948 invitat.
2542 1892 2599 1948 Si
2632 1893 2781 1948 inter
2829 1891 3231 1963 paganismum
3279 1890 3485 1961 viguit,
3516 1905 3652 1946 eum
3681 1890 3811 1946 sine

2107 1980 2242 2037 vitae
2273 1981 2583 2051 utriusque
2615 1980 2850 2051 praemio
2880 1981 3003 2036 sola
3024 1993 3227 2051 greges
3252 1979 3489 2034 miseros
3519 1992 3690 2049 poena
3719 1994 3808 2034 co-

2112 2068 2300 2138 gebat,
2335 2067 2717 2137 amplectatur
2734 2081 2899 2123 suam
2925 2067 3289 2123 solitudinem
3321 2066 3589 2137 quisquis
3612 2067 3810 2137 jugali

2110 2156 2397 2212 consortio
2428 2155 2543 2211 huc
2563 2170 2745 2227 usque
2769 2156 2978 2222 caruit,
3020 2163 3074 2211 et
3103 2168 3175 2211 ex
3201 2153 3646 2226 conjugatorum
3676 2168 3811 2211 mo-

2110 2243 2304 2306 lestiis,
2337 2243 2450 2299 imo
2482 2243 2742 2313 miseriis,
2800 2243 3047 2299 astutior
3094 2242 3298 2310 factus,
3348 2257 3469 2298 suae
3507 2242 3655 2312 paci,
3682 2257 3809 2298 ma-

2112 2331 2199 2404 gis
2228 2346 2361 2387 vero
2390 2330 2730 2387 beatitudini
2754 2345 3060 2401 nunquam
3087 2330 3375 2401 deceptus,
3408 2344 3632 2401 precor,
3660 2331 3811 2386 invi-

2111 2421 2256 2476 deat.
2295 2420 2541 2476 Noverat
2596 2419 2764 2490 plane
2804 2418 3115 2490 Apostolus
3146 2433 3280 2475 cum
3302 2419 3594 2486 clamaret,
3626 2419 3813 2475 tribu—

2110 2506 2380 2563 lationem
2436 2507 2735 2563 habituros
2787 2506 3123 2578 hujusmodi
3177 2506 3240 2578 (Ι
3268 2508 3401 2562 Cor.
3463 2522 3502 2575 ι,
3546 2506 3664 2577 28,)
3705 2506 3809 2563 sed

2112 2609 2288 2666 quam
2320 2595 2536 2652 bonum
2566 2594 2675 2651 sibi
2708 2595 2823 2651 fore
2872 2609 2986 2651 non
3015 2596 3229 2663 reticet,
3270 2595 3317 2650 si
3366 2594 3446 2651 sic
3480 2603 3810 2661 manerent,

2112 2690 2177 2740 ut
2207 2685 2323 2754 ipse
2346 2691 2600 2739 maneret
2627 2683 2818 2754 (Ibid,
2852 2684 2926 2753 7).
2966 2683 3011 2739 Ο
3051 2692 3286 2753 quantae
3318 2683 3631 2740 alacritatis
3658 2696 3813 2753 pen-

2111 2784 2235 2839 nas,
2269 2770 2483 2840 quibus
2511 2770 2719 2827 coelum
2758 2772 2979 2839 subeat,
3007 2770 3114 2826 sibi
3146 2771 3391 2840 subripit
3423 2772 3525 2842 qui
3553 2778 3671 2827 tam
3701 2784 3811 2827 ne-

2112 2858 2330 2930 gotioso
2360 2859 2701 2914 commercio
2733 2872 2791 2914 se
2817 2856 3132 2929 immergit!
3634 2863 3659 2872 '

2766 2997 2999 3055 CAPUT
3039 2998 3134 3055 IV.

2179 3121 2346 3180 Ratio
2367 3138 2481 3195 qua
2492 3120 2802 3195 virginitas
2816 3122 3221 3195 amplectenda
3231 3123 3524 3180 suadetur.
3548 3156 3617 3166 -—-
3638 3125 3811 3184 Exci-

2111 3218 2211 3279 tat,
2256 3218 2311 3267 et
2356 3225 2470 3266 non
2520 3210 2757 3282 injuria,
2802 3211 2900 3267 sed
2940 3225 3219 3283 perquam
3250 3213 3405 3283 juste
3443 3212 3587 3269 illud
3633 3214 3812 3272 etiam

2109 3300 2181 3355 ad
2224 3299 2403 3371 hujus
2444 3298 2674 3355 virtutis
2711 3313 2985 3365 amorem,
3035 3300 3259 3369 piorum
3313 3315 3682 3372 quorumque
3730 3301 3817 3359 af-

2110 3387 2308 3443 fectus.
2329 3386 2488 3453 Quod
2528 3387 2739 3444 scilicet
2768 3387 2902 3444 olim
2944 3388 3295 3458 propositum
3345 3405 3380 3445 a
3436 3390 3663 3447 saculis
3710 3391 3811 3446 in-

2109 3474 2452 3545 corporandi
2478 3474 2637 3531 verbi
2678 3474 3039 3545 mysterium,
3098 3490 3215 3532 non
3244 3475 3478 3533 aliunde
3525 3491 3706 3548 quam
3737 3493 3812 3535 ex

2109 3570 2473 3620 sacrosancta
2504 3563 2762 3633 pretiosae
2783 3563 3042 3635 Virginis
3068 3564 3198 3620 alvo
3235 3571 3548 3635 patratum,
3585 3567 3655 3622 de
3686 3581 3812 3623 suae

2111 3651 2446 3707 salvationis
2460 3652 2725 3731 jucunda
2754 3659 3059 3722 proventu,
3090 3652 3271 3709 fidelis
3299 3668 3459 3709 mens
3489 3654 3653 3710 nulla
3690 3670 3813 3711 non

2113 3740 2345 3812 gaudet.
2376 3739 2519 3806 Q..is
2556 3740 2710 3796 enim
2740 3740 2828 3795 vel
2859 3755 2989 3811 quae
3029 3740 3219 3811 potius
3247 3742 3431 3811 posita
3473 3743 3532 3797 in
3562 3744 3807 3814 ancipiti

2111 3830 2181 3885 de
2230 3842 2337 3885 sua
2382 3829 2670 3884 servanda
2706 3828 3037 3900 virginitate
3063 3830 3320 3897 consilio,
3354 3830 3493 3887 dum
3542 3832 3815 3887 eminen-

2111 3917 2399 3974 tissimum
2428 3918 2603 3973 decus
2632 3916 2775 3973 tanti
2807 3926 3009 3987 partus
3038 3918 3301 3987 attendit,
3349 3933 3461 3975 non
3503 3920 3573 3975 ad
3611 3934 3807 3989 prose-

2115 4004 2346 4076 quenda
2396 4005 2661 4075 protinus
2711 4004 2955 4076 vestigia
2998 4013 3172 4061 tanta;
3228 4006 3527 4062 Genitricis
3559 4007 3817 4077 aspiret?

2113 4092 2443 4148 Mirandum
2491 4091 2536 4148 si
2586 4091 2851 4148 sufficere
2895 4092 3311 4151 considerando
3352 4094 3489 4151 huic
3530 4094 3817 4151 miracqu

2112 4179 2458 4249 valeremus,
2496 4194 2840 4252 magnopere
2892 4181 3056 4238 nobis
3101 4190 3246 4238 esset
3294 4183 3449 4253 quod
3484 4184 3636 4240 Deus
3695 4183 3816 4240 hu-

2044 4277 2087 4331 D
2117 4283 2304 4325 manaa
2356 4269 2723 4325 continentiae
2762 4269 2976 4326 bonum
3020 4270 3161 4327 adeo
3194 4272 3624 4342 magnipendat,
3674 4287 3815 4329 cum

2113 4371 2310 4413 omnes
2368 4364 2582 4413 nostra:
2635 4357 2936 4414 munditia
2992 4358 3230 4429 puritati
3277 4359 3516 4427 collatae,
3578 4373 3820 4430 pannus

2113 4452 2485 4503 menstruatae
2509 4459 2544 4501 a
2590 4445 2869 4515 propheta
2898 4451 3047 4501 3l4
3084 4445 3421 4517 judicentur
3472 4447 3620 4517 (13a.
3655 4462 3813 4514 wa,

2114 4531 2190 4603 6),
2222 4538 2277 4588 et
2304 4546 2390 4601 ea,
2420 4546 2551 4602 quae
2581 4532 2924 4603 plerumque
2964 4532 3073 4603 ipsi
3100 4533 3156 4588 in
3203 4533 3370 4590 nobis
3394 4533 3587 4590 minus
3627 4534 3819 4605 placi-

2114 4627 2248 4676 tura
2293 4627 2585 4690 putamus,
2643 4626 2745 4677 aut
2774 4627 2925 4676 certe
2972 4620 3130 4692 quod
3160 4635 3278 4676 non
3337 4621 3459 4678 sine
3488 4636 3659 4692 paena
3707 4631 3817 4688 est,

2114 4705 2381 4762 habenda
2426 4721 2529 4777 pro
2574 4707 2755 4763 nihilo
2799 4707 2959 4777 (Luc.
3019 4721 3158 4776 xvn,
3208 4708 3316 4779 lO),
3354 4709 3497 4777 haec,
3528 4710 3634 4765 etsi
3656 4711 3818 4781 apud

2114 4808 2220 4851 nos
2248 4793 2411 4851 nulla
2436 4797 2549 4851 sint
2583 4803 2685 4852 aut
2728 4795 2889 4864 vilia,
2941 4802 3233 4867 tantopere
3262 4804 3557 4866 acceptare
3603 4797 3820 4868 digne-

2116 4888 2232 4938 tur.
2266 4884 2409 4939 Cum
2434 4884 2586 4939 enim
2609 4883 2862 4951 aliunde,
2895 4889 2949 4939 et
2978 4883 3146 4955 longe
3175 4883 3445 4951 nobilius,
3468 4883 3819 4942 sublimius-

2118 4984 2233 5040 que
2296 4984 2474 5039 quam
2527 4971 2778 5027 feminea
2828 4970 2900 5027 sit
2978 4971 3305 5043 virginitas,
3365 4972 3564 5028 multis
3630 4973 3822 5030 modis

2118 5055 2245 5111 aliis
2265 5069 2387 5113 sese
2432 5071 2734 5127 procreare
2763 5056 3037 5114 divinitas
3088 5066 3295 5128 posset.
3356 5058 3506 5115 Licet
3543 5059 3705 5115 enim
3751 5060 3825 5117 fo-

2117 5151 2205 5202 ret
2234 5145 2421 5217 virgo,
2466 5154 2654 5202 tamen
2682 5146 2823 5218 quia
2846 5144 3081 5215 femina,
3114 5146 3260 5203 uteri
3292 5148 3381 5204 sui
3412 5148 3669 5219 dignitas
3699 5163 3820 5207 non

2119 5232 2412 5290 confertur
2439 5235 2511 5291 ad
2533 5234 2736 5303 Deum,
2770 5234 2874 5305 qui
2895 5234 3178 5291 virtutum
3208 5249 3583 5308 quarumque
3603 5236 3821 5310 glorias

2118 5322 2465 5378 mortalibus
2523 5322 2790 5379 intimare
2844 5322 3134 5379 veniebat.
3196 5322 3562 5395 Singularem
3624 5325 3816 5394 istam,

2121 5422 2300 5481 quam
2337 5424 2409 5467 ne
2440 5409 2783 5482 coniugium
2806 5410 3020 5468 foedare
3042 5410 3358 5481 videretur,
3394 5412 3656 5470 laudavit
3686 5414 3821 5486 qui-

2122 5498 2271 5566 dem,
2316 5498 2413 5554 sed
2462 5512 2578 5555 non
2623 5512 2696 5555 ex
2736 5506 3018 5570 praecepto
3059 5499 3258 5565 edidit,
3295 5513 3473 5571 quam
3503 5502 3821 5559 reverendo
