3914 6094
90 312 188 363 585
1307 318 1720 376 OPUSCULUM
1761 321 1850 375 DE
1890 319 2344 381 VIRGINITATE
2361 366 2376 381 .

3225 219 3256 242 χ

3488 341 3590 394 586

85 453 141 500 et
177 444 455 501 mirabilis
501 445 774 503 astimari
824 449 1026 506 debeat
1063 449 1203 522 solo,
1252 460 1317 509 ut
1359 453 1442 510 sic
1503 455 1767 512 dixerim.
1811 461 1857 512 A
1884 465 1971 513 tas
2003 468 2104 528 est,
2151 461 2493 518 indesinenti
2546 464 2737 521 studio
2773 473 3123 539 satagamus,
3176 470 3422 540 praﬁxit
3468 488 3589 530 eos-

85 541 233 588 nutu
262 548 380 590 sua
412 534 702 590 electionis
731 538 991 595 ostendit.

154 621 332 692 Elegit
377 636 514 693 ergo
548 639 653 679 suo
694 625 916 695 corpori
968 627 1226 698 Virginis
1256 645 1483 700 corpus,
1523 633 1775 702 quodam

84 709 244 764 nobis
271 711 436 765 modo
462 711 698 768 silenter
728 713 974 769 innuens
1005 717 1161 785 quod
1195 726 1388 787 aperte
1421 720 1542 776 hac
1571 735 1776 779 sonare

84 798 344 854 videatur
385 815 398 854 :
443 801 559 855 Etsi
583 809 785 857 vestra
815 817 991 859 causa
1021 805 1366 876 fragilitatis,
1399 808 1514 865 imo
1547 825 1618 865 ne
1648 825 1777 867 con-

77 886 240 957 jugia
273 888 489 944 malum
522 891 750 959 putetis,
796 900 860 948 ut
904 892 1224 965 virginitati
1259 897 1534 954 studeatis
1571 899 1773 968 praci-

81 991 208 1045 pere
248 992 465 1046 vereor,
520 979 885 1038 evidentibus
941 990 1130 1039 tamen
1181 999 1320 1040 mea
1389 987 1776 1057 conceptionis

78 1067 639 1138 conversationisque
682 1069 926 1136 indiciis,
959 1072 1033 1127 ad
1070 1073 1212 1142 quid
1261 1074 1619 1142 potissimum
1664 1089 1776 1130 an-

79 1152 268 1209 helare
299 1155 548 1210 debeatis
579 1157 829 1225 insinuo,
862 1173 994 1214 cum
1036 1174 1137 1229 per
1167 1161 1450 1232 integram
1482 1169 1656 1217 natus
1701 1163 1773 1218 ad

76 1255 179 1296 vos
223 1243 568 1311 devenerim,
592 1253 648 1300 et
694 1246 1058 1316 integerrime
1089 1247 1387 1304 vobiscum
1420 1263 1510 1305 me
1558 1250 1774 1305 habue-

78 1331 206 1397 rim,
243 1339 296 1386 et
346 1331 492 1388 inter
527 1347 640 1400 eos,
692 1348 840 1404 quos
881 1335 990 1391 mei
1024 1337 1336 1407 magisterii
1383 1338 1590 1393 schola
1637 1339 1776 1394 asci-

77 1433 293 1485 veram,
343 1435 538 1476 omnes
577 1422 811 1490 quidem
858 1425 1166 1493 praecipue,
1198 1426 1295 1481 sed
1345 1426 1507 1481 illum
1553 1428 1775 1496 specia—

80 1508 210 1574 lius,
246 1509 347 1577 qui
381 1509 554 1580 Virgo
585 1510 790 1577 fuerat,
829 1525 965 1567 mea
1016 1513 1368 1569 charitudini
1401 1514 1777 1571 familiarius-

77 1611 190 1666 que
234 1597 560 1668 allegeram.
610 1597 762 1664 Quos
816 1613 954 1670 ergo
1010 1600 1329 1672 privilegiis
1383 1616 1473 1658 me
1533 1603 1777 1659 honora-

79 1682 316 1737 tioribus
341 1682 556 1738 donare
583 1683 804 1751 videtis,
841 1686 1045 1755 quanti
1094 1688 1245 1756 apud
1281 1702 1370 1743 me
1417 1687 1530 1744 sint
1574 1703 1773 1745 eorum

1887 546 2035 602 dem.
2081 573 2084 576 ~

1957 635 2062 691 Sed
2099 637 2215 692 hac
2253 639 2394 694 tanti
2439 640 2674 709 decoris,
2713 642 2835 698 hac
2875 651 2990 700 tam
3039 645 3215 716 digna
3256 647 3426 717 Regis
3486 650 3589 706 Dei

1885 723 2122 791 familia,
2173 726 2388 795 quibus
2426 729 2567 784 nihil
2609 738 2733 800 post
2777 745 2948 787 suum
2997 741 3288 790 auctorem
3341 736 3588 793 conferri

1884 819 2082 881 potest,
2150 813 2223 868 illi
2299 817 2356 870 in
2420 817 2759 874 mulieribus
2819 820 3146 889 benedicta,
3206 837 3337 892 qua
3404 825 3584 882 Deum

1884 915 2054 956 suum
2092 904 2320 971 peperit,
2367 905 2687 976 virginitati
2727 909 3004 978 subjacet,
3057 917 3111 965 et
3144 910 3266 979 ipsa
3306 925 3440 966 vere
3481 928 3586 973 su-

1885 989 2089 1056 blimis,
2121 991 2260 1060 quia
2300 993 2554 1060 humilis,
2601 995 2742 1050 dum
2781 997 2868 1052 sui
2903 997 3387 1068 dispensationem
3433 1001 3586 1056 Con—

1884 1077 2084 1134 ditoris
2151 1079 2368 1147 adorat,
2429 1081 2687 1151 ejusdem
2756 1084 3199 1153 dispensationis
3260 1087 3584 1146 ministram

1883 1173 2302 1244 consequenter
2333 1166 2594 1223 honorat.
2630 1170 2779 1224 Lata
2812 1184 2870 1224 se
2915 1170 2965 1226 ei
2995 1170 3225 1240 subjicit
3264 1186 3364 1240 per
3414 1175 3584 1242 cujus

1885 1253 2138 1308 officium
2173 1263 2370 1322 partus
2417 1256 2630 1311 damna
2687 1259 2902 1326 proprii
2949 1258 3185 1321 ordinis,
3233 1262 3302 1316 de
3343 1262 3581 1318 humani

1884 1341 2110 1411 generis
2155 1343 2555 1412 supplemento
2605 1345 2864 1413 reparari
2911 1347 3344 1414 gratulabunda
3373 1363 3583 1419 cogno-

1884 1430 2008 1484 scit.
2043 1429 2251 1485 Mirum
2285 1443 2440 1497 sane,
2482 1432 2578 1486 sed
2605 1433 2725 1486 veri
2767 1433 3022 1502 plenum,
3060 1435 3354 1504 Virginem
3399 1451 3583 1508 ange-

1885 1516 1954 1572 lis
1986 1517 2317 1586 principari.

1956 1605 2060 1660 Sed
2091 1607 2204 1661 scio
2234 1608 2370 1662 mihi
2421 1608 2810 1678 objiciendum
2857 1625 2973 1665 non
3023 1611 3272 1681 Virgini,
3321 1613 3417 1668 sed
3469 1615 3584 1668 Do-

1886 1691 2024 1746 mini
2071 1693 2236 1748 Matri
2276 1695 2510 1764 angelos
2555 1695 2671 1751 fore
2700 1697 3006 1766 subjectos,
3055 1712 3174 1753 rem
3232 1699 3289 1752 in
3335 1700 3582 1755 nimium

77 1769 413 1825 sinceritatis
444 1771 646 1826 merita
695 1752 914 1828 cateris
960 1752 1205 1830 clariora
1249 1790 1486 1845 pensare
1537 1777 1772 1847 debetis,
1816 1752 1856 1806 Β
1885 1793 1973 1833 me
2029 1781 2299 1836 extollere
2354 1781 2518 1836 velle.
2577 1784 2729 1850 Esto,
2778 1792 3030 1840 attamen
3073 1793 3294 1841 constat
3344 1787 3484 1857 quia
3535 1789 3582 1843 si

78 1856 346 1914 Sufﬁcere
374 1866 602 1926 possent
629 1860 750 1916 hac
792 1861 1140 1931 virginitatis
1169 1865 1451 1934 exempla.

763 2002 991 2058 CAPUT
1031 2003 1098 2060 V.

1884 1867 2112 1923 Domini
2161 1869 2324 1925 Matri
2382 1871 2797 1940 subjiciuntur,
2840 1881 2894 1928 et
2958 1874 3180 1928 Domini
3245 1875 3421 1930 Mater
3465 1890 3583 1932 non

1881 1970 2002 2011 esse
2032 1957 2195 2026 virgo
2224 1972 2338 2012 non
2375 1965 2575 2027 potest,
2613 1960 2859 2028 profecto
2889 1961 3114 2031 Virgini
3165 1962 3398 2018 subesse
3446 1979 3583 2033 pro-

1883 2045 2114 2100 bantur.
2149 2046 2517 2116 Privilegium
2550 2048 2833 2117 siquidem
2869 2051 3134 2118 potentia
3177 2051 3581 2108 ascribendum

143 2125 402 2197 Angeias
451 2141 626 2195 puros
653 2127 708 2180 et
737 2128 1000 2198 corporis
1037 2134 1300 2198 expertes
1327 2130 1441 2186 sibi
1480 2132 1778 2188 ministros
1882 2140 1966 2186 est
1992 2133 2179 2199 Matri,
2209 2133 2288 2188 sic
2319 2143 2508 2190 tamen
2549 2143 2612 2191 ut
2651 2137 2960 2207 virginitas
2994 2152 3108 2192 non
3139 2146 3384 2208 negetur
3422 2141 3575 2209 pari-

71 2214 247 2282 elegil
298 2215 469 2269 Deus.
517 2215 822 2288 Dignitate
882 2219 1079 2290 angeli
1123 2221 1453 2291 praecellunt
1496 2223 1770 2278 homines.

70 2303 325 2374 Angelos
347 2302 513 2375 longe
526 2307 764 2374 superat
781 2305 850 2358 Β.
887 2305 1080 2378 Virgo.
1106 2336 1174 2348 —
1192 2307 1365 2363 Aliud
1395 2323 1630 2379 quoque
1659 2325 1775 2366 non

74 2392 365 2462 praterire
395 2407 580 2461 opera
606 2393 852 2461 pretium
885 2408 1030 2462 reor,
1077 2396 1233 2466 quod
1271 2395 1414 2452 illud
1453 2397 1774 2468 singulari—

75 2487 161 2534 ter
185 2479 489 2546 mundum,
523 2488 718 2550 utpote
748 2482 902 2550 quod
933 2489 1018 2538 est
1047 2490 1100 2537 et
1121 2497 1296 2551 supra
1327 2491 1381 2539 et
1410 2491 1576 2540 extra
1601 2486 1772 2541 etiam

75 2569 384 2636 mundum,
419 2569 510 2624 cui
543 2569 706 2636 nihil,
740 2570 878 2625 dum
928 2571 1326 2640 corruptibilia
1372 2574 1536 2643 regit,
1572 2588 1771 2642 corru-

75 2657 396 2725 ptibilitatis
439 2665 540 2713 aut
585 2657 706 2713 vitii
760 2659 1016 2728 inﬂigere
1066 2661 1263 2730 aliqua
1305 2662 1453 2717 valet
1494 2663 1770 2731 molestia,

73 2759 188 2799 non
235 2745 379 2800 alios
425 2745 494 2800 ad
549 2745 656 2801 sibi
704 2745 1046 2802 familiarius
1099 2748 1534 2818 obsequendum
1595 2765 1770 2820 quam

73 2832 423 2903 incorporea
477 2834 812 2890 substantia
881 2843 1174 2891 creaturas
1229 2839 1557 2907 assumpsit.
1621 2839 1774 2904 Quos

69 2920 362 2990 sicutjam
397 2921 786 2977 immutabiles
831 2930 1045 2978 alerna
1079 2925 1192 2980 Deo
1233 2925 1533 2981 obediendi
1565 2927 1770 2982 volun-

1883 2227 1968 2275 ter
1999 2220 2291 2288 honorari,
2329 2224 2598 2292 quamvis
2626 2225 2751 2294 ejus
2782 2224 2958 2292 laudi,
3005 2227 3317 2297 integritati
3366 2229 3582 2284 scilicet

1881 2308 2019 2363 satis
2057 2323 2176 2365 esse
2207 2318 2398 2380 queat,
2434 2312 2586 2381 quod
2616 2313 2685 2367 de
2716 2312 2935 2368 illibata
2973 2314 3231 2371 nascitur
3261 2317 3430 2372 Deus.
3474 2317 3579 2372 Sed

1883 2395 2025 2463 quid
2058 2404 2347 2466 tantopere
2394 2411 2426 2452 a
2471 2399 2803 2467 proceribus
2849 2400 2898 2455 ei
2951 2401 3219 2458 honorem
3267 2418 3583 2474 queramus

1883 2483 2154 2553 impendi,
2192 2500 2323 2540 cum
2369 2501 2470 2555 per
2518 2502 2576 2542 se
2613 2488 2734 2543 Rex
2783 2487 2902 2557 ipse
2949 2489 3025 2544 ita
3062 2504 3186 2546 eam
3240 2493 3580 2548 muneribus

1882 2579 2287 2641 prosequatur,
2325 2579 2389 2627 ut
2420 2573 2513 2628 ille
2562 2573 2820 2640 aliectus,
2874 2589 3048 2644 quem
3096 2577 3255 2632 beato
3301 2578 3576 2646 apostolo,

1882 2658 1982 2726 qui
2033 2660 2243 2727 pectori
2274 2659 2400 2729 ejus
2429 2662 2710 2716 canantis
2762 2662 3046 2731 incubuit,
3093 2665 3258 2720 Matri
3293 2666 3364 2720 ad
3405 2666 3578 2722 totius

1881 2743 2055 2797 decus
2104 2743 2299 2812 gloria
2368 2744 2632 2801 sufficere
2689 2754 2892 2815 posset.
2967 2749 3109 2803 Mira
3157 2757 3380 2816 catera,
3447 2765 3580 2820 qua

1882 2844 2023 2898 pene
2055 2831 2287 2886 modum
2328 2831 2609 2888 felicitatis
2647 2841 2883 2901 exeunt,
2922 2835 3269 2904 pigritamur
3299 2845 3572 2894 attexere.

1881 2919 2179 2974 Pensanda
2230 2921 2424 2990 sagaci
2473 2934 2541 2975 ea
2596 2921 2789 2977 lectori
2861 2923 3288 2985 committimus.
3351 2926 3450 2994 qui
3529 2927 3579 2981 si

67 3015 172 3073 tas,
206 3016 260 3062 et
291 3008 620 3064 excellentis
654 3010 834 3065 honor
872 3018 1114 3077 natura,
1172 3012 1244 3067 ab
1289 3014 1443 3068 omni
1487 3015 1642 3083 quod
1689 3022 1773 3070 est
1810 3048 1850 3103 ο
1881 3006 2043 3075 plene
2082 3006 2408 3103 ξηιθηᾷθτίξς
2442 3009 2601 3103 (11199
2637 3017 2920 3103 (199mg?
2961 3010 3029 3065 de
3077 3012 3315 3103 {03mm
3364 3013 3578 3103 Ποηοῐῖθ

65 3095 336 3150 indecens
368 3097 761 3167 integerrimos
809 3098 1015 3163 reddit,
1047 3101 1129 3155 sic
1171 3115 1276 3156 suo
1324 3103 1558 3157 Auctori
1617 3117 1770 3158 crea-

62 3182 210 3238 turis
242 3182 372 3236 aliis
392 3183 674 3253 gloriosus
704 3199 908 3240 eorum
934 3187 1072 3242 ordo
1102 3188 1350 3244 vicinius
1394 3190 1575 3258 hasit,
1609 3192 1768 3255 Quo-

59 3285 193 3326 rum
228 3278 450 3340 quanta
475 3271 755 3328 habeatur
783 3288 1030 3340 summa,
1073 3279 1767 3347 quamquei‘praetiiineat

55 3358 338 3429 dignitas,
369 3373 442 3414 ex
471 3373 539 3415 eo
570 3360 854 3430 pracipue
886 3351 1064 3432 potest
1092 3365 1366 3433 perpendi
1408 3367 1561 3436 quod
1611 3375 1766 3423 certa

54 3447 406 3503 auctoritate
443 3447 622 3503 scitur
650 3448 882 3504 nullum
914 3451 1214 3507 hominum
1245 3453 1317 3508 ad
1366 3467 1500 3510 eum
1541 3457 1762 3511 sancti-

53 3536 190 3591 tatis
222 3536 471 3606 gradum
501 3537 824 3608 pertingere
857 3553 1039 3608 posse,
1075 3549 1137 3595 ut
1165 3541 1474 3598 minimum
1525 3545 1764 3614 angelo—

51 3638 186 3680 rum
221 3624 422 3695 gloria
445 3625 767 3694 quantitate
800 3628 1105 3696 pracellat.
1140 3629 1278 3685 Inde
1324 3640 1512 3686 tamen
1553 3633 1764 3702 excipi-

49 3721 152 3768 tur
191 3728 328 3783 qua
375 3714 680 3769 Dominum
722 3715 918 3785 gloria
950 3731 1023 3772 ex
1071 3731 1131 3773 se
1169 3718 1406 3787 protulit
1436 3719 1634 3790 Virgo,
1667 3721 1760 3776 cui

47 3815 155 3871 per
199 3801 408 3857 Filium
443 3803 522 3857 nil
558 3803 780 3858 caleste
811 3819 926 3859 non
972 3805 1315 3875 subjectum,
1363 3822 1478 3862 non
1522 3808 1758 3876 novitia,

47 3889 149 3944 sed
178 3891 359 3945 veteri
389 3897 444 3945 et
476 3891 715 3959 probata
744 3892 1137 3949 testiﬁcatione
1171 3893 1494 3952 didicimus.

121 3977 297 4032 Omni
354 3977 548 4048 itaque
605 3978 769 4034 nobis
814 3988 1079 4037 acumlne
1127 3981 1306 4037 animi
1346 3982 1758 4051 pervidendum

51 4066 264 4132 Deum,
311 4079 443 4121 cum
482 4067 588 4123 sibi
617 4067 909 4124 ministros
956 4069 1223 4136 instituit,
1260 4077 1397 4127 tunc
1425 4071 1616 4126 adhuc
1656 4071 1758 4142 jfu-

48 4160 185 4207 turo
215 4152 416 4222 generi
445 4153 766 4221 hominum,
797 4169 941 4224 quos
969 4163 1306 4225 peccaturos
1337 4164 1594 4225 noverat,
1640 4173 1760 4213 mu-

46 4249 168 4295 tam
204 4241 522 4311 quamdam
551 4241 610 4296 in
640 4242 760 4298 suis
789 4243 1011 4314 angelis
1039 4244 1298 4315 regulam
1324 4246 1755 4316 prascripsisse,

1877 3109 1992 3150 non
2023 3095 2148 3162 erit,
2179 3096 2281 3165 qui
2322 3098 2486 3167 virgo
2537 3097 2791 3167 Virginis
2821 3098 2961 3153 Filio
3018 3100 3126 3154 sub
3179 3107 3336 3156 tanto
3378 3102 3577 3157 matris

1876 3183 2145 3252 adoptiva
2170 3184 2526 3239 successione
2552 3184 2844 3240 successit.
2889 3186 3056 3242 Haud
3079 3187 3323 3244 dubium
3370 3188 3571 3259 igitur,

1876 3271 2021 3341 quin
2070 3271 2334 3340 majestas
2363 3271 2620 3342 angelica
2663 3286 2893 3328 omnem
2931 3275 3260 3345 virgineum
3314 3277 3574 3332 ordinem

1876 3359 2248 3428 pramaxime
2287 3367 2611 3426 veneretur,
2655 3374 2787 3416 cum
2820 3360 2965 3416 nihil
3021 3363 3167 3419 inter
3197 3377 3573 3436 quarumque

1875 3448 2158 3502 virtutum
2223 3456 2448 3503 sanctos
2515 3448 2784 3515 nobilius,
2857 3450 3084 3520 sibique
3154 3452 3402 3509 similius
3475 3453 3574 3509 ha-

1875 3533 2096 3590 beatur.

1941 3623 2038 3676 Ad
2064 3622 2201 3693 quid
2231 3623 2442 3678 Paulus
2464 3624 2744 3692 dextrum,
2809 3627 3006 3680 Petrus
3035 3625 3340 3682 sinistrum
3383 3630 3565 3683 locum

1870 3710 2167 3766 obtineant
2206 3711 2269 3764 in
2299 3711 2564 3782 picturis.
2599 3742 2672 3754 —
2722 3712 2870 3768 Illud
2919 3728 3153 3783 quoque
3183 3714 3339 3770 laudi
3371 3716 3462 3771 isti
3491 3730 3566 3772 ex

1869 3799 2168 3868 superﬂuo
2206 3800 2452 3869 adjicere
2482 3806 2630 3854 3:5
2675 3801 3016 3857 audebimus
3049 3803 3204 3871 quod
3251 3803 3310 3857 in
3357 3806 3565 3860 veteri-

1869 3887 1979 3942 bus
2033 3887 2382 3956 quibusdam
2436 3889 2626 3943 Roma
2705 3887 2944 3956 picturis
3007 3888 3320 3945 Salvatdris
3376 3892 3565 3963 imago

1869 3975 2112 4031 Paulum
2143 3975 2378 4042 dextra,
2415 3975 2646 4031 Petrum
2679 3989 2814 4031 vero
2840 3977 3180 4046 apostolum,
3220 3979 3376 4048 quod
3416 3994 3564 4049 pra-

1868 4071 2156 4132 posterum
2240 4071 2478 4133 putatur
2557 4063 2870 4133 adpictum,
2930 4065 3264 4134 perhibetur
3353 4067 3566 4125 habere

1867 4153 2130 4208 sinistra.
2185 4152 2347 4217 Quod
2395 4166 2526 4208 cum
2574 4153 2716 4223 quid
2764 4152 3115 4223 significaret
3165 4154 3211 4209 is
3253 4155 3411 4223 ordo,
3463 4157 3564 4227 qui

1867 4239 2160 4296 videretur
2220 4240 2598 4308 inordinatus,
2651 4254 2685 4295 a
2731 4241 3112 4310 prudentibus
3161 4243 3560 4312 exquisissem,

43 4335 110 4384 ut
146 4343 286 4384 cum
317 4329 486 4399 Regis
532 4330 621 4385 sui
667 4331 890 4386 curiam
933 4340 990 4388 et
1021 4332 1148 4402 ejus
1181 4332 1450 4389 officiales
1497 4334 1756 4405 singulos
1792 4342 1836 4394 D
1867 4328 2084 4384 dictum
2117 4327 2260 4383 mihi
2287 4335 2389 4389 est,
2437 4328 2679 4384 Paulum
2727 4329 2845 4384 fore
2877 4329 3084 4385 idcirco
3131 4331 3203 4384 ad
3245 4331 3562 4400 dexteram,

39 4417 431 4484 attenderem,
477 4417 535 4472 in
585 4418 957 4475 cubiculariis
1002 4428 1056 4476 et
1105 4421 1416 4490 pincernis,
1450 4430 1513 4478 ut
1557 4423 1635 4479 ita
1669 4423 1755 4479 lo-

39 4520 217 4576 quar,
304 4505 894 4578 familiarioribusque
974 4509 1309 4566 necessariis
1398 4511 1754 4576 singularem

34 4593 350 4650 munditia
398 4594 801 4650 claritudinem
836 4595 1216 4666 mirarentur;
1249 4605 1302 4654 et
1333 4599 1542 4656 exinde
1598 4600 1754 4656 colli-

34 4687 272 4752 gerent,
324 4681 479 4750 quod
535 4681 689 4737 intra
746 4682 1132 4752 palatinorum
1187 4685 1314 4755 ejus
1373 4687 1756 4743 contubernia

34 4769 282 4825 admitti
315 4769 474 4825 nullo
533 4771 698 4826 modo
754 4779 1000 4840 possent,
1063 4773 1169 4829 nisi
1227 4771 1482 4828 maximo
1550 4770 1758 4825 sudore

33 4857 312 4929 ejusdem
370 4857 672 4927 participes
708 4859 911 4915 nitoris
963 4874 1031 4915 ac
1085 4861 1394 4931 pudicitia,
1446 4871 1624 4928 quam
1676 4857 1757 4912 illi

34 4945 397 5002 naturaliter
441 4946 668 5002 insitam
718 4948 1022 5015 possident,
1081 4949 1242 5018 prius
1285 4963 1407 5004 esse
1464 4953 1753 5001 curarent.

33 5036 168 5090 Non
213 5041 410 5090 autem
447 5048 541 5089 eos
583 5036 799 5090 carnali
852 5037 1189 5106 prapeditos
1241 5035 1492 5093 condidit
1551 5046 1754 5104 grave-

33 5121 195 5188 dine,
251 5120 468 5191 quibus
514 5121 840 5178 colluctatio
893 5122 1170 5179 adversus
1234 5136 1466 5178 carnem
1510 5128 1654 5176 esset
1704 5128 1758 5176 et

33 5209 414 5279 sanguinem,
467 5216 524 5265 et
585 5209 855 5265 violentia
905 5210 1187 5266 diuturna
1243 5210 1505 5279 belloque
1580 5208 1758 5264 nimio

33 5297 276 5352 tandem
325 5297 494 5354 sicuti
530 5312 633 5353 nos
660 5299 732 5353 ad
775 5299 1292 5367 impassibilitatem
1337 5298 1755 5368 pertingerent;

33 5386 132 5440 sed
154 5386 385 5455 absque
415 5400 581 5451 sexu,
609 5386 827 5455 absque
854 5386 1122 5442 exteriori
1154 5386 1527 5455 interiorique
1556 5399 1759 5440 creans

33 5473 329 5540 molestia,
401 5474 834 5530 similitudinem
918 5474 1082 5529 nobis
1137 5473 1513 5544 perfectionis,
1589 5471 1760 5542 cujus

34 5561 438 5618 :onformitati
473 5561 716 5629 inhiare,
757 5569 1044 5632 quantum
1077 5569 1268 5617 nostro
1313 5561 1535 5631 pulveri
1585 5560 1760 5616 facul-

419 5651 696 5717 PATROL.
749 5651 952 5718 CLVI.

1865 4416 2020 4487 quod
2050 4415 2214 4487 virgo
2253 4415 2441 4484 fuerit,
2492 4419 2722 4472 Petrum
2762 4417 2834 4472 ad
2872 4417 3184 4483 sinistram,
3231 4420 3387 4488 quod
3426 4435 3561 4477 con—

1859 4503 2118 4574 jugatus.
2155 4505 2232 4559 De
2262 4503 2424 4559 Petro
2456 4517 2623 4559 nemo
2653 4504 2898 4569 hasitat,
2935 4505 3106 4574 cujus
3139 4519 3210 4560 ex
3249 4506 3563 4577 Evangelio

1864 4606 2114 4658 socrum,
2168 4591 2344 4647 filiam
2401 4605 2474 4647 ex
2520 4591 2691 4662 gestis
2740 4592 3103 4647 Petronillam
3153 4594 3438 4649 novimus.
3490 4598 3563 4652 At

1865 4678 2080 4734 Paulus
2105 4678 2420 4748 plurimum
2451 4678 2747 4748 aliquibus
2776 4679 3012 4734 forsitan
3051 4680 3391 4748 scrupulum
3434 4696 3561 4736 mo-

1864 4774 1978 4833 vet,
2011 4767 2108 4823 sed
2138 4766 2186 4822 si
2220 4767 2394 4822 verba
2424 4765 2607 4836 ipsius
2637 4781 2738 4836 pro
2772 4767 2893 4835 ipso
2923 4766 3220 4823 consulere
3267 4768 3558 4838 volumus,

1865 4854 2042 4910 fateor
2074 4854 2329 4910 lucidum
2363 4855 2503 4924 quid
2539 4855 2874 4924 reperimus.
2925 4854 3032 4920 Qui
3076 4869 3208 4910 cum
3258 4856 3561 4912 consilium

1866 4942 2240 5010 nubentibus,
2273 4951 2327 4998 et
2367 4957 2578 4999 uxores
2615 4943 2960 4998 ducentibus
3000 4943 3180 5010 daret,
3223 4943 3414 5000 intulit
3467 4960 3565 5000 no-

1865 5032 2097 5087 vissime
2150 5031 2355 5087 melius
2411 5031 2521 5087 illis
2578 5031 2862 5096 futurum,
2920 5030 2966 5085 si
3028 5031 3110 5086 sic
3164 5041 3564 5100 permanerent

1866 5119 2013 5175 sicut
2051 5127 2106 5174 et
2137 5119 2252 5188 ipse
2283 5119 2338 5189 (I
2369 5121 2504 5173 Cor.
2538 5135 2636 5186 vn,
2667 5118 2780 5187 40).
2813 5119 2901 5173 Ex
2929 5132 3046 5188 quo
3077 5117 3198 5174 hac
3220 5118 3410 5188 opinio
3447 5133 3562 5176 non

1865 5222 2101 5278 prorsus
2136 5208 2346 5278 ignava
2375 5214 2630 5276 putatur.
2667 5207 2815 5261 Dum
2855 5207 3008 5262 enim
3042 5215 3173 5262 ante
3220 5207 3563 5264 Christiani-

1866 5311 2057 5352 smum
2089 5295 2272 5365 patrio
2305 5309 2409 5350 suo
2439 5295 2553 5350 Deo
2593 5295 2715 5349 sine
2759 5295 2994 5363 querela
3027 5309 3084 5350 se
3129 5295 3443 5352 deseruisse
3481 5305 3562 5354 te-

1865 5391 2046 5440 stetur
2075 5383 2241 5453 (Phil.
2282 5399 2358 5448 ιιι,
2391 5385 2468 5451 6),
2491 5390 2546 5438 et
2574 5381 2967 5438 amulatorem
3002 5383 3208 5440 divina
3258 5385 3414 5455 legis,
3462 5400 3563 5456 pa-

1869 5481 2285 5542 ternarumque
2331 5470 2703 5526 traditionum
2749 5486 2808 5527 se
2860 5485 3038 5541 supra
3075 5486 3208 5529 suos
3253 5481 3568 5531 coataneos

1867 5559 2153 5616 exstitisse
2183 5566 2581 5614 commemoret
2613 5558 2764 5623 (Gal.
2795 5577 2832 5627 l,
2880 5559 2986 5629 14),
3016 5567 3070 5615 et
3105 5560 3214 5618 hoc
3265 5563 3322 5617 in
3379 5562 3564 5618 adole-

3177 5659 3257 5716 19
