3914 6094
319 288 421 342 587

1206 283 1265 335 ν.
1307 279 1638 336 GUIBEBTI
1681 279 1971 334 ABBATlS
2010 239 2070 332 s.
2107 277 2347 335 manu
2385 279 2478 334 DE
2515 278 2916 335 novrcnnro

3719 281 3832 331 588

314 422 546 490 scentia,
593 420 650 476 in
694 433 812 489 qua
869 425 922 473 et
981 417 1053 471 ad
1113 416 1278 470 fidem
1333 422 1568 471 vocatus
1618 422 1722 480 est,
1794 416 2008 471 frustra
2042 419 2089 470 Α
2121 421 2244 483 post
2272 422 2502 484 peccata
2533 414 2604 468 ad
2635 428 2693 468 se
2738 412 3017 480 conversi,
3065 412 3137 467 ad
3185 412 3419 482 aliquod
3459 411 3836 483 perfectionis

315 511 613 583 putabitur
673 507 1030 578 postmodum
1092 505 1450 560 Christianus
1517 504 1791 570 amisisse,
1851 504 2005 572 quod

311 601 544 657 Judaus
569 597 920 651 observarat.

381 685 699 743 Estimatio
757 683 954 753 igitur,
1015 696 1146 750 qua
1219 680 1280 735 in
1333 687 1448 735 tam
1497 678 1705 734 celebri
1768 677 1909 733 urbe
1951 684 2006 732 et

313 776 476 833 urbis
516 773 656 838 loco,
689 769 940 826 Ecclesia
984 769 1245 824 videlicet
1276 771 1334 823 Β.
1378 767 1547 834 Petri,
1589 765 1700 822 sub
1743 773 1821 821 tot
1871 779 2006 834 pon-

312 863 528 919 tilicum
563 859 867 929 prudentia
897 857 1125 923 coaluit,
1167 856 1238 910 ad
1273 863 1497 910 certum
1530 854 1694 909 nobis
1740 853 2006 908 habenda

308 958 410 1007 est.
463 947 746 1004 Eusebius
793 945 1156 1001 Casariensis
1201 959 1334 999 cum
1384 943 1562 1013 hujus
1606 941 1857 1010 Apostoli
1911 940 2005 994 di-

237 1027 240 1030 λ
308 1046 466 1093 ctum
507 1037 575 1091 de
616 1041 883 1104 potestate
930 1033 1141 1088 sororis
1194 1031 1451 1088 mulieris
1501 1028 2002 1086 circumducenda

310 1127 366 1195 (Ι
400 1127 532 1179 Cor.
582 1138 658 1190 ix,
713 1123 762 1192 5)
798 1123 855 1176 in
910 1120 1289 1177 ecclesiastica
1343 1120 1593 1174 Historia
1644 1123 1998 1182 retractaret,

307 1227 557 1269 sororem
598 1211 1005 1266 absurdissime
1026 1209 1185 1264 Pauli
1221 1209 1365 1263 dixit
1404 1221 1664 1263 uxorem.
1707 1206 1868 1272 Quod
1901 1219 2003 1260 nos

308 1302 387 1357 ita
417 1300 756 1364 refutamus,
811 1299 958 1353 sicut
995 1297 1155 1363 illud,
1191 1296 1344 1366 quod
1377 1296 1449 1350 ad
1499 1295 1834 1365 Abagarum
1864 1293 1999 1362 Epi-

307 1389 506 1445 stolam
550 1386 842 1456 scripserit
889 1385 1187 1440 Dominus.
1221 1386 1292 1440 At
1323 1398 1458 1454 ergo
1497 1384 1747 1438 domnus
1787 1383 2003 1437 Paulus

306 1492 421 1533 non
448 1477 569 1531 sine
596 1489 654 1530 re
694 1476 751 1529 in
792 1475 915 1543 ipsa
962 1475 1086 1542 ejus
1131 1472 1363 1528 basilica
1407 1471 1761 1541 praponitur
1815 1471 1997 1525 Petro.

375 1652 625 1708 Castitas
652 1652 779 1721 post
808 1561 1526 1720 canitis/gallirveyzmum
1553 1645 1752 1719 magni
1781 1649 1866 1700 est
1895 1645 1998 1700 ha-

307 1739 504 1794 benda.
555 1768 624 1776 —
671 1736 976 1792 Sciendum
1027 1735 1173 1790 inter
1223 1735 1327 1790 has
1381 1734 1731 1804 virginitatis
1765 1733 2000 1800 ,laudes,

304 1826 715 1884 continentiam
746 1834 846 1880 aut
876 1831 999 1893 post
1046 1823 1404 1892 conjugium,
1450 1831 1550 1878 aut
1600 1831 1724 1892 post
1777 1821 2006 1891 lapsum

305 1916 530 1986 magnis
567 1914 763 1969 itidem
801 1911 983 1968 attolli
1025 1911 1227 1966 debere
1275 1911 1592 1980 praeconiis,
1643 1925 1773 1981 qua
1833 1909 2007 1965 tantis

302 2010 646 2060 muneratur
677 2001 925 2070 pramiis
957 2007 1174 2070 quanto
1222 1999 1544 2054 acrioribus
1588 1999 1656 2054 de
1705 1997 2005 2068 experien-

304 2094 382 2148 tia
410 2092 773 2161 voluptatum
797 2089 1128 2159 exagitatur
1175 2087 1474 2142 incendiis.
1525 2087 1647 2153 Quo
1681 2087 1832 2141 enim
1867 2099 2004 2156 gra-

301 2181 433 2235 vius
485 2176 754 2233 luctantis
792 2183 874 2231 est
906 2174 1190 2244 pralium,
1226 2175 1448 2245 gratius
1475 2182 1530 2230 et
1575 2174 1770 2244 gloria
1809 2173 2004 2243 sequi-

302 2272 399 2319 tur
431 2263 870 2328 incrementum,
905 2265 1031 2318 licet
1062 2263 1236 2318 nullis
1288 2261 1596 2318 sudoribus
1624 2262 1695 2316 ad
1735 2261 1862 2330 ejus
1903 2261 2004 2330 qui

302 2351 708 2407 immaculatus
737 2358 820 2406 est
863 2351 1058 2406 venire
1091 2350 1264 2419 possit
1311 2349 1654 2418 tripudium.
1706 2348 1857 2414 Quos
1899 2362 2004 2419 ego

302 2440 446 2496 duos
475 2440 724 2506 ordines,
757 2438 1008 2493 duorum
1049 2438 1278 2493 illorum
1310 2437 1525 2493 ducum
1572 2444 1706 2506 typo
1755 2435 2004 2491 arbitror

303 2541 466 2597 posse
521 2525 759 2596 intelligi
810 2526 1106 2596 ﬁguratos,
1169 2525 1346 2593 Moysi
1409 2525 1640 2592 scilicet,
1699 2532 1753 2579 et
1807 2525 1998 2592 Josue,

301 2630 448 2685 quos
502 2615 754 2670 Hebrais
821 2627 990 2668 nemo
1047 2612 1184 2667 olim
1237 2613 1476 2683 ambigit
1537 2627 1658 2667 esse
1718 2611 1998 2681 pralatos.

303 2703 538 2772 Moysen
594 2716 752 2772 ergo,
814 2715 984 2770 quem
1038 2700 1290 2755 duarum
1339 2701 1642 2771 conjugem
1693 2699 2000 2756 mulierum

304 2791 596 2856 novimus,
643 2797 873 2858 peccata
911 2789 1104 2843 carnis
1150 2795 1518 2857 expertorum
1574 2789 1726 2842 viam
1775 2789 2001 2858 signiti-

195 2901 200 2908 π
301 2892 432 2934 care
463 2879 788 2942 credamus,
817 2876 916 2946 qui
948 2876 1018 2931 de
1054 2877 1302 2946 ngypto
1347 2891 1480 2932 cum
1531 2875 1782 2931 ﬁliorum
1829 2876 1999 2931 Israel

298 2967 556 3022 exercitu
607 2965 852 3036 fugiens.
913 2965 1082 3034 aquis
1137 2965 1272 3020 hinc
1329 2965 1459 3020 inde
1505 2965 1790 3020 stantibus
1844 2978 1998 3019 mare
2035 2987 2077 3043 ρ
2109 2976 2312 3030 vinum
2384 2975 2771 3044 conceperint,

300 3054 525 3109 transiit
557 3054 817 3109 Rubrum
851 3052 1044 3123 (Exod.
1096 3067 1212 3119 xxv,
1249 3051 1358 3123 22),
1392 3053 1531 3122 quia
1577 3068 1709 3108 cum
1756 3053 1886 3122 quis
1939 3051 1998 3107 in

300 3157 542 3198 moerore
571 3149 626 3197 et
679 3142 929 3198 tenebris
962 3142 1163 3197 mundi
1221 3142 1437 3210 positus
1475 3142 1544 3196 de
1590 3157 1709 3198 sua
1758 3141 1998 3197 actionis

302 3231 555 3287 foeditate
586 3230 894 3296 erubescit,
917 3238 972 3286 et
997 3231 1264 3286 eumdem
1293 3231 1575 3285 mundum
1617 3229 1842 3296 deserit,
1875 3243 1998 3283 om-

299 3334 432 3375 nem
459 3333 632 3375 suum
660 3319 996 3388 cogitatum,
1030 3333 1201 3388 quem
1236 3318 1306 3372 ad
1347 3318 1444 3373 Dei
1488 3318 1764 3373 visionem
1814 3317 1997 3371 infor-

299 3415 438 3474 mat,
471 3407 639 3477 quasi
663 3405 972 3476 quemdam
1015 3405 1114 3460 Dei
1155 3405 1435 3475 populum
1467 3420 1659 3461 secum
1696 3405 1910 3471 ductat,
1943 3411 1999 3459 et

299 3497 406 3552 hoc
450 3508 552 3565 per
596 3508 754 3550 mare
806 3495 1090 3562 Rubrum,
1138 3495 1195 3549 id
1254 3501 1339 3550 est
1378 3507 1478 3564 per
1524 3493 1991 3560 amaritudinem,

298 3585 538 3640 multam
575 3583 984 3652 lacrymarum,
1015 3582 1230 3651 quibus
1257 3589 1487 3650 peccata
1517 3581 1621 3637 sibi
1655 3581 1840 3636 remiti
1869 3581 1997 3652 jcla-

297 3683 418 3730 mat
446 3674 640 3729 dicens
672 3689 683 3727 :
713 3672 923 3728 Libera
951 3689 1041 3726 me
1069 3671 1136 3727 de
1158 3671 1554 3743 sanguinibus,
1602 3674 1748 3725 Deus
1805 3670 1993 3741 (Psal.

297 3780 336 3831 ι,
372 3763 481 3834 16).
543 3762 723 3832 Cujus
772 3762 959 3816 undas
1009 3761 1175 3830 quasi
1237 3775 1433 3816 muros
1486 3760 1687 3815 dextra
1737 3759 1998 3829 lavaque

298 3852 469 3907 habet
516 3851 656 3920 quia
699 3851 820 3905 sive
885 3857 1155 3916 tentetur,
1211 3848 1332 3904 sive
1379 3849 1629 3919 quietem
1680 3863 1841 3903 mens
1897 3848 1997 3902 ha-

299 3939 448 4006 beat,
504 3938 752 4006 suspirio
803 3945 859 3992 et
919 3936 1203 4005 precibus,
1260 3945 1314 3992 et
1377 3938 1434 3991 in
1497 3936 1782 4006 prosperis
1828 3943 1882 3991 et
1938 3935 1997 3990 in

299 4025 556 4082 adversis
607 4024 768 4080 nulla
817 4038 1080 4094 unquam
1135 4024 1466 4081 remissione
1525 4025 1874 4094 pramunire
1940 4037 1998 4079 se

301 4121 500 4170 cessat.

371 4201 628 4268 Quarum
654 4200 951 4256 afﬂuentia
978 4200 1280 4271 ngyptiis,
1320 4200 1376 4256 id
1399 4208 1483 4256 est
1511 4199 1850 4256 criminibus
1868 4200 1996 4255 vita

2113 500 2403 573 fastigium
2437 505 2788 573 pertingunt,
2826 509 2888 557 ut
2932 501 3186 557 adversis
3227 501 3427 557 crebro
3459 510 3833 570 premantur.

2115 592 2254 661 quia
2303 592 2451 647 sicut
2498 606 2778 661 pauperes
2821 591 2924 660 qui
2963 598 3196 659 repente
3239 590 3497 660 quolibet
3528 590 3697 645 modo
3743 589 3835 644 di-

2114 687 2338 736 tescunt
2379 678 2545 735 facile
2577 679 2942 749 superbiunt,
3001 679 3082 734 sic
3111 679 3248 733 tales
3282 678 3389 734 nisi
3429 678 3657 734 assidue
3707 693 3833 747 pie

2114 765 2204 820 nis
2248 773 2508 821 terantur
2563 766 2844 821 cervicem
2871 764 3096 834 pristini
3129 763 3289 819 obliti
3324 766 3535 820 erroris
3565 765 3835 834 erigunt.

2114 853 2276 909 Unde
2312 862 2366 909 et
2395 867 2528 909 rara
2561 854 2871 924 minusque
2903 853 3182 908 diuturna
3211 851 3294 907 eis
3322 851 3838 920 contemplationis

2111 942 2298 998 virtus
2326 943 2593 1012 suppetit,
2631 956 2763 1012 qua
2794 941 2896 998 etsi
2941 939 3244 1010 aliquoties
3302 940 3412 995 sibi
3460 940 3831 1006 conceditur,

2112 1031 2184 1086 ad
2241 1031 2345 1085 hoc
2403 1031 2519 1086 ﬁeri
2572 1031 2843 1097 creditur,
2897 1039 2960 1085 ut
3013 1043 3145 1085 cum
3193 1029 3266 1084 ad
3329 1029 3531 1084 horam
3595 1029 3836 1084 caleste

2112 1119 2639 1189 quidpiam’mente
2686 1117 2999 1188 attigerint,
3039 1131 3143 1173 nec
3191 1124 3383 1172 tamen
3423 1117 3660 1187 quando
3727 1132 3838 1172 vo-

2112 1207 2324 1262 luerint
2357 1214 2480 1276 post
2509 1207 2871 1262 amissionem
2903 1207 2975 1260 ad
3023 1207 3210 1274 ipsum
3255 1205 3442 1260 redire
3501 1205 3828 1266 valuerint.

2112 1304 2341 1365 peccato
2380 1310 2486 1350 suo
2519 1297 2821 1364 imputent,
2855 1295 3010 1364 quod
3040 1294 3299 1349 videndis
3332 1294 3655 1349 calestibus
3712 1293 3833 1348 mi-

2110 1398 2222 1439 nus
2260 1384 2472 1439 valent.
2522 1384 2684 1450 Quod
2733 1398 2832 1453 per
2894 1382 3037 1438 illud
3090 1383 3357 1439 innuitur
3396 1383 3551 1452 quod
3595 1383 3830 1452 Moyses

2110 1481 2361 1527 montem
2402 1473 2779 1528 conscendere
2821 1472 3078 1540 jubetur,
3131 1485 3194 1527 ex
3245 1486 3362 1541 quo
3411 1479 3621 1526 terram
3686 1486 3823 1540 pro-

2111 1560 2396 1616 missionis
2439 1561 2874 1629 contempletur,
2922 1559 3013 1614 cui
3069 1567 3258 1615 tamen
3315 1559 3373 1614 in
3433 1573 3501 1614 ea
3553 1559 3828 1614 habitare

2111 1664 2226 1704 non
2287 1649 2477 1704 datur.
2539 1648 2879 1704 Sanctorum
2935 1648 3088 1703 enim
3144 1647 3500 1702 conversatio
3552 1647 3610 1700 in
3659 1647 3830 1701 melis

2122 1745 2207 1792 est
2237 1735 2414 1806 (Phil.
2474 1751 2552 1803 ιιι,
2604 1738 2716 1805 9.0).
2752 1735 2856 1791 Sed
2914 1735 2959 1790 si
3015 1749 3213 1790 omnes
3261 1734 3401 1789 illuc
3458 1733 3663 1788 ardent
3721 1747 3830 1803 per

2118 1829 2324 1886 mentis
2380 1829 2747 1896 desiderium,
2836 1842 2954 1882 non
3023 1835 3210 1882 tamen
3281 1841 3480 1882 omnes
3519 1827 3829 1897 aqualiter

2117 1918 2230 1972 illic
2262 1917 2523 1972 habitant
2549 1932 2648 1986 per
2675 1916 3170 1985 contemplationis
3202 1916 3440 1970 donum.

2183 2007 2361 2061 Josue
2387 2020 2484 2061 eos
2513 2005 2612 2076 qui
2640 2004 3043 2075 baptismalem
3063 2003 3368 2058 candorem
3406 2007 3828 2058 conservarant

2111 2091 2350 2148 indicat.
2378 2125 2446 2134 --
2479 2096 2548 2150 Et
2585 2096 2772 2160 Josue,
2821 2094 2923 2163 qui
2972 2094 3029 2148 in
3065 2092 3162 2148 Dei
3198 2090 3591 2158 tabernaculo,
3632 2091 3688 2145 id
3733 2099 3818 2146 est

2113 2181 2317 2236 militia
2357 2183 2696 2248 mansitans,
2729 2183 2837 2238 sub
2869 2183 3123 2252 quadam
3169 2182 3440 2252 virginali
3490 2182 3818 2236 reverentia

2110 2268 2372 2324 Mosaica
2439 2270 2752 2339 disciplina
2806 2269 3089 2324 indivisus
3147 2283 3371 2338 semper
3445 2269 3696 2335 inhaesit,
3762 2277 3819 2324 et

2110 2357 2256 2412 nulli
2283 2357 2572 2429 obligatus
2597 2357 2868 2428 conjugio
2918 2357 3120 2413 calebs
3149 2357 3392 2418 mansit,
3425 2358 3654 2423 horum,
3713 2357 3819 2426 qui

2109 2444 2434 2515 integritate
2464 2444 2736 2513 corporis,
2777 2452 2832 2499 et
2871 2444 3047 2498 animi
3103 2443 3332 2514 pollent,
3387 2453 3606 2513 gestare
3671 2443 3818 2497 mihi

2108 2533 2362 2594 creditur
2405 2532 2668 2589 formam.
2716 2533 2823 2598 Qui
2873 2532 3123 2588 secundo
3170 2532 3449 2601 populum
3500 2531 3819 2586 circumci-

2108 2621 2248 2676 dens
2279 2621 2494 2691 (utqui
2546 2622 2897 2690 baptismum
2945 2621 3145 2690 aliqua
3186 2620 3605 2675 maculaverint
3662 2619 3818 2682 labe,

2109 2724 2206 2765 eos
2284 2710 2604 2765 ostenderet
2683 2710 3092 2765 conscientiam
3179 2708 3530 2764 confessione
3603 2708 3820 2762 debere

2111 2797 2382 2868 purgare)
2437 2798 2508 2852 ad
2561 2797 2826 2853 Iordanis
2883 2797 3182 2852 introitum
3239 2797 3516 2852 ducatum
3583 2796 3820 2850 Israelis

2109 2887 2332 2956 accipit,
2365 2886 2504 2956 quia
2553 2887 2713 2952 tales,
2764 2887 2863 2956 qui
2907 2886 2982 2940 ab
3013 2886 3246 2941 ineunte
3289 2898 3412 2940 avo
3433 2898 3688 2939 amorem
3741 2884 3822 2938 di-

2854 2989 2987 3030 cum
3047 2973 3119 3028 ad
3172 2987 3373 3028 eorum
3447 2973 3810 3034 descensum,

2105 3062 2259 3132 quod
2288 3062 2552 3117 Iordanis
2590 3062 3021 3131 interpretatur,
3070 3060 3284 3116 scilicet
3341 3059 3413 3115 ad
3445 3059 3810 3130 c0gitatuum

2105 3163 2343 3205 suorum
2407 3149 2881 3214 humiliationem,
2936 3163 3049 3203 non
3110 3149 3312 3203 timore
3357 3147 3635 3212 criminis,
3713 3147 3816 3201 sed

2107 3236 2269 3306 regni
2327 3237 2603 3291 desiderio
2663 3236 3044 3304 pervenerint,
3106 3242 3295 3290 motus
3366 3234 3570 3289 mentis
3660 3238 3817 3287 3m

2105 3324 2475 3394 corporisque
2507 3325 2772 3393 impetus,
2800 3323 2966 3392 quasi
2992 3314 3136 3378 levis
3167 3322 3326 3392 vulgi
3374 3322 3593 3390 turbas,
3649 3321 3819 3390 spiri-

2109 3421 2199 3469 tus
2249 3413 2482 3482 imperio
2537 3411 2796 3482 protinus
2851 3411 3146 3466 addicunt.
3217 3412 3326 3465 Per
3386 3423 3572 3480 aquas
3641 3409 3815 3478 plane

2103 3501 2389 3564 Iordanis,
2416 3501 2511 3556 illa
2545 3514 2782 3570 prorsus
2811 3499 3062 3555 absurde
3105 3499 3469 3568 compunctio
3503 3498 3641 3552 mihi
3691 3511 3815 3552 Sen-

2107 3589 2298 3644 tienda
2349 3589 2594 3655 videtur,
2648 3602 2825 3657 quam
2877 3602 2991 3642 non
3037 3587 3332 3654 amaricat,
3388 3587 3569 3642 instar
3609 3588 3808 3653 maris,

2104 3677 2376 3732 facinoris
2409 3677 2718 3747 perpetrati
2747 3676 3052 3743 memoria;
3103 3675 3200 3730 sed
3248 3689 3424 3745 quam
3457 3674 3612 3729 omni
3671 3682 3816 3744 potu

2106 3765 2352 3835 ciboque
2402 3764 2891 3834 voluptuosiorem
2923 3763 3094 3819 efticit
3135 3764 3330 3819 aterni
3382 3763 3579 3834 gaudii
3616 3762 3816 3818 nanci-

2105 3852 2299 3908 scendi
2359 3852 2588 3908 fiducia.
2646 3852 2802 3918 Qua,
2846 3851 3021 3921 juxta
3084 3851 3332 3907 nominis
3381 3850 3811 3921 etymologiam,

2105 3941 2443 3996 diuturnam
2493 3941 2582 3995 sui
2664 3941 2974 3996 descensus
3021 3953 3240 3995 moram
3280 3939 3340 3994 in
3380 3939 3624 3994 convalli
3677 3939 3814 3992 vita

2106 4029 2269 4084 istius
2300 4029 2640 4098 illacrymat,
2664 4029 2762 4083 sed
2803 4035 2994 4083 tamen
3034 4042 3132 4097 spe
3175 4027 3400 4083 fructus
3460 4025 3811 4096 percipiendi

2104 4118 2314 4185 sapius
2354 4115 2606 4172 maxima
2630 4116 2914 4172 hilaritate
2939 4115 3271 4184 triumphat.

2177 4206 2285 4260 Iste
2333 4206 2522 4271 Iosue,
2585 4205 2723 4260 dum
2784 4205 2961 4274 hujus
3017 4204 3170 4259 beati
3209 4203 3468 4259 fluminis
3522 4203 3812 4272 profunda

300 4289 688 4346 anterioribus
723 4289 1054 4357 submersis,
1105 4291 1176 4345 ad
1207 4289 1573 4345 solitudinem
1617 4289 1843 4356 deserti,
1877 4289 1992 4344 sci-
2030 4281 2075 4335 Ῑ)
2106 4293 2366 4363 vestigat,
2423 4293 2722 4348 duodecim
2795 4295 3067 4361 pretiosos
3128 4291 3241 4347 illic
3300 4291 3511 4360 lapides
3569 4293 3806 4360 reperit,

300 4380 430 4435 licet
476 4378 898 4448 aliquantulam
950 4380 1138 4434 cordis
1184 4379 1564 4444 serenitatem,
1619 4377 1717 4433 ubi
1767 4378 1998 4433 remotis

299 4467 732 4524 urbanitatibus
772 4469 903 4533 Deo,
945 4468 1171 4537 sibique
1199 4469 1496 4522 vacantius
1537 4466 1710 4532 vivat,
1757 4466 1991 4522 accedit.

301 4557 387 4612 Ibi
419 4556 476 4610 in
506 4555 594 4611 sui
644 4555 820 4611 solius
866 4555 1012 4610 bello
1057 4563 1374 4623 occupatus
1418 4553 1829 4623 cogitationum
1880 4553 1990 4607 im-

298 4643 700 4713 portunitates,
748 4644 916 4712 quasi
960 4643 1120 4713 vulgi
1155 4642 1405 4697 enormis
1436 4642 1829 4713 querimonias
1854 4643 1994 4698 adeo

301 4746 510 4802 graves
533 4731 874 4800 plerumque
916 4733 1132 4800 patitur
1156 4739 1220 4786 ut
1258 4729 1366 4786 nisi
1395 4730 1468 4785 ad
1517 4729 1742 4786 Domini
1788 4744 1997 4785 oracu-

298 4822 442 4890 lum,
503 4821 561 4876 id
615 4826 697 4875 est
750 4819 1085 4887 orationem,
1145 4833 1293 4888 sape
1349 4825 1689 4886 recurreret,
1757 4819 1997 4874 tolerare

298 4910 418 4964 vim
471 4905 798 4963 tentationis
855 4905 1015 4961 nullo
1063 4907 1231 4960 modo
1279 4905 1583 4960 sufficeret.
1634 4904 1716 4960 Ibi
1777 4903 1996 4959 vitulus

298 4995 580 5068 superbia
635 4995 780 5050 clam
842 4995 957 5063 ipso
994 4994 1180 5049 factus
1212 4994 1474 5064 erigitur,
1519 4993 1616 5048 sed
1647 5007 1681 5047 a
1731 4992 1852 5047 suis
1889 5006 1991 5047 au-

300 5085 555 5141 ctoribus
575 5081 847 5138 continuo
877 5081 1274 5136 comminutus
1311 5079 1690 5135 consumitur.
1732 5079 1813 5134 Ibi
1849 5077 1997 5134 Beel-

300 5173 536 5242 phegor,
573 5170 627 5224 id
647 5177 732 5225 est
753 5170 996 5239 Priapus
1019 5169 1142 5224 dux
1174 5167 1424 5222 libidinis
1453 5167 1682 5222 furtiva
1709 5181 1740 5221 a
1771 5166 1993 5235 procaci

301 5259 494 5326 turba,
552 5259 644 5313 sed
700 5272 834 5312 mox
888 5256 1292 5326 propellendus
1345 5255 1688 5321 admittitur,
1747 5262 1800 5309 et
1857 5254 1994 5324 ipsa

299 5347 552 5402 victoria
594 5345 817 5415 quoties
863 5345 1247 5412 celebrantur,
1301 5359 1417 5400 non
1467 5344 1590 5398 sine
1627 5344 1837 5398 damno
1883 5343 1993 5412 ple-

302 5447 570 5502 rumque,
619 5440 674 5488 et
711 5433 1139 5502 aliquantulum
1179 5432 1485 5498 difficilius,
1534 5439 1857 5500 perpetrare
1898 5447 1993 5487 no-

300 5527 564 5577 scuntur.
616 5519 785 5576 Novit
820 5520 973 5576 enim
1007 5522 1157 5577 Deus
1188 5521 1399 5590 sapius
1435 5520 1702 5588 expedire
1740 5519 1830 5574 his
1867 5521 1990 5589 qui,

2101 4382 2240 4451 quia
2270 4381 2530 4436 videlicet
2560 4381 2698 4451 legis
2741 4381 3108 4450 Decalogum,
3151 4381 3236 4435 vel
3285 4381 3474 4449 potius
3531 4380 3807 4435 universa

2101 4469 2527 4538 Scripturarum
2569 4477 2867 4538 pracepta,
2900 4482 3030 4538 qua
3073 4483 3313 4524 numero
3347 4468 3538 4524 valent
3567 4469 3806 4524 denario

2102 4572 2206 4627 pro
2235 4559 2322 4613 sui
2349 4557 2688 4626 perfectione
2719 4557 2960 4626 signari,
2996 4557 3131 4612 solis
3160 4557 3388 4613 duobus
3418 4556 3614 4612 didicit
3644 4571 3810 4612 man-

2101 4646 2248 4702 datis
2266 4646 2563 4701 charitatis
2594 4646 2838 4714 impleri.
2884 4647 3027 4701 Cum
3071 4646 3226 4700 enim
3278 4644 3584 4714 cujuslibet
3642 4659 3806 4699 mens

2101 4735 2240 4790 adeo
2269 4734 2491 4790 sincera
2520 4735 2717 4791 crebro
2748 4734 3176 4805 compungitur,
3218 4734 3359 4789 nihil
3401 4734 3662 4790 invenias
3703 4736 3803 4790 ubi

2104 4831 2327 4879 tantum
2355 4822 2423 4877 de
2446 4823 2558 4877 Deo
2589 4823 2862 4877 discatur.

2175 4912 2272 4966 His
2301 4925 2438 4980 ergo
2487 4911 2719 4966 demum
2771 4909 3072 4980 purificata
3122 4910 3372 4975 ﬂuentis,
3419 4917 3628 4966 terram
3667 4925 3796 4980 pro-

2102 4997 2387 5053 missionis
2475 4998 2818 5068 ingreditur,
2893 4997 3034 5068 quia
3149 4999 3208 5052 iu
3303 4999 3802 5067 contemplationis

2099 5087 2307 5142 athere
2345 5087 2675 5152 constituta,
2709 5087 2872 5156 quasi
2907 5087 3176 5156 quadam
3203 5087 3410 5142 nobilis
3449 5086 3648 5156 aquila
3681 5089 3804 5142 sin-

2101 5174 2288 5246 gulari
2341 5174 2718 5244 amplitudine
2761 5175 3062 5243 spatiatur.
3120 5175 3272 5230 Talis
3319 5175 3491 5230 etiam
3551 5175 3803 5246 quisque

2099 5277 2214 5318 non
2246 5263 2431 5319 solum
2468 5278 2566 5332 per
2590 5277 2648 5317 se
2677 5263 2748 5318 ad
2781 5270 3004 5318 tantum
3036 5263 3264 5318 culmen
3293 5263 3580 5329 evehitur,
3623 5264 3721 5318 sed
3748 5272 3802 5320 et

2102 5363 2197 5418 per
2225 5363 2359 5404 eum
2387 5349 2516 5404 aliis
2545 5348 2742 5403 eadem
2773 5347 2958 5417 gratia
2987 5348 3334 5418 impertitur,
3363 5349 3503 5404 dum
3538 5349 3799 5418 plerum-

2101 5449 2235 5504 que,
2287 5449 2418 5504 qua
2455 5435 2570 5491 sint
2619 5435 2715 5490 illa
2761 5435 3098 5492 indefectiva
3161 5437 3372 5492 caelesti
3415 5437 3576 5506 regni
3622 5437 3792 5502 bona,

2102 5527 2357 5588 potenter
2406 5521 2656 5578 docendo
2700 5523 3020 5578 secundum
3080 5524 3454 5592 capacitatem
3509 5524 3794 5595 cujusque
