3928 6070
110 263 124 289 lt

109 262 214 313 589
1343 259 1752 316 OPUSCULUM
1797 260 1883 313 DE
1923 260 2392 317 VIRGINITATE.

3509 269 3614 321 590

102 391 386 447 auditoris
434 390 760 447 funiculum
809 388 1115 445 locutionis
1149 390 1486 462 exporrigit.
1541 390 1649 458 Qui
1716 397 1806 445 ta-
1842 392 1888 444 A
1917 404 2067 460 saepe
2097 399 2401 447 moventur
2432 391 2488 446 in
2540 389 2726 458 nobis,
2767 391 2848 446 sic
2892 398 3074 448 totum
3123 391 3268 448 illud
3313 394 3608 464 negotium

97 494 233 535 men
269 493 400 535 cum
431 479 690 534 omnium
722 478 1096 534 mediocritati
1129 479 1487 535 conformare
1518 493 1638 534 sese
1685 493 1799 534 non

95 568 359 638 despicit,
405 569 590 622 ardua
628 565 738 622 sibi
770 573 824 622 et
863 575 1156 634 montana,
1203 574 1268 622 ut
1315 567 1447 622 olim
1473 569 1662 633 Iosue,
1699 582 1801 636 pro

93 671 220 711 sua:
292 657 744 711 conversationis
801 655 1139 711 excellentia
1187 655 1364 726 eligit,
1425 663 1478 711 et
1516 655 1798 712 attribuit.

94 744 610 814 Impugnationum
643 743 978 798 discrimina
1006 743 1053 799 si
1083 743 1447 812 contigerint,
1481 743 1552 798 ad
1581 743 1801 800 felicem

95 832 251 888 illico
285 832 631 902 perveniunt
665 838 826 888 tanta
853 831 1149 888 alacritate
1182 832 1563 902 triumphum,
1613 846 1800 903 quan-

93 927 222 977 tum
257 919 420 976 nulla
444 920 774 990 virgineum
815 920 1050 977 ﬂamma
1079 921 1292 976 excitat
1335 922 1404 977 de
1435 920 1793 991 experientia

99 1009 418 1078 voluptatis
482 1007 770 1064 aﬂ‘ectum.
855 1009 970 1064 Etsi
1042 1009 1188 1064 bella
1254 1009 1602 1080 frequentia,
1666 1023 1801 1065 rara

91 1097 443 1152 omnimodis
477 1097 573 1152 tibi
594 1097 823 1163 damna,
851 1097 1012 1152 nulla
1041 1096 1362 1153 murmuris
1378 1098 1670 1166 memoria,
1697 1113 1803 1156 nec

90 1187 164 1242 de
197 1199 464 1256 regressu
497 1185 552 1239 in
582 1185 897 1255 IEgyptum
929 1185 1128 1241 crebro
1155 1185 1267 1242 sub
1299 1186 1486 1256 Moyse
1513 1196 1803 1243 reversata

87 1272 312 1329 fabula.
348 1273 522 1340 Bella,
558 1275 821 1343 inquam,
863 1273 965 1328 etsi
998 1273 1252 1342 assidua,
1284 1273 1406 1344 jam
1437 1288 1549 1329 non
1594 1275 1799 1332 adver-

89 1375 196 1417 sus
236 1361 430 1416 carnis
478 1360 761 1428 incendia,
796 1360 890 1416 sed
940 1369 1139 1416 contra
1180 1375 1247 1416 ea
1278 1373 1408 1431 qurc
1442 1363 1802 1420 extrinsecus

91 1448 311 1520 inﬂigit
362 1449 684 1519 principum
739 1449 886 1505 aeris
937 1450 1112 1520 hujus
1152 1449 1472 1520 spiritualis
1519 1453 1797 1521 nequitia.

94 1537 232 1592 Haec
291 1552 394 1592 nos
441 1552 558 1593 non
601 1538 989 1606 comparando
1041 1545 1105 1594 ut
1153 1539 1398 1594 alterum
1453 1538 1613 1594 alteri
1666 1553 1803 1608 prae-

94 1625 383 1681 ferremus
430 1626 679 1681 duorum
733 1625 942 1681 horum
992 1625 1266 1694 diximus,
1316 1626 1412 1682 sed
1468 1635 1529 1682 ut
1577 1627 1800 1698 aliquid

95 1720 298 1769 nostro
357 1713 517 1786 Operi
569 1713 638 1769 de
697 1721 953 1770 veterum
1000 1714 1172 1785 gestis
1221 1715 1406 1784 typice
1454 1723 1800 1773 attexamus.

763 1802 995 1859 CAPUT
1037 1803 1156 1860 VII.

177 1892 300 1956 Quo
327 1890 494 1946 modo
516 1890 879 1963 generationi
906 1891 1289 1946 intendissent
1314 1890 1497 1963 primi
1529 1894 1808 1963 parentes

95 1978 156 2032 si
209 1991 331 2034 non
375 1983 723 2051 peccassent.
775 2010 843 2020 —
899 1979 1005 2034 Sed
1059 1980 1206 2035 inter
1265 1981 1371 2036 ista
1419 1981 1628 2050 optime
1670 1980 1807 2036 satis

100 2076 316 2123 nostrm
347 2069 597 2124 occurrit
630 2068 918 2124 memoriae
952 2067 1128 2123 creati
1158 2067 1426 2136 hominis,
1460 2067 1507 2123 si
1547 2068 1604 2123 in
1633 2083 1802 2137 para-

101 2155 228 2211 diso
267 2163 701 2226 perseverasset,
746 2156 936 2226 qualis
975 2158 1111 2223 vita,
1157 2157 1269 2210 imo
1316 2171 1383 2212 ex
1424 2157 1668 2226 conjuge
1697 2156 1805 2210 sibi

101 2240 263 2308 data,
301 2241 489 2311 qualis
521 2241 716 2297 futura
753 2250 896 2297 esset
937 2243 1291 2313 propagatio,
1333 2243 1378 2297 si
1426 2243 1547 2298 sine
1577 2250 1806 2310 peccato

102 2329 377 2384 conditus
429 2330 702 2396 creditur,
764 2337 819 2384 et
871 2330 992 2384 sine
1042 2330 1252 2385 damno
1309 2331 1483 2386 totius
1537 2344 1656 2385 sua:
1708 2330 1803 2384 bo-

102 2431 196 2471 na:
229 2417 486 2487 originis,
513 2432 643 2487 quae
671 2417 778 2472 nisi
811 2431 909 2486 per
931 2424 1224 2487 peccatum
1257 2433 1369 2472 non
1395 2418 1610 2488 patitur
1641 2418 1808 2473 dam-

102 2521 250 2562 num
303 2507 586 2573 victurus,
631 2506 718 2561 vel
767 2507 879 2562 Deo
908 2507 1204 2573 obedisset,
1259 2507 1306 2562 si
1347 2521 1459 2562 non
1501 2512 1805 2576 peccasset,

104 2594 436 2664 perenniter
465 2602 626 2661 esset,
671 2602 726 2649 et
781 2594 928 2649 felici
977 2594 1465 2664 locijucuuditate
1499 2594 1804 2661 fruiturus,

105 2697 211 2752 pro
261 2690 413 2738 certo
444 2687 614 2738 etiam
663 2691 717 2738 et
760 2684 881 2738 sine
928 2691 1157 2752 peccato
1206 2690 1617 2753 generaturum
1674 2697 1806 2737 con-

107 2772 361 2827 Stitisset.
409 2771 462 2826 Si
496 2780 684 2828 tamen
729 2771 916 2828 dicere
959 2772 1296 2839 audeamus,
1331 2771 1485 2841 quod
1527 2770 1674 2838 talis,
1709 2771 1808 2826 tali

105 2860 164 2914 in
220 2860 362 2928 loco,
410 2877 442 2912 a
496 2861 708 2916 talibus
757 2875 990 2930 quoque
1045 2860 1304 2930 personis
1341 2860 1595 2916 exerceri
1636 2872 1810 2928 opera

1912 479 1973 534 in
2033 479 2193 535 nullo
2267 479 2622 549 patrantium
2698 479 2961 536 animum
3017 494 3412 555 carnemvea
3461 483 3608 540 bono

1912 566 2168 636 quolibet
2222 566 2432 623 affectu
2482 567 2823 635 detraheret,
2883 575 2936 624 et
3003 567 3153 624 sicut
3212 568 3272 623 in
3319 568 3608 640 gignendo

1912 653 2073 709 nulla
2141 654 2447 725 utrobique
2491 655 2885 711 dominaretur
2940 656 3144 725 passio,
3201 657 3283 712 sic
3332 657 3388 712 in
3436 666 3608 727 partu

1911 741 2138 798 nullum
2170 743 2422 799 dolorem
2456 744 2734 799 incuteret
2767 742 2988 800 effusio.

1989 831 2152 884 Unde
2183 831 2468 903 originale
2506 834 2825 901 peccatum.
2875 863 2944 871 —
2990 832 3131 888 Inde
3176 833 3296 903 jam
3337 833 3606 903 prolapsa

1910 933 2012 988 per
2057 933 2223 975 suam
2267 920 2706 976 inobedientiam
2751 921 2973 991 origine
3015 928 3182 978 vetus
3233 921 3374 978 illud
3415 936 3609 992 pecca-

1911 1014 2057 1072 tum,
2090 1021 2124 1061 a
2152 1007 2489 1076 parentibus
2520 1008 2574 1062 in
2624 1022 2740 1074 eos,
2771 1008 2872 1078 qui
2921 1016 3244 1065 nascuntur
3285 1024 3358 1065 ex
3399 1025 3611 1067 concu-

1910 1095 2063 1150 bitus
2093 1095 2384 1164 voluptate
2415 1095 2743 1152 devolvitur
2790 1104 2850 1151 ut
2901 1110 3119 1165 semper
3160 1097 3372 1152 veteris
3412 1098 3607 1153 damni

1911 1181 2351 1239 immensitatem
2377 1198 2447 1240 ex
2481 1185 2646 1239 novis
2675 1191 2728 1238 et
2763 1183 3111 1252 quotidianis
3140 1185 3260 1239 suis
3297 1186 3611 1255 corruptio-

1908 1271 2081 1327 nibus
2129 1271 2296 1327 homo
2336 1271 2676 1326 miserabilis
2722 1278 2935 1340 penset,
2982 1279 3037 1326 et
3088 1271 3348 1327 intimam
3398 1272 3607 1328 animae

1910 1359 2188 1415 vilitatem
2221 1374 2294 1414 ex
2330 1359 2582 1428 corporis
2623 1366 2737 1414 tam
2779 1358 3010 1413 sordida
3053 1359 3447 1426 procreatione
3490 1373 3612 1430 per-

1913 1447 2152 1516 pendat;
2184 1455 2238 1502 et
2257 1448 2375 1517 jam
2409 1446 2607 1502 saltem
2635 1460 2758 1501 sero
2791 1445 2977 1510 malis,
3009 1447 3181 1501 etiam
3211 1461 3340 1516 quae
3371 1446 3609 1502 minima

1911 1543 2096 1605 putat,
2164 1534 2489 1590 voluntarie
2553 1549 2612 1590 se
2672 1533 3030 1603 pertimescat
3090 1534 3445 1604 immergere,
3477 1547 3612 1590 cum

1912 1624 2168 1678 maxima
2198 1623 2374 1679 soleat
2421 1622 2662 1678 aediﬁcia
2703 1622 3042 1691 permodicae
3089 1623 3429 1691 quantitatis
3467 1623 3614 1677 scin—

1915 1712 2054 1779 tilla,
2109 1713 2152 1767 si
2204 1711 2352 1768 male
2403 1712 2685 1778 foveatur,
2738 1723 3003 1765 exurere.
3035 1710 3252 1766 Idcirco
3302 1725 3421 1766 suae
3451 1710 3614 1766 vitia-

1915 1809 1983 1856 tae
2021 1800 2354 1870 propaginis
2391 1814 2506 1854 non
2539 1801 2778 1869 ignarus
2808 1798 2988 1852 David
3009 1799 3389 1867 conqueritur
3411 1798 3470 1853 in
3501 1798 3612 1854 ini-

1914 1889 2236 1957 quitatibus
2275 1903 2333 1944 se
2381 1895 2720 1956 conceptum
2762 1886 2952 1956 (Psal,
3000 1901 3051 1951 L,
3085 1885 3160 1956 7),
3203 1893 3259 1941 et
3288 1900 3347 1940 se
3385 1886 3612 1956 aspergi

1914 1977 2009 2032 illo
2041 1978 2302 2046 hyssopo,
2337 1977 2436 2046 qui
2469 1991 2572 2031 nos
2618 1974 2928 2030 humilitati
2967 1989 3089 2030 suae
3123 1972 3442 2030 informans
3473 1974 3610 2044 pul-

1915 2078 2142 2119 monem
2194 2064 2435 2119 tumoris
2475 2063 2736 2132 expians,
2769 2075 2976 2118 sanum
3006 2076 3122 2116 ιῃοδ
3163 2075 3362 2131 sapere
3393 2062 3607 2127 docuit,

1916 2151 2182 2221 postulat,
2229 2158 2284 2206 et
2331 2164 2390 2206 se
2448 2150 2623 2206 lotum
2666 2150 3007 2219 baptismate
3057 2149 3302 2218 gloriosa
3345 2163 3615 2218 praesum-

1914 2240 2104 2309 ptione
2133 2246 2372 2294 testatur
2401 2252 2571 2307 super
2603 2237 2793 2293 nivem
2829 2236 3088 2306 protinus
3115 2237 3369 2292 dealbari
3413 2235 3609 2308 (Ibid.,

1914 2328 2011 2397 ιχ).
2044 2327 2124 2382 Ad
2157 2327 2264 2382 hoc
2297 2327 2495 2395 primm
2525 2340 2645 2381 suae
2675 2325 2978 2381 creationis
3006 2325 3236 2380 initium
3288 2324 3466 2394 hujus
3510 2340 3612 2381 no-

1916 2417 2048 2472 bilis
2079 2415 2311 2470 virtutis
2336 2415 2644 2483 respondet
2672 2415 2930 2482 intentio,
2963 2428 3094 2484 quae
3116 2413 3254 2468 dum
3289 2414 3506 2483 majora
3526 2428 3604 2480 se,

1915 2513 1970 2560 et
2020 2519 2151 2574 quae
2201 2503 2259 2558 in
2311 2504 2575 2572 przesenti
2630 2502 2900 2572 consequi
2960 2501 3212 2572 plenarie
3268 2515 3382 2556 non
3437 2499 3611 2567 valet,

1917 2597 2063 2647 την
2109 2590 2478 2647 laudabiliter
2515 2591 2844 2657 aemulatur,
2884 2589 3160 2660 quiddam
3195 2589 3340 2644 inter
3389 2595 3617 2643 caetera-

1916 2694 2048 2736 rum
2109 2679 2394 2734 virtutum
2452 2679 2662 2748 glorias
2711 2678 3008 2748 singulare
3077 2677 3286 2732 habere
3340 2682 3610 2731 meretur.

1917 2769 2063 2824 Dum
2096 2767 2251 2824 enim
2280 2767 2509 2823 avidius
2538 2767 2859 2837 insequitur
2906 2765 3048 2820 illud
3098 2765 3254 2835 quod
3298 2765 3609 2833 perdidisse

1916 2857 1976 2911 in
2045 2856 2307 2926 patribus
2363 2871 2421 2911 se
2500 2854 2717 2922 recolit,
2799 2853 3091 2910 efficacius
3175 2853 3392 2909 invenit
3457 2853 3612 2922 quod

105 2955 316 3018 posset.
363 2948 467 3004 Sed
498 2949 545 3004 si
590 2963 702 3004 non
746 2949 1073 3020 generaturi
1115 2949 1171 3002 in
1221 2949 1336 3015 illo,
1389 2948 1810 3018 qualiscunque
1847 2966 1890 3022 ο
1921 2945 2116 3001 nullus
2212 2944 2558 3000 dissimiliter
2657 2957 2907 3013 querens
3007 2941 3269 2998 similiter
3369 2940 3608 3010 adipisci

107 3037 230 3106 ipse
304 3044 467 3104 esset,
534 3037 654 3092 loco
721 3037 1017 3104 dicantur;
1080 3044 1135 3092 et
1209 3037 1315 3092 hoc
1379 3037 1808 3104 commercium,

107 3125 267 3194 quod
324 3125 491 3180 modo
549 3139 784 3194 prorsus
833 3131 1132 3194 reputatur
1178 3124 1566 3191 immundum,
1613 3138 1648 3179 a
1693 3132 1808 3180 tam

106 3213 344 3269 mundis
375 3228 489 3269 non
524 3213 780 3270 ﬂendum
811 3215 1115 3281 astruitur,
1150 3213 1347 3269 fabula
1373 3227 1494 3269 esse
1519 3213 1811 3269 videbitur

106 3303 292 3357 Deum
344 3301 605 3358 homines
647 3301 810 3368 duos,
860 3308 924 3358 ut
963 3301 1078 3356 duo
1119 3301 1223 3357 soli
1263 3301 1363 3357 toti
1402 3309 1568 3358 terrae
1610 3314 1812 3370 praes-

103 3397 253 3455 sent,
285 3403 524 3457 creasse,
559 3388 774 3445 frustra
802 3389 972 3445 etiam
1004 3390 1084 3445 eis
1106 3388 1345 3444 crescite
1381 3391 1432 3443 et
1451 3387 1810 3460 multiplica-

101 3477 254 3532 mini
280 3479 506 3533 dixisse.
541 3477 704 3548 (Gen.
737 3494 774 3545 ι,
811 3478 918 3546 28).

175 3565 304 3621 Etsi
328 3568 716 3638 generassent,
750 3565 1002 3638 virgines
1036 3563 1412 3620 nihilominus
1452 3563 1808 3636 permansis-

105 3660 258 3710 sent.
308 3683 378 3695 —
428 3654 532 3710 Sed
583 3654 722 3724 quia
775 3654 923 3710 mira
970 3661 1055 3710 est
1091 3654 1422 3710 absurditas
1469 3653 1524 3709 id
1575 3653 1808 3720 sentire,

104 3744 482 3799 intendamus
534 3743 668 3812 quis
719 3743 922 3798 modus
958 3742 1270 3814 generandi
1316 3749 1481 3808 esset,
1532 3741 1634 3812 qui
1691 3742 1812 3797 sine

105 3831 337 3902 piacqu
370 3831 567 3902 peragi
613 3839 815 3900 posset.
865 3831 1039 3887 Nulla
1081 3829 1393 3886 assertione
1431 3829 1666 3900 indiget,
1703 3829 1811 3885 ho-

105 3921 324 3975 minem
355 3921 572 3990 absque
617 3919 804 3975 delicti
846 3918 1110 3990 contagio
1155 3919 1199 3974 si
1240 3925 1498 3974 creatum
1545 3918 1808 3974 dicimus.

107 4006 162 4062 Si
186 4007 312 4063 sine
331 4008 484 4063 omni
509 4006 681 4073 malo,
703 4021 839 4077 ergo
860 4014 914 4062 et
933 4007 1124 4062 carnis
1144 4007 1398 4074 stimulo,
1424 4008 1576 4076 quod
1594 4006 1808 4061 malum

110 4103 213 4161 est,
249 4095 480 4164 penitus
521 4094 728 4150 caruit.
779 4093 835 4150 Si
875 4095 1095 4150 carnali
1150 4103 1310 4152 motu
1358 4095 1564 4158 caruit,
1613 4092 1812 4163 procul

112 4182 312 4248 dubio,
391 4183 437 4238 si
493 4183 669 4239 verbo
723 4183 820 4238 Dei
878 4184 1181 4253 paruisset,
1256 4182 1603 4239 zeternaliter
1652 4182 1812 4252 virgo

114 4247 442 4328 mansurus
461 4271 586 4339 fuit,
615 4279 668 4327 et
701 4247 898 4327 tamen
923 4271 1104 4327 multo
1136 4247 1444 4341 plusquam
1490 4270 1654 4341 virgo
1684 4247 1808 4339 hic;
1849 4247 1894 4301 D

116 4373 149 4415 a
178 4360 510 4430 virginibus
533 4361 685 4415 enim
720 4360 900 4416 multo
929 4373 1036 4415 sua
1071 4359 1280 4416 sudore
1307 4359 1572 4428 voluptas
1606 4359 1812 4414 restin-

115 4449 336 4520 guitur.
371 4449 516 4504 Huic
543 4463 732 4519 neque
763 4449 918 4518 quod
950 4455 1209 4515 tentaret,
1263 4462 1450 4518 neque
1480 4447 1574 4502 cui
1614 4449 1812 4504 tentati

114 4537 304 4592 resisti
341 4544 642 4606 oporteret,
686 4535 892 4602 inerat,
943 4536 1038 4592 sed
1070 4550 1283 4592 novum
1327 4535 1502 4604 istud,
1541 4543 1595 4591 et
1624 4535 1817 4605 singu-

116 4624 238 4681 lare
284 4624 498 4680 mirum
530 4623 813 4695 virginem
845 4624 1059 4680 scilicet
1094 4624 1275 4679 Adam
1306 4638 1599 4695 generare,
1634 4622 1813 4693 virgi-

116 4728 250 4770 nem
305 4713 518 4768 scilicet
563 4710 758 4767 Evam'
802 4727 1022 4783 parere.
1080 4713 1240 4768 Unde
1293 4720 1348 4768 et
1391 4712 1530 4768 illud
1581 4713 1813 4768 beatum

119 4816 412 4871 superque
456 4815 682 4856 omnem
733 4800 1034 4857 hominum
1095 4815 1226 4870 quae
1271 4815 1429 4855 nunc
1469 4814 1590 4856 esse
1643 4800 1816 4869 possit

120 4889 534 4945 beatitudinem
568 4889 700 4945 felix
729 4889 1007 4944 saeculum
1041 4888 1256 4954 fuisset,
1299 4889 1345 4943 si
1387 4880 1606 4954 fuisset,
1649 4887 1816 4957 quasi

121 4978 273 5032 enim
303 4992 418 5032 non
452 4977 580 5045 fuit,
615 4977 768 5047 quod
802 4977 858 5032 in
904 4977 1026 5046 ipso
1073 4991 1176 5032 suo
1219 4975 1497 5046 principio
1534 4991 1665 5031 cum
1697 4990 1817 5032 esse

123 5065 378 5135 creperit,
437 5079 560 5120 esse
605 5066 902 5121 destiterit.
951 5065 1182 5121 Certum
1238 5079 1375 5120 sane
1425 5065 1672 5120 habetur
1722 5065 1818 5119 illa

122 5153 404 5220 membra,
440 5168 570 5223 qua:
603 5153 912 5223 generandi
953 5153 1185 5222 explent
1227 5153 1433 5220 ofticia,
1473 5153 1595 5207 sine
1637 5167 1818 5222 pravo

123 5242 314 5319 calore
356 5256 470 5296 non
506 5241 686 5297 solere
729 5241 966 5308 moveri,
1001 5249 1304 5310 motusque
1340 5241 1481 5308 iUos,
1529 5255 1673 5311 quos
1697 5241 1818 5311 jam

123 5329 382 5400 patimur
433 5328 743 5396 naturales,
807 5328 930 5384 sine
996 5336 1226 5398 peccato
1279 5343 1394 5383 non
1453 5342 1616 5398 posse
1676 5328 1816 5396 fieri,

124 5417 284 5488 quod
311 5423 492 5472 totum
521 5416 602 5471 sic
631 5429 698 5470 ac
728 5415 893 5470 nobis
920 5423 1058 5471 tunc
1087 5415 1352 5485 Ialienum
1381 5415 1542 5482 foret,
1577 5421 1642 5470 ut
1671 5416 1821 5470 sicut

124 5519 224 5574 pes
271 5512 374 5560 aut
420 5517 648 5572 manus,
689 5518 790 5560 seu
837 5503 935 5559 alii
977 5503 1220 5574 quilibet
1266 5511 1447 5570 artus,
1488 5503 1822 5559 innocenter

1921 3034 2114 3103 possit.

1989 3121 2134 3177 Illud
2188 3120 2381 3176 itidem
2458 3119 2924 3190 contemplantur
2978 3118 3081 3190 qui
3139 3117 3273 3173 huic
3331 3116 3616 3186 proposito

1920 3211 2304 3276 adhaeserunt,
2343 3208 2498 3279 quod
2549 3208 2608 3264 in
2642 3222 2710 3264 ea
2752 3207 3001 3265 hominis
3045 3213 3225 3276 parte,
3259 3205 3350 3262 cui
3385 3205 3613 3275 proprie

1921 3296 2020 3352 Dei
2047 3296 2234 3366 imago
2264 3295 2542 3364 impressa
2579 3301 2681 3362 est,
2718 3295 3018 3365 integritas
3046 3293 3313 3363 quaedam
3347 3301 3402 3348 et
3430 3305 3617 3363 ange-

1918 3385 2030 3441 lica
2057 3391 2249 3440 manet
2277 3382 2593 3450 sinceritas,
2645 3396 2820 3451 quam
2864 3382 2995 3438 licet
3039 3395 3268 3451 corpus,
3299 3381 3456 3451 quod
3485 3394 3618 3435 cor-

1919 3472 2232 3542 rumpitur,
2274 3477 2552 3541 aggravet
2593 3470 2754 3540 (Sap.
2811 3484 2889 3536 1x,
2941 3468 3051 3540 t5),
3095 3476 3150 3525 et
3189 3476 3418 3524 terrena
3447 3467 3615 3522 inha-

1919 3561 2118 3618 bitatio
2159 3560 2466 3629 deprimat,
2506 3558 2650 3613 nihil
2704 3565 2893 3613 tamen
2941 3566 3025 3613 est
3068 3557 3224 3627 quod
3253 3571 3380 3612 eam
3423 3570 3457 3611 a
3498 3569 3619 3610 cor-

1921 3663 2055 3720 pore
2080 3663 2185 3704 suo
2217 3647 2459 3702 liberam
2498 3652 2672 3702 tentet
2706 3653 2808 3702 aut
2851 3645 2923 3700 ad
2961 3645 3102 3701 vitia
3139 3645 3331 3700 carnis
3371 3644 3612 3700 ulterius

1920 3737 2190 3793 inflectat.
2247 3735 2356 3790 Sed
2401 3742 2522 3790 tota
2568 3733 2906 3805 angelorum
2945 3732 3356 3788 cohabitationi
3405 3730 3615 3786 habilis

1919 3823 2138 3892 effecta,
2174 3823 2246 3878 ad
2271 3837 2444 3878 suum
2478 3821 2788 3891 purissima
2825 3820 3014 3877 evolat
3049 3820 3442 3888 Conditorem;
3487 3832 3614 3874 eam

1919 3913 2074 3968 enim
2123 3925 2300 3981 quam
2344 3917 2618 3966 aeternam
2670 3910 2859 3965 Deitas
2906 3917 2960 3965 et
3022 3910 3416 3978 incorpoream
3465 3907 3614 3973 fecit,

1923 4015 2037 4056 non
2068 4008 2149 4055 est
2179 3998 2460 4054 immerito
2489 3997 2642 4068 quod
2668 4012 2794 4052 eam
2825 4011 2930 4053 sua
2970 3997 3195 4067 proprie
3244 3995 3618 4052 similitudine

1924 4087 2256 4160 insignitam
2317 4086 2582 4142 dixerim.
2656 4086 2784 4142 Vim
2834 4086 3012 4156 igitur
3066 4098 3185 4139 suae
3241 4081 3478 4138 rationis
3544 4081 3618 4137 ad

1923 4178 2130 4233 animae
2191 4183 2461 4232 naturam
2525 4189 2684 4230 mens
2736 4188 2985 4244 quaeque
3032 4171 3329 4228 munditiae
3396 4171 3613 4226 intenta

1924 4264 2220 4331 convertit,
2256 4269 2329 4330 et,
2362 4263 2502 4318 dum
2527 4262 2636 4318 sibi
2674 4263 2733 4317 in
2768 4277 2827 4317 se
2867 4262 2992 4330 ipsa
3021 4259 3318 4329 exemplar
3356 4257 3616 4328 proposi-

1925 4360 2044 4409 tum
2074 4352 2349 4422 agnoscit,
2377 4359 2432 4406 et
2461 4365 2518 4406 se
2545 4349 2606 4405 in
2639 4350 2884 4416 duobus,
2919 4349 3097 4405 altero
3128 4347 3363 4418 quidem
3414 4346 3612 4400 intimo

1923 4448 1978 4497 et
2023 4439 2494 4509 corruptibilibus
2534 4437 2833 4509 indigenti,
2883 4437 3060 4492 altero
3111 4434 3399 4506 spirituali
3441 4441 3496 4488 et
3542 4433 3617 4488 ad

1923 4537 2137 4586 aeterna
2172 4527 2402 4585 tendere
2440 4527 2686 4594 debenti,
2720 4534 2982 4581 constare
3029 4524 3290 4589 attendit,
3341 4529 3523 4577 totum
3555 4534 3614 4576 se

1923 4617 2144 4673 meliori
2193 4615 2342 4685 parti
2383 4614 2620 4682 confert,
2675 4621 2730 4669 et
2767 4614 2838 4668 ad
2895 4626 3021 4668 eam
3066 4611 3160 4667 cui
3199 4609 3383 4680 magis
3435 4607 3617 4678 gloria

1922 4703 2480 4774 incorruptibilitatis
2550 4701 2812 4771 pertinet,
2889 4714 3067 4770 quam
3126 4699 3289 4754 nulla
3363 4695 3615 4765 corporei

1925 4795 2124 4851 ﬂuxus
2153 4791 2432 4863 fragilitas
2461 4790 2696 4857 obsidet,
2732 4789 3038 4859 imperium
3073 4787 3163 4843 sui
3200 4785 3375 4842 totius
3405 4785 3616 4854 optime

1923 4881 2294 4939 discernendo
2356 4882 2644 4935 transfert.
2697 4877 2908 4932 Anima
2971 4889 3173 4945 nempe
3246 4873 3358 4929 nisi
3423 4871 3614 4928 carnis

1924 4971 2157 5028 mollitie
2216 4970 2522 5036 laberetur,
2586 4975 2640 5022 et
2703 4975 2872 5022 extra
2925 4979 3134 5035 corpus
3207 4975 3433 5032 semper
3497 4974 3618 5016 esse

1925 5060 2135 5126 liceret,
2170 5058 2228 5113 in
2261 5073 2378 5128 quo
2407 5057 2478 5111 ab
2528 5054 2748 5125 angelis
2777 5053 3053 5108 distaret?
3097 5051 3246 5114 Quid
3283 5063 3351 5106 ea
3395 5047 3614 5118 parius,

1927 5149 2068 5219 quid
2118 5145 2400 5217 integrius
2445 5151 2588 5199 esset
2633 5142 2954 5197 secundum
3003 5139 3310 5210 quemdam
3377 5135 3613 5192 modum

1927 5250 2043 5291 non
2089 5235 2272 5290 video.
2303 5233 2386 5289 Ad
2428 5232 2537 5286 hoc
2582 5245 2718 5301 ergo
2763 5244 2936 5284 suum
2968 5226 3338 5296 corruptibile
3370 5225 3619 5295 quisque

1927 5323 2059 5394 pius
2090 5323 2346 5387 inclinat,
2384 5328 2448 5376 ut
2479 5319 2642 5389 quasi
2676 5318 2810 5374 duci
2845 5314 3242 5388 perspicaciori
3295 5313 3620 5382 meliusque

1929 5419 2156 5468 sensato
2186 5407 2621 5477 incorruptibili-
2640 5422 2766 5474 suo,
2797 5406 2904 5461 hoc
2932 5413 3015 5460 est
3046 5400 3273 5472 spiritui
3305 5399 3620 5472 regendum

1928 5499 2211 5570 subjiciat.
2269 5500 2439 5553 Recta
2495 5492 3189 5565 itaque'considerationc
3232 5489 3300 5545 ad
3355 5486 3623 5543 imitatio-
