  <div class='ocr_page' id='page_1' title='image "/cluster/home/n/w/nwhite01/storage/ocr_20150623/156/hvd.32044054760145/301.png"; bbox 0 0 3928 6070; ppageno 0'>
   <div class='ocr_carea' id='block_1_1' title="bbox 326 282 428 335">
    <p class='ocr_par' dir='ltr' id='par_1_1' title="bbox 326 282 428 335">
     <span class='ocr_line' id='line_1_1' title="bbox 326 282 428 335; baseline -0.02 0"><span class='ocrx_word' id='word_1_1' title='bbox 326 282 428 335; x_wconf 73' lang='lat'><strong>59!</strong></span> 
     </span>
    </p>
   </div>
   <div class='ocr_carea' id='block_1_2' title="bbox 1213 277 2943 335">
    <p class='ocr_par' dir='ltr' id='par_1_2' title="bbox 1213 277 2943 335">
     <span class='ocr_line' id='line_1_2' title="bbox 1213 277 2943 335; baseline 0.001 -5"><span class='ocrx_word' id='word_1_2' title='bbox 1213 278 1274 332; x_wconf 91' lang='lat' dir='ltr'><strong>V.</strong></span> <span class='ocrx_word' id='word_1_3' title='bbox 1315 277 1657 335; x_wconf 72' lang='lat' dir='ltr'><strong>GUIBERTI</strong></span> <span class='ocrx_word' id='word_1_4' title='bbox 1698 279 1990 334; x_wconf 82' lang='lat' dir='ltr'><strong>ABBATIS</strong></span> <span class='ocrx_word' id='word_1_5' title='bbox 2027 278 2085 334; x_wconf 92' lang='lat' dir='ltr'><strong>S.</strong></span> <span class='ocrx_word' id='word_1_6' title='bbox 2137 278 2378 334; x_wconf 76' lang='grc' dir='ltr'><strong>ΜΑΒῙᾹΞ</strong></span> <span class='ocrx_word' id='word_1_7' title='bbox 2418 278 2508 335; x_wconf 89' lang='lat' dir='ltr'><strong>DE</strong></span> <span class='ocrx_word' id='word_1_8' title='bbox 2549 277 2943 334; x_wconf 83' lang='lat' dir='ltr'><strong>NOVIGENTO</strong></span> 
     </span>
    </p>
   </div>
   <div class='ocr_carea' id='block_1_3' title="bbox 3720 276 3824 328">
    <p class='ocr_par' dir='ltr' id='par_1_3' title="bbox 3720 276 3824 328">
     <span class='ocr_line' id='line_1_3' title="bbox 3720 276 3824 328; baseline -0.01 0"><span class='ocrx_word' id='word_1_9' title='bbox 3720 276 3824 328; x_wconf 83' lang='lat'><strong>592</strong></span> 
     </span>
    </p>
   </div>
   <div class='ocr_carea' id='block_1_4' title="bbox 325 409 3828 484">
    <p class='ocr_par' dir='ltr' id='par_1_4' title="bbox 325 409 3828 484">
     <span class='ocr_line' id='line_1_4' title="bbox 325 409 3828 484; baseline -0.002 -12"><span class='ocrx_word' id='word_1_10' title='bbox 325 430 456 472; x_wconf 91' lang='lat' dir='ltr'><strong>nem</strong></span> <span class='ocrx_word' id='word_1_11' title='bbox 501 414 593 472; x_wconf 89' lang='lat' dir='ltr'><strong>sui</strong></span> <span class='ocrx_word' id='word_1_12' title='bbox 639 413 950 484; x_wconf 87' lang='lat' dir='ltr'><strong>superioris</strong></span> <span class='ocrx_word' id='word_1_13' title='bbox 987 427 1120 467; x_wconf 87' lang='lat' dir='ltr'><strong>caro</strong></span> <span class='ocrx_word' id='word_1_14' title='bbox 1175 413 1485 480; x_wconf 79' lang='lat' dir='ltr'><strong>contendit,</strong></span> <span class='ocrx_word' id='word_1_15' title='bbox 1529 415 1668 483; x_wconf 84' lang='lat' dir='ltr'><strong>quia</strong></span> <span class='ocrx_word' id='word_1_16' title='bbox 1706 414 1843 469; x_wconf 92' lang='lat' dir='ltr'><strong>dum</strong></span> <span class='ocrx_word' id='word_1_17' title='bbox 1898 413 2018 468; x_wconf 91' lang='lat' dir='ltr'><strong>for-</strong></span> <span class='ocrx_word' id='word_1_18' title='bbox 2056 416 2104 468; x_wconf 83' lang='lat' dir='ltr'><strong>A</strong></span> <span class='ocrx_word' id='word_1_19' title='bbox 2202 414 2314 469; x_wconf 88' lang='lat' dir='ltr'><strong>Nec</strong></span> <span class='ocrx_word' id='word_1_20' title='bbox 2345 413 2400 469; x_wconf 88' lang='lat' dir='ltr'><strong>id</strong></span> <span class='ocrx_word' id='word_1_21' title='bbox 2435 412 2667 483; x_wconf 79' lang='lat' dir='ltr'><strong>injuria,</strong></span> <span class='ocrx_word' id='word_1_22' title='bbox 2725 411 2902 467; x_wconf 88' lang='lat' dir='ltr'><strong>fateor</strong></span> <span class='ocrx_word' id='word_1_23' title='bbox 2940 411 3090 466; x_wconf 90' lang='lat' dir='ltr'><strong>enim</strong></span> <span class='ocrx_word' id='word_1_24' title='bbox 3140 425 3231 466; x_wconf 92' lang='lat' dir='ltr'><strong>me</strong></span> <span class='ocrx_word' id='word_1_25' title='bbox 3287 409 3629 480; x_wconf 85' lang='lat' dir='ltr'><strong>plerumque</strong></span> <span class='ocrx_word' id='word_1_26' title='bbox 3695 411 3828 466; x_wconf 90' lang='lat' dir='ltr'><strong>alio-</strong></span> 
     </span>
    </p>
   </div>
   <div class='ocr_carea' id='block_1_5' title="bbox 325 501 2015 568">
    <p class='ocr_par' dir='ltr' id='par_1_5' title="bbox 325 501 2015 568">
     <span class='ocr_line' id='line_1_5' title="bbox 325 501 2015 568; baseline -0.003 -8"><span class='ocrx_word' id='word_1_27' title='bbox 325 507 474 560; x_wconf 87' lang='lat' dir='ltr'><strong>sitan</strong></span> <span class='ocrx_word' id='word_1_28' title='bbox 523 503 944 567; x_wconf 88' lang='lat' dir='ltr'><strong>excellentiora,</strong></span> <span class='ocrx_word' id='word_1_29' title='bbox 1002 516 1103 556; x_wconf 90' lang='lat' dir='ltr'><strong>seu</strong></span> <span class='ocrx_word' id='word_1_30' title='bbox 1177 501 1444 568; x_wconf 63' lang='lat' dir='ltr'><strong>caelestia,</strong></span> <span class='ocrx_word' id='word_1_31' title='bbox 1504 501 2015 568; x_wconf 82' lang='lat' dir='ltr'><strong>mentelcontueri</strong></span> 
     </span>
    </p>
   </div>
   <div class='ocr_carea' id='block_1_6' title="bbox 324 589 2016 661">
    <p class='ocr_par' dir='ltr' id='par_1_6' title="bbox 324 589 2016 661">
     <span class='ocr_line' id='line_1_6' title="bbox 324 589 2016 661; baseline -0.001 -13"><span class='ocrx_word' id='word_1_32' title='bbox 324 607 440 648; x_wconf 92' lang='lat' dir='ltr'><strong>non</strong></span> <span class='ocrx_word' id='word_1_33' title='bbox 471 600 556 648; x_wconf 90' lang='lat' dir='ltr'><strong>est</strong></span> <span class='ocrx_word' id='word_1_34' title='bbox 587 591 852 661; x_wconf 88' lang='lat' dir='ltr'><strong>possibile</strong></span> <span class='ocrx_word' id='word_1_35' title='bbox 891 591 1044 646; x_wconf 91' lang='lat' dir='ltr'><strong>intra</strong></span> <span class='ocrx_word' id='word_1_36' title='bbox 1091 589 1340 658; x_wconf 90' lang='lat' dir='ltr'><strong>seipsum</strong></span> <span class='ocrx_word' id='word_1_37' title='bbox 1375 591 1543 646; x_wconf 90' lang='lat' dir='ltr'><strong>homo</strong></span> <span class='ocrx_word' id='word_1_38' title='bbox 1573 605 1645 645; x_wconf 83' lang='lat' dir='ltr'><strong>ex</strong></span> <span class='ocrx_word' id='word_1_39' title='bbox 1695 591 1794 645; x_wconf 89' lang='lat' dir='ltr'><strong>Dei</strong></span> <span class='ocrx_word' id='word_1_40' title='bbox 1824 603 2016 659; x_wconf 88' lang='lat' dir='ltr'><strong>opere,</strong></span> 
     </span>
    </p>
   </div>
   <div class='ocr_carea' id='block_1_7' title="bbox 213 681 2014 753">
    <p class='ocr_par' dir='ltr' id='par_1_7' title="bbox 213 681 2014 753">
     <span class='ocr_line' id='line_1_7' title="bbox 213 681 2014 753; baseline -0.001 -16"><span class='ocrx_word' id='word_1_41' title='bbox 213 729 228 736; x_wconf 83' lang='lat'><strong>-.</strong></span> <span class='ocrx_word' id='word_1_42' title='bbox 324 683 424 753; x_wconf 88' lang='lat' dir='ltr'><strong>qui</strong></span> <span class='ocrx_word' id='word_1_43' title='bbox 457 682 694 751; x_wconf 87' lang='lat' dir='ltr'><strong>provide</strong></span> <span class='ocrx_word' id='word_1_44' title='bbox 746 689 926 737; x_wconf 91' lang='lat' dir='ltr'><strong>totum</strong></span> <span class='ocrx_word' id='word_1_45' title='bbox 967 681 1114 748; x_wconf 91' lang='lat' dir='ltr'><strong>fecit,</strong></span> <span class='ocrx_word' id='word_1_46' title='bbox 1167 682 1558 752; x_wconf 63' lang='lat' dir='ltr'><strong>praescriptam</strong></span> <span class='ocrx_word' id='word_1_47' title='bbox 1588 688 1642 736; x_wconf 91' lang='lat' dir='ltr'><strong>et</strong></span> <span class='ocrx_word' id='word_1_48' title='bbox 1693 681 2014 750; x_wconf 78' lang='lat' dir='ltr'><strong>proximam</strong></span> 
     </span>
    </p>
   </div>
   <div class='ocr_carea' id='block_1_8' title="bbox 321 769 2012 839">
    <p class='ocr_par' dir='ltr' id='par_1_8' title="bbox 321 769 2012 839">
     <span class='ocr_line' id='line_1_8' title="bbox 321 769 2012 839; baseline -0.001 -14"><span class='ocrx_word' id='word_1_49' title='bbox 321 770 554 825; x_wconf 88' lang='lat' dir='ltr'><strong>omnino</strong></span> <span class='ocrx_word' id='word_1_50' title='bbox 602 769 855 825; x_wconf 84' lang='lat' dir='ltr'><strong>inveniat</strong></span> <span class='ocrx_word' id='word_1_51' title='bbox 914 769 1175 837; x_wconf 89' lang='lat' dir='ltr'><strong>formam,</strong></span> <span class='ocrx_word' id='word_1_52' title='bbox 1229 770 1332 826; x_wconf 90' lang='lat' dir='ltr'><strong>ubi</strong></span> <span class='ocrx_word' id='word_1_53' title='bbox 1386 769 1525 839; x_wconf 89' lang='lat' dir='ltr'><strong>quid</strong></span> <span class='ocrx_word' id='word_1_54' title='bbox 1576 769 1865 839; x_wconf 90' lang='lat' dir='ltr'><strong>agendum</strong></span> <span class='ocrx_word' id='word_1_55' title='bbox 1921 769 2012 834; x_wconf 89' lang='lat' dir='ltr'><strong>sit,</strong></span> 
     </span>
    </p>
   </div>
   <div class='ocr_carea' id='block_1_9' title="bbox 322 857 2014 930">
    <p class='ocr_par' dir='ltr' id='par_1_9' title="bbox 322 857 2014 930">
     <span class='ocr_line' id='line_1_9' title="bbox 322 857 2014 930; baseline -0.001 -18"><span class='ocrx_word' id='word_1_56' title='bbox 322 857 554 928; x_wconf 82' lang='lat' dir='ltr'><strong>relegat,</strong></span> <span class='ocrx_word' id='word_1_57' title='bbox 594 865 649 913; x_wconf 90' lang='lat' dir='ltr'><strong>et</strong></span> <span class='ocrx_word' id='word_1_58' title='bbox 679 858 842 927; x_wconf 85' lang='lat' dir='ltr'><strong>quasi</strong></span> <span class='ocrx_word' id='word_1_59' title='bbox 876 859 946 914; x_wconf 90' lang='lat' dir='ltr'><strong>ad</strong></span> <span class='ocrx_word' id='word_1_60' title='bbox 983 860 1314 930; x_wconf 88' lang='lat' dir='ltr'><strong>applicitam</strong></span> <span class='ocrx_word' id='word_1_61' title='bbox 1355 871 1619 913; x_wconf 89' lang='lat' dir='ltr'><strong>normam</strong></span> <span class='ocrx_word' id='word_1_62' title='bbox 1669 857 2014 926; x_wconf 87' lang='lat' dir='ltr'><strong>pravitatem</strong></span> 
     </span>
    </p>
   </div>
   <div class='ocr_carea' id='block_1_10' title="bbox 321 945 968 1016">
    <p class='ocr_par' dir='ltr' id='par_1_10' title="bbox 321 945 968 1016">
     <span class='ocr_line' id='line_1_10' title="bbox 321 945 968 1016; baseline 0 -15"><span class='ocrx_word' id='word_1_63' title='bbox 321 960 441 1001; x_wconf 89' lang='lat' dir='ltr'><strong>sua</strong></span> <span class='ocrx_word' id='word_1_64' title='bbox 473 945 683 1016; x_wconf 87' lang='lat' dir='ltr'><strong>dirigat</strong></span> <span class='ocrx_word' id='word_1_65' title='bbox 713 948 968 1003; x_wconf 91' lang='lat' dir='ltr'><strong>actionis.</strong></span> 
     </span>
    </p>
   </div>
   <div class='ocr_carea' id='block_1_11' title="bbox 390 1033 2012 1107">
    <p class='ocr_par' dir='ltr' id='par_1_11' title="bbox 390 1033 2012 1107">
     <span class='ocr_line' id='line_1_11' title="bbox 390 1033 2012 1107; baseline 0.001 -19"><span class='ocrx_word' id='word_1_66' title='bbox 390 1034 478 1089; x_wconf 83' lang='lat' dir='ltr'><strong>Ad</strong></span> <span class='ocrx_word' id='word_1_67' title='bbox 511 1042 856 1103; x_wconf 88' lang='lat' dir='ltr'><strong>postremum</strong></span> <span class='ocrx_word' id='word_1_68' title='bbox 892 1036 1140 1107; x_wconf 90' lang='lat' dir='ltr'><strong>denique</strong></span> <span class='ocrx_word' id='word_1_69' title='bbox 1171 1036 1322 1091; x_wconf 88' lang='lat' dir='ltr'><strong>valct</strong></span> <span class='ocrx_word' id='word_1_70' title='bbox 1350 1035 1582 1091; x_wconf 83' lang='lat' dir='ltr'><strong>virtutis</strong></span> <span class='ocrx_word' id='word_1_71' title='bbox 1605 1034 1782 1105; x_wconf 89' lang='lat' dir='ltr'><strong>hujus</strong></span> <span class='ocrx_word' id='word_1_72' title='bbox 1815 1033 2012 1104; x_wconf 91' lang='lat' dir='ltr'><strong>gloria</strong></span> 
     </span>
    </p>
   </div>
   <div class='ocr_carea' id='block_1_12' title="bbox 319 1122 2016 1194">
    <p class='ocr_par' dir='ltr' id='par_1_12' title="bbox 319 1122 2016 1194">
     <span class='ocr_line' id='line_1_12' title="bbox 319 1122 2016 1194; baseline -0.001 -16"><span class='ocrx_word' id='word_1_73' title='bbox 319 1122 806 1187; x_wconf 91' lang='lat' dir='ltr'><strong>commendanda,</strong></span> <span class='ocrx_word' id='word_1_74' title='bbox 843 1125 996 1194; x_wconf 88' lang='lat' dir='ltr'><strong>quod</strong></span> <span class='ocrx_word' id='word_1_75' title='bbox 1021 1139 1145 1178; x_wconf 89' lang='lat' dir='ltr'><strong>eam</strong></span> <span class='ocrx_word' id='word_1_76' title='bbox 1175 1125 1267 1178; x_wconf 90' lang='lat' dir='ltr'><strong>cui</strong></span> <span class='ocrx_word' id='word_1_77' title='bbox 1298 1122 1642 1178; x_wconf 87' lang='lat' dir='ltr'><strong>redimenda</strong></span> <span class='ocrx_word' id='word_1_78' title='bbox 1673 1136 1844 1178; x_wconf 90' lang='lat' dir='ltr'><strong>suum</strong></span> <span class='ocrx_word' id='word_1_79' title='bbox 1893 1135 2016 1190; x_wconf 88' lang='lat' dir='ltr'><strong>pre-</strong></span> 
     </span>
    </p>
   </div>
   <div class='ocr_carea' id='block_1_13' title="bbox 320 1209 2016 1282">
    <p class='ocr_par' dir='ltr' id='par_1_13' title="bbox 320 1209 2016 1282">
     <span class='ocr_line' id='line_1_13' title="bbox 320 1209 2016 1282; baseline -0.001 -15"><span class='ocrx_word' id='word_1_80' title='bbox 320 1213 532 1268; x_wconf 89' lang='lat' dir='ltr'><strong>tiosum</strong></span> <span class='ocrx_word' id='word_1_81' title='bbox 563 1210 842 1282; x_wconf 88' lang='lat' dir='ltr'><strong>impendit</strong></span> <span class='ocrx_word' id='word_1_82' title='bbox 887 1225 1170 1278; x_wconf 88' lang='lat' dir='ltr'><strong>cruorem,</strong></span> <span class='ocrx_word' id='word_1_83' title='bbox 1220 1218 1477 1265; x_wconf 88' lang='lat' dir='ltr'><strong>sanctam</strong></span> <span class='ocrx_word' id='word_1_84' title='bbox 1525 1209 1783 1264; x_wconf 84' lang='lat' dir='ltr'><strong>videlicet</strong></span> <span class='ocrx_word' id='word_1_85' title='bbox 1828 1209 2016 1265; x_wconf 90' lang='lat' dir='ltr'><strong>Eccle-</strong></span> 
     </span>
    </p>
   </div>
   <div class='ocr_carea' id='block_1_14' title="bbox 320 1297 2013 1372">
    <p class='ocr_par' dir='ltr' id='par_1_14' title="bbox 320 1297 2013 1372">
     <span class='ocr_line' id='line_1_14' title="bbox 320 1297 2013 1372; baseline -0.002 -16"><span class='ocrx_word' id='word_1_86' title='bbox 320 1302 485 1369; x_wconf 91' lang='lat' dir='ltr'><strong>siam,</strong></span> <span class='ocrx_word' id='word_1_87' title='bbox 547 1300 832 1372; x_wconf 82' lang='lat' dir='ltr'><strong>virginem</strong></span> <span class='ocrx_word' id='word_1_88' title='bbox 882 1299 1170 1368; x_wconf 89' lang='lat' dir='ltr'><strong>appellare</strong></span> <span class='ocrx_word' id='word_1_89' title='bbox 1220 1299 1370 1354; x_wconf 92' lang='lat' dir='ltr'><strong>Deus</strong></span> <span class='ocrx_word' id='word_1_90' title='bbox 1401 1297 1817 1367; x_wconf 88' lang='lat' dir='ltr'><strong>gratiosissima</strong></span> <span class='ocrx_word' id='word_1_91' title='bbox 1867 1311 2013 1366; x_wconf 88' lang='lat' dir='ltr'><strong>qua-</strong></span> 
     </span>
    </p>
   </div>
   <div class='ocr_carea' id='block_1_15' title="bbox 321 1384 2013 1455">
    <p class='ocr_par' dir='ltr' id='par_1_15' title="bbox 321 1384 2013 1455">
     <span class='ocr_line' id='line_1_15' title="bbox 321 1384 2013 1455; baseline -0.004 -10"><span class='ocrx_word' id='word_1_92' title='bbox 321 1390 454 1444; x_wconf 90' lang='lat' dir='ltr'><strong>dam</strong></span> <span class='ocrx_word' id='word_1_93' title='bbox 507 1388 878 1445; x_wconf 88' lang='lat' dir='ltr'><strong>delectatione</strong></span> <span class='ocrx_word' id='word_1_94' title='bbox 917 1392 1233 1441; x_wconf 87' lang='lat' dir='ltr'><strong>consuevit.</strong></span> <span class='ocrx_word' id='word_1_95' title='bbox 1287 1387 1350 1440; x_wconf 86' lang='lat' dir='ltr'><strong>In</strong></span> <span class='ocrx_word' id='word_1_96' title='bbox 1384 1399 1500 1455; x_wconf 90' lang='lat' dir='ltr'><strong>quo</strong></span> <span class='ocrx_word' id='word_1_97' title='bbox 1543 1386 1716 1440; x_wconf 91' lang='lat' dir='ltr'><strong>etiam</strong></span> <span class='ocrx_word' id='word_1_98' title='bbox 1761 1384 2013 1454; x_wconf 90' lang='lat' dir='ltr'><strong>perluci-</strong></span> 
     </span>
    </p>
   </div>
   <div class='ocr_carea' id='block_1_16' title="bbox 321 1473 2011 1546">
    <p class='ocr_par' dir='ltr' id='par_1_16' title="bbox 321 1473 2011 1546">
     <span class='ocr_line' id='line_1_16' title="bbox 321 1473 2011 1546; baseline -0.004 -13"><span class='ocrx_word' id='word_1_99' title='bbox 321 1479 459 1533; x_wconf 91' lang='lat' dir='ltr'><strong>dum</strong></span> <span class='ocrx_word' id='word_1_100' title='bbox 491 1485 572 1533; x_wconf 91' lang='lat' dir='ltr'><strong>est</strong></span> <span class='ocrx_word' id='word_1_101' title='bbox 620 1477 676 1531; x_wconf 91' lang='lat' dir='ltr'><strong>in</strong></span> <span class='ocrx_word' id='word_1_102' title='bbox 718 1474 1008 1546; x_wconf 88' lang='lat' dir='ltr'><strong>pudicitia</strong></span> <span class='ocrx_word' id='word_1_103' title='bbox 1055 1473 1423 1530; x_wconf 87' lang='lat' dir='ltr'><strong>observantia</strong></span> <span class='ocrx_word' id='word_1_104' title='bbox 1455 1473 1596 1528; x_wconf 89' lang='lat' dir='ltr'><strong>miro</strong></span> <span class='ocrx_word' id='word_1_105' title='bbox 1628 1473 1792 1528; x_wconf 91' lang='lat' dir='ltr'><strong>modo</strong></span> <span class='ocrx_word' id='word_1_106' title='bbox 1824 1473 2011 1541; x_wconf 92' lang='lat' dir='ltr'><strong>ipsum</strong></span> 
     </span>
    </p>
   </div>
   <div class='ocr_carea' id='block_1_17' title="bbox 321 1561 2014 1633">
    <p class='ocr_par' dir='ltr' id='par_1_17' title="bbox 321 1561 2014 1633">
     <span class='ocr_line' id='line_1_17' title="bbox 321 1561 2014 1633; baseline -0.004 -11"><span class='ocrx_word' id='word_1_107' title='bbox 321 1567 603 1633; x_wconf 88' lang='lat' dir='ltr'><strong>delectari,</strong></span> <span class='ocrx_word' id='word_1_108' title='bbox 686 1579 818 1620; x_wconf 91' lang='lat' dir='ltr'><strong>cum</strong></span> <span class='ocrx_word' id='word_1_109' title='bbox 874 1564 1170 1633; x_wconf 90' lang='lat' dir='ltr'><strong>proprium</strong></span> <span class='ocrx_word' id='word_1_110' title='bbox 1259 1563 1411 1618; x_wconf 86' lang='lat' dir='ltr'><strong>istud</strong></span> <span class='ocrx_word' id='word_1_111' title='bbox 1485 1563 1604 1617; x_wconf 91' lang='lat' dir='ltr'><strong>suis</strong></span> <span class='ocrx_word' id='word_1_112' title='bbox 1671 1561 2014 1631; x_wconf 83' lang='lat' dir='ltr'><strong>generaliter</strong></span> 
     </span>
    </p>
   </div>
   <div class='ocr_carea' id='block_1_18' title="bbox 321 1649 2008 1720">
    <p class='ocr_par' dir='ltr' id='par_1_18' title="bbox 321 1649 2008 1720">
     <span class='ocr_line' id='line_1_18' title="bbox 321 1649 2008 1720; baseline -0.004 -10"><span class='ocrx_word' id='word_1_113' title='bbox 321 1655 583 1710; x_wconf 77' lang='lat' dir='ltr'><strong>fidelibus</strong></span> <span class='ocrx_word' id='word_1_114' title='bbox 614 1667 822 1709; x_wconf 89' lang='lat' dir='ltr'><strong>nomen</strong></span> <span class='ocrx_word' id='word_1_115' title='bbox 860 1653 1023 1708; x_wconf 87' lang='lat' dir='ltr'><strong>toties</strong></span> <span class='ocrx_word' id='word_1_116' title='bbox 1066 1651 1240 1707; x_wconf 90' lang='lat' dir='ltr'><strong>soleat</strong></span> <span class='ocrx_word' id='word_1_117' title='bbox 1283 1659 1565 1720; x_wconf 89' lang='lat' dir='ltr'><strong>coaptare.</strong></span> <span class='ocrx_word' id='word_1_118' title='bbox 1619 1650 1783 1704; x_wconf 88' lang='lat' dir='ltr'><strong>Hunc</strong></span> <span class='ocrx_word' id='word_1_119' title='bbox 1831 1649 2008 1718; x_wconf 87' lang='lat' dir='ltr'><strong>virgi-</strong></span> 
     </span>
    </p>
   </div>
   <div class='ocr_carea' id='block_1_19' title="bbox 320 1738 2014 1810">
    <p class='ocr_par' dir='ltr' id='par_1_19' title="bbox 320 1738 2014 1810">
     <span class='ocr_line' id='line_1_19' title="bbox 320 1738 2014 1810; baseline -0.005 -11"><span class='ocrx_word' id='word_1_120' title='bbox 320 1759 448 1799; x_wconf 88' lang='lat' dir='ltr'><strong>nem</strong></span> <span class='ocrx_word' id='word_1_121' title='bbox 477 1744 677 1798; x_wconf 89' lang='lat' dir='ltr'><strong>beatus</strong></span> <span class='ocrx_word' id='word_1_122' title='bbox 709 1740 1010 1810; x_wconf 84' lang='lat' dir='ltr'><strong>Apostolus</strong></span> <span class='ocrx_word' id='word_1_123' title='bbox 1041 1739 1117 1794; x_wconf 90' lang='lat' dir='ltr'><strong>illi</strong></span> <span class='ocrx_word' id='word_1_124' title='bbox 1151 1739 1252 1794; x_wconf 90' lang='lat' dir='ltr'><strong>uni</strong></span> <span class='ocrx_word' id='word_1_125' title='bbox 1293 1740 1437 1805; x_wconf 91' lang='lat' dir='ltr'><strong>viro,</strong></span> <span class='ocrx_word' id='word_1_126' title='bbox 1471 1739 1572 1809; x_wconf 90' lang='lat' dir='ltr'><strong>qui</strong></span> <span class='ocrx_word' id='word_1_127' title='bbox 1603 1739 1759 1794; x_wconf 89' lang='lat' dir='ltr'><strong>solus</strong></span> <span class='ocrx_word' id='word_1_128' title='bbox 1792 1738 2014 1793; x_wconf 90' lang='lat' dir='ltr'><strong>cunctis</strong></span> 
     </span>
    </p>
   </div>
   <div class='ocr_carea' id='block_1_20' title="bbox 318 1827 2008 1898">
    <p class='ocr_par' dir='ltr' id='par_1_20' title="bbox 318 1827 2008 1898">
     <span class='ocr_line' id='line_1_20' title="bbox 318 1827 2008 1898; baseline -0.004 -11"><span class='ocrx_word' id='word_1_129' title='bbox 318 1831 585 1898; x_wconf 86' lang='lat' dir='ltr'><strong>sufficiat,</strong></span> <span class='ocrx_word' id='word_1_130' title='bbox 622 1839 837 1886; x_wconf 90' lang='lat' dir='ltr'><strong>castam</strong></span> <span class='ocrx_word' id='word_1_131' title='bbox 863 1828 1188 1884; x_wconf 88' lang='lat' dir='ltr'><strong>exhibendo</strong></span> <span class='ocrx_word' id='word_1_132' title='bbox 1221 1827 1599 1897; x_wconf 86' lang='lat' dir='ltr'><strong>desponderat</strong></span> <span class='ocrx_word' id='word_1_133' title='bbox 1633 1828 1723 1895; x_wconf 91' lang='lat' dir='ltr'><strong>(II</strong></span> <span class='ocrx_word' id='word_1_134' title='bbox 1745 1827 1883 1881; x_wconf 77' lang='lat' dir='ltr'><strong>Cor.</strong></span> <span class='ocrx_word' id='word_1_135' title='bbox 1929 1841 2008 1888; x_wconf 81' lang='lat' dir='ltr'><strong>x1,</strong></span> 
     </span>
    </p>
   </div>
   <div class='ocr_carea' id='block_1_21' title="bbox 319 1913 2014 1990">
    <p class='ocr_par' dir='ltr' id='par_1_21' title="bbox 319 1913 2014 1990">
     <span class='ocr_line' id='line_1_21' title="bbox 319 1913 2014 1990; baseline -0.004 -16"><span class='ocrx_word' id='word_1_136' title='bbox 319 1920 396 1990; x_wconf 79' lang='lat'><strong>2).</strong></span> <span class='ocrx_word' id='word_1_137' title='bbox 443 1919 665 1986; x_wconf 88' lang='lat' dir='ltr'><strong>Quibus</strong></span> <span class='ocrx_word' id='word_1_138' title='bbox 710 1917 982 1974; x_wconf 90' lang='lat' dir='ltr'><strong>omnibus</strong></span> <span class='ocrx_word' id='word_1_139' title='bbox 1029 1916 1132 1971; x_wconf 89' lang='lat' dir='ltr'><strong>etsi</strong></span> <span class='ocrx_word' id='word_1_140' title='bbox 1165 1930 1279 1970; x_wconf 91' lang='lat' dir='ltr'><strong>non</strong></span> <span class='ocrx_word' id='word_1_141' title='bbox 1330 1917 1537 1970; x_wconf 88' lang='lat' dir='ltr'><strong>inesset</strong></span> <span class='ocrx_word' id='word_1_142' title='bbox 1579 1913 1831 1969; x_wconf 90' lang='lat' dir='ltr'><strong>carnalis</strong></span> <span class='ocrx_word' id='word_1_143' title='bbox 1876 1914 2014 1969; x_wconf 91' lang='lat' dir='ltr'><strong>inte-</strong></span> 
     </span>
    </p>
   </div>
   <div class='ocr_carea' id='block_1_22' title="bbox 319 2002 2012 2078">
    <p class='ocr_par' dir='ltr' id='par_1_22' title="bbox 319 2002 2012 2078">
     <span class='ocr_line' id='line_1_22' title="bbox 319 2002 2012 2078; baseline -0.004 -15"><span class='ocrx_word' id='word_1_144' title='bbox 319 2008 517 2078; x_wconf 92' lang='lat' dir='ltr'><strong>gritas,</strong></span> <span class='ocrx_word' id='word_1_145' title='bbox 548 2016 740 2063; x_wconf 91' lang='lat' dir='ltr'><strong>tamen</strong></span> <span class='ocrx_word' id='word_1_146' title='bbox 770 2006 1000 2062; x_wconf 90' lang='lat' dir='ltr'><strong>illibata</strong></span> <span class='ocrx_word' id='word_1_147' title='bbox 1031 2003 1440 2060; x_wconf 88' lang='lat' dir='ltr'><strong>inviolabilitas</strong></span> <span class='ocrx_word' id='word_1_148' title='bbox 1489 2011 1544 2059; x_wconf 91' lang='lat' dir='ltr'><strong>et</strong></span> <span class='ocrx_word' id='word_1_149' title='bbox 1586 2003 1840 2059; x_wconf 89' lang='lat' dir='ltr'><strong>soliditas</strong></span> <span class='ocrx_word' id='word_1_150' title='bbox 1883 2002 2012 2058; x_wconf 84' lang='lat' dir='ltr'><strong>fidei</strong></span> 
     </span>
    </p>
   </div>
   <div class='ocr_carea' id='block_1_23' title="bbox 317 2097 697 2152">
    <p class='ocr_par' dir='ltr' id='par_1_23' title="bbox 317 2097 697 2152">
     <span class='ocr_line' id='line_1_23' title="bbox 317 2097 697 2152; baseline -0.003 -1"><span class='ocrx_word' id='word_1_151' title='bbox 317 2111 433 2152; x_wconf 91' lang='lat' dir='ltr'><strong>non</strong></span> <span class='ocrx_word' id='word_1_152' title='bbox 465 2097 697 2152; x_wconf 88' lang='lat' dir='ltr'><strong>deesset.</strong></span> 
     </span>
    </p>
   </div>
   <div class='ocr_carea' id='block_1_24' title="bbox 390 2177 2014 2255">
    <p class='ocr_par' dir='ltr' id='par_1_24' title="bbox 390 2177 2014 2255">
     <span class='ocr_line' id='line_1_24' title="bbox 390 2177 2014 2255; baseline -0.005 -15"><span class='ocrx_word' id='word_1_153' title='bbox 390 2186 522 2240; x_wconf 85' lang='lat' dir='ltr'><strong>Hac</strong></span> <span class='ocrx_word' id='word_1_154' title='bbox 579 2184 756 2255; x_wconf 85' lang='lat' dir='ltr'><strong>igitur</strong></span> <span class='ocrx_word' id='word_1_155' title='bbox 800 2183 988 2238; x_wconf 90' lang='lat' dir='ltr'><strong>virtus</strong></span> <span class='ocrx_word' id='word_1_156' title='bbox 1011 2180 1481 2253; x_wconf 88' lang='lat' dir='ltr'><strong>aggredientibus</strong></span> <span class='ocrx_word' id='word_1_157' title='bbox 1515 2193 1590 2246; x_wconf 92' lang='lat' dir='ltr'><strong>se,</strong></span> <span class='ocrx_word' id='word_1_158' title='bbox 1645 2179 1728 2234; x_wconf 90' lang='lat' dir='ltr'><strong>uti</strong></span> <span class='ocrx_word' id='word_1_159' title='bbox 1755 2177 2014 2233; x_wconf 69' lang='lat' dir='ltr'><strong>ineffabi-</strong></span> 
     </span>
    </p>
   </div>
   <div class='ocr_carea' id='block_1_25' title="bbox 316 2267 2014 2343">
    <p class='ocr_par' dir='ltr' id='par_1_25' title="bbox 316 2267 2014 2343">
     <span class='ocr_line' id='line_1_25' title="bbox 316 2267 2014 2343; baseline -0.005 -13"><span class='ocrx_word' id='word_1_160' title='bbox 316 2276 429 2330; x_wconf 92' lang='lat' dir='ltr'><strong>lius</strong></span> <span class='ocrx_word' id='word_1_161' title='bbox 500 2288 642 2343; x_wconf 91' lang='lat' dir='ltr'><strong>pene</strong></span> <span class='ocrx_word' id='word_1_162' title='bbox 723 2272 939 2328; x_wconf 90' lang='lat' dir='ltr'><strong>cateris</strong></span> <span class='ocrx_word' id='word_1_163' title='bbox 1021 2270 1321 2340; x_wconf 85' lang='lat' dir='ltr'><strong>pramium</strong></span> <span class='ocrx_word' id='word_1_164' title='bbox 1406 2275 1588 2338; x_wconf 90' lang='lat' dir='ltr'><strong>parat,</strong></span> <span class='ocrx_word' id='word_1_165' title='bbox 1650 2268 1728 2322; x_wconf 89' lang='lat' dir='ltr'><strong>ita</strong></span> <span class='ocrx_word' id='word_1_166' title='bbox 1793 2267 2014 2336; x_wconf 88' lang='lat' dir='ltr'><strong>absque</strong></span> 
     </span>
    </p>
   </div>
   <div class='ocr_carea' id='block_1_26' title="bbox 315 2355 2012 2434">
    <p class='ocr_par' dir='ltr' id='par_1_26' title="bbox 315 2355 2012 2434">
     <span class='ocr_line' id='line_1_26' title="bbox 315 2355 2012 2434; baseline -0.005 -16"><span class='ocrx_word' id='word_1_167' title='bbox 315 2362 645 2419; x_wconf 88' lang='lat' dir='ltr'><strong>cautissima</strong></span> <span class='ocrx_word' id='word_1_168' title='bbox 695 2359 1011 2430; x_wconf 89' lang='lat' dir='ltr'><strong>diligentia,</strong></span> <span class='ocrx_word' id='word_1_169' title='bbox 1063 2366 1117 2414; x_wconf 93' lang='lat' dir='ltr'><strong>et</strong></span> <span class='ocrx_word' id='word_1_170' title='bbox 1183 2358 1273 2414; x_wconf 92' lang='lat' dir='ltr'><strong>sui</strong></span> <span class='ocrx_word' id='word_1_171' title='bbox 1337 2357 1516 2434; x_wconf 80' lang='lat' dir='ltr'><strong>ipsius</strong></span> <span class='ocrx_word' id='word_1_172' title='bbox 1562 2355 1846 2410; x_wconf 88' lang='lat' dir='ltr'><strong>irremissa</strong></span> <span class='ocrx_word' id='word_1_173' title='bbox 1901 2355 2012 2410; x_wconf 92' lang='lat' dir='ltr'><strong>cir-</strong></span> 
     </span>
    </p>
   </div>
   <div class='ocr_carea' id='block_1_27' title="bbox 316 2443 2011 2519">
    <p class='ocr_par' dir='ltr' id='par_1_27' title="bbox 316 2443 2011 2519">
     <span class='ocr_line' id='line_1_27' title="bbox 316 2443 2011 2519; baseline -0.005 -13"><span class='ocrx_word' id='word_1_174' title='bbox 316 2450 758 2519; x_wconf 91' lang='lat' dir='ltr'><strong>cumspectione,</strong></span> <span class='ocrx_word' id='word_1_175' title='bbox 793 2448 894 2502; x_wconf 88' lang='lat' dir='ltr'><strong>vix</strong></span> <span class='ocrx_word' id='word_1_176' title='bbox 929 2454 1030 2502; x_wconf 89' lang='lat' dir='ltr'><strong>aut</strong></span> <span class='ocrx_word' id='word_1_177' title='bbox 1058 2459 1361 2515; x_wconf 91' lang='lat' dir='ltr'><strong>nunquam</strong></span> <span class='ocrx_word' id='word_1_178' title='bbox 1404 2443 1707 2499; x_wconf 88' lang='lat' dir='ltr'><strong>incolumis</strong></span> <span class='ocrx_word' id='word_1_179' title='bbox 1738 2444 1809 2498; x_wconf 91' lang='lat' dir='ltr'><strong>ad</strong></span> <span class='ocrx_word' id='word_1_180' title='bbox 1844 2443 2011 2498; x_wconf 83' lang='lat' dir='ltr'><strong>fidem</strong></span> 
     </span>
    </p>
   </div>
   <div class='ocr_carea' id='block_1_28' title="bbox 317 2531 2008 2608">
    <p class='ocr_par' dir='ltr' id='par_1_28' title="bbox 317 2531 2008 2608">
     <span class='ocr_line' id='line_1_28' title="bbox 317 2531 2008 2608; baseline -0.005 -14"><span class='ocrx_word' id='word_1_181' title='bbox 317 2553 499 2608; x_wconf 91' lang='lat' dir='ltr'><strong>usque</strong></span> <span class='ocrx_word' id='word_1_182' title='bbox 530 2537 842 2607; x_wconf 90' lang='lat' dir='ltr'><strong>perdurat;</strong></span> <span class='ocrx_word' id='word_1_183' title='bbox 872 2549 988 2604; x_wconf 90' lang='lat' dir='ltr'><strong>quo</strong></span> <span class='ocrx_word' id='word_1_184' title='bbox 1029 2533 1182 2588; x_wconf 91' lang='lat' dir='ltr'><strong>enim</strong></span> <span class='ocrx_word' id='word_1_185' title='bbox 1213 2532 1644 2602; x_wconf 87' lang='lat' dir='ltr'><strong>pulchritudine</strong></span> <span class='ocrx_word' id='word_1_186' title='bbox 1691 2531 2008 2601; x_wconf 89' lang='lat' dir='ltr'><strong>gloriosior,</strong></span> 
     </span>
    </p>
   </div>
   <div class='ocr_carea' id='block_1_29' title="bbox 313 2618 2010 2694">
    <p class='ocr_par' dir='ltr' id='par_1_29' title="bbox 313 2618 2010 2694">
     <span class='ocr_line' id='line_1_29' title="bbox 313 2618 2010 2694; baseline -0.005 -13"><span class='ocrx_word' id='word_1_187' title='bbox 313 2641 380 2681; x_wconf 91' lang='lat' dir='ltr'><strong>eo</strong></span> <span class='ocrx_word' id='word_1_188' title='bbox 432 2639 569 2694; x_wconf 90' lang='lat' dir='ltr'><strong>erga</strong></span> <span class='ocrx_word' id='word_1_189' title='bbox 615 2638 785 2679; x_wconf 87' lang='lat' dir='ltr'><strong>curas</strong></span> <span class='ocrx_word' id='word_1_190' title='bbox 839 2622 1072 2677; x_wconf 90' lang='lat' dir='ltr'><strong>inutiles</strong></span> <span class='ocrx_word' id='word_1_191' title='bbox 1129 2620 1462 2676; x_wconf 90' lang='lat' dir='ltr'><strong>subeundas</strong></span> <span class='ocrx_word' id='word_1_192' title='bbox 1513 2620 1776 2684; x_wconf 88' lang='lat' dir='ltr'><strong>tenerior,</strong></span> <span class='ocrx_word' id='word_1_193' title='bbox 1834 2627 1888 2674; x_wconf 93' lang='lat' dir='ltr'><strong>et</strong></span> <span class='ocrx_word' id='word_1_194' title='bbox 1938 2618 2010 2673; x_wconf 89' lang='lat' dir='ltr'><strong>ad</strong></span> 
     </span>
    </p>
   </div>
   <div class='ocr_carea' id='block_1_30' title="bbox 313 2707 2012 2782">
    <p class='ocr_par' dir='ltr' id='par_1_30' title="bbox 313 2707 2012 2782">
     <span class='ocr_line' id='line_1_30' title="bbox 313 2707 2012 2782; baseline -0.005 -14"><span class='ocrx_word' id='word_1_195' title='bbox 313 2713 448 2768; x_wconf 79' lang='lat' dir='ltr'><strong>vitri</strong></span> <span class='ocrx_word' id='word_1_196' title='bbox 480 2712 815 2782; x_wconf 89' lang='lat' dir='ltr'><strong>qualitatem</strong></span> <span class='ocrx_word' id='word_1_197' title='bbox 865 2717 1152 2780; x_wconf 89' lang='lat' dir='ltr'><strong>quantum</strong></span> <span class='ocrx_word' id='word_1_198' title='bbox 1189 2709 1508 2777; x_wconf 86' lang='lat' dir='ltr'><strong>perspicua,</strong></span> <span class='ocrx_word' id='word_1_199' title='bbox 1556 2715 1779 2762; x_wconf 91' lang='lat' dir='ltr'><strong>tantum</strong></span> <span class='ocrx_word' id='word_1_200' title='bbox 1825 2707 2012 2762; x_wconf 91' lang='lat' dir='ltr'><strong>omnis</strong></span> 
     </span>
    </p>
   </div>
   <div class='ocr_carea' id='block_1_31' title="bbox 313 2795 2008 2869">
    <p class='ocr_par' dir='ltr' id='par_1_31' title="bbox 313 2795 2008 2869">
     <span class='ocr_line' id='line_1_31' title="bbox 313 2795 2008 2869; baseline -0.004 -13"><span class='ocrx_word' id='word_1_201' title='bbox 313 2801 584 2856; x_wconf 91' lang='lat' dir='ltr'><strong>molestia</strong></span> <span class='ocrx_word' id='word_1_202' title='bbox 632 2798 936 2869; x_wconf 85' lang='lat' dir='ltr'><strong>impatiens</strong></span> <span class='ocrx_word' id='word_1_203' title='bbox 981 2796 1355 2853; x_wconf 90' lang='lat' dir='ltr'><strong>debilitationi</strong></span> <span class='ocrx_word' id='word_1_204' title='bbox 1401 2795 1692 2866; x_wconf 88' lang='lat' dir='ltr'><strong>contigua.</strong></span> <span class='ocrx_word' id='word_1_205' title='bbox 1739 2795 1845 2850; x_wconf 92' lang='lat' dir='ltr'><strong>Sed</strong></span> <span class='ocrx_word' id='word_1_206' title='bbox 1888 2797 2008 2866; x_wconf 90' lang='lat' dir='ltr'><strong>jam</strong></span> 
     </span>
    </p>
   </div>
   <div class='ocr_carea' id='block_1_32' title="bbox 314 2885 1476 2957">
    <p class='ocr_par' dir='ltr' id='par_1_32' title="bbox 314 2885 1476 2957">
     <span class='ocr_line' id='line_1_32' title="bbox 314 2885 1476 2957; baseline -0.006 -13"><span class='ocrx_word' id='word_1_207' title='bbox 314 2890 383 2944; x_wconf 90' lang='lat' dir='ltr'><strong>ad</strong></span> <span class='ocrx_word' id='word_1_208' title='bbox 411 2903 534 2945; x_wconf 87' lang='lat' dir='ltr'><strong>eam</strong></span> <span class='ocrx_word' id='word_1_209' title='bbox 569 2887 794 2957; x_wconf 89' lang='lat' dir='ltr'><strong>plenius</strong></span> <span class='ocrx_word' id='word_1_210' title='bbox 820 2885 1219 2956; x_wconf 81' lang='lat' dir='ltr'><strong>explicandam</strong></span> <span class='ocrx_word' id='word_1_211' title='bbox 1255 2897 1476 2939; x_wconf 90' lang='lat' dir='ltr'><strong>eamus.</strong></span> 
     </span>
    </p>
   </div>
   <div class='ocr_carea' id='block_1_33' title="bbox 953 2972 1372 3029">
    <p class='ocr_par' dir='ltr' id='par_1_33' title="bbox 953 2972 1372 3029">
     <span class='ocr_line' id='line_1_33' title="bbox 953 2972 1372 3029; baseline -0.01 -1"><span class='ocrx_word' id='word_1_212' title='bbox 953 2973 1186 3029; x_wconf 85' lang='lat' dir='ltr'><strong>CAPUT</strong></span> <span class='ocrx_word' id='word_1_213' title='bbox 1225 2972 1372 3026; x_wconf 88' lang='lat' dir='ltr'><strong>Vlll.</strong></span> 
     </span>
    </p>
   </div>
   <div class='ocr_carea' id='block_1_34' title="bbox 381 3056 2005 3130">
    <p class='ocr_par' dir='ltr' id='par_1_34' title="bbox 381 3056 2005 3130">
     <span class='ocr_line' id='line_1_34' title="bbox 381 3056 2005 3130; baseline -0.006 -11"><span class='ocrx_word' id='word_1_214' title='bbox 381 3064 590 3130; x_wconf 76' lang='lat' dir='ltr'><strong>Quibus</strong></span> <span class='ocrx_word' id='word_1_215' title='bbox 618 3061 822 3120; x_wconf 70' lang='lat' dir='ltr'><strong>mediis</strong></span> <span class='ocrx_word' id='word_1_216' title='bbox 849 3061 996 3119; x_wconf 81' lang='lat' dir='ltr'><strong>tueri</strong></span> <span class='ocrx_word' id='word_1_217' title='bbox 1021 3061 1221 3115; x_wconf 81' lang='lat' dir='ltr'><strong>debeat</strong></span> <span class='ocrx_word' id='word_1_218' title='bbox 1267 3057 1556 3114; x_wconf 73' lang='lat' dir='ltr'><strong>castitatis</strong></span> <span class='ocrx_word' id='word_1_219' title='bbox 1593 3057 1774 3111; x_wconf 76' lang='lat' dir='ltr'><strong>virtus</strong></span> <span class='ocrx_word' id='word_1_220' title='bbox 1817 3060 1866 3110; x_wconf 84' lang='grc'><strong>1.</strong></span> <span class='ocrx_word' id='word_1_221' title='bbox 1897 3056 2005 3110; x_wconf 85' lang='lat' dir='ltr'><strong>hu-</strong></span> 
     </span>
    </p>
   </div>
   <div class='ocr_carea' id='block_1_35' title="bbox 307 3144 2001 3217">
    <p class='ocr_par' dir='ltr' id='par_1_35' title="bbox 307 3144 2001 3217">
     <span class='ocr_line' id='line_1_35' title="bbox 307 3144 2001 3217; baseline -0.005 -10"><span class='ocrx_word' id='word_1_222' title='bbox 307 3153 578 3217; x_wconf 83' lang='lat' dir='ltr'><strong>militate,</strong></span> <span class='ocrx_word' id='word_1_223' title='bbox 636 3155 689 3204; x_wconf 84' lang='lat'><strong>2.</strong></span> <span class='ocrx_word' id='word_1_224' title='bbox 748 3149 1127 3204; x_wconf 73' lang='lat' dir='ltr'><strong>submissione</strong></span> <span class='ocrx_word' id='word_1_225' title='bbox 1189 3147 1389 3214; x_wconf 82' lang='lat' dir='ltr'><strong>animi,</strong></span> <span class='ocrx_word' id='word_1_226' title='bbox 1439 3150 1489 3202; x_wconf 91' lang='lat'><strong>3.</strong></span> <span class='ocrx_word' id='word_1_227' title='bbox 1551 3144 2001 3212; x_wconf 75' lang='lat' dir='ltr'><strong>mansuetudine,</strong></span> 
     </span>
    </p>
   </div>
   <div class='ocr_carea' id='block_1_36' title="bbox 308 3235 2005 3312">
    <p class='ocr_par' dir='ltr' id='par_1_36' title="bbox 308 3235 2005 3312">
     <span class='ocr_line' id='line_1_36' title="bbox 308 3235 2005 3312; baseline -0.004 -16"><span class='ocrx_word' id='word_1_228' title='bbox 308 3244 360 3296; x_wconf 80' lang='grc'><strong>4.</strong></span> <span class='ocrx_word' id='word_1_229' title='bbox 385 3239 830 3312; x_wconf 85' lang='lat' dir='ltr'><strong>compunctione,</strong></span> <span class='ocrx_word' id='word_1_230' title='bbox 862 3242 914 3292; x_wconf 88' lang='lat'><strong>5.</strong></span> <span class='ocrx_word' id='word_1_231' title='bbox 943 3235 1248 3309; x_wconf 79' lang='lat' dir='ltr'><strong>patientia.</strong></span> <span class='ocrx_word' id='word_1_232' title='bbox 1284 3267 1352 3276; x_wconf 86' lang='lat'><em>-</em></span> <span class='ocrx_word' id='word_1_233' title='bbox 1381 3238 1590 3290; x_wconf 86' lang='lat' dir='ltr'><strong>Parum</strong></span> <span class='ocrx_word' id='word_1_234' title='bbox 1622 3235 1801 3304; x_wconf 88' lang='lat' dir='ltr'><strong>igitur</strong></span> <span class='ocrx_word' id='word_1_235' title='bbox 1844 3242 1921 3289; x_wconf 90' lang='lat' dir='ltr'><strong>tot</strong></span> <span class='ocrx_word' id='word_1_236' title='bbox 1950 3241 2005 3289; x_wconf 88' lang='lat' dir='ltr'><strong>et</strong></span> 
     </span>
    </p>
   </div>
   <div class='ocr_carea' id='block_1_37' title="bbox 308 3323 2004 3398">
    <p class='ocr_par' dir='ltr' id='par_1_37' title="bbox 308 3323 2004 3398">
     <span class='ocr_line' id='line_1_37' title="bbox 308 3323 2004 3398; baseline -0.005 -13"><span class='ocrx_word' id='word_1_237' title='bbox 308 3338 599 3385; x_wconf 91' lang='lat' dir='ltr'><strong>tantorum</strong></span> <span class='ocrx_word' id='word_1_238' title='bbox 630 3342 776 3398; x_wconf 90' lang='lat' dir='ltr'><strong>quas</strong></span> <span class='ocrx_word' id='word_1_239' title='bbox 809 3326 1184 3396; x_wconf 84' lang='lat' dir='ltr'><strong>pradiximus</strong></span> <span class='ocrx_word' id='word_1_240' title='bbox 1205 3324 1726 3380; x_wconf 89' lang='lat' dir='ltr'><strong>considerationum</strong></span> <span class='ocrx_word' id='word_1_241' title='bbox 1750 3323 2004 3378; x_wconf 89' lang='lat' dir='ltr'><strong>animata</strong></span> 
     </span>
    </p>
   </div>
   <div class='ocr_carea' id='block_1_38' title="bbox 306 3412 2004 3486">
    <p class='ocr_par' dir='ltr' id='par_1_38' title="bbox 306 3412 2004 3486">
     <span class='ocr_line' id='line_1_38' title="bbox 306 3412 2004 3486; baseline -0.004 -13"><span class='ocrx_word' id='word_1_242' title='bbox 306 3417 618 3484; x_wconf 87' lang='lat' dir='ltr'><strong>sententiis,</strong></span> <span class='ocrx_word' id='word_1_243' title='bbox 673 3416 842 3486; x_wconf 90' lang='lat' dir='ltr'><strong>quasi</strong></span> <span class='ocrx_word' id='word_1_244' title='bbox 900 3414 1203 3470; x_wconf 87' lang='lat' dir='ltr'><strong>levissimis</strong></span> <span class='ocrx_word' id='word_1_245' title='bbox 1269 3413 1484 3483; x_wconf 87' lang='lat' dir='ltr'><strong>agitata</strong></span> <span class='ocrx_word' id='word_1_246' title='bbox 1550 3412 1770 3481; x_wconf 89' lang='lat' dir='ltr'><strong>pennis,</strong></span> <span class='ocrx_word' id='word_1_247' title='bbox 1843 3425 2004 3467; x_wconf 89' lang='lat' dir='ltr'><strong>mens</strong></span> 
     </span>
    </p>
   </div>
   <div class='ocr_carea' id='block_1_39' title="bbox 304 3498 2003 3574">
    <p class='ocr_par' dir='ltr' id='par_1_39' title="bbox 304 3498 2003 3574">
     <span class='ocr_line' id='line_1_39' title="bbox 304 3498 2003 3574; baseline -0.004 -14"><span class='ocrx_word' id='word_1_248' title='bbox 304 3504 610 3574; x_wconf 89' lang='lat' dir='ltr'><strong>cujuslibet</strong></span> <span class='ocrx_word' id='word_1_249' title='bbox 637 3504 708 3558; x_wconf 89' lang='lat' dir='ltr'><strong>ad</strong></span> <span class='ocrx_word' id='word_1_250' title='bbox 738 3517 989 3558; x_wconf 90' lang='lat' dir='ltr'><strong>amorem</strong></span> <span class='ocrx_word' id='word_1_251' title='bbox 1025 3500 1285 3571; x_wconf 93' lang='lat' dir='ltr'><strong>pervenit</strong></span> <span class='ocrx_word' id='word_1_252' title='bbox 1332 3500 1616 3569; x_wconf 91' lang='lat' dir='ltr'><strong>puritatis.</strong></span> <span class='ocrx_word' id='word_1_253' title='bbox 1667 3498 1774 3554; x_wconf 90' lang='lat' dir='ltr'><strong>Sed</strong></span> <span class='ocrx_word' id='word_1_254' title='bbox 1808 3505 2003 3554; x_wconf 91' lang='lat' dir='ltr'><strong>tantus</strong></span> 
     </span>
    </p>
   </div>
   <div class='ocr_carea' id='block_1_40' title="bbox 305 3588 2002 3661">
    <p class='ocr_par' dir='ltr' id='par_1_40' title="bbox 305 3588 2002 3661">
     <span class='ocr_line' id='line_1_40' title="bbox 305 3588 2002 3661; baseline -0.004 -13"><span class='ocrx_word' id='word_1_255' title='bbox 305 3606 466 3648; x_wconf 89' lang='lat' dir='ltr'><strong>amor</strong></span> <span class='ocrx_word' id='word_1_256' title='bbox 494 3595 665 3647; x_wconf 88' lang='lat' dir='ltr'><strong>natus</strong></span> <span class='ocrx_word' id='word_1_257' title='bbox 698 3604 816 3661; x_wconf 88' lang='lat' dir='ltr'><strong>qua</strong></span> <span class='ocrx_word' id='word_1_258' title='bbox 858 3591 1084 3647; x_wconf 89' lang='lat' dir='ltr'><strong>nutrice</strong></span> <span class='ocrx_word' id='word_1_259' title='bbox 1123 3588 1299 3644; x_wconf 81' lang='lat' dir='ltr'><strong>foveri</strong></span> <span class='ocrx_word' id='word_1_260' title='bbox 1341 3588 1561 3655; x_wconf 88' lang='lat' dir='ltr'><strong>debeat,</strong></span> <span class='ocrx_word' id='word_1_261' title='bbox 1603 3602 1717 3643; x_wconf 91' lang='lat' dir='ltr'><strong>non</strong></span> <span class='ocrx_word' id='word_1_262' title='bbox 1766 3594 2002 3657; x_wconf 85' lang='lat' dir='ltr'><strong>prater-</strong></span> 
     </span>
    </p>
   </div>
   <div class='ocr_carea' id='block_1_41' title="bbox 303 3680 790 3736">
    <p class='ocr_par' dir='ltr' id='par_1_41' title="bbox 303 3680 790 3736">
     <span class='ocr_line' id='line_1_41' title="bbox 303 3680 790 3736; baseline -0.006 0"><span class='ocrx_word' id='word_1_263' title='bbox 303 3681 385 3736; x_wconf 89' lang='lat' dir='ltr'><strong>ire</strong></span> <span class='ocrx_word' id='word_1_264' title='bbox 409 3680 790 3736; x_wconf 90' lang='lat' dir='ltr'><strong>decrevimus.</strong></span> 
     </span>
    </p>
   </div>
   <div class='ocr_carea' id='block_1_42' title="bbox 374 3763 2000 3832">
    <p class='ocr_par' dir='ltr' id='par_1_42' title="bbox 374 3763 2000 3832">
     <span class='ocr_line' id='line_1_42' title="bbox 374 3763 2000 3832; baseline -0.004 -7"><span class='ocrx_word' id='word_1_265' title='bbox 374 3770 516 3825; x_wconf 90' lang='lat' dir='ltr'><strong>Cum</strong></span> <span class='ocrx_word' id='word_1_266' title='bbox 575 3767 761 3824; x_wconf 90' lang='lat' dir='ltr'><strong>omnis</strong></span> <span class='ocrx_word' id='word_1_267' title='bbox 818 3766 1022 3832; x_wconf 89' lang='lat' dir='ltr'><strong>virtus,</strong></span> <span class='ocrx_word' id='word_1_268' title='bbox 1082 3765 1126 3821; x_wconf 92' lang='lat' dir='ltr'><strong>si</strong></span> <span class='ocrx_word' id='word_1_269' title='bbox 1195 3765 1314 3820; x_wconf 90' lang='lat' dir='ltr'><strong>sola</strong></span> <span class='ocrx_word' id='word_1_270' title='bbox 1382 3763 1722 3820; x_wconf 88' lang='lat' dir='ltr'><strong>humilitatis</strong></span> <span class='ocrx_word' id='word_1_271' title='bbox 1785 3763 2000 3819; x_wconf 89' lang='lat' dir='ltr'><strong>virtute</strong></span> 
     </span>
    </p>
   </div>
   <div class='ocr_carea' id='block_1_43' title="bbox 302 3852 2000 3925">
    <p class='ocr_par' dir='ltr' id='par_1_43' title="bbox 302 3852 2000 3925">
     <span class='ocr_line' id='line_1_43' title="bbox 302 3852 2000 3925; baseline -0.004 -12"><span class='ocrx_word' id='word_1_272' title='bbox 302 3865 512 3925; x_wconf 86' lang='lat' dir='ltr'><strong>careat,</strong></span> <span class='ocrx_word' id='word_1_273' title='bbox 575 3857 760 3912; x_wconf 91' lang='lat' dir='ltr'><strong>virtus</strong></span> <span class='ocrx_word' id='word_1_274' title='bbox 817 3869 937 3911; x_wconf 91' lang='lat' dir='ltr'><strong>esse</strong></span> <span class='ocrx_word' id='word_1_275' title='bbox 989 3868 1104 3909; x_wconf 93' lang='lat' dir='ltr'><strong>non</strong></span> <span class='ocrx_word' id='word_1_276' title='bbox 1159 3853 1351 3922; x_wconf 88' lang='lat' dir='ltr'><strong>possit,</strong></span> <span class='ocrx_word' id='word_1_277' title='bbox 1405 3853 1553 3908; x_wconf 90' lang='lat' dir='ltr'><strong>hanc</strong></span> <span class='ocrx_word' id='word_1_278' title='bbox 1601 3852 2000 3907; x_wconf 89' lang='lat' dir='ltr'><strong>incunctanter</strong></span> 
     </span>
    </p>
   </div>
   <div class='ocr_carea' id='block_1_44' title="bbox 301 3937 1996 4013">
    <p class='ocr_par' dir='ltr' id='par_1_44' title="bbox 301 3937 1996 4013">
     <span class='ocr_line' id='line_1_44' title="bbox 301 3937 1996 4013; baseline -0.004 -14"><span class='ocrx_word' id='word_1_279' title='bbox 301 3944 551 4013; x_wconf 83' lang='lat' dir='ltr'><strong>profiteri</strong></span> <span class='ocrx_word' id='word_1_280' title='bbox 583 3943 825 3998; x_wconf 85' lang='lat' dir='ltr'><strong>audeam</strong></span> <span class='ocrx_word' id='word_1_281' title='bbox 860 3941 1077 4010; x_wconf 90' lang='lat' dir='ltr'><strong>absque</strong></span> <span class='ocrx_word' id='word_1_282' title='bbox 1111 3940 1206 3994; x_wconf 92' lang='lat' dir='ltr'><strong>illa</strong></span> <span class='ocrx_word' id='word_1_283' title='bbox 1240 3940 1293 3993; x_wconf 90' lang='lat' dir='ltr'><strong>in</strong></span> <span class='ocrx_word' id='word_1_284' title='bbox 1327 3938 1486 3993; x_wconf 90' lang='lat' dir='ltr'><strong>nullo</strong></span> <span class='ocrx_word' id='word_1_285' title='bbox 1537 3938 1763 4007; x_wconf 91' lang='lat' dir='ltr'><strong>penitus</strong></span> <span class='ocrx_word' id='word_1_286' title='bbox 1807 3937 1996 3993; x_wconf 89' lang='lat' dir='ltr'><strong>valere</strong></span> 
     </span>
    </p>
   </div>
   <div class='ocr_carea' id='block_1_45' title="bbox 301 4024 1998 4098">
    <p class='ocr_par' dir='ltr' id='par_1_45' title="bbox 301 4024 1998 4098">
     <span class='ocr_line' id='line_1_45' title="bbox 301 4024 1998 4098; baseline -0.002 -15"><span class='ocrx_word' id='word_1_287' title='bbox 301 4043 484 4098; x_wconf 89' lang='lat' dir='ltr'><strong>posse.</strong></span> <span class='ocrx_word' id='word_1_288' title='bbox 520 4029 638 4083; x_wconf 91' lang='lat' dir='ltr'><strong>Etsi</strong></span> <span class='ocrx_word' id='word_1_289' title='bbox 669 4028 1011 4098; x_wconf 88' lang='lat' dir='ltr'><strong>aliquandiu</strong></span> <span class='ocrx_word' id='word_1_290' title='bbox 1057 4035 1268 4082; x_wconf 89' lang='lat' dir='ltr'><strong>statum</strong></span> <span class='ocrx_word' id='word_1_291' title='bbox 1298 4026 1522 4082; x_wconf 61' lang='lat' dir='ltr'><strong>ihabere</strong></span> <span class='ocrx_word' id='word_1_292' title='bbox 1551 4024 1835 4090; x_wconf 91' lang='lat' dir='ltr'><strong>videatur,</strong></span> <span class='ocrx_word' id='word_1_293' title='bbox 1893 4031 1998 4079; x_wconf 90' lang='lat' dir='ltr'><strong>sta-</strong></span> 
     </span>
    </p>
   </div>
   <div class='ocr_carea' id='block_1_46' title="bbox 300 4112 1990 4182">
    <p class='ocr_par' dir='ltr' id='par_1_46' title="bbox 300 4112 1990 4182">
     <span class='ocr_line' id='line_1_46' title="bbox 300 4112 1990 4182; baseline -0.002 -12"><span class='ocrx_word' id='word_1_294' title='bbox 300 4124 426 4172; x_wconf 90' lang='lat' dir='ltr'><strong>tum</strong></span> <span class='ocrx_word' id='word_1_295' title='bbox 477 4117 712 4171; x_wconf 90' lang='lat' dir='ltr'><strong>omnino</strong></span> <span class='ocrx_word' id='word_1_296' title='bbox 762 4130 875 4170; x_wconf 89' lang='lat' dir='ltr'><strong>non</strong></span> <span class='ocrx_word' id='word_1_297' title='bbox 931 4122 1013 4170; x_wconf 90' lang='lat' dir='ltr'><strong>est</strong></span> <span class='ocrx_word' id='word_1_298' title='bbox 1073 4114 1282 4169; x_wconf 89' lang='lat' dir='ltr'><strong>habere</strong></span> <span class='ocrx_word' id='word_1_299' title='bbox 1324 4113 1626 4179; x_wconf 90' lang='lat' dir='ltr'><strong>credenda,</strong></span> <span class='ocrx_word' id='word_1_300' title='bbox 1690 4127 1820 4182; x_wconf 86' lang='lat' dir='ltr'><strong>qua</strong></span> <span class='ocrx_word' id='word_1_301' title='bbox 1870 4112 1990 4182; x_wconf 90' lang='lat' dir='ltr'><strong>jam</strong></span> 
     </span>
    </p>
   </div>
   <div class='ocr_carea' id='block_1_47' title="bbox 299 4199 1992 4273">
    <p class='ocr_par' dir='ltr' id='par_1_47' title="bbox 299 4199 1992 4273">
     <span class='ocr_line' id='line_1_47' title="bbox 299 4199 1992 4273; baseline -0.002 -15"><span class='ocrx_word' id='word_1_302' title='bbox 299 4203 611 4273; x_wconf 90' lang='lat' dir='ltr'><strong>impulsum</strong></span> <span class='ocrx_word' id='word_1_303' title='bbox 675 4202 958 4272; x_wconf 86' lang='lat' dir='ltr'><strong>superbia</strong></span> <span class='ocrx_word' id='word_1_304' title='bbox 1025 4208 1320 4272; x_wconf 90' lang='lat' dir='ltr'><strong>gratanter</strong></span> <span class='ocrx_word' id='word_1_305' title='bbox 1386 4201 1621 4270; x_wconf 86' lang='lat' dir='ltr'><strong>accepit,</strong></span> <span class='ocrx_word' id='word_1_306' title='bbox 1691 4215 1759 4255; x_wconf 84' lang='lat' dir='ltr'><strong>ex</strong></span> <span class='ocrx_word' id='word_1_307' title='bbox 1824 4199 1992 4269; x_wconf 90' lang='lat' dir='ltr'><strong>cujus</strong></span> 
     </span>
    </p>
   </div>
   <div class='ocr_carea' id='block_1_48' title="bbox 298 4291 1407 4362">
    <p class='ocr_par' dir='ltr' id='par_1_48' title="bbox 298 4291 1407 4362">
     <span class='ocr_line' id='line_1_48' title="bbox 298 4291 1407 4362; baseline -0.003 -15"><span class='ocrx_word' id='word_1_308' title='bbox 298 4305 468 4361; x_wconf 81' lang='lat' dir='ltr'><strong>pana</strong></span> <span class='ocrx_word' id='word_1_309' title='bbox 525 4292 736 4362; x_wconf 90' lang='lat' dir='ltr'><strong>peccati</strong></span> <span class='ocrx_word' id='word_1_310' title='bbox 780 4291 1181 4346; x_wconf 89' lang='lat' dir='ltr'><strong>obscenissime</strong></span> <span class='ocrx_word' id='word_1_311' title='bbox 1229 4297 1407 4345; x_wconf 90' lang='lat' dir='ltr'><strong>ruat:</strong></span> 
     </span>
    </p>
   </div>
   <div class='ocr_carea' id='block_1_49' title="bbox 296 4376 1984 4448">
    <p class='ocr_par' dir='ltr' id='par_1_49' title="bbox 296 4376 1984 4448">
     <span class='ocr_line' id='line_1_49' title="bbox 296 4376 1984 4448; baseline -0.002 -14"><span class='ocrx_word' id='word_1_312' title='bbox 296 4393 496 4434; x_wconf 91' lang='lat' dir='ltr'><strong>eorum</strong></span> <span class='ocrx_word' id='word_1_313' title='bbox 527 4393 595 4434; x_wconf 92' lang='lat' dir='ltr'><strong>ea</strong></span> <span class='ocrx_word' id='word_1_314' title='bbox 639 4378 950 4448; x_wconf 87' lang='lat' dir='ltr'><strong>voluptatis</strong></span> <span class='ocrx_word' id='word_1_315' title='bbox 985 4377 1342 4447; x_wconf 85' lang='lat' dir='ltr'><strong>experientia</strong></span> <span class='ocrx_word' id='word_1_316' title='bbox 1392 4377 1680 4447; x_wconf 88' lang='lat' dir='ltr'><strong>incognita</strong></span> <span class='ocrx_word' id='word_1_317' title='bbox 1707 4383 1811 4440; x_wconf 91' lang='lat' dir='ltr'><strong>est,</strong></span> <span class='ocrx_word' id='word_1_318' title='bbox 1847 4376 1984 4431; x_wconf 90' lang='lat' dir='ltr'><strong>dum</strong></span> 
     </span>
    </p>
   </div>
   <div class='ocr_carea' id='block_1_50' title="bbox 294 4463 1987 4536">
    <p class='ocr_par' dir='ltr' id='par_1_50' title="bbox 294 4463 1987 4536">
     <span class='ocr_line' id='line_1_50' title="bbox 294 4463 1987 4536; baseline -0.002 -15"><span class='ocrx_word' id='word_1_319' title='bbox 294 4467 540 4522; x_wconf 90' lang='lat' dir='ltr'><strong>aliorum</strong></span> <span class='ocrx_word' id='word_1_320' title='bbox 572 4466 786 4536; x_wconf 91' lang='lat' dir='ltr'><strong>lapsus,</strong></span> <span class='ocrx_word' id='word_1_321' title='bbox 842 4465 1177 4536; x_wconf 88' lang='lat' dir='ltr'><strong>fragilisque</strong></span> <span class='ocrx_word' id='word_1_322' title='bbox 1214 4465 1424 4534; x_wconf 86' lang='lat' dir='ltr'><strong>sapius</strong></span> <span class='ocrx_word' id='word_1_323' title='bbox 1456 4463 1736 4518; x_wconf 89' lang='lat' dir='ltr'><strong>inutiliter</strong></span> <span class='ocrx_word' id='word_1_324' title='bbox 1784 4471 1987 4518; x_wconf 91' lang='lat' dir='ltr'><strong>tracta-</strong></span> 
     </span>
    </p>
   </div>
   <div class='ocr_carea' id='block_1_51' title="bbox 293 4552 1982 4622">
    <p class='ocr_par' dir='ltr' id='par_1_51' title="bbox 293 4552 1982 4622">
     <span class='ocr_line' id='line_1_51' title="bbox 293 4552 1982 4622; baseline -0.002 -13"><span class='ocrx_word' id='word_1_325' title='bbox 293 4561 390 4609; x_wconf 90' lang='lat' dir='ltr'><strong>tur</strong></span> <span class='ocrx_word' id='word_1_326' title='bbox 445 4555 585 4621; x_wconf 91' lang='lat' dir='ltr'><strong>vita,</strong></span> <span class='ocrx_word' id='word_1_327' title='bbox 642 4554 780 4609; x_wconf 93' lang='lat' dir='ltr'><strong>dum</strong></span> <span class='ocrx_word' id='word_1_328' title='bbox 840 4553 1019 4608; x_wconf 89' lang='lat' dir='ltr'><strong>auditi</strong></span> <span class='ocrx_word' id='word_1_329' title='bbox 1087 4552 1483 4622; x_wconf 92' lang='lat' dir='ltr'><strong>quorumlibet</strong></span> <span class='ocrx_word' id='word_1_330' title='bbox 1543 4559 1739 4620; x_wconf 88' lang='lat' dir='ltr'><strong>turpes</strong></span> <span class='ocrx_word' id='word_1_331' title='bbox 1796 4558 1982 4617; x_wconf 89' lang='lat' dir='ltr'><strong>actus,</strong></span> 
     </span>
    </p>
   </div>
   <div class='ocr_carea' id='block_1_52' title="bbox 293 4639 1985 4712">
    <p class='ocr_par' dir='ltr' id='par_1_52' title="bbox 293 4639 1985 4712">
     <span class='ocr_line' id='line_1_52' title="bbox 293 4639 1985 4712; baseline -0.002 -15"><span class='ocrx_word' id='word_1_332' title='bbox 293 4642 460 4712; x_wconf 91' lang='lat' dir='ltr'><strong>quasi</strong></span> <span class='ocrx_word' id='word_1_333' title='bbox 518 4642 812 4697; x_wconf 90' lang='lat' dir='ltr'><strong>horrorem</strong></span> <span class='ocrx_word' id='word_1_334' title='bbox 865 4641 1080 4696; x_wconf 90' lang='lat' dir='ltr'><strong>mundo</strong></span> <span class='ocrx_word' id='word_1_335' title='bbox 1130 4640 1284 4696; x_wconf 90' lang='lat' dir='ltr'><strong>cordi</strong></span> <span class='ocrx_word' id='word_1_336' title='bbox 1342 4639 1651 4705; x_wconf 90' lang='lat' dir='ltr'><strong>incutiunt,</strong></span> <span class='ocrx_word' id='word_1_337' title='bbox 1707 4644 1762 4693; x_wconf 89' lang='lat' dir='ltr'><strong>et</strong></span> <span class='ocrx_word' id='word_1_338' title='bbox 1826 4639 1985 4694; x_wconf 89' lang='lat' dir='ltr'><strong>velut</strong></span> 
     </span>
    </p>
   </div>
   <div class='ocr_carea' id='block_1_53' title="bbox 290 4726 1980 4799">
    <p class='ocr_par' dir='ltr' id='par_1_53' title="bbox 290 4726 1980 4799">
     <span class='ocr_line' id='line_1_53' title="bbox 290 4726 1980 4799; baseline -0.003 -14"><span class='ocrx_word' id='word_1_339' title='bbox 290 4744 482 4785; x_wconf 91' lang='lat' dir='ltr'><strong>amore</strong></span> <span class='ocrx_word' id='word_1_340' title='bbox 510 4729 776 4799; x_wconf 86' lang='lat' dir='ltr'><strong>puritatis</strong></span> <span class='ocrx_word' id='word_1_341' title='bbox 805 4729 920 4784; x_wconf 90' lang='lat' dir='ltr'><strong>zelo</strong></span> <span class='ocrx_word' id='word_1_342' title='bbox 950 4728 1222 4798; x_wconf 89' lang='lat' dir='ltr'><strong>quodam,</strong></span> <span class='ocrx_word' id='word_1_343' title='bbox 1253 4741 1425 4797; x_wconf 89' lang='lat' dir='ltr'><strong>quem</strong></span> <span class='ocrx_word' id='word_1_344' title='bbox 1445 4726 1723 4795; x_wconf 91' lang='lat' dir='ltr'><strong>optimum</strong></span> <span class='ocrx_word' id='word_1_345' title='bbox 1756 4733 1980 4795; x_wconf 90' lang='lat' dir='ltr'><strong>putant,</strong></span> 
     </span>
    </p>
   </div>
   <div class='ocr_carea' id='block_1_54' title="bbox 289 4817 1984 4884">
    <p class='ocr_par' dir='ltr' id='par_1_54' title="bbox 289 4817 1984 4884">
     <span class='ocr_line' id='line_1_54' title="bbox 289 4817 1984 4884; baseline -0.004 -10"><span class='ocrx_word' id='word_1_346' title='bbox 289 4833 423 4874; x_wconf 92' lang='lat' dir='ltr'><strong>cum</strong></span> <span class='ocrx_word' id='word_1_347' title='bbox 446 4818 609 4874; x_wconf 90' lang='lat' dir='ltr'><strong>factis</strong></span> <span class='ocrx_word' id='word_1_348' title='bbox 650 4817 862 4872; x_wconf 91' lang='lat' dir='ltr'><strong>talibus</strong></span> <span class='ocrx_word' id='word_1_349' title='bbox 922 4817 1162 4871; x_wconf 82' lang='lat' dir='ltr'><strong>factores</strong></span> <span class='ocrx_word' id='word_1_350' title='bbox 1217 4827 1452 4884; x_wconf 89' lang='lat' dir='ltr'><strong>quoque</strong></span> <span class='ocrx_word' id='word_1_351' title='bbox 1505 4820 1883 4869; x_wconf 82' lang='lat' dir='ltr'><strong>exsecrantur</strong></span> <span class='ocrx_word' id='word_1_352' title='bbox 1929 4821 1984 4868; x_wconf 92' lang='lat' dir='ltr'><strong>et</strong></span> 
     </span>
    </p>
   </div>
   <div class='ocr_carea' id='block_1_55' title="bbox 289 4901 1979 4977">
    <p class='ocr_par' dir='ltr' id='par_1_55' title="bbox 289 4901 1979 4977">
     <span class='ocr_line' id='line_1_55' title="bbox 289 4901 1979 4977; baseline -0.004 -16"><span class='ocrx_word' id='word_1_353' title='bbox 289 4908 551 4977; x_wconf 91' lang='lat' dir='ltr'><strong>abigunt.</strong></span> <span class='ocrx_word' id='word_1_354' title='bbox 603 4905 815 4960; x_wconf 84' lang='lat' dir='ltr'><strong>Infiniti</strong></span> <span class='ocrx_word' id='word_1_355' title='bbox 867 4905 1106 4960; x_wconf 91' lang='lat' dir='ltr'><strong>tumoris</strong></span> <span class='ocrx_word' id='word_1_356' title='bbox 1166 4903 1374 4958; x_wconf 84' lang='lat' dir='ltr'><strong>fastum</strong></span> <span class='ocrx_word' id='word_1_357' title='bbox 1435 4901 1788 4969; x_wconf 91' lang='lat' dir='ltr'><strong>concipiunt,</strong></span> <span class='ocrx_word' id='word_1_358' title='bbox 1842 4901 1979 4955; x_wconf 90' lang='lat' dir='ltr'><strong>dum</strong></span> 
     </span>
    </p>
   </div>
   <div class='ocr_carea' id='block_1_56' title="bbox 286 4989 1982 5060">
    <p class='ocr_par' dir='ltr' id='par_1_56' title="bbox 286 4989 1982 5060">
     <span class='ocr_line' id='line_1_56' title="bbox 286 4989 1982 5060; baseline -0.005 -10"><span class='ocrx_word' id='word_1_359' title='bbox 286 5010 451 5050; x_wconf 89' lang='lat' dir='ltr'><strong>suam</strong></span> <span class='ocrx_word' id='word_1_360' title='bbox 496 4991 932 5049; x_wconf 90' lang='lat' dir='ltr'><strong>sanctimoniam</strong></span> <span class='ocrx_word' id='word_1_361' title='bbox 976 5005 1047 5046; x_wconf 90' lang='lat' dir='ltr'><strong>ex</strong></span> <span class='ocrx_word' id='word_1_362' title='bbox 1098 4991 1326 5046; x_wconf 91' lang='lat' dir='ltr'><strong>illorum</strong></span> <span class='ocrx_word' id='word_1_363' title='bbox 1362 4989 1643 5060; x_wconf 85' lang='lat' dir='ltr'><strong>flagitiosa</strong></span> <span class='ocrx_word' id='word_1_364' title='bbox 1679 5001 1982 5042; x_wconf 86' lang='lat' dir='ltr'><strong>conversa-</strong></span> 
     </span>
    </p>
   </div>
   <div class='ocr_carea' id='block_1_57' title="bbox 285 5075 1984 5146">
    <p class='ocr_par' dir='ltr' id='par_1_57' title="bbox 285 5075 1984 5146">
     <span class='ocr_line' id='line_1_57' title="bbox 285 5075 1984 5146; baseline -0.006 -8"><span class='ocrx_word' id='word_1_365' title='bbox 285 5083 436 5138; x_wconf 92' lang='lat' dir='ltr'><strong>tione</strong></span> <span class='ocrx_word' id='word_1_366' title='bbox 481 5081 810 5137; x_wconf 91' lang='lat' dir='ltr'><strong>sustollunt.</strong></span> <span class='ocrx_word' id='word_1_367' title='bbox 862 5079 976 5134; x_wconf 90' lang='lat' dir='ltr'><strong>Nec</strong></span> <span class='ocrx_word' id='word_1_368' title='bbox 1024 5091 1185 5133; x_wconf 93' lang='lat' dir='ltr'><strong>mora</strong></span> <span class='ocrx_word' id='word_1_369' title='bbox 1228 5077 1277 5132; x_wconf 90' lang='lat' dir='ltr'><strong>ei</strong></span> <span class='ocrx_word' id='word_1_370' title='bbox 1323 5090 1500 5146; x_wconf 90' lang='lat' dir='ltr'><strong>quam</strong></span> <span class='ocrx_word' id='word_1_371' title='bbox 1540 5075 1984 5130; x_wconf 91' lang='lat' dir='ltr'><strong>contemnebant</strong></span> 
     </span>
    </p>
   </div>
   <div class='ocr_carea' id='block_1_58' title="bbox 285 5162 1980 5234">
    <p class='ocr_par' dir='ltr' id='par_1_58' title="bbox 285 5162 1980 5234">
     <span class='ocr_line' id='line_1_58' title="bbox 285 5162 1980 5234; baseline -0.006 -8"><span class='ocrx_word' id='word_1_372' title='bbox 285 5172 470 5227; x_wconf 88' lang='lat' dir='ltr'><strong>ruina</strong></span> <span class='ocrx_word' id='word_1_373' title='bbox 524 5169 932 5226; x_wconf 90' lang='lat' dir='ltr'><strong>succumbunt.</strong></span> <span class='ocrx_word' id='word_1_374' title='bbox 1001 5165 1116 5221; x_wconf 92' lang='lat' dir='ltr'><strong>Nec</strong></span> <span class='ocrx_word' id='word_1_375' title='bbox 1163 5178 1370 5234; x_wconf 87' lang='lat' dir='ltr'><strong>pravos</strong></span> <span class='ocrx_word' id='word_1_376' title='bbox 1405 5170 1567 5218; x_wconf 91' lang='lat' dir='ltr'><strong>artus</strong></span> <span class='ocrx_word' id='word_1_377' title='bbox 1612 5176 1726 5218; x_wconf 93' lang='lat' dir='ltr'><strong>non</strong></span> <span class='ocrx_word' id='word_1_378' title='bbox 1775 5162 1980 5217; x_wconf 86' lang='lat' dir='ltr'><strong>debere</strong></span> 
     </span>
    </p>
   </div>
   <div class='ocr_carea' id='block_1_59' title="bbox 283 5251 1977 5328">
    <p class='ocr_par' dir='ltr' id='par_1_59' title="bbox 283 5251 1977 5328">
     <span class='ocr_line' id='line_1_59' title="bbox 283 5251 1977 5328; baseline -0.004 -15"><span class='ocrx_word' id='word_1_379' title='bbox 283 5259 472 5328; x_wconf 89' lang='lat' dir='ltr'><strong>sperni</strong></span> <span class='ocrx_word' id='word_1_380' title='bbox 506 5258 750 5313; x_wconf 89' lang='lat' dir='ltr'><strong>dicimus</strong></span> <span class='ocrx_word' id='word_1_381' title='bbox 781 5272 791 5312; x_wconf 93' lang='lat'>:</span> <span class='ocrx_word' id='word_1_382' title='bbox 825 5255 920 5311; x_wconf 89' lang='lat' dir='ltr'><strong>sed</strong></span> <span class='ocrx_word' id='word_1_383' title='bbox 959 5255 1040 5310; x_wconf 91' lang='lat' dir='ltr'><strong>sic</strong></span> <span class='ocrx_word' id='word_1_384' title='bbox 1089 5266 1343 5322; x_wconf 87' lang='lat' dir='ltr'><strong>persona</strong></span> <span class='ocrx_word' id='word_1_385' title='bbox 1375 5251 1521 5305; x_wconf 91' lang='lat' dir='ltr'><strong>male</strong></span> <span class='ocrx_word' id='word_1_386' title='bbox 1564 5258 1742 5320; x_wconf 88' lang='lat' dir='ltr'><strong>gesta,</strong></span> <span class='ocrx_word' id='word_1_387' title='bbox 1792 5265 1862 5306; x_wconf 91' lang='lat' dir='ltr'><strong>ne</strong></span> <span class='ocrx_word' id='word_1_388' title='bbox 1905 5251 1977 5306; x_wconf 89' lang='lat' dir='ltr'><strong>ad</strong></span> 
     </span>
    </p>
   </div>
   <div class='ocr_carea' id='block_1_60' title="bbox 280 5338 1974 5408">
    <p class='ocr_par' dir='ltr' id='par_1_60' title="bbox 280 5338 1974 5408">
     <span class='ocr_line' id='line_1_60' title="bbox 280 5338 1974 5408; baseline -0.006 -6"><span class='ocrx_word' id='word_1_389' title='bbox 280 5360 479 5403; x_wconf 91' lang='lat' dir='ltr'><strong>eorum</strong></span> <span class='ocrx_word' id='word_1_390' title='bbox 510 5346 813 5401; x_wconf 90' lang='lat' dir='ltr'><strong>trahamur</strong></span> <span class='ocrx_word' id='word_1_391' title='bbox 846 5342 1236 5408; x_wconf 90' lang='lat' dir='ltr'><strong>imitationem,</strong></span> <span class='ocrx_word' id='word_1_392' title='bbox 1276 5338 1584 5395; x_wconf 85' lang='lat' dir='ltr'><strong>liberaliter</strong></span> <span class='ocrx_word' id='word_1_393' title='bbox 1633 5339 1928 5408; x_wconf 89' lang='lat' dir='ltr'><strong>aspernari</strong></span> <span class='ocrx_word' id='word_1_394' title='bbox 1958 5354 1974 5407; x_wconf 90' lang='lat'><strong>;</strong></span> 
     </span>
    </p>
   </div>
   <div class='ocr_carea' id='block_1_61' title="bbox 285 5426 1975 5502">
    <p class='ocr_par' dir='ltr' id='par_1_61' title="bbox 285 5426 1975 5502">
     <span class='ocr_line' id='line_1_61' title="bbox 285 5426 1975 5502; baseline -0.005 -12"><span class='ocrx_word' id='word_1_395' title='bbox 285 5443 346 5490; x_wconf 90' lang='lat' dir='ltr'><strong>ut</strong></span> <span class='ocrx_word' id='word_1_396' title='bbox 400 5447 700 5502; x_wconf 90' lang='lat' dir='ltr'><strong>personam</strong></span> <span class='ocrx_word' id='word_1_397' title='bbox 744 5446 858 5486; x_wconf 91' lang='lat' dir='ltr'><strong>non</strong></span> <span class='ocrx_word' id='word_1_398' title='bbox 905 5431 1067 5486; x_wconf 91' lang='lat' dir='ltr'><strong>liceat</strong></span> <span class='ocrx_word' id='word_1_399' title='bbox 1121 5443 1221 5498; x_wconf 89' lang='lat' dir='ltr'><strong>pro</strong></span> <span class='ocrx_word' id='word_1_400' title='bbox 1273 5427 1594 5498; x_wconf 85' lang='lat' dir='ltr'><strong>quantitate</strong></span> <span class='ocrx_word' id='word_1_401' title='bbox 1655 5426 1975 5484; x_wconf 89' lang='lat' dir='ltr'><strong>facinorum</strong></span> 
     </span>
    </p>
   </div>
   <div class='ocr_carea' id='block_1_62' title="bbox 280 5517 1060 5591">
    <p class='ocr_par' dir='ltr' id='par_1_62' title="bbox 280 5517 1060 5591">
     <span class='ocr_line' id='line_1_62' title="bbox 280 5517 1060 5591; baseline -0.009 -13"><span class='ocrx_word' id='word_1_402' title='bbox 280 5523 599 5591; x_wconf 90' lang='lat' dir='ltr'><strong>desperare,</strong></span> <span class='ocrx_word' id='word_1_403' title='bbox 633 5519 721 5574; x_wconf 89' lang='lat' dir='ltr'><strong>vel</strong></span> <span class='ocrx_word' id='word_1_404' title='bbox 755 5517 1060 5573; x_wconf 89' lang='lat' dir='ltr'><strong>contemni.</strong></span> 
     </span>
    </p>
   </div>
   <div class='ocr_carea' id='block_1_63' title="bbox 2127 499 3828 558">
    <p class='ocr_par' dir='ltr' id='par_1_63' title="bbox 2127 499 3828 558">
     <span class='ocr_line' id='line_1_63' title="bbox 2127 499 3828 558; baseline -0.002 0"><span class='ocrx_word' id='word_1_405' title='bbox 2127 517 2257 558; x_wconf 90' lang='lat' dir='ltr'><strong>rum</strong></span> <span class='ocrx_word' id='word_1_406' title='bbox 2306 502 2628 557; x_wconf 90' lang='lat' dir='ltr'><strong>inordinate</strong></span> <span class='ocrx_word' id='word_1_407' title='bbox 2674 501 2890 556; x_wconf 82' lang='lat' dir='ltr'><strong>levitati</strong></span> <span class='ocrx_word' id='word_1_408' title='bbox 2938 507 3111 555; x_wconf 91' lang='lat' dir='ltr'><strong>tanta</strong></span> <span class='ocrx_word' id='word_1_409' title='bbox 3151 499 3478 554; x_wconf 88' lang='lat' dir='ltr'><strong>acerbitatis</strong></span> <span class='ocrx_word' id='word_1_410' title='bbox 3517 513 3606 554; x_wconf 90' lang='lat' dir='ltr'><strong>me</strong></span> <span class='ocrx_word' id='word_1_411' title='bbox 3659 499 3828 554; x_wconf 85' lang='lat' dir='ltr'><strong>inve-</strong></span> 
     </span>
    </p>
   </div>
   <div class='ocr_carea' id='block_1_64' title="bbox 2123 586 3827 659">
    <p class='ocr_par' dir='ltr' id='par_1_64' title="bbox 2123 586 3827 659">
     <span class='ocr_line' id='line_1_64' title="bbox 2123 586 3827 659; baseline -0.003 -14"><span class='ocrx_word' id='word_1_412' title='bbox 2123 590 2275 646; x_wconf 88' lang='lat' dir='ltr'><strong>xisse</strong></span> <span class='ocrx_word' id='word_1_413' title='bbox 2303 589 2609 659; x_wconf 91' lang='lat' dir='ltr'><strong>judicium,</strong></span> <span class='ocrx_word' id='word_1_414' title='bbox 2643 603 2776 644; x_wconf 93' lang='lat' dir='ltr'><strong>cum</strong></span> <span class='ocrx_word' id='word_1_415' title='bbox 2807 602 2911 658; x_wconf 90' lang='lat' dir='ltr'><strong>ego</strong></span> <span class='ocrx_word' id='word_1_416' title='bbox 2955 589 3072 657; x_wconf 90' lang='lat' dir='ltr'><strong>ipse</strong></span> <span class='ocrx_word' id='word_1_417' title='bbox 3115 587 3297 656; x_wconf 87' lang='lat' dir='ltr'><strong>judex</strong></span> <span class='ocrx_word' id='word_1_418' title='bbox 3322 586 3541 651; x_wconf 89' lang='lat' dir='ltr'><strong>eadem,</strong></span> <span class='ocrx_word' id='word_1_419' title='bbox 3586 595 3649 642; x_wconf 92' lang='lat' dir='ltr'><strong>ut</strong></span> <span class='ocrx_word' id='word_1_420' title='bbox 3688 594 3827 655; x_wconf 92' lang='lat' dir='ltr'><strong>puto</strong></span> 
     </span>
    </p>
   </div>
   <div class='ocr_carea' id='block_1_65' title="bbox 2126 673 3825 747">
    <p class='ocr_par' dir='ltr' id='par_1_65' title="bbox 2126 673 3825 747">
     <span class='ocr_line' id='line_1_65' title="bbox 2126 673 3825 747; baseline -0.004 -14"><span class='ocrx_word' id='word_1_421' title='bbox 2126 677 2309 747; x_wconf 90' lang='lat' dir='ltr'><strong>pejus,</strong></span> <span class='ocrx_word' id='word_1_422' title='bbox 2342 678 2600 747; x_wconf 79' lang='lat' dir='ltr'><strong>passione</strong></span> <span class='ocrx_word' id='word_1_423' title='bbox 2626 689 2890 742; x_wconf 84' lang='lat' dir='ltr'><strong>vexarer,</strong></span> <span class='ocrx_word' id='word_1_424' title='bbox 2923 683 2986 730; x_wconf 91' lang='lat' dir='ltr'><strong>ut</strong></span> <span class='ocrx_word' id='word_1_425' title='bbox 3016 689 3130 730; x_wconf 93' lang='lat' dir='ltr'><strong>non</strong></span> <span class='ocrx_word' id='word_1_426' title='bbox 3163 674 3421 729; x_wconf 91' lang='lat' dir='ltr'><strong>humana</strong></span> <span class='ocrx_word' id='word_1_427' title='bbox 3452 673 3593 728; x_wconf 90' lang='lat' dir='ltr'><strong>mihi</strong></span> <span class='ocrx_word' id='word_1_428' title='bbox 3622 687 3825 728; x_wconf 90' lang='lat' dir='ltr'><strong>eorum</strong></span> 
     </span>
    </p>
   </div>
   <div class='ocr_carea' id='block_1_66' title="bbox 2122 761 3827 832">
    <p class='ocr_par' dir='ltr' id='par_1_66' title="bbox 2122 761 3827 832">
     <span class='ocr_line' id='line_1_66' title="bbox 2122 761 3827 832; baseline -0.004 -11"><span class='ocrx_word' id='word_1_429' title='bbox 2122 767 2418 821; x_wconf 92' lang='lat' dir='ltr'><strong>videretur</strong></span> <span class='ocrx_word' id='word_1_430' title='bbox 2485 764 2738 831; x_wconf 91' lang='lat' dir='ltr'><strong>tentatio,</strong></span> <span class='ocrx_word' id='word_1_431' title='bbox 2819 777 2924 819; x_wconf 91' lang='lat' dir='ltr'><strong>nec</strong></span> <span class='ocrx_word' id='word_1_432' title='bbox 2990 763 3242 818; x_wconf 89' lang='lat' dir='ltr'><strong>modeste</strong></span> <span class='ocrx_word' id='word_1_433' title='bbox 3305 761 3664 832; x_wconf 86' lang='lat' dir='ltr'><strong>corrigenda,</strong></span> <span class='ocrx_word' id='word_1_434' title='bbox 3729 761 3827 815; x_wconf 89' lang='lat' dir='ltr'><strong>sed</strong></span> 
     </span>
    </p>
   </div>
   <div class='ocr_carea' id='block_1_67' title="bbox 2124 848 3825 924">
    <p class='ocr_par' dir='ltr' id='par_1_67' title="bbox 2124 848 3825 924">
     <span class='ocr_line' id='line_1_67' title="bbox 2124 848 3825 924; baseline -0.005 -14"><span class='ocrx_word' id='word_1_435' title='bbox 2124 855 2316 924; x_wconf 91' lang='lat' dir='ltr'><strong>impie,</strong></span> <span class='ocrx_word' id='word_1_436' title='bbox 2353 861 2407 910; x_wconf 93' lang='lat' dir='ltr'><strong>et</strong></span> <span class='ocrx_word' id='word_1_437' title='bbox 2435 868 2530 909; x_wconf 89' lang='lat' dir='ltr'><strong>eos</strong></span> <span class='ocrx_word' id='word_1_438' title='bbox 2576 867 2665 909; x_wconf 91' lang='lat' dir='ltr'><strong>me</strong></span> <span class='ocrx_word' id='word_1_439' title='bbox 2703 853 2874 908; x_wconf 89' lang='lat' dir='ltr'><strong>etiam</strong></span> <span class='ocrx_word' id='word_1_440' title='bbox 2916 851 3110 907; x_wconf 89' lang='lat' dir='ltr'><strong>videre</strong></span> <span class='ocrx_word' id='word_1_441' title='bbox 3156 850 3404 906; x_wconf 89' lang='lat' dir='ltr'><strong>taderet.</strong></span> <span class='ocrx_word' id='word_1_442' title='bbox 3437 853 3508 904; x_wconf 76' lang='lat' dir='ltr'><strong>At</strong></span> <span class='ocrx_word' id='word_1_443' title='bbox 3537 864 3668 906; x_wconf 91' lang='lat' dir='ltr'><strong>cum</strong></span> <span class='ocrx_word' id='word_1_444' title='bbox 3723 848 3825 903; x_wconf 88' lang='lat' dir='ltr'><strong>Dei</strong></span> 
     </span>
    </p>
   </div>
   <div class='ocr_carea' id='block_1_68' title="bbox 2123 937 3827 1013">
    <p class='ocr_par' dir='ltr' id='par_1_68' title="bbox 2123 937 3827 1013">
     <span class='ocr_line' id='line_1_68' title="bbox 2123 937 3827 1013; baseline -0.005 -15"><span class='ocrx_word' id='word_1_445' title='bbox 2123 943 2309 1013; x_wconf 90' lang='lat' dir='ltr'><strong>gratia</strong></span> <span class='ocrx_word' id='word_1_446' title='bbox 2352 957 2463 997; x_wconf 94' lang='lat' dir='ltr'><strong>non</strong></span> <span class='ocrx_word' id='word_1_447' title='bbox 2495 943 2652 997; x_wconf 91' lang='lat' dir='ltr'><strong>omni</strong></span> <span class='ocrx_word' id='word_1_448' title='bbox 2697 940 2864 996; x_wconf 90' lang='lat' dir='ltr'><strong>modo</strong></span> <span class='ocrx_word' id='word_1_449' title='bbox 2894 954 3080 995; x_wconf 90' lang='lat' dir='ltr'><strong>cacus</strong></span> <span class='ocrx_word' id='word_1_450' title='bbox 3133 952 3258 993; x_wconf 90' lang='lat' dir='ltr'><strong>meo</strong></span> <span class='ocrx_word' id='word_1_451' title='bbox 3312 938 3632 1007; x_wconf 87' lang='lat' dir='ltr'><strong>impudenti</strong></span> <span class='ocrx_word' id='word_1_452' title='bbox 3669 937 3827 1006; x_wconf 89' lang='lat' dir='ltr'><strong>cogi-</strong></span> 
     </span>
    </p>
   </div>
   <div class='ocr_carea' id='block_1_69' title="bbox 2120 1025 3823 1100">
    <p class='ocr_par' dir='ltr' id='par_1_69' title="bbox 2120 1025 3823 1100">
     <span class='ocr_line' id='line_1_69' title="bbox 2120 1025 3823 1100; baseline -0.005 -14"><span class='ocrx_word' id='word_1_453' title='bbox 2120 1031 2266 1086; x_wconf 90' lang='lat' dir='ltr'><strong>tatui</strong></span> <span class='ocrx_word' id='word_1_454' title='bbox 2295 1031 2660 1100; x_wconf 89' lang='lat' dir='ltr'><strong>objectarem,</strong></span> <span class='ocrx_word' id='word_1_455' title='bbox 2712 1029 2867 1098; x_wconf 90' lang='lat' dir='ltr'><strong>quod</strong></span> <span class='ocrx_word' id='word_1_456' title='bbox 2915 1027 3123 1083; x_wconf 87' lang='lat' dir='ltr'><strong>eadem</strong></span> <span class='ocrx_word' id='word_1_457' title='bbox 3178 1026 3476 1094; x_wconf 89' lang='lat' dir='ltr'><strong>illecebra,</strong></span> <span class='ocrx_word' id='word_1_458' title='bbox 3525 1025 3637 1080; x_wconf 92' lang='lat' dir='ltr'><strong>imo</strong></span> <span class='ocrx_word' id='word_1_459' title='bbox 3681 1038 3823 1094; x_wconf 89' lang='lat' dir='ltr'><strong>per—</strong></span> 
     </span>
    </p>
   </div>
   <div class='ocr_carea' id='block_1_70' title="bbox 2121 1112 3821 1188">
    <p class='ocr_par' dir='ltr' id='par_1_70' title="bbox 2121 1112 3821 1188">
     <span class='ocr_line' id='line_1_70' title="bbox 2121 1112 3821 1188; baseline -0.005 -15"><span class='ocrx_word' id='word_1_460' title='bbox 2121 1131 2299 1188; x_wconf 91' lang='lat' dir='ltr'><strong>quam</strong></span> <span class='ocrx_word' id='word_1_461' title='bbox 2333 1117 2696 1183; x_wconf 88' lang='lat' dir='ltr'><strong>molestiores,</strong></span> <span class='ocrx_word' id='word_1_462' title='bbox 2749 1115 2950 1171; x_wconf 91' lang='lat' dir='ltr'><strong>crebro</strong></span> <span class='ocrx_word' id='word_1_463' title='bbox 3003 1129 3195 1170; x_wconf 92' lang='lat' dir='ltr'><strong>meum</strong></span> <span class='ocrx_word' id='word_1_464' title='bbox 3245 1113 3506 1169; x_wconf 92' lang='lat' dir='ltr'><strong>animum</strong></span> <span class='ocrx_word' id='word_1_465' title='bbox 3551 1112 3821 1167; x_wconf 91' lang='lat' dir='ltr'><strong>incursa-</strong></span> 
     </span>
    </p>
   </div>
   <div class='ocr_carea' id='block_1_71' title="bbox 2123 1197 3825 1270">
    <p class='ocr_par' dir='ltr' id='par_1_71' title="bbox 2123 1197 3825 1270">
     <span class='ocr_line' id='line_1_71' title="bbox 2123 1197 3825 1270; baseline -0.004 -12"><span class='ocrx_word' id='word_1_466' title='bbox 2123 1211 2282 1268; x_wconf 83' lang='lat' dir='ltr'><strong>rent;</strong></span> <span class='ocrx_word' id='word_1_467' title='bbox 2315 1204 2466 1258; x_wconf 90' lang='lat' dir='ltr'><strong>unde</strong></span> <span class='ocrx_word' id='word_1_468' title='bbox 2514 1202 2630 1258; x_wconf 90' lang='lat' dir='ltr'><strong>zelo</strong></span> <span class='ocrx_word' id='word_1_469' title='bbox 2675 1201 3018 1258; x_wconf 89' lang='lat' dir='ltr'><strong>curiositatis</strong></span> <span class='ocrx_word' id='word_1_470' title='bbox 3064 1200 3250 1270; x_wconf 87' lang='lat' dir='ltr'><strong>potius</strong></span> <span class='ocrx_word' id='word_1_471' title='bbox 3298 1214 3473 1270; x_wconf 89' lang='lat' dir='ltr'><strong>quam</strong></span> <span class='ocrx_word' id='word_1_472' title='bbox 3520 1197 3825 1253; x_wconf 89' lang='lat' dir='ltr'><strong>charitatis</strong></span> 
     </span>
    </p>
   </div>
   <div class='ocr_carea' id='block_1_72' title="bbox 2122 1287 3823 1356">
    <p class='ocr_par' dir='ltr' id='par_1_72' title="bbox 2122 1287 3823 1356">
     <span class='ocr_line' id='line_1_72' title="bbox 2122 1287 3823 1356; baseline -0.002 -11"><span class='ocrx_word' id='word_1_473' title='bbox 2122 1291 2262 1346; x_wconf 89' lang='lat' dir='ltr'><strong>alios</strong></span> <span class='ocrx_word' id='word_1_474' title='bbox 2303 1290 2690 1353; x_wconf 83' lang='lat' dir='ltr'><strong>abhorrerem,</strong></span> <span class='ocrx_word' id='word_1_475' title='bbox 2740 1289 2837 1344; x_wconf 87' lang='lat' dir='ltr'><strong>vix</strong></span> <span class='ocrx_word' id='word_1_476' title='bbox 2888 1289 3071 1344; x_wconf 88' lang='lat' dir='ltr'><strong>multa</strong></span> <span class='ocrx_word' id='word_1_477' title='bbox 3123 1287 3300 1353; x_wconf 89' lang='lat' dir='ltr'><strong>lucta,</strong></span> <span class='ocrx_word' id='word_1_478' title='bbox 3364 1287 3548 1343; x_wconf 90' lang='lat' dir='ltr'><strong>multa</strong></span> <span class='ocrx_word' id='word_1_479' title='bbox 3601 1287 3823 1356; x_wconf 86' lang='lat' dir='ltr'><strong>cogita-</strong></span> 
     </span>
    </p>
   </div>
   <div class='ocr_carea' id='block_1_73' title="bbox 2121 1374 3818 1447">
    <p class='ocr_par' dir='ltr' id='par_1_73' title="bbox 2121 1374 3818 1447">
     <span class='ocr_line' id='line_1_73' title="bbox 2121 1374 3818 1447; baseline -0.004 -13"><span class='ocrx_word' id='word_1_480' title='bbox 2121 1386 2289 1434; x_wconf 90' lang='lat' dir='ltr'><strong>tuum</strong></span> <span class='ocrx_word' id='word_1_481' title='bbox 2343 1378 2640 1444; x_wconf 88' lang='lat' dir='ltr'><strong>rotatione,</strong></span> <span class='ocrx_word' id='word_1_482' title='bbox 2693 1377 2908 1447; x_wconf 87' lang='lat' dir='ltr'><strong>quibus</strong></span> <span class='ocrx_word' id='word_1_483' title='bbox 2949 1391 3035 1431; x_wconf 90' lang='lat' dir='ltr'><strong>me</strong></span> <span class='ocrx_word' id='word_1_484' title='bbox 3067 1375 3207 1431; x_wconf 89' lang='lat' dir='ltr'><strong>mihi</strong></span> <span class='ocrx_word' id='word_1_485' title='bbox 3238 1375 3651 1441; x_wconf 83' lang='lat' dir='ltr'><strong>excusabilem,</strong></span> <span class='ocrx_word' id='word_1_486' title='bbox 3686 1374 3818 1429; x_wconf 91' lang='lat' dir='ltr'><strong>illos</strong></span> 
     </span>
    </p>
   </div>
   <div class='ocr_carea' id='block_1_74' title="bbox 2122 1462 3822 1535">
    <p class='ocr_par' dir='ltr' id='par_1_74' title="bbox 2122 1462 3822 1535">
     <span class='ocr_line' id='line_1_74' title="bbox 2122 1462 3822 1535; baseline -0.002 -15"><span class='ocrx_word' id='word_1_487' title='bbox 2122 1466 2511 1535; x_wconf 89' lang='lat' dir='ltr'><strong>aspernandos</strong></span> <span class='ocrx_word' id='word_1_488' title='bbox 2559 1465 2758 1520; x_wconf 91' lang='lat' dir='ltr'><strong>merito</strong></span> <span class='ocrx_word' id='word_1_489' title='bbox 2817 1463 3214 1531; x_wconf 88' lang='lat' dir='ltr'><strong>ostendebam,</strong></span> <span class='ocrx_word' id='word_1_490' title='bbox 3277 1463 3444 1534; x_wconf 90' lang='lat' dir='ltr'><strong>quasi</strong></span> <span class='ocrx_word' id='word_1_491' title='bbox 3505 1462 3574 1517; x_wconf 91' lang='lat' dir='ltr'><strong>de</strong></span> <span class='ocrx_word' id='word_1_492' title='bbox 3627 1475 3822 1517; x_wconf 90' lang='lat' dir='ltr'><strong>crassa</strong></span> 
     </span>
    </p>
   </div>
   <div class='ocr_carea' id='block_1_75' title="bbox 2121 1551 3817 1624">
    <p class='ocr_par' dir='ltr' id='par_1_75' title="bbox 2121 1551 3817 1624">
     <span class='ocr_line' id='line_1_75' title="bbox 2121 1551 3817 1624; baseline -0.002 -16"><span class='ocrx_word' id='word_1_493' title='bbox 2121 1554 2365 1624; x_wconf 88' lang='lat' dir='ltr'><strong>caligine</strong></span> <span class='ocrx_word' id='word_1_494' title='bbox 2389 1561 2610 1620; x_wconf 91' lang='lat' dir='ltr'><strong>erutus,</strong></span> <span class='ocrx_word' id='word_1_495' title='bbox 2645 1553 2713 1608; x_wconf 89' lang='lat' dir='ltr'><strong>ad</strong></span> <span class='ocrx_word' id='word_1_496' title='bbox 2755 1552 2992 1608; x_wconf 89' lang='lat' dir='ltr'><strong>rationis</strong></span> <span class='ocrx_word' id='word_1_497' title='bbox 3019 1552 3247 1608; x_wconf 91' lang='lat' dir='ltr'><strong>radium</strong></span> <span class='ocrx_word' id='word_1_498' title='bbox 3295 1551 3606 1607; x_wconf 90' lang='lat' dir='ltr'><strong>scintillare</strong></span> <span class='ocrx_word' id='word_1_499' title='bbox 3659 1559 3817 1619; x_wconf 90' lang='lat' dir='ltr'><strong>pote-</strong></span> 
     </span>
    </p>
   </div>
   <div class='ocr_carea' id='block_1_76' title="bbox 2123 1638 3820 1696">
    <p class='ocr_par' dir='ltr' id='par_1_76' title="bbox 2123 1638 3820 1696">
     <span class='ocr_line' id='line_1_76' title="bbox 2123 1638 3820 1696; baseline -0.002 -1"><span class='ocrx_word' id='word_1_500' title='bbox 2123 1655 2266 1696; x_wconf 88' lang='lat' dir='ltr'><strong>ram.</strong></span> <span class='ocrx_word' id='word_1_501' title='bbox 2318 1641 2414 1696; x_wconf 90' lang='lat' dir='ltr'><strong>Est</strong></span> <span class='ocrx_word' id='word_1_502' title='bbox 2459 1641 2613 1695; x_wconf 91' lang='lat' dir='ltr'><strong>enim</strong></span> <span class='ocrx_word' id='word_1_503' title='bbox 2663 1641 2868 1696; x_wconf 90' lang='lat' dir='ltr'><strong>vitium</strong></span> <span class='ocrx_word' id='word_1_504' title='bbox 2925 1639 3195 1695; x_wconf 87' lang='lat' dir='ltr'><strong>humanis</strong></span> <span class='ocrx_word' id='word_1_505' title='bbox 3234 1639 3506 1694; x_wconf 88' lang='lat' dir='ltr'><strong>altissime</strong></span> <span class='ocrx_word' id='word_1_506' title='bbox 3559 1638 3820 1693; x_wconf 87' lang='lat' dir='ltr'><strong>moribus</strong></span> 
     </span>
    </p>
   </div>
   <div class='ocr_carea' id='block_1_77' title="bbox 2051 1704 3816 1798">
    <p class='ocr_par' dir='ltr' id='par_1_77' title="bbox 2051 1704 3816 1798">
     <span class='ocr_line' id='line_1_77' title="bbox 2051 1704 3816 1798; baseline -0.002 -14"><span class='ocrx_word' id='word_1_507' title='bbox 2051 1704 2093 1758; x_wconf 78' lang='grc' dir='ltr'><strong>Β</strong></span> <span class='ocrx_word' id='word_1_508' title='bbox 2123 1729 2381 1796; x_wconf 91' lang='lat' dir='ltr'><strong>insitum,</strong></span> <span class='ocrx_word' id='word_1_509' title='bbox 2413 1736 2475 1784; x_wconf 88' lang='lat' dir='ltr'><strong>ut</strong></span> <span class='ocrx_word' id='word_1_510' title='bbox 2503 1743 2610 1785; x_wconf 89' lang='lat' dir='ltr'><strong>sua</strong></span> <span class='ocrx_word' id='word_1_511' title='bbox 2654 1733 2802 1782; x_wconf 71' lang='lat' dir='ltr'><strong>ais</strong></span> <span class='ocrx_word' id='word_1_512' title='bbox 2855 1729 3102 1798; x_wconf 90' lang='lat' dir='ltr'><strong>quisque</strong></span> <span class='ocrx_word' id='word_1_513' title='bbox 3148 1737 3339 1784; x_wconf 88' lang='lat' dir='ltr'><strong>errata</strong></span> <span class='ocrx_word' id='word_1_514' title='bbox 3388 1727 3614 1797; x_wconf 90' lang='lat' dir='ltr'><strong>proprio</strong></span> <span class='ocrx_word' id='word_1_515' title='bbox 3659 1728 3816 1797; x_wconf 90' lang='lat' dir='ltr'><strong>apud</strong></span> 
     </span>
    </p>
   </div>
   <div class='ocr_carea' id='block_1_78' title="bbox 2121 1815 3816 1888">
    <p class='ocr_par' dir='ltr' id='par_1_78' title="bbox 2121 1815 3816 1888">
     <span class='ocr_line' id='line_1_78' title="bbox 2121 1815 3816 1888; baseline -0.001 -16"><span class='ocrx_word' id='word_1_516' title='bbox 2121 1831 2180 1872; x_wconf 92' lang='lat' dir='ltr'><strong>se</strong></span> <span class='ocrx_word' id='word_1_517' title='bbox 2230 1818 2447 1888; x_wconf 88' lang='lat' dir='ltr'><strong>judicio</strong></span> <span class='ocrx_word' id='word_1_518' title='bbox 2512 1817 2739 1888; x_wconf 87' lang='lat' dir='ltr'><strong>leviget,</strong></span> <span class='ocrx_word' id='word_1_519' title='bbox 2800 1817 2858 1872; x_wconf 93' lang='lat' dir='ltr'><strong>in</strong></span> <span class='ocrx_word' id='word_1_520' title='bbox 2915 1817 3123 1872; x_wconf 88' lang='lat' dir='ltr'><strong>alteros</strong></span> <span class='ocrx_word' id='word_1_521' title='bbox 3173 1818 3346 1872; x_wconf 90' lang='lat' dir='ltr'><strong>etiam</strong></span> <span class='ocrx_word' id='word_1_522' title='bbox 3399 1830 3504 1888; x_wconf 89' lang='lat' dir='ltr'><strong>pro</strong></span> <span class='ocrx_word' id='word_1_523' title='bbox 3561 1815 3816 1871; x_wconf 91' lang='lat' dir='ltr'><strong>minimis</strong></span> 
     </span>
    </p>
   </div>
   <div class='ocr_carea' id='block_1_79' title="bbox 2121 1905 2788 1976">
    <p class='ocr_par' dir='ltr' id='par_1_79' title="bbox 2121 1905 2788 1976">
     <span class='ocr_line' id='line_1_79' title="bbox 2121 1905 2788 1976; baseline -0.001 -15"><span class='ocrx_word' id='word_1_524' title='bbox 2121 1905 2430 1976; x_wconf 87' lang='lat' dir='ltr'><strong>asperrime</strong></span> <span class='ocrx_word' id='word_1_525' title='bbox 2461 1905 2788 1962; x_wconf 89' lang='lat' dir='ltr'><strong>invehatur.</strong></span> 
     </span>
    </p>
   </div>
   <div class='ocr_carea' id='block_1_80' title="bbox 2193 1991 3820 2064">
    <p class='ocr_par' dir='ltr' id='par_1_80' title="bbox 2193 1991 3820 2064">
     <span class='ocr_line' id='line_1_80' title="bbox 2193 1991 3820 2064; baseline -0.002 -14"><span class='ocrx_word' id='word_1_526' title='bbox 2193 1995 2338 2050; x_wconf 87' lang='lat' dir='ltr'><strong>Huic</strong></span> <span class='ocrx_word' id='word_1_527' title='bbox 2367 2009 2503 2064; x_wconf 88' lang='lat' dir='ltr'><strong>ergo</strong></span> <span class='ocrx_word' id='word_1_528' title='bbox 2546 1993 2743 2049; x_wconf 90' lang='lat' dir='ltr'><strong>morbo</strong></span> <span class='ocrx_word' id='word_1_529' title='bbox 2788 2000 2983 2048; x_wconf 90' lang='lat' dir='ltr'><strong>nostra</strong></span> <span class='ocrx_word' id='word_1_530' title='bbox 3036 1992 3157 2048; x_wconf 90' lang='lat' dir='ltr'><strong>hac</strong></span> <span class='ocrx_word' id='word_1_531' title='bbox 3184 1991 3496 2061; x_wconf 90' lang='lat' dir='ltr'><strong>sapissime</strong></span> <span class='ocrx_word' id='word_1_532' title='bbox 3525 2000 3578 2048; x_wconf 93' lang='lat' dir='ltr'><strong>et</strong></span> <span class='ocrx_word' id='word_1_533' title='bbox 3609 1992 3820 2062; x_wconf 85' lang='lat' dir='ltr'><strong>specia-</strong></span> 
     </span>
    </p>
   </div>
   <div class='ocr_carea' id='block_1_81' title="bbox 2122 2079 3811 2149">
    <p class='ocr_par' dir='ltr' id='par_1_81' title="bbox 2122 2079 3811 2149">
     <span class='ocr_line' id='line_1_81' title="bbox 2122 2079 3811 2149; baseline -0.003 -12"><span class='ocrx_word' id='word_1_534' title='bbox 2122 2082 2250 2137; x_wconf 90' lang='lat' dir='ltr'><strong>liter</strong></span> <span class='ocrx_word' id='word_1_535' title='bbox 2306 2081 2491 2136; x_wconf 90' lang='lat' dir='ltr'><strong>virtus</strong></span> <span class='ocrx_word' id='word_1_536' title='bbox 2551 2079 2822 2149; x_wconf 90' lang='lat' dir='ltr'><strong>contigua</strong></span> <span class='ocrx_word' id='word_1_537' title='bbox 2866 2093 2984 2134; x_wconf 90' lang='lat' dir='ltr'><strong>esse</strong></span> <span class='ocrx_word' id='word_1_538' title='bbox 3035 2079 3410 2149; x_wconf 90' lang='lat' dir='ltr'><strong>dignoscitur,</strong></span> <span class='ocrx_word' id='word_1_539' title='bbox 3473 2079 3612 2148; x_wconf 89' lang='lat' dir='ltr'><strong>quia</strong></span> <span class='ocrx_word' id='word_1_540' title='bbox 3669 2079 3811 2133; x_wconf 90' lang='lat' dir='ltr'><strong>dum</strong></span> 
     </span>
    </p>
   </div>
   <div class='ocr_carea' id='block_1_82' title="bbox 2123 2166 3818 2237">
    <p class='ocr_par' dir='ltr' id='par_1_82' title="bbox 2123 2166 3818 2237">
     <span class='ocr_line' id='line_1_82' title="bbox 2123 2166 3818 2237; baseline -0.002 -12"><span class='ocrx_word' id='word_1_541' title='bbox 2123 2171 2444 2225; x_wconf 92' lang='lat' dir='ltr'><strong>liberiorem</strong></span> <span class='ocrx_word' id='word_1_542' title='bbox 2477 2169 2582 2224; x_wconf 91' lang='lat' dir='ltr'><strong>hac</strong></span> <span class='ocrx_word' id='word_1_543' title='bbox 2608 2169 2685 2237; x_wconf 60' lang='lat' dir='ltr'><strong>.in</strong></span> <span class='ocrx_word' id='word_1_544' title='bbox 2717 2176 2877 2237; x_wconf 91' lang='lat' dir='ltr'><strong>parte</strong></span> <span class='ocrx_word' id='word_1_545' title='bbox 2924 2181 2982 2222; x_wconf 90' lang='lat' dir='ltr'><strong>se</strong></span> <span class='ocrx_word' id='word_1_546' title='bbox 3012 2167 3305 2236; x_wconf 90' lang='lat' dir='ltr'><strong>conspicit,</strong></span> <span class='ocrx_word' id='word_1_547' title='bbox 3338 2182 3402 2222; x_wconf 93' lang='lat' dir='ltr'><strong>eo</strong></span> <span class='ocrx_word' id='word_1_548' title='bbox 3432 2166 3818 2223; x_wconf 90' lang='lat' dir='ltr'><strong>miserabilius</strong></span> 
     </span>
    </p>
   </div>
   <div class='ocr_carea' id='block_1_83' title="bbox 2119 2255 3812 2328">
    <p class='ocr_par' dir='ltr' id='par_1_83' title="bbox 2119 2255 3812 2328">
     <span class='ocr_line' id='line_1_83' title="bbox 2119 2255 3812 2328; baseline -0.003 -14"><span class='ocrx_word' id='word_1_549' title='bbox 2119 2259 2400 2328; x_wconf 88' lang='lat' dir='ltr'><strong>obligatos</strong></span> <span class='ocrx_word' id='word_1_550' title='bbox 2429 2271 2645 2322; x_wconf 91' lang='lat' dir='ltr'><strong>omnes,</strong></span> <span class='ocrx_word' id='word_1_551' title='bbox 2687 2255 2746 2310; x_wconf 91' lang='lat' dir='ltr'><strong>in</strong></span> <span class='ocrx_word' id='word_1_552' title='bbox 2777 2255 2992 2326; x_wconf 91' lang='lat' dir='ltr'><strong>quibus</strong></span> <span class='ocrx_word' id='word_1_553' title='bbox 3032 2255 3485 2325; x_wconf 84' lang='lat' dir='ltr'><strong>intemperantia</strong></span> <span class='ocrx_word' id='word_1_554' title='bbox 3513 2255 3812 2325; x_wconf 88' lang='lat' dir='ltr'><strong>quidpiam</strong></span> 
     </span>
    </p>
   </div>
   <div class='ocr_carea' id='block_1_84' title="bbox 2121 2343 3818 2415">
    <p class='ocr_par' dir='ltr' id='par_1_84' title="bbox 2121 2343 3818 2415">
     <span class='ocr_line' id='line_1_84' title="bbox 2121 2343 3818 2415; baseline -0.001 -15"><span class='ocrx_word' id='word_1_555' title='bbox 2121 2352 2468 2415; x_wconf 89' lang='lat' dir='ltr'><strong>aucupatur,</strong></span> <span class='ocrx_word' id='word_1_556' title='bbox 2539 2345 2746 2399; x_wconf 92' lang='lat' dir='ltr'><strong>suimet</strong></span> <span class='ocrx_word' id='word_1_557' title='bbox 2812 2343 3038 2413; x_wconf 91' lang='lat' dir='ltr'><strong>penitus</strong></span> <span class='ocrx_word' id='word_1_558' title='bbox 3094 2343 3432 2412; x_wconf 90' lang='lat' dir='ltr'><strong>improvida,</strong></span> <span class='ocrx_word' id='word_1_559' title='bbox 3484 2343 3699 2410; x_wconf 88' lang='lat' dir='ltr'><strong>credit;</strong></span> <span class='ocrx_word' id='word_1_560' title='bbox 3762 2353 3818 2398; x_wconf 92' lang='lat' dir='ltr'><strong>et</strong></span> 
     </span>
    </p>
   </div>
   <div class='ocr_carea' id='block_1_85' title="bbox 2121 2431 3819 2502">
    <p class='ocr_par' dir='ltr' id='par_1_85' title="bbox 2121 2431 3819 2502">
     <span class='ocr_line' id='line_1_85' title="bbox 2121 2431 3819 2502; baseline -0.002 -13"><span class='ocrx_word' id='word_1_561' title='bbox 2121 2435 2257 2489; x_wconf 90' lang='lat' dir='ltr'><strong>dum</strong></span> <span class='ocrx_word' id='word_1_562' title='bbox 2290 2446 2585 2502; x_wconf 91' lang='lat' dir='ltr'><strong>perversos</strong></span> <span class='ocrx_word' id='word_1_563' title='bbox 2607 2431 2996 2501; x_wconf 89' lang='lat' dir='ltr'><strong>quorumlibet</strong></span> <span class='ocrx_word' id='word_1_564' title='bbox 3035 2438 3135 2486; x_wconf 91' lang='lat' dir='ltr'><strong>aut</strong></span> <span class='ocrx_word' id='word_1_565' title='bbox 3186 2431 3366 2498; x_wconf 89' lang='lat' dir='ltr'><strong>audit,</strong></span> <span class='ocrx_word' id='word_1_566' title='bbox 3409 2439 3509 2487; x_wconf 87' lang='lat' dir='ltr'><strong>aut</strong></span> <span class='ocrx_word' id='word_1_567' title='bbox 3553 2431 3819 2486; x_wconf 87' lang='lat' dir='ltr'><strong>conside-</strong></span> 
     </span>
    </p>
   </div>
   <div class='ocr_carea' id='block_1_86' title="bbox 2121 2518 3820 2589">
    <p class='ocr_par' dir='ltr' id='par_1_86' title="bbox 2121 2518 3820 2589">
     <span class='ocr_line' id='line_1_86' title="bbox 2121 2518 3820 2589; baseline -0.001 -14"><span class='ocrx_word' id='word_1_568' title='bbox 2121 2528 2210 2576; x_wconf 91' lang='lat' dir='ltr'><strong>rat</strong></span> <span class='ocrx_word' id='word_1_569' title='bbox 2240 2528 2422 2587; x_wconf 89' lang='lat' dir='ltr'><strong>actus,</strong></span> <span class='ocrx_word' id='word_1_570' title='bbox 2468 2519 2606 2574; x_wconf 92' lang='lat' dir='ltr'><strong>solet</strong></span> <span class='ocrx_word' id='word_1_571' title='bbox 2646 2518 2766 2573; x_wconf 85' lang='lat' dir='ltr'><strong>fieri</strong></span> <span class='ocrx_word' id='word_1_572' title='bbox 2816 2526 2880 2574; x_wconf 93' lang='lat' dir='ltr'><strong>ut</strong></span> <span class='ocrx_word' id='word_1_573' title='bbox 2911 2519 2982 2574; x_wconf 88' lang='lat' dir='ltr'><strong>ad</strong></span> <span class='ocrx_word' id='word_1_574' title='bbox 3034 2533 3166 2574; x_wconf 91' lang='lat' dir='ltr'><strong>suos</strong></span> <span class='ocrx_word' id='word_1_575' title='bbox 3217 2520 3491 2589; x_wconf 91' lang='lat' dir='ltr'><strong>impuros,</strong></span> <span class='ocrx_word' id='word_1_576' title='bbox 3541 2518 3644 2589; x_wconf 91' lang='lat' dir='ltr'><strong>qui</strong></span> <span class='ocrx_word' id='word_1_577' title='bbox 3674 2519 3820 2574; x_wconf 91' lang='lat' dir='ltr'><strong>forte</strong></span> 
     </span>
    </p>
   </div>
   <div class='ocr_carea' id='block_1_87' title="bbox 2120 2607 3819 2677">
    <p class='ocr_par' dir='ltr' id='par_1_87' title="bbox 2120 2607 3819 2677">
     <span class='ocr_line' id='line_1_87' title="bbox 2120 2607 3819 2677; baseline -0.001 -14"><span class='ocrx_word' id='word_1_578' title='bbox 2120 2608 2228 2663; x_wconf 86' lang='lat' dir='ltr'><strong>sibi</strong></span> <span class='ocrx_word' id='word_1_579' title='bbox 2260 2622 2374 2663; x_wconf 93' lang='lat' dir='ltr'><strong>non</strong></span> <span class='ocrx_word' id='word_1_580' title='bbox 2403 2607 2629 2673; x_wconf 90' lang='lat' dir='ltr'><strong>desunt,</strong></span> <span class='ocrx_word' id='word_1_581' title='bbox 2678 2607 2883 2662; x_wconf 92' lang='lat' dir='ltr'><strong>mentis</strong></span> <span class='ocrx_word' id='word_1_582' title='bbox 2921 2608 3101 2662; x_wconf 89' lang='lat' dir='ltr'><strong>aciem</strong></span> <span class='ocrx_word' id='word_1_583' title='bbox 3142 2607 3394 2662; x_wconf 86' lang='lat' dir='ltr'><strong>reﬂectat</strong></span> <span class='ocrx_word' id='word_1_584' title='bbox 3423 2607 3726 2677; x_wconf 89' lang='lat' dir='ltr'><strong>cogitatus,</strong></span> <span class='ocrx_word' id='word_1_585' title='bbox 3761 2615 3819 2662; x_wconf 94' lang='lat' dir='ltr'><strong>et</strong></span> 
     </span>
    </p>
   </div>
   <div class='ocr_carea' id='block_1_88' title="bbox 2119 2695 3819 2766">
    <p class='ocr_par' dir='ltr' id='par_1_88' title="bbox 2119 2695 3819 2766">
     <span class='ocr_line' id='line_1_88' title="bbox 2119 2695 3819 2766; baseline 0 -16"><span class='ocrx_word' id='word_1_586' title='bbox 2119 2697 2176 2751; x_wconf 91' lang='lat' dir='ltr'><strong>in</strong></span> <span class='ocrx_word' id='word_1_587' title='bbox 2203 2696 2456 2766; x_wconf 89' lang='lat' dir='ltr'><strong>quadam</strong></span> <span class='ocrx_word' id='word_1_588' title='bbox 2489 2695 2677 2751; x_wconf 87' lang='lat' dir='ltr'><strong>aliena</strong></span> <span class='ocrx_word' id='word_1_589' title='bbox 2726 2695 2896 2764; x_wconf 88' lang='lat' dir='ltr'><strong>facta,</strong></span> <span class='ocrx_word' id='word_1_590' title='bbox 2945 2703 3000 2750; x_wconf 92' lang='lat' dir='ltr'><strong>et</strong></span> <span class='ocrx_word' id='word_1_591' title='bbox 3046 2709 3113 2751; x_wconf 89' lang='lat' dir='ltr'><strong>ea</strong></span> <span class='ocrx_word' id='word_1_592' title='bbox 3139 2710 3270 2765; x_wconf 90' lang='lat' dir='ltr'><strong>qua</strong></span> <span class='ocrx_word' id='word_1_593' title='bbox 3319 2695 3550 2766; x_wconf 87' lang='lat' dir='ltr'><strong>cogitat,</strong></span> <span class='ocrx_word' id='word_1_594' title='bbox 3595 2697 3819 2750; x_wconf 89' lang='lat' dir='ltr'><strong>trutina</strong></span> 
     </span>
    </p>
   </div>
   <div class='ocr_carea' id='block_1_89' title="bbox 2116 2783 3816 2854">
    <p class='ocr_par' dir='ltr' id='par_1_89' title="bbox 2116 2783 3816 2854">
     <span class='ocr_line' id='line_1_89' title="bbox 2116 2783 3816 2854; baseline -0.001 -14"><span class='ocrx_word' id='word_1_595' title='bbox 2116 2785 2439 2854; x_wconf 90' lang='lat' dir='ltr'><strong>ponderans</strong></span> <span class='ocrx_word' id='word_1_596' title='bbox 2467 2792 2584 2840; x_wconf 90' lang='lat' dir='ltr'><strong>tam</strong></span> <span class='ocrx_word' id='word_1_597' title='bbox 2617 2784 2764 2840; x_wconf 89' lang='lat' dir='ltr'><strong>levia</strong></span> <span class='ocrx_word' id='word_1_598' title='bbox 2786 2798 2893 2840; x_wconf 91' lang='lat' dir='ltr'><strong>sua</strong></span> <span class='ocrx_word' id='word_1_599' title='bbox 2923 2783 3188 2849; x_wconf 84' lang='lat' dir='ltr'><strong>astimat,</strong></span> <span class='ocrx_word' id='word_1_600' title='bbox 3226 2784 3281 2838; x_wconf 92' lang='lat' dir='ltr'><strong>in</strong></span> <span class='ocrx_word' id='word_1_601' title='bbox 3308 2791 3530 2839; x_wconf 89' lang='lat' dir='ltr'><strong>tantum</strong></span> <span class='ocrx_word' id='word_1_602' title='bbox 3562 2784 3816 2839; x_wconf 88' lang='lat' dir='ltr'><strong>aliorum</strong></span> 
     </span>
    </p>
   </div>
   <div class='ocr_carea' id='block_1_90' title="bbox 2118 2876 3815 2948">
    <p class='ocr_par' dir='ltr' id='par_1_90' title="bbox 2118 2876 3815 2948">
     <span class='ocr_line' id='line_1_90' title="bbox 2118 2876 3815 2948; baseline 0.001 -18"><span class='ocrx_word' id='word_1_603' title='bbox 2118 2884 2341 2948; x_wconf 87' lang='lat' dir='ltr'><strong>gravat,</strong></span> <span class='ocrx_word' id='word_1_604' title='bbox 2377 2883 2439 2931; x_wconf 90' lang='lat' dir='ltr'><strong>ut</strong></span> <span class='ocrx_word' id='word_1_605' title='bbox 2467 2876 2704 2946; x_wconf 85' lang='lat' dir='ltr'><strong>largiter</strong></span> <span class='ocrx_word' id='word_1_606' title='bbox 2732 2889 2799 2931; x_wconf 89' lang='lat' dir='ltr'><strong>ea</strong></span> <span class='ocrx_word' id='word_1_607' title='bbox 2827 2889 2956 2945; x_wconf 88' lang='lat' dir='ltr'><strong>qua</strong></span> <span class='ocrx_word' id='word_1_608' title='bbox 2991 2876 3137 2932; x_wconf 90' lang='lat' dir='ltr'><strong>volet</strong></span> <span class='ocrx_word' id='word_1_609' title='bbox 3188 2877 3474 2947; x_wconf 89' lang='lat' dir='ltr'><strong>cogitandi</strong></span> <span class='ocrx_word' id='word_1_610' title='bbox 3507 2877 3815 2946; x_wconf 88' lang='lat' dir='ltr'><strong>indulgen-</strong></span> 
     </span>
    </p>
   </div>
   <div class='ocr_carea' id='block_1_91' title="bbox 2117 2964 3812 3034">
    <p class='ocr_par' dir='ltr' id='par_1_91' title="bbox 2117 2964 3812 3034">
     <span class='ocr_line' id='line_1_91' title="bbox 2117 2964 3812 3034; baseline 0 -15"><span class='ocrx_word' id='word_1_611' title='bbox 2117 2965 2276 3032; x_wconf 89' lang='lat' dir='ltr'><strong>tiam,</strong></span> <span class='ocrx_word' id='word_1_612' title='bbox 2333 2965 2499 3034; x_wconf 90' lang='lat' dir='ltr'><strong>quasi</strong></span> <span class='ocrx_word' id='word_1_613' title='bbox 2559 2965 2647 3020; x_wconf 91' lang='lat' dir='ltr'><strong>sui</strong></span> <span class='ocrx_word' id='word_1_614' title='bbox 2689 2964 2811 3034; x_wconf 87' lang='lat' dir='ltr'><strong>jam</strong></span> <span class='ocrx_word' id='word_1_615' title='bbox 2868 2978 3109 3020; x_wconf 91' lang='lat' dir='ltr'><strong>securus</strong></span> <span class='ocrx_word' id='word_1_616' title='bbox 3163 2964 3272 3019; x_wconf 91' lang='lat' dir='ltr'><strong>sibi</strong></span> <span class='ocrx_word' id='word_1_617' title='bbox 3329 2965 3597 3034; x_wconf 75' lang='lat' dir='ltr'><strong>praebeat,</strong></span> <span class='ocrx_word' id='word_1_618' title='bbox 3649 2980 3715 3019; x_wconf 92' lang='lat' dir='ltr'><strong>ac</strong></span> <span class='ocrx_word' id='word_1_619' title='bbox 3763 2965 3812 3020; x_wconf 89' lang='lat' dir='ltr'><strong>si</strong></span> 
     </span>
    </p>
   </div>
   <div class='ocr_carea' id='block_1_92' title="bbox 2116 3051 3811 3118">
    <p class='ocr_par' dir='ltr' id='par_1_92' title="bbox 2116 3051 3811 3118">
     <span class='ocr_line' id='line_1_92' title="bbox 2116 3051 3811 3118; baseline 0 -10"><span class='ocrx_word' id='word_1_620' title='bbox 2116 3053 2368 3108; x_wconf 88' lang='lat' dir='ltr'><strong>diceret:</strong></span> <span class='ocrx_word' id='word_1_621' title='bbox 2418 3053 2560 3109; x_wconf 89' lang='lat' dir='ltr'><strong>Cum</strong></span> <span class='ocrx_word' id='word_1_622' title='bbox 2609 3051 2709 3118; x_wconf 91' lang='lat' dir='ltr'><strong>illi,</strong></span> <span class='ocrx_word' id='word_1_623' title='bbox 2767 3059 2821 3108; x_wconf 91' lang='lat' dir='ltr'><strong>et</strong></span> <span class='ocrx_word' id='word_1_624' title='bbox 2870 3051 2950 3107; x_wconf 92' lang='lat' dir='ltr'><strong>illi</strong></span> <span class='ocrx_word' id='word_1_625' title='bbox 3001 3051 3060 3106; x_wconf 91' lang='lat' dir='ltr'><strong>in</strong></span> <span class='ocrx_word' id='word_1_626' title='bbox 3108 3066 3349 3108; x_wconf 89' lang='lat' dir='ltr'><strong>suorum</strong></span> <span class='ocrx_word' id='word_1_627' title='bbox 3383 3067 3442 3108; x_wconf 88' lang='lat' dir='ltr'><strong>se</strong></span> <span class='ocrx_word' id='word_1_628' title='bbox 3493 3053 3811 3108; x_wconf 89' lang='lat' dir='ltr'><strong>criminum</strong></span> 
     </span>
    </p>
   </div>
   <div class='ocr_carea' id='block_1_93' title="bbox 2113 3141 3812 3212">
    <p class='ocr_par' dir='ltr' id='par_1_93' title="bbox 2113 3141 3812 3212">
     <span class='ocr_line' id='line_1_93' title="bbox 2113 3141 3812 3212; baseline -0.001 -14"><span class='ocrx_word' id='word_1_629' title='bbox 2113 3156 2337 3212; x_wconf 90' lang='lat' dir='ltr'><strong>semper</strong></span> <span class='ocrx_word' id='word_1_630' title='bbox 2361 3143 2583 3198; x_wconf 86' lang='lat' dir='ltr'><strong>actione</strong></span> <span class='ocrx_word' id='word_1_631' title='bbox 2630 3141 2950 3207; x_wconf 85' lang='lat' dir='ltr'><strong>revolvant,</strong></span> <span class='ocrx_word' id='word_1_632' title='bbox 2986 3142 3310 3197; x_wconf 90' lang='lat' dir='ltr'><strong>humanum</strong></span> <span class='ocrx_word' id='word_1_633' title='bbox 3341 3141 3505 3197; x_wconf 90' lang='lat' dir='ltr'><strong>valde</strong></span> <span class='ocrx_word' id='word_1_634' title='bbox 3543 3142 3812 3197; x_wconf 88' lang='lat' dir='ltr'><strong>omnino-</strong></span> 
     </span>
    </p>
   </div>
   <div class='ocr_carea' id='block_1_94' title="bbox 2114 3230 3810 3300">
    <p class='ocr_par' dir='ltr' id='par_1_94' title="bbox 2114 3230 3810 3300">
     <span class='ocr_line' id='line_1_94' title="bbox 2114 3230 3810 3300; baseline -0.001 -14"><span class='ocrx_word' id='word_1_635' title='bbox 2114 3245 2270 3300; x_wconf 86' lang='lat' dir='ltr'><strong>que;</strong></span> <span class='ocrx_word' id='word_1_636' title='bbox 2314 3230 2682 3300; x_wconf 88' lang='lat' dir='ltr'><strong>perdonabile</strong></span> <span class='ocrx_word' id='word_1_637' title='bbox 2720 3239 2823 3296; x_wconf 91' lang='lat' dir='ltr'><strong>est,</strong></span> <span class='ocrx_word' id='word_1_638' title='bbox 2881 3231 2929 3285; x_wconf 91' lang='lat' dir='ltr'><strong>si</strong></span> <span class='ocrx_word' id='word_1_639' title='bbox 2972 3231 3206 3300; x_wconf 90' lang='lat' dir='ltr'><strong>quando</strong></span> <span class='ocrx_word' id='word_1_640' title='bbox 3258 3244 3380 3285; x_wconf 87' lang='lat' dir='ltr'><strong>mea</strong></span> <span class='ocrx_word' id='word_1_641' title='bbox 3429 3244 3589 3285; x_wconf 88' lang='lat' dir='ltr'><strong>mens</strong></span> <span class='ocrx_word' id='word_1_642' title='bbox 3641 3231 3694 3285; x_wconf 92' lang='lat' dir='ltr'><strong>in</strong></span> <span class='ocrx_word' id='word_1_643' title='bbox 3750 3231 3810 3285; x_wconf 89' lang='lat' dir='ltr'><strong>id</strong></span> 
     </span>
    </p>
   </div>
   <div class='ocr_carea' id='block_1_95' title="bbox 2111 3317 3814 3388">
    <p class='ocr_par' dir='ltr' id='par_1_95' title="bbox 2111 3317 3814 3388">
     <span class='ocr_line' id='line_1_95' title="bbox 2111 3317 3814 3388; baseline -0.001 -14"><span class='ocrx_word' id='word_1_644' title='bbox 2111 3319 2472 3388; x_wconf 82' lang='lat' dir='ltr'><strong>cogitationis</strong></span> <span class='ocrx_word' id='word_1_645' title='bbox 2502 3319 2668 3388; x_wconf 89' lang='lat' dir='ltr'><strong>quasi</strong></span> <span class='ocrx_word' id='word_1_646' title='bbox 2696 3317 3120 3374; x_wconf 87' lang='lat' dir='ltr'><strong>deambulando</strong></span> <span class='ocrx_word' id='word_1_647' title='bbox 3147 3318 3404 3384; x_wconf 82' lang='lat' dir='ltr'><strong>excedat,</strong></span> <span class='ocrx_word' id='word_1_648' title='bbox 3453 3317 3512 3372; x_wconf 89' lang='lat' dir='ltr'><strong>in</strong></span> <span class='ocrx_word' id='word_1_649' title='bbox 3554 3333 3670 3388; x_wconf 92' lang='lat' dir='ltr'><strong>quo</strong></span> <span class='ocrx_word' id='word_1_650' title='bbox 3699 3326 3814 3374; x_wconf 70' lang='lat' dir='ltr'><strong>etsn</strong></span> 
     </span>
    </p>
   </div>
   <div class='ocr_carea' id='block_1_96' title="bbox 2110 3405 3811 3476">
    <p class='ocr_par' dir='ltr' id='par_1_96' title="bbox 2110 3405 3811 3476">
     <span class='ocr_line' id='line_1_96' title="bbox 2110 3405 3811 3476; baseline -0.001 -15"><span class='ocrx_word' id='word_1_651' title='bbox 2110 3405 2341 3462; x_wconf 89' lang='lat' dir='ltr'><strong>animus</strong></span> <span class='ocrx_word' id='word_1_652' title='bbox 2387 3406 2692 3476; x_wconf 89' lang='lat' dir='ltr'><strong>paulisper,</strong></span> <span class='ocrx_word' id='word_1_653' title='bbox 2744 3415 2808 3462; x_wconf 92' lang='lat' dir='ltr'><strong>ut</strong></span> <span class='ocrx_word' id='word_1_654' title='bbox 2854 3407 2993 3462; x_wconf 92' lang='lat' dir='ltr'><strong>solet</strong></span> <span class='ocrx_word' id='word_1_655' title='bbox 3047 3406 3186 3474; x_wconf 86' lang='lat' dir='ltr'><strong>fieri,</strong></span> <span class='ocrx_word' id='word_1_656' title='bbox 3221 3405 3451 3472; x_wconf 89' lang='lat' dir='ltr'><strong>incidat,</strong></span> <span class='ocrx_word' id='word_1_657' title='bbox 3499 3420 3811 3476; x_wconf 88' lang='lat' dir='ltr'><strong>nunquam</strong></span> 
     </span>
    </p>
   </div>
   <div class='ocr_carea' id='block_1_97' title="bbox 2111 3495 3808 3566">
    <p class='ocr_par' dir='ltr' id='par_1_97' title="bbox 2111 3495 3808 3566">
     <span class='ocr_line' id='line_1_97' title="bbox 2111 3495 3808 3566; baseline 0 -14"><span class='ocrx_word' id='word_1_658' title='bbox 2111 3504 2301 3552; x_wconf 88' lang='lat' dir='ltr'><strong>tamen</strong></span> <span class='ocrx_word' id='word_1_659' title='bbox 2332 3497 2403 3551; x_wconf 89' lang='lat' dir='ltr'><strong>ad</strong></span> <span class='ocrx_word' id='word_1_660' title='bbox 2451 3496 2641 3551; x_wconf 91' lang='lat' dir='ltr'><strong>carnis</strong></span> <span class='ocrx_word' id='word_1_661' title='bbox 2688 3503 2932 3564; x_wconf 89' lang='lat' dir='ltr'><strong>motum,</strong></span> <span class='ocrx_word' id='word_1_662' title='bbox 2987 3511 3103 3550; x_wconf 91' lang='lat' dir='ltr'><strong>non</strong></span> <span class='ocrx_word' id='word_1_663' title='bbox 3146 3496 3273 3550; x_wconf 92' lang='lat' dir='ltr'><strong>dico</strong></span> <span class='ocrx_word' id='word_1_664' title='bbox 3321 3495 3392 3550; x_wconf 88' lang='lat' dir='ltr'><strong>ad</strong></span> <span class='ocrx_word' id='word_1_665' title='bbox 3445 3510 3610 3565; x_wconf 90' lang='lat' dir='ltr'><strong>opus,</strong></span> <span class='ocrx_word' id='word_1_666' title='bbox 3645 3498 3808 3566; x_wconf 90' lang='lat' dir='ltr'><strong>quod</strong></span> 
     </span>
    </p>
   </div>
   <div class='ocr_carea' id='block_1_98' title="bbox 2111 3584 3224 3654">
    <p class='ocr_par' dir='ltr' id='par_1_98' title="bbox 2111 3584 3224 3654">
     <span class='ocr_line' id='line_1_98' title="bbox 2111 3584 3224 3654; baseline -0.004 -14"><span class='ocrx_word' id='word_1_667' title='bbox 2111 3585 2366 3640; x_wconf 88' lang='lat' dir='ltr'><strong>accidere</strong></span> <span class='ocrx_word' id='word_1_668' title='bbox 2398 3584 2559 3640; x_wconf 91' lang='lat' dir='ltr'><strong>nulla</strong></span> <span class='ocrx_word' id='word_1_669' title='bbox 2589 3592 2710 3640; x_wconf 89' lang='lat' dir='ltr'><strong>arte</strong></span> <span class='ocrx_word' id='word_1_670' title='bbox 2735 3591 2940 3654; x_wconf 90' lang='lat' dir='ltr'><strong>posset,</strong></span> <span class='ocrx_word' id='word_1_671' title='bbox 2973 3584 3224 3640; x_wconf 87' lang='lat' dir='ltr'><strong>accedat.</strong></span> 
     </span>
    </p>
   </div>
   <div class='ocr_carea' id='block_1_99' title="bbox 2178 3671 3814 3729">
    <p class='ocr_par' dir='ltr' id='par_1_99' title="bbox 2178 3671 3814 3729">
     <span class='ocr_line' id='line_1_99' title="bbox 2178 3671 3814 3729; baseline 0.002 -4"><span class='ocrx_word' id='word_1_672' title='bbox 2178 3671 2415 3727; x_wconf 89' lang='lat' dir='ltr'><strong>Talibus</strong></span> <span class='ocrx_word' id='word_1_673' title='bbox 2484 3671 2768 3727; x_wconf 91' lang='lat' dir='ltr'><strong>cuniculis</strong></span> <span class='ocrx_word' id='word_1_674' title='bbox 2837 3671 3012 3727; x_wconf 92' lang='lat' dir='ltr'><strong>libido</strong></span> <span class='ocrx_word' id='word_1_675' title='bbox 3069 3671 3142 3727; x_wconf 90' lang='lat' dir='ltr'><strong>ad</strong></span> <span class='ocrx_word' id='word_1_676' title='bbox 3206 3686 3404 3728; x_wconf 90' lang='lat' dir='ltr'><strong>muros</strong></span> <span class='ocrx_word' id='word_1_677' title='bbox 3463 3673 3814 3729; x_wconf 90' lang='lat' dir='ltr'><strong>continentis</strong></span> 
     </span>
    </p>
   </div>
   <div class='ocr_carea' id='block_1_100' title="bbox 2108 3757 3810 3830">
    <p class='ocr_par' dir='ltr' id='par_1_100' title="bbox 2108 3757 3810 3830">
     <span class='ocr_line' id='line_1_100' title="bbox 2108 3757 3810 3830; baseline 0.001 -17"><span class='ocrx_word' id='word_1_678' title='bbox 2108 3759 2295 3814; x_wconf 89' lang='lat' dir='ltr'><strong>cordis</strong></span> <span class='ocrx_word' id='word_1_679' title='bbox 2325 3757 2539 3826; x_wconf 90' lang='lat' dir='ltr'><strong>irrepit.</strong></span> <span class='ocrx_word' id='word_1_680' title='bbox 2574 3757 2664 3830; x_wconf 79' lang='lat' dir='ltr'><strong>Sic</strong></span> <span class='ocrx_word' id='word_1_681' title='bbox 2693 3759 2938 3825; x_wconf 90' lang='lat' dir='ltr'><strong>curioso,</strong></span> <span class='ocrx_word' id='word_1_682' title='bbox 2989 3766 3045 3813; x_wconf 94' lang='lat' dir='ltr'><strong>et</strong></span> <span class='ocrx_word' id='word_1_683' title='bbox 3093 3758 3329 3814; x_wconf 91' lang='lat' dir='ltr'><strong>alterius</strong></span> <span class='ocrx_word' id='word_1_684' title='bbox 3372 3760 3682 3830; x_wconf 90' lang='lat' dir='ltr'><strong>plusquam</strong></span> <span class='ocrx_word' id='word_1_685' title='bbox 3711 3761 3810 3816; x_wconf 90' lang='lat' dir='ltr'><strong>sul</strong></span> 
     </span>
    </p>
   </div>
   <div class='ocr_carea' id='block_1_101' title="bbox 2103 3847 3804 3917">
    <p class='ocr_par' dir='ltr' id='par_1_101' title="bbox 2103 3847 3804 3917">
     <span class='ocr_line' id='line_1_101' title="bbox 2103 3847 3804 3917; baseline 0.001 -15"><span class='ocrx_word' id='word_1_686' title='bbox 2103 3847 2362 3903; x_wconf 90' lang='lat' dir='ltr'><strong>studiosa</strong></span> <span class='ocrx_word' id='word_1_687' title='bbox 2394 3861 2556 3902; x_wconf 91' lang='lat' dir='ltr'><strong>mens</strong></span> <span class='ocrx_word' id='word_1_688' title='bbox 2602 3847 2674 3901; x_wconf 90' lang='lat' dir='ltr'><strong>ad</strong></span> <span class='ocrx_word' id='word_1_689' title='bbox 2718 3847 3024 3902; x_wconf 85' lang='lat' dir='ltr'><strong>remissum</strong></span> <span class='ocrx_word' id='word_1_690' title='bbox 3057 3848 3191 3902; x_wconf 91' lang='lat' dir='ltr'><strong>vita</strong></span> <span class='ocrx_word' id='word_1_691' title='bbox 3229 3848 3512 3917; x_wconf 88' lang='lat' dir='ltr'><strong>ordinem,</strong></span> <span class='ocrx_word' id='word_1_692' title='bbox 3563 3848 3676 3903; x_wconf 90' lang='lat' dir='ltr'><strong>imo</strong></span> <span class='ocrx_word' id='word_1_693' title='bbox 3725 3849 3804 3904; x_wconf 91' lang='lat' dir='ltr'><strong>ad</strong></span> 
     </span>
    </p>
   </div>
   <div class='ocr_carea' id='block_1_102' title="bbox 2102 3935 3804 4006">
    <p class='ocr_par' dir='ltr' id='par_1_102' title="bbox 2102 3935 3804 4006">
     <span class='ocr_line' id='line_1_102' title="bbox 2102 3935 3804 4006; baseline 0.001 -15"><span class='ocrx_word' id='word_1_694' title='bbox 2102 3944 2374 3992; x_wconf 86' lang='lat' dir='ltr'><strong>extrema</strong></span> <span class='ocrx_word' id='word_1_695' title='bbox 2417 3935 2687 4004; x_wconf 89' lang='lat' dir='ltr'><strong>perniciei</strong></span> <span class='ocrx_word' id='word_1_696' title='bbox 2741 3936 2967 4006; x_wconf 91' lang='lat' dir='ltr'><strong>lapsum</strong></span> <span class='ocrx_word' id='word_1_697' title='bbox 3012 3938 3239 4006; x_wconf 90' lang='lat' dir='ltr'><strong>cogitur</strong></span> <span class='ocrx_word' id='word_1_698' title='bbox 3288 3936 3427 3991; x_wconf 92' lang='lat' dir='ltr'><strong>labi.</strong></span> <span class='ocrx_word' id='word_1_699' title='bbox 3489 3937 3804 3992; x_wconf 87' lang='lat' dir='ltr'><strong>Humiliter</strong></span> 
     </span>
    </p>
   </div>
   <div class='ocr_carea' id='block_1_103' title="bbox 2103 4023 3806 4094">
    <p class='ocr_par' dir='ltr' id='par_1_103' title="bbox 2103 4023 3806 4094">
     <span class='ocr_line' id='line_1_103' title="bbox 2103 4023 3806 4094; baseline 0.002 -16"><span class='ocrx_word' id='word_1_700' title='bbox 2103 4037 2241 4094; x_wconf 89' lang='lat' dir='ltr'><strong>ergo</strong></span> <span class='ocrx_word' id='word_1_701' title='bbox 2297 4023 2615 4094; x_wconf 89' lang='lat' dir='ltr'><strong>unicuique</strong></span> <span class='ocrx_word' id='word_1_702' title='bbox 2672 4025 2742 4080; x_wconf 91' lang='lat' dir='ltr'><strong>de</strong></span> <span class='ocrx_word' id='word_1_703' title='bbox 2807 4039 2864 4080; x_wconf 90' lang='lat' dir='ltr'><strong>se</strong></span> <span class='ocrx_word' id='word_1_704' title='bbox 2915 4025 3298 4081; x_wconf 87' lang='lat' dir='ltr'><strong>sentiendum.</strong></span> <span class='ocrx_word' id='word_1_705' title='bbox 3369 4025 3806 4081; x_wconf 89' lang='lat' dir='ltr'><strong>Mansuetudini</strong></span> 
     </span>
    </p>
   </div>
   <div class='ocr_carea' id='block_1_104' title="bbox 2106 4111 3799 4182">
    <p class='ocr_par' dir='ltr' id='par_1_104' title="bbox 2106 4111 3799 4182">
     <span class='ocr_line' id='line_1_104' title="bbox 2106 4111 3799 4182; baseline 0.002 -16"><span class='ocrx_word' id='word_1_706' title='bbox 2106 4111 2394 4181; x_wconf 88' lang='lat' dir='ltr'><strong>pracipue</strong></span> <span class='ocrx_word' id='word_1_707' title='bbox 2425 4112 2680 4167; x_wconf 90' lang='lat' dir='ltr'><strong>studium</strong></span> <span class='ocrx_word' id='word_1_708' title='bbox 2729 4112 3147 4168; x_wconf 88' lang='lat' dir='ltr'><strong>adhibendum.</strong></span> <span class='ocrx_word' id='word_1_709' title='bbox 3177 4115 3385 4182; x_wconf 88' lang='lat' dir='ltr'><strong>Inepta</strong></span> <span class='ocrx_word' id='word_1_710' title='bbox 3423 4113 3632 4168; x_wconf 89' lang='lat' dir='ltr'><strong>latitia</strong></span> <span class='ocrx_word' id='word_1_711' title='bbox 3660 4127 3799 4182; x_wconf 85' lang='lat' dir='ltr'><strong>par-</strong></span> 
     </span>
    </p>
   </div>
   <div class='ocr_carea' id='block_1_105' title="bbox 2101 4199 3800 4269">
    <p class='ocr_par' dir='ltr' id='par_1_105' title="bbox 2101 4199 3800 4269">
     <span class='ocr_line' id='line_1_105' title="bbox 2101 4199 3800 4269; baseline 0.002 -16"><span class='ocrx_word' id='word_1_712' title='bbox 2101 4199 2368 4266; x_wconf 90' lang='lat' dir='ltr'><strong>cendum,</strong></span> <span class='ocrx_word' id='word_1_713' title='bbox 2395 4199 2493 4254; x_wconf 86' lang='lat' dir='ltr'><strong>ira</strong></span> <span class='ocrx_word' id='word_1_714' title='bbox 2522 4201 2578 4254; x_wconf 90' lang='lat' dir='ltr'><strong>in</strong></span> <span class='ocrx_word' id='word_1_715' title='bbox 2611 4200 2746 4269; x_wconf 91' lang='lat' dir='ltr'><strong>ipsis</strong></span> <span class='ocrx_word' id='word_1_716' title='bbox 2797 4201 2973 4256; x_wconf 91' lang='lat' dir='ltr'><strong>initiis</strong></span> <span class='ocrx_word' id='word_1_717' title='bbox 3025 4201 3197 4256; x_wconf 91' lang='lat' dir='ltr'><strong>limen</strong></span> <span class='ocrx_word' id='word_1_718' title='bbox 3239 4209 3323 4256; x_wconf 92' lang='lat' dir='ltr'><strong>est</strong></span> <span class='ocrx_word' id='word_1_719' title='bbox 3352 4200 3800 4257; x_wconf 88' lang='lat' dir='ltr'><strong>obsfruendum.</strong></span> 
     </span>
    </p>
   </div>
   <div class='ocr_carea' id='block_1_106' title="bbox 1491 4277 3800 4359">
    <p class='ocr_par' dir='ltr' id='par_1_106' title="bbox 1491 4277 3800 4359">
     <span class='ocr_line' id='line_1_106' title="bbox 1491 4277 3800 4359; baseline 0.001 -16"><span class='ocrx_word' id='word_1_720' title='bbox 1491 4289 1547 4344; x_wconf 92' lang='lat' dir='ltr'><strong>in</strong></span> <span class='ocrx_word' id='word_1_721' title='bbox 1604 4277 1788 4343; x_wconf 83' lang='lat' dir='ltr'><strong>mente</strong></span> <span class='ocrx_word' id='word_1_722' title='bbox 1851 4302 1989 4343; x_wconf 89' lang='lat' dir='ltr'><strong>sane</strong></span> <span class='ocrx_word' id='word_1_723' title='bbox 2029 4293 2072 4346; x_wconf 92' lang='lat' dir='ltr'><strong>D</strong></span> <span class='ocrx_word' id='word_1_724' title='bbox 2105 4287 2261 4356; x_wconf 85' lang='lat' dir='ltr'><strong>Sape</strong></span> <span class='ocrx_word' id='word_1_725' title='bbox 2291 4302 2509 4356; x_wconf 88' lang='lat' dir='ltr'><strong>nempe,</strong></span> <span class='ocrx_word' id='word_1_726' title='bbox 2541 4295 2594 4343; x_wconf 91' lang='lat' dir='ltr'><strong>et</strong></span> <span class='ocrx_word' id='word_1_727' title='bbox 2638 4289 2685 4343; x_wconf 92' lang='lat' dir='ltr'><strong>si</strong></span> <span class='ocrx_word' id='word_1_728' title='bbox 2721 4303 3009 4358; x_wconf 90' lang='lat' dir='ltr'><strong>nusquam</strong></span> <span class='ocrx_word' id='word_1_729' title='bbox 3059 4289 3364 4359; x_wconf 86' lang='lat' dir='ltr'><strong>legeretur,</strong></span> <span class='ocrx_word' id='word_1_730' title='bbox 3396 4290 3657 4358; x_wconf 82' lang='lat' dir='ltr'><strong>experire</strong></span> <span class='ocrx_word' id='word_1_731' title='bbox 3690 4306 3800 4346; x_wconf 90' lang='lat' dir='ltr'><strong>nos</strong></span> 
     </span>
    </p>
   </div>
   <div class='ocr_carea' id='block_1_107' title="bbox 2095 4376 3801 4448">
    <p class='ocr_par' dir='ltr' id='par_1_107' title="bbox 2095 4376 3801 4448">
     <span class='ocr_line' id='line_1_107' title="bbox 2095 4376 3801 4448; baseline 0.004 -18"><span class='ocrx_word' id='word_1_732' title='bbox 2095 4376 2154 4430; x_wconf 91' lang='lat' dir='ltr'><strong>in</strong></span> <span class='ocrx_word' id='word_1_733' title='bbox 2182 4376 2391 4431; x_wconf 89' lang='lat' dir='ltr'><strong>nostris</strong></span> <span class='ocrx_word' id='word_1_734' title='bbox 2441 4377 2699 4432; x_wconf 88' lang='lat' dir='ltr'><strong>moribus</strong></span> <span class='ocrx_word' id='word_1_735' title='bbox 2737 4378 2994 4448; x_wconf 89' lang='lat' dir='ltr'><strong>contigit,</strong></span> <span class='ocrx_word' id='word_1_736' title='bbox 3051 4377 3456 4448; x_wconf 88' lang='lat' dir='ltr'><strong>gravissimum</strong></span> <span class='ocrx_word' id='word_1_737' title='bbox 3508 4379 3801 4447; x_wconf 81' lang='lat' dir='ltr'><strong>superbia</strong></span> 
     </span>
    </p>
   </div>
   <div class='ocr_carea' id='block_1_108' title="bbox 2097 4463 3795 4521">
    <p class='ocr_par' dir='ltr' id='par_1_108' title="bbox 2097 4463 3795 4521">
     <span class='ocr_line' id='line_1_108' title="bbox 2097 4463 3795 4521; baseline 0.003 -5"><span class='ocrx_word' id='word_1_738' title='bbox 2097 4470 2374 4518; x_wconf 89' lang='lat' dir='ltr'><strong>tumorem</strong></span> <span class='ocrx_word' id='word_1_739' title='bbox 2409 4463 2468 4518; x_wconf 91' lang='lat' dir='ltr'><strong>in</strong></span> <span class='ocrx_word' id='word_1_740' title='bbox 2519 4463 2771 4519; x_wconf 85' lang='lat' dir='ltr'><strong>luxuria</strong></span> <span class='ocrx_word' id='word_1_741' title='bbox 2813 4464 3202 4521; x_wconf 85' lang='lat' dir='ltr'><strong>detumescere</strong></span> <span class='ocrx_word' id='word_1_742' title='bbox 3251 4464 3430 4520; x_wconf 92' lang='lat' dir='ltr'><strong>solere</strong></span> <span class='ocrx_word' id='word_1_743' title='bbox 3472 4466 3795 4521; x_wconf 89' lang='lat' dir='ltr'><strong>mollitiem.</strong></span> 
     </span>
    </p>
   </div>
   <div class='ocr_carea' id='block_1_109' title="bbox 2094 4550 3800 4618">
    <p class='ocr_par' dir='ltr' id='par_1_109' title="bbox 2094 4550 3800 4618">
     <span class='ocr_line' id='line_1_109' title="bbox 2094 4550 3800 4618; baseline 0.002 -14"><span class='ocrx_word' id='word_1_744' title='bbox 2094 4550 2204 4618; x_wconf 89' lang='lat' dir='ltr'><strong>Ipsi</strong></span> <span class='ocrx_word' id='word_1_745' title='bbox 2249 4550 2442 4606; x_wconf 91' lang='lat' dir='ltr'><strong>itidem</strong></span> <span class='ocrx_word' id='word_1_746' title='bbox 2489 4551 2626 4606; x_wconf 89' lang='lat' dir='ltr'><strong>vitio</strong></span> <span class='ocrx_word' id='word_1_747' title='bbox 2683 4551 2908 4608; x_wconf 90' lang='lat' dir='ltr'><strong>inanem</strong></span> <span class='ocrx_word' id='word_1_748' title='bbox 2958 4567 3070 4607; x_wconf 92' lang='lat' dir='ltr'><strong>non</strong></span> <span class='ocrx_word' id='word_1_749' title='bbox 3121 4553 3312 4608; x_wconf 88' lang='lat' dir='ltr'><strong>minus</strong></span> <span class='ocrx_word' id='word_1_750' title='bbox 3360 4553 3629 4608; x_wconf 89' lang='lat' dir='ltr'><strong>famulari</strong></span> <span class='ocrx_word' id='word_1_751' title='bbox 3660 4553 3800 4610; x_wconf 85' lang='lat' dir='ltr'><strong>lati-</strong></span> 
     </span>
    </p>
   </div>
   <div class='ocr_carea' id='block_1_110' title="bbox 2092 4637 3792 4710">
    <p class='ocr_par' dir='ltr' id='par_1_110' title="bbox 2092 4637 3792 4710">
     <span class='ocr_line' id='line_1_110' title="bbox 2092 4637 3792 4710; baseline 0.003 -18"><span class='ocrx_word' id='word_1_752' title='bbox 2092 4639 2265 4706; x_wconf 89' lang='lat' dir='ltr'><strong>tiam;</strong></span> <span class='ocrx_word' id='word_1_753' title='bbox 2329 4637 2427 4693; x_wconf 88' lang='lat' dir='ltr'><strong>ira</strong></span> <span class='ocrx_word' id='word_1_754' title='bbox 2479 4654 2732 4708; x_wconf 86' lang='lat' dir='ltr'><strong>quoque,</strong></span> <span class='ocrx_word' id='word_1_755' title='bbox 2779 4647 2842 4695; x_wconf 93' lang='lat' dir='ltr'><strong>ut</strong></span> <span class='ocrx_word' id='word_1_756' title='bbox 2891 4639 3091 4696; x_wconf 88' lang='lat' dir='ltr'><strong>beatus</strong></span> <span class='ocrx_word' id='word_1_757' title='bbox 3134 4641 3498 4710; x_wconf 86' lang='lat' dir='ltr'><strong>Augustinus</strong></span> <span class='ocrx_word' id='word_1_758' title='bbox 3543 4641 3792 4697; x_wconf 86' lang='lat' dir='ltr'><strong>sensisse</strong></span> 
     </span>
    </p>
   </div>
   <div class='ocr_carea' id='block_1_111' title="bbox 2093 4723 3797 4800">
    <p class='ocr_par' dir='ltr' id='par_1_111' title="bbox 2093 4723 3797 4800">
     <span class='ocr_line' id='line_1_111' title="bbox 2093 4723 3797 4800; baseline 0.005 -22"><span class='ocrx_word' id='word_1_759' title='bbox 2093 4723 2324 4794; x_wconf 89' lang='lat' dir='ltr'><strong>legitur,</strong></span> <span class='ocrx_word' id='word_1_760' title='bbox 2363 4725 2464 4793; x_wconf 90' lang='lat' dir='ltr'><strong>qui</strong></span> <span class='ocrx_word' id='word_1_761' title='bbox 2500 4725 2814 4793; x_wconf 90' lang='lat' dir='ltr'><strong>primordia</strong></span> <span class='ocrx_word' id='word_1_762' title='bbox 2853 4741 2967 4782; x_wconf 92' lang='lat' dir='ltr'><strong>non</strong></span> <span class='ocrx_word' id='word_1_763' title='bbox 3003 4727 3254 4794; x_wconf 87' lang='lat' dir='ltr'><strong>subruit,</strong></span> <span class='ocrx_word' id='word_1_764' title='bbox 3289 4729 3539 4785; x_wconf 88' lang='lat' dir='ltr'><strong>luxuria</strong></span> <span class='ocrx_word' id='word_1_765' title='bbox 3562 4731 3797 4800; x_wconf 89' lang='lat' dir='ltr'><strong>pondus</strong></span> 
     </span>
    </p>
   </div>
   <div class='ocr_carea' id='block_1_112' title="bbox 2090 4813 2802 4882">
    <p class='ocr_par' dir='ltr' id='par_1_112' title="bbox 2090 4813 2802 4882">
     <span class='ocr_line' id='line_1_112' title="bbox 2090 4813 2802 4882; baseline 0.003 -15"><span class='ocrx_word' id='word_1_766' title='bbox 2090 4813 2402 4882; x_wconf 89' lang='lat' dir='ltr'><strong>aliquando</strong></span> <span class='ocrx_word' id='word_1_767' title='bbox 2435 4827 2548 4868; x_wconf 91' lang='lat' dir='ltr'><strong>non</strong></span> <span class='ocrx_word' id='word_1_768' title='bbox 2571 4813 2802 4870; x_wconf 81' lang='lat' dir='ltr'><strong>sufficit.</strong></span> 
     </span>
    </p>
   </div>
   <div class='ocr_carea' id='block_1_113' title="bbox 2160 4901 3794 4977">
    <p class='ocr_par' dir='ltr' id='par_1_113' title="bbox 2160 4901 3794 4977">
     <span class='ocr_line' id='line_1_113' title="bbox 2160 4901 3794 4977; baseline 0.005 -22"><span class='ocrx_word' id='word_1_769' title='bbox 2160 4901 2318 4956; x_wconf 86' lang='lat' dir='ltr'><strong>Istud</strong></span> <span class='ocrx_word' id='word_1_770' title='bbox 2349 4908 2434 4956; x_wconf 88' lang='lat' dir='ltr'><strong>est</strong></span> <span class='ocrx_word' id='word_1_771' title='bbox 2464 4901 2630 4957; x_wconf 92' lang='lat' dir='ltr'><strong>lilum</strong></span> <span class='ocrx_word' id='word_1_772' title='bbox 2689 4903 3087 4974; x_wconf 87' lang='lat' dir='ltr'><strong>convallium;</strong></span> <span class='ocrx_word' id='word_1_773' title='bbox 3142 4905 3244 4960; x_wconf 92' lang='lat' dir='ltr'><strong>iste</strong></span> <span class='ocrx_word' id='word_1_774' title='bbox 3279 4904 3381 4960; x_wconf 76' lang='lat' dir='ltr'><strong>(los</strong></span> <span class='ocrx_word' id='word_1_775' title='bbox 3429 4906 3633 4975; x_wconf 88' lang='lat' dir='ltr'><strong>campi,</strong></span> <span class='ocrx_word' id='word_1_776' title='bbox 3684 4909 3794 4977; x_wconf 88' lang='lat' dir='ltr'><strong>qui</strong></span> 
     </span>
    </p>
   </div>
   <div class='ocr_carea' id='block_1_114' title="bbox 2089 4988 3793 5061">
    <p class='ocr_par' dir='ltr' id='par_1_114' title="bbox 2089 4988 3793 5061">
     <span class='ocr_line' id='line_1_114' title="bbox 2089 4988 3793 5061; baseline 0.005 -17"><span class='ocrx_word' id='word_1_777' title='bbox 2089 4988 2216 5044; x_wconf 92' lang='lat' dir='ltr'><strong>licet</strong></span> <span class='ocrx_word' id='word_1_778' title='bbox 2265 4989 2618 5058; x_wconf 88' lang='lat' dir='ltr'><strong>pramlserit,</strong></span> <span class='ocrx_word' id='word_1_779' title='bbox 2681 4989 2782 5045; x_wconf 86' lang='lat' dir='ltr'><strong>ﬂos</strong></span> <span class='ocrx_word' id='word_1_780' title='bbox 2843 4993 3053 5061; x_wconf 90' lang='lat' dir='ltr'><strong>campi,</strong></span> <span class='ocrx_word' id='word_1_781' title='bbox 3121 5000 3311 5048; x_wconf 90' lang='lat' dir='ltr'><strong>tamen</strong></span> <span class='ocrx_word' id='word_1_782' title='bbox 3381 5009 3495 5049; x_wconf 91' lang='lat' dir='ltr'><strong>non</strong></span> <span class='ocrx_word' id='word_1_783' title='bbox 3545 4995 3649 5050; x_wconf 89' lang='lat' dir='ltr'><strong>abs</strong></span> <span class='ocrx_word' id='word_1_784' title='bbox 3725 5011 3793 5052; x_wconf 89' lang='lat' dir='ltr'><strong>re</strong></span> 
     </span>
    </p>
   </div>
   <div class='ocr_carea' id='block_1_115' title="bbox 2087 5076 3791 5152">
    <p class='ocr_par' dir='ltr' id='par_1_115' title="bbox 2087 5076 3791 5152">
     <span class='ocr_line' id='line_1_115' title="bbox 2087 5076 3791 5152; baseline 0.006 -21"><span class='ocrx_word' id='word_1_785' title='bbox 2087 5077 2410 5142; x_wconf 90' lang='lat' dir='ltr'><strong>subintulit,</strong></span> <span class='ocrx_word' id='word_1_786' title='bbox 2464 5076 2645 5133; x_wconf 82' lang='lat' dir='ltr'><strong>lilium</strong></span> <span class='ocrx_word' id='word_1_787' title='bbox 2675 5079 3025 5135; x_wconf 90' lang='lat' dir='ltr'><strong>convallium</strong></span> <span class='ocrx_word' id='word_1_788' title='bbox 3054 5081 3238 5150; x_wconf 80' lang='lat' dir='ltr'><strong>(Cant.</strong></span> <span class='ocrx_word' id='word_1_789' title='bbox 3270 5097 3329 5147; x_wconf 83' lang='grc' dir='ltr'><strong>ιι,</strong></span> <span class='ocrx_word' id='word_1_790' title='bbox 3368 5084 3437 5152; x_wconf 82' lang='lat' dir='ltr'><strong>l),</strong></span> <span class='ocrx_word' id='word_1_791' title='bbox 3472 5098 3542 5138; x_wconf 92' lang='lat' dir='ltr'><strong>ne</strong></span> <span class='ocrx_word' id='word_1_792' title='bbox 3587 5083 3791 5142; x_wconf 86' lang='lat' dir='ltr'><strong>florem</strong></span> 
     </span>
    </p>
   </div>
   <div class='ocr_carea' id='block_1_116' title="bbox 2085 5165 3789 5241">
    <p class='ocr_par' dir='ltr' id='par_1_116' title="bbox 2085 5165 3789 5241">
     <span class='ocr_line' id='line_1_116' title="bbox 2085 5165 3789 5241; baseline 0.006 -22"><span class='ocrx_word' id='word_1_793' title='bbox 2085 5165 2343 5222; x_wconf 87' lang='lat' dir='ltr'><strong>absolute</strong></span> <span class='ocrx_word' id='word_1_794' title='bbox 2393 5167 2653 5233; x_wconf 87' lang='lat' dir='ltr'><strong>dicendo,</strong></span> <span class='ocrx_word' id='word_1_795' title='bbox 2717 5167 2938 5238; x_wconf 80' lang='lat' dir='ltr'><strong>aliquos</strong></span> <span class='ocrx_word' id='word_1_796' title='bbox 2993 5169 3224 5226; x_wconf 88' lang='lat' dir='ltr'><strong>inutiles</strong></span> <span class='ocrx_word' id='word_1_797' title='bbox 3277 5179 3332 5226; x_wconf 93' lang='lat' dir='ltr'><strong>et</strong></span> <span class='ocrx_word' id='word_1_798' title='bbox 3373 5171 3663 5241; x_wconf 90' lang='lat' dir='ltr'><strong>pulchros,</strong></span> <span class='ocrx_word' id='word_1_799' title='bbox 3721 5183 3789 5230; x_wconf 90' lang='lat' dir='ltr'><strong>ut</strong></span> 
     </span>
    </p>
   </div>
   <div class='ocr_carea' id='block_1_117' title="bbox 2086 5253 3787 5330">
    <p class='ocr_par' dir='ltr' id='par_1_117' title="bbox 2086 5253 3787 5330">
     <span class='ocr_line' id='line_1_117' title="bbox 2086 5253 3787 5330; baseline 0.005 -22"><span class='ocrx_word' id='word_1_800' title='bbox 2086 5261 2222 5310; x_wconf 92' lang='lat' dir='ltr'><strong>sunt</strong></span> <span class='ocrx_word' id='word_1_801' title='bbox 2279 5253 2557 5309; x_wconf 58' lang='lat' dir='ltr'><strong>malvat&#39;ei</strong></span> <span class='ocrx_word' id='word_1_802' title='bbox 2611 5263 2666 5311; x_wconf 92' lang='lat' dir='ltr'><strong>et</strong></span> <span class='ocrx_word' id='word_1_803' title='bbox 2726 5256 3046 5323; x_wconf 87' lang='lat' dir='ltr'><strong>carduales,</strong></span> <span class='ocrx_word' id='word_1_804' title='bbox 3121 5258 3290 5314; x_wconf 84' lang='lat' dir='ltr'><strong>vellet</strong></span> <span class='ocrx_word' id='word_1_805' title='bbox 3347 5259 3606 5330; x_wconf 85' lang='lat' dir='ltr'><strong>intelligi.</strong></span> <span class='ocrx_word' id='word_1_806' title='bbox 3679 5262 3787 5317; x_wconf 83' lang='lat' dir='ltr'><strong>Ad-</strong></span> 
     </span>
    </p>
   </div>
   <div class='ocr_carea' id='block_1_118' title="bbox 2083 5341 3783 5408">
    <p class='ocr_par' dir='ltr' id='par_1_118' title="bbox 2083 5341 3783 5408">
     <span class='ocr_line' id='line_1_118' title="bbox 2083 5341 3783 5408; baseline 0.005 -13"><span class='ocrx_word' id='word_1_807' title='bbox 2083 5341 2225 5396; x_wconf 91' lang='lat' dir='ltr'><strong>didit</strong></span> <span class='ocrx_word' id='word_1_808' title='bbox 2276 5341 2652 5408; x_wconf 88' lang='lat' dir='ltr'><strong>convallium,</strong></span> <span class='ocrx_word' id='word_1_809' title='bbox 2710 5349 2773 5398; x_wconf 91' lang='lat' dir='ltr'><strong>ut</strong></span> <span class='ocrx_word' id='word_1_810' title='bbox 2844 5343 3090 5398; x_wconf 92' lang='lat' dir='ltr'><strong>candore</strong></span> <span class='ocrx_word' id='word_1_811' title='bbox 3159 5351 3215 5400; x_wconf 90' lang='lat' dir='ltr'><strong>et</strong></span> <span class='ocrx_word' id='word_1_812' title='bbox 3292 5347 3466 5402; x_wconf 92' lang='lat' dir='ltr'><strong>odore</strong></span> <span class='ocrx_word' id='word_1_813' title='bbox 3513 5354 3783 5403; x_wconf 82' lang='lat' dir='ltr'><strong>nectarco</strong></span> 
     </span>
    </p>
   </div>
   <div class='ocr_carea' id='block_1_119' title="bbox 2082 5427 3785 5503">
    <p class='ocr_par' dir='ltr' id='par_1_119' title="bbox 2082 5427 3785 5503">
     <span class='ocr_line' id='line_1_119' title="bbox 2082 5427 3785 5503; baseline 0.005 -21"><span class='ocrx_word' id='word_1_814' title='bbox 2082 5427 2362 5497; x_wconf 87' lang='lat' dir='ltr'><strong>optimum</strong></span> <span class='ocrx_word' id='word_1_815' title='bbox 2396 5428 2693 5498; x_wconf 89' lang='lat' dir='ltr'><strong>quidpiam</strong></span> <span class='ocrx_word' id='word_1_816' title='bbox 2742 5430 3088 5500; x_wconf 87' lang='lat' dir='ltr'><strong>designaret.</strong></span> <span class='ocrx_word' id='word_1_817' title='bbox 3122 5433 3400 5503; x_wconf 87' lang='lat' dir='ltr'><strong>Campum</strong></span> <span class='ocrx_word' id='word_1_818' title='bbox 3433 5447 3557 5489; x_wconf 90' lang='lat' dir='ltr'><strong>meo</strong></span> <span class='ocrx_word' id='word_1_819' title='bbox 3584 5437 3785 5491; x_wconf 89' lang='lat' dir='ltr'><strong>sensui</strong></span> 
     </span>
    </p>
   </div>
   <div class='ocr_carea' id='block_1_120' title="bbox 2078 5515 3780 5591">
    <p class='ocr_par' dir='ltr' id='par_1_120' title="bbox 2078 5515 3780 5591">
     <span class='ocr_line' id='line_1_120' title="bbox 2078 5515 3780 5591; baseline 0.005 -22"><span class='ocrx_word' id='word_1_820' title='bbox 2078 5515 2335 5571; x_wconf 91' lang='lat' dir='ltr'><strong>occurrit</strong></span> <span class='ocrx_word' id='word_1_821' title='bbox 2385 5529 2547 5584; x_wconf 91' lang='lat' dir='ltr'><strong>posse</strong></span> <span class='ocrx_word' id='word_1_822' title='bbox 2605 5517 2785 5586; x_wconf 89' lang='lat' dir='ltr'><strong>accipi</strong></span> <span class='ocrx_word' id='word_1_823' title='bbox 2839 5518 3201 5576; x_wconf 88' lang='lat' dir='ltr'><strong>tolerantiam</strong></span> <span class='ocrx_word' id='word_1_824' title='bbox 3264 5522 3614 5591; x_wconf 90' lang='lat' dir='ltr'><strong>corporalem</strong></span> <span class='ocrx_word' id='word_1_825' title='bbox 3674 5525 3780 5580; x_wconf 88' lang='lat' dir='ltr'><strong>ubi</strong></span> 
     </span>
    </p>
   </div>
  </div>
