3928 6070
146 227 247 279 593
1359 221 1777 278 OPUSCULUM
1816 223 1910 278 DE
1953 221 2426 278 VIRGINITATE.

3551 225 3654 278 594

141 359 284 413 dum
328 357 498 412 homo
524 355 774 411 exterior
802 353 1216 410 adversitatum
1265 354 1588 424 frequentia
1635 355 1834 410 tundi-
1872 356 1920 409 A
1951 362 2134 412 tacere
2169 355 2521 426 pravalebit,
2557 356 2659 425 qui
2691 369 2762 410 ne
2793 355 2865 410 ab
2896 355 3125 410 homine
3179 354 3432 424 quidem,
3475 368 3649 423 quem

139 453 258 511 tur,
294 446 460 514 quasi
510 457 650 514 ager
678 442 913 513 quidam
971 442 1280 499 Dominicis
1327 443 1679 499 sementibus
1735 458 1843 512 ap-

139 541 402 602 paratus,
457 532 652 587 ﬂorem
696 530 984 600 pudicitia
1024 530 1166 585 mire
1208 531 1554 586 redolentem
1605 531 1843 586 uberius

139 622 312 691 parit.
349 621 537 675 Solent
569 619 814 689 profecto
851 628 906 673 et
940 618 1212 688 pleraque
1257 618 1523 688 gramina
1571 618 1842 688 ﬂorigera

138 708 269 764 coli.
328 709 504 763 Porro
553 706 737 762 lilium
790 704 847 759 in
886 705 1264 770 convallibus,
1301 705 1356 778 id
1386 713 1469 760 est
1520 705 1577 760 in
1625 705 1843 760 intimis

139 796 504 852 conscientia
535 795 824 863 nascitur;
858 793 1021 849 nulla
1067 793 1219 849 enim
1249 801 1333 849 est
1363 793 1554 848 carnis
1606 795 1840 863 integri-

140 892 251 951 tas,
289 884 396 939 nisi
429 897 501 939 ex
534 897 726 937 amore
758 881 994 951 prodeat
1025 881 1250 937 mentis.

214 976 397 1028 Potest
439 980 631 1027 autem
693 985 792 1039 per
847 971 1042 1025 ﬂorem
1093 970 1280 1039 campi
1331 969 1627 1039 designata
1687 971 1838 1025 credi

136 1061 237 1116 illa
288 1075 418 1131 qua
464 1061 522 1115 in
579 1059 802 1129 impubi
858 1066 1043 1126 atate,
1095 1059 1154 1113 in
1213 1058 1469 1128 puerulis
1519 1059 1730 1114 scilicet
1775 1073 1841 1115 ac

137 1148 524 1219 virgunculis,
581 1163 655 1203 ex
714 1147 834 1203 sola
903 1147 1155 1203 naturali
1225 1147 1552 1201 innocentia
1619 1155 1839 1202 constat

135 1237 459 1304 integritas,
492 1237 580 1291 vel
626 1237 815 1306 potius
847 1249 977 1305 qua
1017 1235 1076 1290 in
1108 1235 1476 1304 quibusdam,
1510 1235 1612 1305 qui
1645 1235 1838 1306 frigidi

134 1334 276 1381 sunt
324 1327 594 1392 corporis,
638 1331 692 1380 et
733 1323 1109 1393 temperantia
1148 1323 1404 1394 ingenita
1454 1323 1543 1378 his
1589 1323 1838 1379 motibus

131 1412 334 1466 minus
380 1420 682 1482 urgentur,
741 1413 949 1481 sapius
1011 1413 1313 1480 reperitur.
1374 1412 1444 1466 Et
1496 1411 1553 1466 hi
1603 1411 1835 1481 quidem

132 1500 260 1554 sine
291 1500 452 1571 gravi
491 1500 765 1554 exercitio
785 1514 1076 1555 summum
1109 1500 1386 1570 quiddam
1426 1499 1732 1568 possident,
1782 1508 1836 1555 et

132 1587 482 1657 plerumque
514 1588 656 1644 bene
699 1588 942 1644 vivendo
991 1588 1133 1643 alias
1175 1595 1535 1644 exercentur.
1585 1587 1691 1643 Sed
1744 1595 1833 1642 ta-

129 1677 279 1731 lium
305 1676 400 1731 vix
432 1677 744 1747 quisquam
790 1676 1124 1746 perfectioni
1155 1690 1387 1746 operam
1437 1677 1574 1732 dare
1607 1677 1836 1731 inveni-

133 1774 255 1832 tur,
289 1765 443 1821 unde
501 1773 557 1821 et
613 1766 911 1835 spadones,
964 1765 1230 1834 quadam
1287 1765 1375 1820 sui
1425 1765 1704 1820 securitas
1763 1765 1834 1820 ad

132 1860 387 1922 teporem
448 1853 624 1908 animi
692 1853 990 1909 deﬂectere
1048 1853 1423 1923 dignoscitur.
1485 1854 1688 1908 Fateor
1746 1867 1836 1908 me

131 1941 456 2011 aliquando
494 1941 702 1998 vidisse
757 1941 902 1996 duos
959 1941 1160 1996 fratres
1206 1941 1428 2012 origine
1508 1955 1831 2012 germanos,

131 2043 387 2098 quorum
419 2030 562 2085 alter
611 2044 744 2085 cum
795 2029 1162 2085 sacerdotalis
1212 2037 1358 2085 esset
1401 2029 1638 2096 ordinis,
1690 2044 1833 2085 con-

125 2118 297 2189 jugio
345 2133 465 2173 sese
516 2117 779 2173 cohibere
829 2133 945 2173 non
999 2118 1210 2187 potuit:
1269 2119 1413 2173 alter
1460 2119 1640 2174 laicus
1693 2119 1833 2174 adeo

131 2206 360 2276 frigida
391 2221 449 2262 se
497 2214 719 2262 natura
752 2207 1048 2276 perhibere
1094 2206 1328 2274 solebat,
1365 2213 1445 2272 ut,
1489 2207 1643 2276 quod
1676 2206 1833 2263 dictu

128 2294 331 2362 miror,
381 2309 440 2350 se
473 2295 701 2365 penitus
733 2303 1010 2351 assereret
1054 2295 1163 2351 hac
1194 2295 1513 2351 titillatione
1555 2295 1828 2351 caruisse.

127 2383 188 2438 Si
232 2397 372 2454 ergo
417 2383 508 2438 ille
564 2384 926 2439 incontinens
977 2384 1050 2438 ad
1103 2383 1191 2439 sui
1245 2385 1655 2440 continentiam
1703 2391 1831 2439 stu—

127 2470 293 2525 dium
356 2469 684 2537 indidisset,
723 2484 899 2540 quam
966 2469 1165 2524 melior
1221 2470 1313 2526 illo
1385 2471 1590 2542 frigido
1655 2472 1831 2528 exsti-

125 2558 336 2613 tisset?

203 2647 310 2702 Per
350 2646 545 2703 ﬂorem
605 2646 800 2717 itaque
853 2645 1062 2716 campi,
1097 2661 1213 2702 non
1271 2646 1478 2713 lilium,
1531 2655 1597 2703 ut
1653 2662 1831 2718 supra

125 2734 435 2801 sensimus,
491 2734 588 2790 sed
637 2734 1124 2805 qualemcunque,
1187 2735 1403 2791 bonum
1451 2743 1661 2804 tamen,
1722 2736 1830 2792 ista

126 2820 263 2876 talis
290 2821 592 2892 virginitas
621 2822 956 2891 accipiatur.
1005 2822 1107 2878 Cui
1148 2823 1341 2879 sensui
1385 2823 1635 2878 concinit
1674 2824 1828 2894 quod

125 2923 368 2978 campus
437 2917 587 2965 terra
660 2910 879 2966 inculta
945 2909 1243 2966 consuevit
1308 2911 1568 2982 intelligi.
1649 2913 1827 2968 Habet
1867 2925 1907 2980 ί]

126 2998 312 3068 igitur
342 3011 580 3067 campus
629 2998 752 3054 sine
803 2998 1083 3054 laboranti
1118 3012 1297 3054 manu
1349 2999 1567 3067 ﬂorem,
1610 3015 1742 3056 cum
1774 3015 1831 3056 se

125 3086 419 3156 quispiam
453 3087 576 3141 sine
626 3087 932 3142 tentatione
963 3086 1216 3142 exsultat
1273 3087 1580 3157 virginem.
1636 3091 1708 3144 At
1753 3089 1830 3143 li-

127 3175 273 3230 lium
331 3175 483 3244 quod
518 3174 601 3230 uti
640 3176 1093 3244 prascripsimus
1119 3182 1174 3230 et
1222 3176 1716 3244 circumfossione,
1771 3183 1828 3232 et

130 3263 249 3318 [imi
313 3263 664 3318 adhibitione
719 3263 946 3329 colitur,
1008 3270 1063 3318 et
1121 3264 1438 3332 plurimum
1529 3265 1827 3328 exuberat,

126 3351 274 3421 quid
311 3351 421 3406 nisi
453 3352 704 3407 votivam
745 3351 952 3407 anima
980 3352 1288 3422 carnisque
1325 3353 1663 3422 castitatem,
1698 3368 1828 3423 qua

126 3439 279 3494 bello
321 3453 436 3494 non
469 3439 616 3494 facili
665 3440 1050 3510 conquiritur,
1103 3438 1331 3494 innuit?
1378 3454 1528 3509 qua,
1573 3447 1828 3496 terrenas

122 3525 500 3597 cogitationes
557 3527 744 3597 ligone
807 3526 1046 3581 rationis
1116 3525 1449 3595 discutiens,
1515 3535 1571 3583 et
1629 3528 1829 3597 culpas

123 3615 364 3670 aliunde
393 3621 732 3680 contractas,
789 3615 955 3684 quasi
998 3622 1238 3682 stercus,
1289 3629 1407 3685 quo
1464 3615 1823 3680 fecundetur,

121 3703 199 3758 ad
230 3703 428 3758 ﬂetum
464 3704 636 3759 menti
659 3702 944 3770 admovet,
978 3711 1034 3758 et
1063 3703 1145 3758 sic
1169 3703 1226 3757 in
1259 3702 1504 3758 convalli
1545 3703 1661 3770 illa,
1696 3718 1827 3773 qua

123 3788 416 3843 frumento
455 3787 608 3857 quod
663 3794 960 3842 mortuum
1020 3786 1268 3842 multum
1325 3787 1518 3843 attulit
1572 3787 1824 3844 fructum

126 3877 330 3943 (Joan.
383 3890 482 3941 xu,
533 3875 642 3942 '24),
677 3889 898 3943 semper
942 3874 1218 3942 abundat,
1263 3874 1510 3945 gloriosa
1540 3877 1826 3947 gradatim

122 3965 269 4020 dum
307 3979 366 4019 se
422 3964 686 4019 humiliat
741 3963 1108 4029 exaltatione,
1162 3963 1234 4018 ad
1291 3964 1604 4034 perfectum
1653 3965 1827 4020 totius

125 4053 328 4108 ﬂorem
363 4052 704 4123 integritatis
732 4052 996 4122 emigrat.

197 4139 575 4195 Humilitatis
599 4139 1002 4211 prarogativa.
1037 4171 1104 4179 —
1141 4140 1270 4195 Hac
1305 4140 1478 4196 etiam
1506 4141 1823 4208 ,humilita-

126 4230 201 4286 tis
232 4229 574 4296 sublimitas,
620 4244 734 4284 non
773 4229 884 4283 nisi
913 4228 972 4283 in
1021 4229 1192 4300 cujus
1238 4229 1396 4297 apice
1444 4229 1565 4284 hac
1604 4230 1673 4286 de
1705 4245 1823 4300 qua
1861 4219 1904 4272 D

127 4319 359 4388 agimus
386 4317 680 4388 integritas
701 4325 852 4372 stare
886 4315 1178 4372 ullatenus
1209 4317 1440 4385 sufﬁcit,
1477 4320 1823 4388 propensius

124 4414 211 4462 est
264 4406 548 4461 rimanda.
606 4404 787 4474 Cujus
819 4404 975 4460 laudi
1025 4403 1216 4460 valere
1246 4405 1621 4476 singulariter
1676 4408 1820 4464 illud

124 4494 488 4564 dignoscitur
519 4493 671 4563 quod
703 4492 867 4548 nulla
914 4493 1156 4548 humani
1197 4493 1454 4549 exercitii
1497 4504 1637 4564 arte,
1689 4497 1815 4552 nul-

123 4582 211 4649 lis,
241 4587 305 4637 ut
334 4581 568 4637 brevius
598 4581 822 4650 loquar,
859 4581 1107 4636 ullarum
1140 4581 1422 4637 virtutum
1455 4584 1821 4641 adminiculis

121 4669 331 4725 diaboli
363 4669 560 4724 cervix
589 4669 878 4736 obruitur,
915 4669 1040 4738 ejus
1069 4669 1294 4724 astutia
1314 4671 1465 4726 acies
1494 4671 1815 4740 hebetatur,

119 4760 233 4816 nisi
259 4774 358 4829 per
386 4760 556 4829 hanc,
598 4759 766 4829 cujus
810 4758 1202 4827 irritamentis,
1237 4775 1371 4816 mox
1411 4769 1476 4818 ut
1521 4763 1820 4820 humilitas

117 4849 458 4919 objectatur,
497 4847 640 4903 nihil
676 4847 737 4902 fit
766 4846 915 4902 illico
936 4847 1220 4916 quidquid
1270 4861 1378 4903 sua
1408 4848 1660 4906 feralitas
1691 4865 1819 4906 ma-

117 4939 410 5002 chinatur,
438 4943 493 4991 et
521 4949 580 4991 se
620 4935 823 4991 rudem
845 4935 915 4990 ad
947 4949 1072 4991 eam
1106 4936 1554 5006 aggrediendam
1579 4938 1814 5008 invenit,

117 5024 258 5094 quia
323 5023 684 5080 altitudinem
747 5024 976 5093 penitus
1033 5023 1162 5079 talis
1214 5026 1634 5096 propugnaculi
1697 5043 1818 5084 nes—

114 5113 206 5168 cit.
263 5112 405 5168 Cum
451 5112 523 5168 sit
563 5113 716 5168 enim
763 5111 1048 5182 spirituali
1098 5113 1385 5169 creatione
1423 5115 1731 5182 subnixus,
1764 5124 1816 5172 et

113 5208 341 5256 natura
372 5199 687 5256 subtilitate
722 5201 792 5255 ad
824 5199 1015 5255 nullas
1043 5213 1344 5269 corporeas
1371 5203 1817 5258 necessitudines

113 5287 461 5356 inﬂectatur,
511 5289 650 5358 quid
692 5296 846 5344 terra
909 5296 965 5345 et
1010 5289 1121 5344 vile
1164 5289 1353 5346 lutum
1403 5291 1570 5346 homo
1619 5300 1818 5348 contra

114 5376 480 5443 invisibilem,
528 5385 583 5432 ct
624 5377 722 5448 qui
758 5376 959 5448 diﬂ‘ugi
1004 5377 1258 5433 localiter
1309 5393 1423 5434 non
1473 5387 1652 5449 potest
1712 5381 1816 5436 ho-

114 5473 280 5530 stem,
315 5474 515 5521 contra
542 5481 685 5536 pene
724 5466 1160 5537 impenetrabile
1192 5468 1335 5523 tanti
1369 5468 1548 5524 hostis
1572 5483 1815 5526 acumen

1951 445 2163 512 videre,
2196 459 2489 514 quemque
2532 443 2931 513 subterfugere
2979 449 3177 512 potest,
3229 442 3449 511 quique
3491 441 3648 512 inge-

1949 534 2045 588 nio
2099 533 2440 602 plerumque
2499 547 2558 587 se
2605 531 2950 597 inferiorem,
3016 543 3245 585 servare
3286 543 3344 585 se
3395 529 3650 585 sufﬁcit?

1950 621 2055 676 Sed
2088 622 2255 687 Deus,
2291 621 2392 690 qui
2427 620 2583 676 omni
2617 627 2839 674 terreno
2871 619 3275 688 spiritualique
3305 618 3453 672 malo
3485 618 3646 673 insti-

1952 710 2058 764 tuit
2086 709 2452 775 medicinam,
2486 715 2540 764 et
2568 708 2726 764 hunc
2768 721 2886 776 qua
2918 706 3202 762 industria
3231 705 3416 761 evinci
3450 714 3642 775 queat,

1947 797 2194 852 edocuit.
2229 802 2378 851 alo
2424 797 2571 864 Quia
2599 795 2750 851 enim
2783 796 2903 851 sola
2941 795 3031 849 sui
3069 794 3309 850 tumoris
3353 794 3646 849 occasione

1947 885 2210 952 deﬂuxit,
2243 899 2276 940 a
2309 885 2498 941 cinere
2520 893 2574 941 et
2604 885 2744 951 luto,
2774 884 2886 940 imo
2917 884 2988 938 ab
3019 883 3149 949 illis,
3185 883 3286 952 qui
3313 896 3371 937 se
3396 883 3643 937 cinerem

1949 967 2254 1039 lutumque
2281 971 2604 1035 attendunt,
2637 969 2956 1038 spiritualis
2988 969 3170 1038 ipsius
3198 968 3474 1024 fortitudo
3504 967 3646 1022 divi-

1947 1073 2020 1112 no
2091 1057 2344 1113 subsidio
2420 1057 2680 1126 superari
2738 1057 3154 1126 promptissime
3217 1071 3275 1111 se
3332 1055 3642 1124 conspicit;

1947 1161 2064 1216 quo
2087 1147 2240 1201 enim
2291 1145 2540 1216 quisque
2576 1159 2748 1214 penes
2793 1159 2959 1200 suam
3003 1144 3327 1213 opinionem
3356 1143 3544 1209 vilior,
3579 1158 3644 1200 eo

1945 1235 2018 1290 ad
2043 1233 2467 1304 eﬂringendum
2498 1233 2714 1288 inimici
2743 1233 3016 1289 verticem
3049 1233 3110 1287 ﬁt
3136 1232 3441 1289 efficacior.

2016 1321 2217 1378 Carnis
2285 1335 2421 1392 ergo
2483 1322 2891 1377 continentiam
2947 1335 3124 1390 quam
3179 1321 3299 1376 suis
3355 1320 3644 1390 pracipue

1945 1410 2132 1465 irritat
2163 1409 2404 1476 facibus,
2439 1424 2554 1478 quo
2584 1409 2764 1468 tutius
2801 1409 3113 1480 quisquam
3153 1409 3348 1478 clypeo
3378 1423 3643 1463 commu-

1945 1498 2108 1565 nibit,
2154 1511 2330 1568 quam
2396 1505 2460 1553 ut
2515 1497 2575 1552 in
2619 1486 2793 1553 Carne
2824 1497 3041 1567 positus
3087 1497 3155 1552 de
3184 1511 3243 1552 se
3274 1511 3496 1565 semper
3525 1497 3641 1552 hu-

1945 1586 2103 1642 milia
2124 1593 2339 1656 penset,
2372 1586 2527 1656 quod
2549 1585 2642 1642 ille
2677 1594 2806 1655 typo
2853 1585 3080 1655 proprio
3111 1585 3295 1641 facere
3324 1585 3643 1653 supersedit

1943 1691 2077 1732 cum
2107 1676 2344 1746 spiritus
2372 1675 2556 1732 esset?
2599 1675 2798 1731 Carnis
2828 1676 3024 1746 itaque
3088 1689 3290 1730 sensus
3335 1675 3475 1730 dum
3509 1678 3640 1743 pre-

1944 1766 2142 1832 mitur,
2195 1765 2284 1820 vis
2331 1764 2492 1834 impii
2549 1764 2783 1834 spiritus
2841 1763 3180 1831 annulatur,
3227 1771 3282 1820 et
3335 1763 3459 1832 ipsa
3506 1776 3641 1817 caro

1943 1853 2208 1924 patiendo
2255 1853 2431 1908 animi
2477 1854 2567 1909 vel
2611 1853 2851 1909 rationis
2901 1852 3229 1922 imperium,
3285 1851 3642 1906 mansuetior

1942 1942 2221 2008 redditur,
2268 1956 2384 2012 quo
2441 1942 2549 1997 sibi
2606 1941 2878 2012 ingenita
2941 1940 3229 2008 superbia
3283 1939 3636 2009 arrogantia.

1943 2030 2055 2086 imo
2086 2030 2208 2100 ipsa
2227 2030 2478 2086 exterior
2507 2029 2720 2097 latitia,
2755 2043 2873 2099 qua
2896 2029 3106 2098 sapius
3136 2028 3278 2084 fade
3308 2027 3634 2091 resolvitur,

1939 2126 1993 2174 et
2048 2119 2254 2174 intima
2293 2132 2457 2189 vaga
2498 2117 2884 2188 cogitationis,
2943 2130 3062 2186 qua
3103 2116 3290 2185 inepte
3345 2115 3634 2181 discurrit,

1940 2205 2178 2261 lascivia
2210 2213 2519 2261 resecatur.
2574 2205 2691 2261 Sub
2723 2206 2831 2260 hac
2853 2204 3031 2276 igitur
3061 2203 3285 2259 nutrice
3316 2217 3448 2258 cum
3482 2209 3639 2258 tanta

1939 2295 2146 2366 proles,
2205 2302 2268 2350 ut
2335 2294 2698 2364 pralibatum
2749 2301 2849 2362 est,
2905 2292 3100 2360 alitur,
3159 2306 3386 2347 necesse
3434 2298 3519 2347 est
3573 2298 3636 2346 ut

1940 2398 2070 2454 qua
2106 2390 2231 2452 post
2263 2383 2443 2452 ipsam
2492 2390 2663 2438 tanta
2710 2381 2947 2437 infantis
2992 2381 3194 2452 gerula
3243 2394 3364 2435 esse
3411 2379 3632 2445 debeat,

1939 2472 2125 2529 virtus
2177 2471 2355 2527 altera
2419 2472 2781 2541 requiratur;
2835 2470 3102 2526 nobiliter
3167 2468 3318 2524 enim
3374 2468 3635 2523 oriundis

1913 2558 2256 2614 'infantibus
2286 2559 2467 2614 solent
2511 2558 2939 2630 grandiuscula
2983 2556 3292 2623 ancillula,
3328 2570 3429 2612 seu
3459 2555 3631 2611 clien-

1938 2648 2064 2716 tuli,
2099 2649 2201 2718 qui
2240 2662 2337 2704 eos
2368 2648 2627 2717 quolibet
2655 2648 2860 2714 ferant,
2906 2653 3112 2716 prater
3144 2645 3416 2708 nutrices,
3468 2644 3635 2699 attri—

1937 2737 2068 2805 bui;
2102 2749 2208 2792 nec
2253 2749 2475 2806 aquum
2505 2743 2591 2791 est
2635 2743 2697 2791 ut
2741 2735 2796 2789 id
2826 2733 3046 2790 decoris
3097 2748 3212 2789 non
3243 2733 3469 2800 habeat,
3503 2747 3633 2802 qua

1935 2825 2145 2882 nobilis
2166 2825 2542 2896 singulariter
2571 2827 2778 2880 exstat.

2641 2913 2829 2965 APUT
2869 2913 2969 2965 IX.

2009 3000 2296 3056 Modestia
2317 2999 2579 3055 castitati
2599 2911 3291 3070 ρῗφὲιεσεεεανία,
3321 3000 3377 3052 et
3394 2996 3635 3052 circum-

1935 3089 2168 3160 spectio.
2201 3089 2403 3143 Noxia
2419 3087 2878 3158 familiaritates
2929 3091 3060 3141 sunt
3097 3085 3358 3141 vitanda.
3406 3116 3468 3125 —
3502 3087 3631 3140 Post

1939 3191 2116 3248 quam
2173 3178 2369 3248 itaque
2429 3191 2590 3232 mens
2642 3177 2737 3246 pia
2766 3190 2887 3232 sua
2918 3174 3144 3230 conscia
3171 3174 3428 3241 vilitatis,
3451 3181 3506 3228 et
3537 3187 3629 3228 ac-

1937 3265 2148 3321 cidenti
2179 3265 2410 3336 injuria
2469 3273 2584 3320 tam
2631 3264 2892 3334 subjecta
2930 3277 3106 3334 quam
3147 3270 3350 3332 parata
3397 3262 3628 3332 subjici,

1938 3363 2112 3409 semet
2167 3353 2273 3409 sibi
2305 3353 2579 3421 subdidit,
2634 3351 3023 3409 necessarium
3079 3358 3163 3407 est
3216 3358 3282 3407 ut
3343 3350 3630 3421 quidquid

1937 3451 2088 3512 agat,
2141 3455 2496 3511 quacunque
2541 3441 2629 3497 vel
2679 3455 3033 3511 quocunque
3081 3447 3192 3507 eat,
3244 3453 3471 3496 morum
3521 3439 3629 3494 sibi

1937 3530 2194 3599 gravitas
2224 3543 2449 3599 semper
2466 3543 2673 3591 comes.
2699 3529 2865 3599 quasi
2899 3529 3101 3598 gerula
3127 3543 3194 3584 ac
3232 3528 3626 3598 procuratrix,

1935 3626 2126 3674 motus
2166 3618 2513 3687 incongruos
2567 3625 2622 3673 et
2657 3617 2944 3688 quidquid
3000 3624 3082 3671 est
3116 3615 3392 3686 juvenile,
3447 3616 3626 3671 conti-

1936 3713 2086 3760 neat.
2143 3705 2291 3761 Solet
2347 3705 2689 3774 plerumque
2750 3711 2874 3774 post
2928 3703 3216 3759 orationes
3264 3704 3411 3758 inter
3459 3704 3633 3774 longa

1930 3793 2176 3864 jejunia,
2222 3801 2342 3863 post
2371 3793 2537 3848 ﬂetus
2565 3799 2618 3847 et
2648 3792 2852 3848 devota
2881 3791 3150 3861 suspiria,
3189 3805 3318 3847 cum
3353 3793 3423 3848 ad
3470 3801 3628 3848 exte-

1935 3885 2113 3940 riores
2145 3898 2288 3940 usus
2335 3890 2389 3938 et
2418 3895 2721 3938 commune
2769 3875 3120 3951 colloquium
3169 3881 3411 3946 reditur,-
3457 3881 3624 3951 quasi

1934 3972 2006 4027 ob
2036 3971 2406 4027 relevandam
2435 3984 2469 4025 a
2500 3969 2726 4025 fastidio
2755 3977 3025 4033 mentem,
3048 3967 3137 4024 vel
3161 3969 3233 4025 ob
3262 3969 3625 4024 ostendenda

1935 4057 2344 4113 benevolentia
2390 4064 2445 4113 et
2494 4055 2799 4112 hilaritatis
2846 4071 3101 4124 causam,
3150 4057 3442 4127 quoddam
3479 4071 3622 4128 gau-

1936 4146 2094 4201 dium
2141 4146 2422 4213 exhiberi,
2474 4146 2627 4215 quod
2684 4145 2824 4201 dum
2873 4145 3106 4201 honeste
3154 4145 3382 4201 videtur
3425 4146 3620 4216 incipi,

1931 4235 2002 4290 ad
2063 4235 2478 4303 turpitudinem
2535 4248 2682 4303 sape
2739 4233 3044 4290 delabitur.
3122 4235 3265 4290 Nam
3336 4249 3469 4290 cum
3524 4249 3627 4304 per

1930 4324 2171 4379 hilarem
2202 4323 2559 4379 collationem
2592 4323 2898 4380 verborum
2950 4322 3366 4390 multiplicatur
3406 4324 3623 4392 jucun-

1929 4413 2096 4480 ditas,
2143 4412 2354 4467 sensim
2431 4411 2646 4468 accedit
2707 4411 3052 4482 joculatoria
3110 4411 3444 4482 garrulitas,
3491 4413 3622 4468 inde

1929 4501 2408 4556 concurrentibus
2457 4500 2716 4570 turpium
2762 4500 3164 4555 narrationum
3211 4499 3486 4564 historiis,
3520 4514 3623 4568 per

1927 4589 2140 4646 blanda
2174 4588 2400 4644 ludicra
2439 4588 2773 4657 tepefactus,
2813 4587 2927 4644 imo
2957 4588 3187 4643 laxatus
3230 4587 3410 4642 animi
3441 4587 3616 4658 rigor,

1929 4680 2110 4745 atLea,
2162 4678 2379 4747 quibus
2416 4691 2616 4732 aurem
2664 4676 3044 4747 linguamque
3095 4683 3294 4745 sponte
3335 4675 3617 4744 attribuit,

1926 4767 2249 4837 cogitanda,
2303 4766 2592 4834 insperata
2632 4771 2687 4820 et
2729 4765 2848 4835 jam
2914 4779 3056 4834 pene
3103 4764 3421 4820 invincibili
3467 4764 3619 4820 dele-

1925 4853 2171 4909 ctatione
2209 4852 2503 4908 mollescit.
2557 4851 2667 4918 Sic,
2715 4851 2975 4921 inquam,
3011 4853 3149 4908 dum
3210 4853 3356 4908 male
3403 4852 3616 4919 dulcia,

1926 4942 2142 5012 quibus
2174 4941 2338 4997 facile
2383 4948 2575 4996 tamen
2622 4940 2804 4995 resisti
2839 4949 3043 5010 posset,
3095 4940 3381 5010 colloquia
3426 4941 3620 5011 prali—

1927 5030 2156 5096 bantur,
2213 5043 2388 5097 mors,
2441 5029 2536 5085 cui
2564 5027 2930 5084 eliminanda
2978 5043 3166 5099 neque
3219 5043 3399 5097 mens,
3433 5044 3620 5100 neque

1925 5119 2070 5173 ratio
2088 5117 2319 5186 sufficit,
2352 5124 2407 5174 et
2436 5118 2636 5173 merito
2667 5117 2805 5172 satis
2833 5117 3227 5187 consequitur.

1995 5205 2311 5261 Vulnerata
2376 5205 2554 5276 igitur
2622 5205 2784 5276 gravi
2860 5205 2967 5261 hoc
3025 5205 3219 5275 jaculo
3284 5213 3492 5273 mente,
3563 5215 3618 5263 et

1923 5293 2264 5363 cogitatione
2322 5295 2435 5350 huc
2469 5294 2721 5364 illucque
2766 5308 2866 5363 pro
2921 5301 3082 5348 motu
3131 5308 3250 5349 sua
3307 5295 3619 5365 voluptatis

1923 5383 2159 5448 erranti,
2195 5383 2267 5437 ad
2298 5381 2608 5438 amatorias
2636 5390 2753 5438 tota
2779 5383 3106 5438 devolvitur
3139 5382 3375 5439 intentio
3405 5399 3611 5456 nugas.

1927 5473 2058 5528 Hac
2085 5471 2267 5542 loqui,
2299 5471 2422 5528 hac
2452 5485 2713 5541 quarere
2742 5472 3126 5529 ardentissimi
3155 5472 3264 5528 sibi
3293 5473 3469 5530 studii
3508 5481 3612 5530 est.
