3914 6094
311 259 412 310 595

1197 252 1255 304 ν.
1299 249 1634 306 GUIBERTI
1674 246 1966 303 ABBATIS
2004 249 2059 302 S.
2104 247 2346 302 MARIA‘.
2387 245 2475 299 DE
2515 243 2907 301 NOVIGENTO

3725 246 3837 297 596

313 395 416 444 est.
451 386 572 444 Etsi
620 384 856 457 quando
904 383 976 438 ad
1032 397 1090 438 se
1129 381 1339 446 redeat,
1403 382 1551 435 hanc
1599 379 1656 435 in
1705 393 1764 435 se
1821 378 2004 434 multa
2043 381 2310 432 Aamore
2353 393 2411 432 se
2456 377 2605 432 trahi
2653 376 2844 443 sentit,
2881 376 3034 445 quod
3087 389 3262 431 suum
3310 376 3469 431 curis
3517 373 3838 445 aliquibus

315 476 684 531 excusatione
714 470 1127 528 humanissime
1173 468 1384 539 levigat
1427 467 1679 538 culpam,
1711 475 1764 522 et
1797 481 1855 522 se
1894 480 2011 521 non

317 565 461 630 vitii,
496 571 595 618 aut
634 563 893 618 obscenae
949 559 1274 629 cujuspiam
1321 557 1399 612 rei
1457 570 1649 612 amore
1708 555 1764 612 id
1821 568 2008 625 agere,

319 653 414 707 sed
473 651 659 721 potius
738 649 1090 720 gestationis,
1148 654 1202 702 et
1281 646 1594 701 alacritatis
1651 643 2013 714 indulgentia

317 740 540 795 efﬁcere
579 738 686 793 sibi
739 737 1010 792 incantat.
1047 735 1184 790 Inde
1211 735 1551 804 pedetentim
1610 733 1680 788 ad
1723 731 2016 787 familiari-

319 834 463 883 tates
494 825 723 882 venitur
762 825 992 892 noxias,
1044 837 1175 893 quae
1225 822 1460 892 quidem
1519 829 1678 877 tanta
1726 819 2015 891 religionis

321 914 670 981 sinceritate,
703 920 756 968 et
802 912 968 983 quasi
1003 925 1104 981 per
1133 911 1472 966 alterutram
1515 909 1843 965 orationum
1895 908 2016 964 col-

320 1002 614 1068 lationem,
656 1001 744 1056 vel
789 999 1144 1056 aedificatorii
1179 999 1459 1054 sermonis
1509 997 1938 1066 impensionem,
1984 1010 2018 1052 a

319 1098 758 1160 compuncttone
789 1090 961 1145 etiam
1009 1087 1147 1144 solet
1181 1087 1463 1156 incipere;
1515 1087 1608 1141 sed
1652 1084 2016 1154 postmodum

321 1194 451 1242 usu,
505 1185 559 1233 et
598 1177 890 1232 amatoriae
933 1174 1282 1232 adulationis
1327 1173 1669 1243 frequentia,
1719 1172 1789 1228 ad
1838 1173 2019 1227 verba

319 1268 490 1334 levia,
515 1266 809 1337 jocosque,
831 1265 1047 1335 quibus
1075 1263 1247 1319 menti
1276 1262 1610 1333 improvidae
1629 1269 2018 1318 exstruuntur

321 1353 612 1422 incendia,
644 1353 968 1409 devenitur.

393 1441 686 1511 Paulisper
727 1441 918 1512 itaque
965 1437 1447 1495 confabulationis
1500 1437 1739 1508 ludique
1799 1435 2020 1492 facibus

323 1529 566 1600 injectis,
598 1543 704 1584 sua
737 1527 935 1598 incipit
965 1527 1270 1596 impudens
1289 1527 1521 1581 animus
1553 1525 1766 1580 damna
1787 1524 2016 1592 sentire,

323 1617 424 1673 diu
453 1616 603 1673 enim
649 1616 762 1672 fota
807 1615 952 1671 male
1009 1615 1265 1684 concepti
1321 1613 1531 1668 amoris
1574 1612 1839 1679 scintilla,
1878 1613 1924 1666 si
1961 1611 2019 1666 in

2115 480 2213 521 cor
2270 480 2304 520 a
2363 466 2477 521 Deo
2535 472 2782 535 separat,
2845 477 3168 534 personam,
3235 467 3645 534 quantumque
3717 478 3835 518 va-

2121 553 2252 621 leat,
2311 561 2562 624 aptaque
2618 553 2904 619 videatur,
2965 553 3069 608 etsi
3119 561 3310 622 spreta
3369 551 3673 608 infamiam
3728 561 3838 607 aut

2119 643 2397 698 damnum
2425 642 2528 696 sibi
2562 641 2788 708 excitet,
2823 655 2857 696 a
2880 654 2938 696 se
2967 640 3206 712 rejiciat,
3240 641 3462 710 praemii
3491 656 3606 695 non
3633 639 3838 695 of’fen—

2123 731 2297 786 sionis
2335 744 2454 786 esse
2487 730 2690 789 sciens,
2743 730 2788 782 si
2843 731 3018 784 Deum
3062 729 3170 784 sibi
3221 730 3314 784 tali
3346 743 3418 785 ex
3467 729 3596 784 odio
3635 728 3841 784 conci-

2123 819 2289 885 lians,
2345 819 2492 872 hanc
2539 817 2809 872 offendat.
2873 818 2995 873 Non
3027 817 3206 888 igitur
3235 817 3541 883 enerviter,
3583 825 3689 872 aut
3751 816 3842 872 lu-

2124 907 2457 974 dendo,'aut
2487 921 2550 961 eo
2581 907 2676 962 irae
2707 920 2933 976 genere,
2965 906 3035 960 de
3065 920 3181 976 quo
3223 905 3277 961 in
3307 906 3526 961 Andria
3556 906 3845 960 Chremes

2129 996 2237 1060 ille,
2288 995 2396 1050 nisi
2441 995 2625 1061 fallor,
2659 995 2732 1050 ad
2792 993 3080 1050 Simonem
3142 994 3442 1064 loquitur:
3499 1016 3521 1044 ι
3574 994 3706 1060 Irae,
3758 995 3845 1048 in-

2124 1085 2273 1151 quit,
2333 1083 2650 1138 amantium
2711 1081 3016 1152 integratio
3061 1081 3273 1136 amoris
3315 1087 3418 1136 est.
3469 1102 3489 1128 ι
3549 1080 3657 1136 Sed
3711 1088 3839 1135 tam

2124 1171 2237 1228 acri
2265 1180 2326 1228 ut
2352 1171 2603 1240 abrupta
2631 1170 3002 1236 dissensione,
3037 1177 3101 1224 ut
3129 1183 3254 1238 spes
3283 1168 3495 1224 amoris
3519 1169 3840 1238 separandi

2125 1259 2312 1314 denuo
2371 1259 2531 1314 nulla
2581 1265 2770 1324 restet,
2828 1257 2941 1312 imo
2999 1271 3115 1312 non
3177 1257 3345 1312 modo
3408 1257 3632 1324 mentis,
3696 1271 3840 1326 qua:

2126 1347 2353 1403 mobilis
2410 1347 2708 1417 fallaxque
2750 1346 2950 1401 crebro
2999 1345 3372 1416 dignoscitur,
3422 1345 3519 1401 sed
3573 1345 3840 1414 corporis

2125 1437 2260 1503 situ,
2344 1436 2514 1507 juxta
2585 1435 2836 1505 Apostoli
2892 1434 3146 1504 prudens
3212 1434 3451 1502 dictum,
3533 1434 3839 1490 celerrime

2128 1524 2408 1596 fugiatur.

2806 1593 3034 1650 CAPUT
3074 1593 3144 1648 Χ.

323 1704 615 1760 extratiles
669 1703 758 1771 [/.,
794 1701 1080 1774 exitiales]
1123 1676 1362 1772 proruat
1392 1700 1655 1756 flammas
1693 1676 2017 1769 quismira-
2051 1676 2100 1730 ’Β
2200 1699 2522 1773 Elegantia:
2547 1699 2739 1754 vultus
2769 1701 2825 1754 et
2853 1698 3095 1753 vestium
3133 1697 3313 1753 cultui
3339 1697 3576 1754 minime
3606 1698 3838 1754 incum-

329 1793 465 1849 tur?
495 1793 656 1848 Tunc
695 1792 813 1862 jam
859 1791 1113 1861 experiri
1159 1791 1384 1861 cogitur
1422 1789 1684 1844 morbida
1721 1789 2022 1844 conscien-

327 1881 407 1934 tia
444 1895 540 1936 eas
595 1895 740 1949 quas
793 1880 848 1934 in
879 1895 936 1934 se
993 1880 1254 1934 funestus
1293 1891 1456 1932 amor
1489 1878 1782 1947 passiones
1829 1877 2018 1932 habet.

329 1970 491 2024 Tunc
541 1968 868 2023 inimicitias
923 1975 977 2023 et
1018 1967 1309 2022 redivivas
1353 1967 1423 2020 ad
1497 1979 1660 2020 suam
1717 1965 2025 2034 perniciem

329 2071 514 2126 paces,
551 2063 672 2112 tum
704 2057 1077 2125 suspiciones,
1135 2064 1254 2110 tum
1306 2055 1554 2120 timores,
1609 2054 1722 2108 iras
1778 2061 1833 2108 et
1864 2053 2024 2108 rixas

323 2146 495 2216 juxta
528 2145 668 2200 illud
699 2145 1104 2200 Terentianum
1136 2143 1374 2209 dictum,
1409 2143 1468 2197 in
1510 2142 1606 2198 tali
1634 2141 1863 2212 negotio
1895 2142 2025 2197 licet

329 2234 546 2288 invitus
594 2233 889 2288 exsolvere
933 2232 1308 2301 compellitur.
1361 2231 1546 2286 Tanta
1590 2237 1673 2286 est
1719 2231 1871 2286 enim
1899 2231 2026 2300 ejus

331 2320 608 2391 pestiferze
659 2320 942 2376 societatis
999 2319 1273 2385 molestia,
1333 2326 1397 2374 ut
1450 2319 1580 2374 licet
1623 2318 1911 2374 interdum
1951 2332 2024 2373 ex

333 2409 747 2466 consuetudine
787 2409 1034 2464 mulceat
1079 2409 1136 2462 in
1167 2415 1392 2463 tantum
1444 2413 1635 2462 tamen
1682 2406 2025 2477 plerumque

331 2498 408 2553 rei
459 2513 591 2567 quae
638 2505 870 2553 amatur
925 2495 1182 2552 fruendae
1235 2495 1544 2551 difficultas
1589 2502 1909 2564 exasperat,
1964 2503 2027 2551 ut

332 2599 685 2656 exsanguem
719 2593 774 2640 et
822 2585 1163 2655 languidum
1199 2592 1508 2638 amatorem
1541 2584 1694 2638 omni
1727 2583 1879 2639 febre
1901 2597 2028 2638 cru-

330 2674 516 2729 delius
556 2673 777 2728 reddat.
832 2673 937 2728 Sed
994 2686 1127 2727 cum
1187 2673 1354 2742 quasi
1396 2673 1630 2742 pacifica
1677 2680 1732 2728 et
1789 2673 2028 2728 honeste

331 2762 402 2816 ab
454 2775 519 2816 eo
567 2761 723 2830 quod
767 2769 946 2828 amat,
981 2760 1104 2816 sine
1162 2761 1244 2815 ira
1291 2761 1634 2828 etmotione
1675 2774 1930 2830 personae
1970 2775 2028 2816 se

331 2850 677 2920 abrumpere
709 2849 934 2918 nititur,
971 2849 1031 2904 fit
1067 2849 1234 2904 modo
1267 2849 1575 2905 miserabili
1625 2857 1688 2905 ut
1710 2850 1873 2920 pejus
1907 2863 2029 2905 om-

2129 1789 2392 1845 bendum.
2442 1820 2510 1829 —-
2563 1789 2847 1844 Praeterea
2914 1787 3250 1859 contingere
3299 1789 3618 1858 aliquando
3666 1789 3836 1844 haud

2129 1879 2373 1936 dubium
2403 1886 2486 1933 est
2519 1886 2582 1933 ut
2613 1892 2744 1933 cum
2773 1877 3023 1946 primum
3047 1877 3114 1932 ad
3141 1877 3318 1947 hujus
3346 1876 3518 1932 febris
3537 1877 3838 1948 igniculos

2131 1967 2404 2038 paulatim
2445 1965 2599 2021 inuri
2648 1965 2880 2034 cmperit
2926 1964 3177 2031 animus,
3211 1972 3265 2020 et
3311 1965 3440 2020 licet
3495 1965 3837 2020 tentationis

2129 2055 2438 2127 cujuslibet
2489 2053 2725 2109 minime
2779 2053 3140 2108 extrinsecus
3187 2054 3472 2109 sentiatur
3511 2053 3686 2121 calor,
3753 2063 3837 2109 ta-

2131 2160 2261 2201 men
2295 2144 2350 2198 in
2383 2151 2605 2198 tantum
2639 2142 2965 2198 accurando
2991 2143 3233 2213 |proprio
3284 2142 3493 2209 vultui,
3547 2143 3834 2198 habendae

2130 2233 2301 2289 etiam
2354 2232 2512 2287 laudi
2571 2230 2935 2295 urbanitatis,
2990 2238 3045 2285 et
3094 2231 3388 2286 amatoriae
3440 2230 3834 2301 jucunditatis

2131 2321 2380 2377 anhelat.
2415 2319 2673 2376 Vestibus
2705 2319 2955 2389 denique
2986 2334 3087 2388 pro
3117 2319 3452 2388 corporibus
3487 2319 3835 2375 habitudine

2129 2409 2483 2480 coaptandis,
2523 2416 2584 2464 ut
2611 2415 2727 2464 tota
2756 2407 3005 2462 hominis
3033 2407 3261 2463 solertia
3300 2407 3452 2463 circa
3483 2407 3606 2462 hac
3635 2409 3834 2463 studia

2129 2505 2408 2568 occupata
2438 2496 2740 2562 deserviat,
2778 2495 3028 2566 qualiter
3054 2502 3384 2565 acceptetur
3412 2509 3446 2550 a
3484 2495 3829 2566 quibusque

2131 2599 2250 2640 sua:
2285 2585 2605 2640 formositas
2652 2584 2854 2653 speciei
2907 2583 3207 2654 diligenter
3251 2583 3535 2652 explorat,
3586 2591 3642 2638 et
3691 2599 3833 2638 cum

2132 2687 2348 2739 secum,
2385 2673 2498 2727 imo
2526 2671 2680 2742 apud
2713 2686 2770 2726 se
2817 2671 3104 2742 quidquid
3149 2671 3460 2741 pulchrum
3507 2673 3838 2728 aestimatur

2133 2762 2466 2832 vilipendat,
2523 2775 2580 2816 se
2612 2760 2970 2830 potissimum
3012 2759 3499 2830 singulariterque
3528 2759 3832 2829 praedicari

2134 2849 2380 2916 allectat,
2413 2863 2774 2918 summopere
2821 2848 3082 2903 adamari
3111 2849 3411 2903 desiderat.
3470 2849 3686 2903 Amans
3730 2849 3839 2919 igi-

332 2937 578 2993 nimodis
607 2937 912 3009 obligetur.
937 2937 1062 2992 Non
1091 2937 1244 2993 enim
1277 2937 1444 2993 uxori
1477 2938 1545 2992 ad
1572 2938 1866 2993 lasciviam
1903 2952 2026 3007 pro-
2064 2973 2106 3028 C
2135 2946 2232 2994 tur
2289 2936 2491 3002 amari,
2554 2937 2692 2992 dum
2751 2935 3132 2991 curiosissime
3190 2949 3564 3004 personarum
3625 2934 3837 3004 gratiae

333 3041 443 3093 nae,
497 3026 701 3096 lepidis
745 3026 1106 3082 sermonibus
1156 3026 1457 3096 palpandae
1503 3034 1640 3082 sunt
1685 3041 1876 3093 aures,
1926 3027 2024 3082 sed

332 3116 570 3170 dorsum
629 3114 962 3170 verberibus
1025 3115 1384 3171 severissime
1449 3115 1876 3186 abradendum;
1945 3115 2028 3170 sic

332 3201 506 3256 menti
541 3215 674 3257 cum
718 3201 995 3270 perversis
1024 3201 1325 3258 affectibus
1351 3216 1410 3258 se
1443 3202 1699 3270 inclinat,
1735 3218 1855 3270 seu,
1891 3219 2025 3259 cum

333 3288 608 3344 inclinata
639 3289 800 3345 facile
849 3305 982 3345 cum
1013 3290 1259 3346 voluerit
1299 3304 1356 3345 se
1385 3298 1708 3346 erecturam
1759 3291 2027 3360 pollicens

332 3376 624 3432 emendari
656 3379 1052 3448 procrastinat,
1088 3393 1199 3432 non
1232 3378 1416 3432 solum
1449 3393 1563 3432 non
1595 3379 2024 3434 assentiendum

331 3473 434 3532 est,
467 3466 563 3521 sed
620 3467 794 3522 etiam
824 3465 1030 3536 spretis
1069 3466 1327 3521 omnium
1373 3466 1536 3534 odiis,
1579 3474 1750 3522 tanta:
1799 3467 2024 3524 frenum

333 3552 482 3608 illico
503 3553 862 3610 cohibitionis
885 3554 1014 3624 ejus
1055 3553 1276 3608 libidini
1329 3552 1776 3622 imprimendum
1829 3562 1892 3610 ut
1941 3563 2023 3610 to-

335 3642 448 3698 tius
485 3642 736 3712 corporis
757 3642 1098 3712 obsequium
1133 3642 1378 3711 impuris
1419 3643 1598 3713 ipsius
1629 3643 2028 3700 voiuntatibus

332 3730 673 3786 omnimodis
703 3731 903 3786 debeat
934 3730 1230 3802 denegari.

403 3819 683 3875 Cuienim
716 3819 824 3874 nisi
862 3819 1158 3888 desperato
1189 3833 1344 3890 aegro
1383 3819 1546 3876 cibus
1575 3820 1806 3889 noxius,
1837 3834 2025 3891 quan-

335 3907 598 3963 tumlibet
627 3907 794 3962 avide
821 3921 954 3962 eum
981 3907 1258 3970 comedat.
1295 3916 1348 3963 et
1379 3909 1487 3963 nisi
1541 3909 1612 3964 ab
1647 3909 2029 3965 insanissimis

334 3997 542 4051 detur?
594 3994 710 4050 Dici
763 3995 902 4051 solet
957 3996 1166 4065 sapius
1221 3997 1292 4052 ab
1349 3998 1628 4068 aegrotis:
1689 3998 2023 4066 Permittite,

335 4083 518 4150 aiunt,
567 4083 730 4138 nobis
780 4083 935 4153 quod
983 4083 1253 4140 volumus
1313 4086 1681 4152 manducare,
1739 4086 2026 4156 quidquid

333 4171 659 4227 voluntarie
714 4172 1002 4229 sumimus
1054 4174 1227 4229 saluti
1283 4174 1554 4244 proficiet.
1606 4175 1828 4230 Dicitur
1870 4182 1923 4230 et
1954 4176 2026 4231 ab

2134 3025 2503 3097 acquirendae
2540 3030 2843 3093 exaestuat,
2875 3031 2930 3078 et
2960 3031 3024 3078 ut
3048 3023 3174 3093 ejus
3206 3023 3285 3078 rei
3322 3030 3534 3078 natura
3576 3030 3680 3090 est,
3712 3037 3836 3093 quo

2134 3115 2402 3186 pluribus
2472 3113 2821 3176 insinuatur,
2893 3111 3276 3182 plurimorum
3321 3111 3834 3181 Econcupiscentia:

2136 3203 2336 3269 inhiat,
2369 3202 2527 3269 dum,
2557 3199 2835 3271 {inquam,
2875 3201 2932 3255 in
2984 3200 3177 3270 aliquo
3232 3200 3410 3270 optati
3439 3214 3670 3269 compos
3698 3199 3834 3255 effi-

2132 3291 2302 3360 citur,
2338 3291 2490 3346 illius
2509 3290 2613 3345 'cui
2642 3291 2929 3346 inhaeserit
2962 3289 3340 3346 viscosissimo
3374 3297 3640 3359 raptatur
3667 3303 3827 3344 amo-

2135 3394 2212 3444 re,
2237 3380 2428 3446 etiam,
2453 3379 2608 3446 velit,
2651 3378 2817 3446 nolit,
2839 3379 3027 3435 victus
3073 3379 3369 3434 desideriis
3424 3385 3578 3433 amat
3608 3391 3827 3433 amare.

2135 3467 2280 3523 Sane
2309 3468 2356 3522 si
2387 3483 2500 3522 non
2539 3468 2834 3523 inhoneste
2865 3468 3217 3538 vagabunda
3263 3467 3610 3522 conscientia
3666 3467 3828 3536 vulgi

2135 3556 2528 3612 inordinatum
2568 3563 3033 3626 prosequeretur,
3071 3570 3184 3611 non
3215 3555 3337 3611 sine
3366 3555 3517 3624 turpi
3549 3556 3831 3623 superbizr

2135 3659 2359 3715 genere,
2395 3643 2682 3712 affectum,
2726 3659 3032 3715 nunquam
3055 3645 3126 3699 ad
3159 3644 3314 3699 hunc
3352 3644 3562 3698 amoris
3595 3644 3833 3698 tenacis-

2134 3732 2347 3787 simum
2415 3733 2741 3800 compedem
2778 3739 3094 3802 prorueret,
3124 3745 3224 3801 per
3276 3745 3450 3800 quem
3505 3731 3834 3786 detrahitur

2135 3821 2206 3874 ad
2234 3819 2404 3875 totius
2444 3819 2665 3891 flagitii,
2715 3821 2886 3876 etiam
2917 3821 3070 3890 quod
3128 3828 3211 3876 est
3261 3820 3515 3876 deterius
3559 3819 3828 3886 scienter,

2133 3907 2418 3963 effectum.
2454 3908 2712 3964 Vestium
2744 3909 2937 3978 itaque
2969 3909 3284 3978 vultusque
3310 3908 3488 3963 nimia
3519 3905 3828 3972 affectatio,

2134 4009 2264 4050 cum
2298 3995 2444 4051 sicut
2474 3994 2671 4051 fumus
2697 3995 2909 4066 ignem,
2956 4005 3010 4052 et
3053 4004 3260 4052 ventus
3304 3996 3580 4066 pluviam,
3629 3995 3832 4051 libidi-

2135 4083 2254 4137 nosi
2286 4084 2528 4152 pectoris
2575 4084 2741 4154 signa
2793 4085 3093 4154 portenda,
3151 4093 3206 4140 et
3258 4085 3330 4140 ab
3387 4084 3657 4140 exteriori
3717 4085 3833 4154 pel-

2136 4170 2301 4226 lenda
2329 4179 2413 4226 est
2443 4186 2576 4239 usu,
2620 4180 2675 4227 et
2717 4171 2896 4227 multo
2929 4172 3113 4242 magis
3145 4173 3218 4228 ab
3255 4172 3453 4238 animi,
3504 4180 3696 4241 utpote
3744 4173 3826 4228 fo-

333 4261 686 4329 amantibus,
719 4261 1098 4318 saluberrime
1146 4277 1180 4317 a
1225 4263 1390 4318 nobis
1448 4263 1665 4332 agitur,
1717 4263 1760 4317 si
1821 4263 2022 4318 saltem
2064 4270 2108 4323 1)
2139 4274 2256 4314 mes
2285 4259 2587 4327 scelerum,
2616 4259 2980 4315 excludenda
3009 4260 3192 4316 aditu.

333 4347 574 4416 simplici
605 4347 1088 4417 confabulatione,
1124 4357 1179 4404 et
1204 4349 1472 4404 exteriori
1503 4349 1804 4418 consortio,
1840 4359 2026 4406 mente

335 4435 393 4490 in
426 4449 530 4491 suo
561 4442 713 4492 statu
754 4436 1022 4504 durante,
1075 4451 1251 4507 quam
1303 4451 1480 4507 grave
1529 4451 1906 4494 onerosumve
1956 4439 2026 4495 sit

333 4524 496 4593 vagis
526 4523 742 4580 servire
779 4525 1074 4580 amoribus
1105 4525 1472 4594 experiamur
1503 4540 1516 4578 :
1569 4533 1624 4580 et
1665 4525 1804 4581 dum
1850 4541 2025 4596 quam

335 4611 511 4666 noxia
567 4626 656 4667 res
708 4613 915 4668 existat
980 4613 1468 4682 perpenderimus,
1501 4627 1566 4668 eo
1613 4615 2027 4670 exsecrabilius

335 4715 450 4769 quo
481 4701 776 4770 expertius
810 4707 960 4756 320
1002 4709 1449 4757 contemnemus.
1506 4701 1665 4768 Quod
1709 4717 1844 4758 cum
1903 4703 2027 4772 ple-

335 4803 584 4858 rumque
632 4789 833 4858 aliqui,
876 4789 994 4858 jam
1043 4788 1198 4858 quod
1236 4797 1503 4844 amarant
1541 4789 1912 4857 fastidientes,
1954 4791 2027 4846 fa-

334 4890 459 4932 cere
486 4876 666 4932 moliti
691 4877 824 4942 sint,
854 4877 991 4931 dum
1018 4876 1186 4945 quasi
1226 4890 1296 4931 ex
1322 4892 1602 4932 consensu
1634 4878 1742 4933 sub
1773 4878 2022 4948 quadam

337 4979 472 5034 pace
502 4979 560 5020 se
590 4967 834 5034 cupiunt
861 4965 1138 5033 separari,
1164 4967 1452 5022 consuetis
1476 4966 1775 5032 illecebris,
1809 4967 2025 5036 quibus

326 5054 448 5123 jam
487 5053 742 5108 caruisse
788 5060 1084 5109 austerum
1117 5061 1220 5121 est,
1273 5062 1374 5110 aut
1401 5055 1570 5110 etiam
1606 5068 1860 5125 persona:
1890 5054 2027 5109 mol-

333 5141 510 5197 litivis
541 5142 904 5197 sermonibus
944 5141 1027 5197 sic
1080 5149 1380 5198 arctantur
1411 5151 1474 5198 ut
1523 5143 1580 5198 in
1625 5141 1813 5198 omnis
1843 5142 2023 5212 pcrdi-

335 5230 521 5297 tionis,
593 5231 879 5287 obdurata
945 5239 1150 5298 mente,
1211 5231 1594 5287 devolvantur
1649 5231 1902 5300 abyssos,
1970 5239 2024 5286 et

332 5319 554 5388 absque
599 5319 935 5386 reverentia,
1000 5327 1054 5375 et
1099 5321 1460 5376 cunctatione
1515 5319 1878 5389 impudenter
1939 5335 2025 5376 ar-

334 5407 523 5472 deant,
558 5408 712 5476 quod
739 5407 916 5463 veluti
952 5407 1210 5479 religiose
1265 5409 1594 5478 sensimque
1635 5409 1906 5465 adamare
1959 5423 2026 5464 ac

331 5494 376 5547 si
433 5494 765 5550 innocenter
796 5505 1105 5566 ceperant,
1165 5497 1260 5553 sed
1293 5497 1634 5568 quicunque
1672 5511 2026 5569 quocunque

2203 4348 2326 4403 Non
2367 4349 2436 4403 de
2467 4363 2664 4404 eorum
2694 4348 2795 4418 qui
2846 4348 2983 4403 foris
3029 4357 3184 4416 sunt,
3237 4349 3288 4404 id
3323 4355 3406 4404 est
3455 4349 3824 4405 saecularium

2133 4436 2390 4504 lascivia,
2450 4437 2570 4492 haec
2611 4444 2946 4504 tractamus,
2982 4451 3116 4492 nam
3173 4452 3278 4494 nec
3342 4438 3505 4493 nobis
3556 4437 3822 4507 pertinet,

2131 4527 2226 4581 sed
2256 4525 2335 4579 eis
2365 4526 2584 4582 consilii
2614 4526 2911 4596 quidpiam
2969 4527 3344 4597 propinamus
3385 4540 3634 4597 quorum
3690 4527 3825 4580 vitae

2132 4614 2485 4684 propositum
2522 4615 2593 4669 ab
2625 4615 2946 4670 extrinseca
2999 4615 3382 4670 sollicitudine
3430 4613 3630 4669 mundi
3675 4613 3820 4668 silet.

2135 4704 2252 4758 Hoc
2285 4703 2451 4773 plane
2496 4702 2699 4758 vitium
2746 4703 2970 4773 proprie
2996 4717 3176 4774 vagos
3225 4711 3278 4759 et
3339 4702 3647 4766 instabiles,
3705 4716 3824 4756 non

2133 4798 2247 4846 tam
2309 4791 2478 4846 corde
2530 4804 2706 4860 quam
2760 4797 2814 4846 et
2859 4804 3097 4859 corpore
3156 4791 3246 4846 sui
3318 4791 3564 4845 cultores
3624 4789 3820 4858 efficit,

2126 4879 2298 4948 juxta
2331 4879 2687 4935 Salomonem
2737 4879 2806 4934 de
2850 4879 3086 4934 muliere
3133 4879 3372 4948 garrula
3428 4881 3506 4933 ait
3548 4886 3602 4933 et
3650 4891 3821 4948 vaga.

2132 4968 2344 5036 quietis
2396 4968 2699 5036 impatiens
2752 4969 2940 5034 (Prov.
2975 4983 3072 5034 vn,
3112 4967 3221 5038 tl),
3249 4975 3356 5023 etc.
3408 4966 3683 5038 Alioquin
3734 4981 3825 5021 res

2131 5055 2241 5110 sibi
2270 5055 2574 5111 contrariae
2615 5063 2822 5123 essent,
2879 5055 3191 5126 pulchrum
3223 5069 3282 5112 se
3324 5055 3528 5122 facere,
3587 5062 3641 5110 et
3701 5055 3822 5124 pul-

2131 5144 2267 5199 chre
2294 5145 2510 5211 ornari,
2556 5152 2610 5200 et
2639 5145 2711 5200 ab
2751 5144 2839 5200 his
2889 5145 3107 5214 quibus
3142 5145 3383 5214 placeat,
3418 5143 3566 5200 nolle
3615 5143 3817 5198 videri.

2133 5233 2277 5288 Hinc
2305 5231 2607 5302 prosiliunt
2651 5232 2942 5288 fmdissimi
2991 5233 3066 5287 illi
3094 5232 3398 5288 exterioris
3439 5232 3684 5287 hominis
3729 5231 3823 5287 ha-

2130 5320 2304 5388 bitus,
2366 5321 2593 5390 ineptus
2667 5321 3106 5390 superciliorum
3166 5321 3342 5392 rigor,
3397 5328 3618 5376 rotatus
3677 5321 3823 5376 inde-

2130 5424 2284 5476 cens,
2331 5417 2385 5464 et
2419 5423 2632 5478 procax
2682 5410 2999 5470 oculorum.
3045 5410 3361 5480 improbus,
3403 5409 3514 5464 imo
3565 5410 3819 5464 meretri-

2131 5497 2260 5554 cius
2291 5497 2683 5554 membrorum
2715 5505 2930 5569 gestus,
2966 5499 3118 5555 risus
3160 5499 3475 5562 indecores,
3506 5504 3564 5553 et
3599 5498 3672 5553 ad
3710 5512 3821 5554 om-
