3928 6070
164 163 280 214 597

161 303 305 345 nem
393 287 690 342 materiam
763 287 1028 356 prompti,

164 391 480 448 gressuum
520 377 730 445 jactus,
787 375 964 431 verba
1020 375 1255 444 quidem
1310 377 1496 446 primo
1545 376 1781 442 lasciva,
1816 384 1872 432 et

163 465 363 533 ipsum
395 463 498 532 qui
538 463 690 518 intro
737 462 912 518 fervet
947 477 1203 519 amorem
1236 464 1569 530 redolentia,
1618 473 1872 534 postmo-

165 552 314 607 dum
345 552 610 622 abruptae
635 551 754 621 jam
788 551 1166 619 turpitudinis
1215 552 1628 620 impudentiam
1680 552 1867 621 palam

161 640 483 696 ructantia.
544 640 649 696 Sed
700 641 843 694 tanti
895 640 1012 708 typi
1055 639 1222 706 elata,
1266 648 1321 695 et
1379 639 1872 709 impatientissime

163 735 334 784 tensa
350 728 630 798 rigiditas,
667 735 781 783 tam
813 729 1206 783 exsecrandus
1236 729 1430 798 gaudii
1467 729 1644 800 hujus
1679 739 1871 786 tumor

165 824 404 885 repente
431 817 672 886 deperit,
705 803 758 870 et
794 816 986 871 subito
1031 817 1169 871 dum
1204 817 1542 887 triumphat,
1601 818 1869 874 allectum

166 913 505 960 maerentem
532 912 587 960 et
642 904 981 973 languidum
1029 905 1314 960 redditum
1351 906 1512 961 dolor
1556 906 1870 962 intoleran—

163 993 282 1048 dus
305 992 602 1048 eviscerat.
636 993 789 1047 Inter
816 1006 923 1047 sua
971 993 1123 1048 enim
1158 1007 1428 1062 prospera
1477 995 1616 1048 dum
1651 1009 1684 1048 a
1731 995 1863 1064 qui-

164 1081 420 1137 buslibet
448 1081 702 1151 personis
732 1095 842 1135 non
868 1080 1032 1136 modo
1063 1079 1342 1148 affectari,
1376 1083 1472 1136 sed
1503 1082 1616 1137 alto
1659 1097 1866 1151 super-

165 1168 304 1224 cilio
350 1183 408 1223 se
459 1169 744 1238 postponi,
789 1167 900 1224 imo
945 1183 1048 1223 nec
1104 1169 1308 1238 respici
1353 1170 1570 1236 vident,
1631 1170 1703 1225 ab
1732 1170 1865 1235 illls,

167 1257 436 1326 inquam,
477 1257 756 1327 personis,
804 1270 1053 1326 quarum
1106 1258 1522 1312 exanimantur
1547 1258 1865 1321 amoribus,

166 1346 217 1400 si
267 1347 440 1400 totius
491 1346 690 1400 mundi
741 1345 936 1400 formae
992 1345 1430 1415 voluptatesque
1477 1353 1863 1414 suppeterent,

171 1434 352 1489 nullm
402 1442 610 1503 praeter
648 1448 795 1503 quas
847 1433 1111 1488 ambiunt
1142 1433 1222 1488 eis
1256 1433 1602 1501 sufficerent,
1635 1441 1689 1489 et
1737 1448 1867 1503 quae

164 1522 383 1578 adsunt
439 1522 722 1589 libidines,
783 1537 897 1576 non
944 1528 1080 1576 sunt
1127 1522 1399 1587 remedia,
1433 1523 1572 1577 dum
1617 1522 1864 1578 aliarum

168 1611 430 1666 nondum
460 1611 565 1666 sibi
598 1610 950 1681 subiugatur
979 1610 1270 1680 superbia.

240 1699 413 1769 Apud
442 1707 659 1754 veteres
682 1700 940 1754 ethnicos
969 1698 1206 1767 Cupido,
1244 1699 1480 1754 Veneris
1508 1713 1578 1754 ex
1609 1699 1868 1754 Vulcano

167 1788 346 1854 ﬁlius,
398 1789 607 1854 alatus,
660 1788 838 1844 facem
893 1788 1280 1858 sagittamque
1336 1795 1535 1843 tenens
1613 1788 1870 1858 quolibet

164 1877 538 1948 pingebatur.
589 1876 750 1943 Quod
799 1891 914 1932 non
975 1876 1097 1931 sine
1163 1879 1432 1946 mysterio
1490 1877 1626 1932 huic
1681 1891 1868 1946 opera;

165 1979 429 2035 congruo
463 1965 696 2021 minime
721 1965 1017 2034 agebatur.
1043 1967 1185 2020 Cum
1214 1964 1366 2020 enim
1389 1978 1459 2019 ex
1481 1965 1747 2020 adamata
1778 1979 1868 2021 ve-

166 2061 342 2108 nusta
391 2053 578 2122 specie
620 2052 825 2107 caloris
866 2052 1022 2108 illius
1069 2052 1320 2118 ﬂamma,
1354 2067 1484 2122 quae
1516 2067 1618 2122 per
1647 2053 1865 2109 Vulca-

167 2156 314 2196 num
351 2141 503 2212 ignis
565 2142 735 2196 deum
771 2148 1026 2207 notatur,
1063 2141 1382 2198 famulante
1417 2150 1723 2211 generetur
1756 2157 1867 2197 cu—

167 2230 323 2299 pido,
375 2229 428 2283 id
485 2237 570 2284 est
626 2229 884 2285 libidinis
941 2238 1135 2296 aestus,
1203 2231 1352 2285 idem
1399 2231 1620 2301 Cupido
1681 2231 1866 2300 primo

167 2317 361 2371 alatus
388 2325 487 2385 est,
531 2317 672 2387 quia
710 2332 880 2387 quem
941 2317 1152 2387 abripit
1198 2318 1498 2386 infelicem,
1543 2319 1597 2374 in
1643 2327 1860 2375 tantam

167 2405 344 2460 libido
373 2405 585 2460 excitat
636 2405 945 2471 levitatem,
998 2413 1061 2460 ut
1113 2406 1274 2460 nulla
1323 2407 1638 2477 hypocrisis
1685 2408 1864 2464 animi

167 2495 238 2548 de
267 2495 354 2549 sui
388 2503 669 2563 proventu
695 2494 906 2548 amoris
937 2494 1311 2564 comprimere
1340 2495 1526 2550 valeat
1556 2495 1863 2552 exsultan-

169 2591 304 2637 tem.
341 2582 552 2652 Unipes
581 2583 755 2638 etiam
808 2583 1172 2654 pingebatur,
1205 2598 1324 2652 quo
1364 2583 1562 2640 talium
1595 2597 1862 2640 amorum

168 2671 511 2726 instabilitas
557 2671 917 2740 signabatur.
973 2671 1169 2726 Caecus
1201 2686 1456 2742 quoque,
1503 2673 1642 2742 quia
1696 2673 1754 2727 in
1795 2673 1864 2728 iis

166 2759 310 2815 nihil
341 2759 701 2827 providentia
732 2766 1023 2828 operatur.
1077 2759 1336 2828 Denique
1388 2767 1443 2815 et
1497 2774 1659 2829 puer,
1723 2762 1863 2830 quia

168 2848 320 2902 facta
365 2855 421 2902 et
473 2846 626 2902 dicta
689 2845 1024 2916 hujusmodi
1083 2845 1246 2901 nulla
1301 2847 1523 2902 ratione
1587 2855 1860 2918 aguntur.

167 2936 371 2990 Facem
400 2935 785 3004 sagittamque
843 2941 1010 3000 tenet,
1047 2934 1188 3004 quia
1231 2949 1352 3004 cor,
1383 2936 1538 3006 quod
1579 2943 1857 3005 penetrat,

166 3019 573 3076 miserabiliter
626 3021 897 3088 incendit,
956 3022 1169 3091 pariter
1196 3029 1252 3077 et
1281 3022 1570 3078 vulnerat.
1627 3023 1858 3092 Legun-

171 3118 266 3166 tur
311 3116 542 3166 auctore
583 3109 784 3165 Ovidio
835 3111 950 3165 duo
989 3111 1116 3180 ejus
1157 3110 1486 3181 jaculorum
1514 3125 1742 3181 genera,
1777 3112 1858 3168 al-

167 3204 356 3253 terum
387 3198 538 3267 quod
594 3212 788 3253 amare
837 3206 1034 3269 cogat;
1085 3199 1332 3254 alterum
1364 3199 1534 3269 cujus
1566 3199 1681 3255 ictu
1712 3205 1849 3254 31H

165 3300 330 3341 amor
375 3286 598 3356 frigeat.
648 3287 734 3341 Ad
783 3287 901 3342 haec
947 3287 1128 3357 igitur
1169 3287 1393 3342 funesta
1441 3288 1687 3343 vulnera
1740 3303 1858 3344 me-

163 3373 404 3430 dullitus
447 3374 724 3429 alterutro
772 3388 1110 3444 percussum
1162 3374 1268 3429 telo
1327 3374 1478 3430 dolet
1524 3383 1742 3445 pectus,
1805 3384 1860 3433 et

163 3462 305 3518 dum
344 3462 557 3518 mederi
587 3463 696 3518 sibi
730 3463 1007 3518 mutando
1041 3477 1262 3518 amores
1293 3463 1520 3531 nititur,
1552 3463 1770 3520 vulnus
1801 3465 1858 3519 in

161 3550 416 3606 deterius
491 3558 918 3622 augmentatur.
991 3550 1230 3609 Mutatio
1296 3552 1450 3607 enim
1525 3560 1859 3623 exaggerat,

161 3639 492 3694 omnimoda
522 3639 766 3695 desertio
786 3647 970 3695 sanat.

234 3727 334 3783 Illo
366 3742 504 3784 sane
530 3728 724 3798 jaculo
754 3727 908 3783 feriri
955 3727 1081 3783 illas
1114 3727 1317 3784 vellem
1348 3741 1480 3798 qua
1511 3728 1862 3785 adamantur

162 3830 452 3886 personas,
506 3815 661 3886 quod
717 3830 970 3872 amorem
1046 3816 1249 3887 fugare
1292 3816 1538 3884 dicitur,
1596 3825 1661 3874 ut
1726 3832 1857 3874 cum

1394 157 1805 214 OPUSCULUM
1847 159 1936 213 DE
1973 159 2447 216 VIRGINITATE.

1106 287 1371 356 stupidus
1423 288 1481 342 in
1553 288 1864 344 incedendo
1899 289 2125 357 Aquod
2179 289 2390 358 saepius
2442 289 2800 359 frequentari
2846 290 3032 358 video,
3082 299 3428 361 opponatur.
3499 295 3672 364 Apud

3570 167 3673 220 598

1981 376 2274 433 diabolum
2311 377 2413 447 qui
2443 377 2564 432 suis
2592 378 2736 433 calet
2764 385 2820 434 et
2849 378 3030 448 '_callet
3059 380 3299 448 artibus,
3333 397 3438 438 nec
3485 397 3671 438 anno—

1980 466 2153 533 sitati,
2188 480 2291 521 nec
2321 467 2540 522 decoris
2570 474 2672 522 aut
2701 467 2984 522 indecoris
3018 481 3249 537 parcere
3290 479 3490 541 curat;
3527 471 3670 526 nihil

1981 561 2169 610 tutum
2200 555 2450 624 reperire
2478 569 2731 624 possum.

2651 643 2880 699 CAPUT
2918 644 3018 699 XI.

2050 728 2160 795 Qui
2188 735 2482 785 austeram
2509 729 2692 786 vitam
2719 734 2853 784 sunt
2878 732 3148 803 professi,
3164 733 3440 804 quomodo
3469 733 3532 788 in
3550 751 3672 789 car-

1977 817 2071 872 ni:
2092 818 2295 873 vitium
2321 817 2532 873 misere
2563 819 2858 875 labuntur.
2885 849 2954 860 —
2981 820 3088 876 Sed
3117 821 3299 890 quaeri
3333 822 3549 877 interea
3575 838 3671 878 so-

1981 907 2073 974 let,
2106 915 2160 962 et
2195 921 2295 976 pro
2326 907 2576 962 maximo
2609 907 2754 963 miro
2787 909 3037 964 habetur
3068 910 3222 978 apud
3257 909 3501 980 aliquos,
3536 925 3668 966 cum

1977 996 2286 1066 cujuslibet
2312 1010 2488 1051 sexus
2511 1010 2755 1064 persona
2803 997 3217 1053 continentiam
3249 998 3669 1067 virginitatem-

1978 1098 2046 1138 ve
2074 1084 2322 1153 professa
2351 1084 2408 1137 in
2441 1084 2646 1138 vitium
2692 1084 2827 1152 ruit,
2880 1085 2948 1140 de
2995 1085 3103 1140 illis
3151 1086 3486 1155 praesertim,
3521 1101 3671 1156 quo—

1978 1185 2111 1226 rum
2151 1171 2290 1226 adeo
2345 1171 2530 1226 ardua
2587 1179 2671 1226 est
2723 1173 3081 1229 abstinentiae
3149 1173 3430 1230 institutio
3485 1182 3548 1230 ut
3597 1175 3669 1231 ab

1977 1259 2133 1314 omni
2167 1259 2319 1328 quod
2345 1260 2617 1329 coquitur
2663 1268 2871 1330 praeter
2910 1275 3114 1330 panem
3154 1277 3212 1317 se
3265 1271 3517 1329 arceant,
3563 1265 3670 1319 tri-

1979 1347 2088 1402 bus
2118 1346 2175 1400 in
2209 1347 2566 1402 hebdomada
2594 1348 2796 1403 diebus
2829 1349 2908 1404 nil
2939 1349 3257 1415 comedant,
3304 1350 3465 1420 gravi
3494 1351 3666 1405 mira-

1978 1436 2106 1491 culo
2161 1435 2302 1491 solet
2361 1450 2482 1491 esse
2532 1437 3032 1506 dcsperationique
3089 1437 3303 1494 multis.
3361 1439 3432 1493 Et
3486 1439 3554 1494 de
3585 1439 3671 1494 his

1977 1523 2112 1579 sileo
2168 1539 2314 1594 quos
2372 1525 2772 1590 adolescentia,
2805 1526 2851 1580 si
2895 1525 3185 1593 labantur,
3219 1534 3489 1592 excusat;
3546 1526 3670 1581 illos

1977 1611 2285 1668 adhibeam
2349 1614 2451 1682 qui
2505 1613 2833 1683 juventutis
2891 1613 3212 1669 infortunia
3256 1615 3666 1685 praetergressi,

1977 1715 2109 1755 cum
2133 1701 2438 1756 maturitas
2465 1701 2574 1757 aevi
2595 1702 2932 1757 exhausisse
2959 1710 3233 1768 tumores,
3278 1702 3670 1772 humoresque

1975 1787 2310 1857 passionum
2343 1787 2640 1855 debuerat,
2691 1789 3018 1857 praeposteri
3061 1789 3194 1843 facti
3245 1789 3535 1858 spurcitiae
3572 1789 3667 1859 ju-

1974 1875 2288 1946 venilijam
2318 1885 2534 1931 veteres
2577 1877 3038 1947 immerguntur;
3086 1877 3182 1932 sed
3214 1876 3261 1932 si
3315 1891 3521 1932 causas
3570 1886 3658 1932 ta-

1973 1964 2114 2020 lium
2140 1964 2469 2028 ruinarum,
2530 1978 2679 2034 quas
2726 1979 2841 2020 non
2895 1964 3244 2034 repentinas,
3292 1965 3390 2020 sed
3436 1972 3662 2020 antece-

1971 2052 2125 2107 denti
2175 2053 2276 2107 diu
2305 2053 2547 2107 materia
2600 2059 2923 2108 contractas
2982 2052 3250 2117 arbitror,
3311 2053 3663 2122 perpendere

1970 2148 2025 2196 et
2051 2141 2386 2196 examinare
2429 2148 2682 2207 noscent,
2713 2141 2904 2197 dolere
2956 2155 3158 2196 eorum
3205 2141 3487 2211 lapsibus,
3549 2156 3663 2196 non

1972 2229 2171 2284 mirari
2227 2237 2474 2298 possent.
2541 2229 2740 2285 Subita
2808 2230 2948 2284 adeo
3019 2229 3272 2299 aliquem
3334 2229 3664 2285 incursione

1969 2317 2171 2372 cadere
2252 2330 2414 2386 posse
2466 2316 2612 2371 sicut
2672 2330 2777 2372 nec
2821 2315 3072 2384 experiri
3131 2330 3220 2370 me
3267 2316 3528 2386 contigit,
3562 2332 3667 2372 nec

1972 2405 2174 2475 legisse
2223 2404 2463 2460 delinire
2509 2419 2597 2460 me
2642 2404 2926 2471 recordor,
2975 2405 3162 2459 dicere
3191 2404 3428 2460 minime
3459 2405 3660 2460 audeo.

1971 2493 2170 2559 Casus,
2199 2493 2302 2562 qui
2354 2501 2639 2548 vocantur
2680 2493 2880 2560 subiti,
2924 2500 3026 2547 aut
3058 2492 3250 2547 inolita
3297 2492 3534 2559 desidia,
3565 2499 3666 2548 aut

1968 2581 2142 2636 veteri
2176 2581 2415 2636 interius
2459 2581 2806 2636 coalescente
2836 2581 3105 2649 superbia
3146 2579 3268 2635 ﬁeri
3316 2580 3458 2635 mihi
3489 2581 3666 2636 solere

1968 2669 2260 2725 videntur.
2300 2671 2449 2724 Dum
2504 2670 2657 2724 enim
2711 2683 2871 2725 mens
2914 2683 2948 2723 a
2991 2683 3096 2724 suo
3143 2669 3333 2738 rigore
3386 2668 3664 2737 paulatim

1969 2757 2153 2813 laxari
2185 2771 2283 2827 per
2323 2757 2566 2812 minima
2619 2772 2870 2827 quaeque
2922 2757 3173 2827 coeperit,
3208 2764 3264 2812 et
3315 2757 3374 2811 in
3414 2764 3665 2826 teporem

1900 2880 1939 2934 Ο
1970 2845 2280 2914 pessimum
2336 2846 2396 2900 in
2443 2845 2563 2902 dies
2615 2845 2925 2901 deficiendo
2981 2845 3275 2934 deciderit,
3325 2845 3666 2901 succedente

1967 2935 2297 2991 tentationis
2319 2935 2395 3002 vi,
2429 2950 2560 3005 quae
2609 2949 2935 3004 nunquam,
2970 2933 3195 2990 diabolo
3228 2935 3281 2989 id
3310 2941 3662 3003 aucupante,

1968 3023 2143 3078 menti
2189 3025 2436 3078 remissae
2471 3024 2642 3083 deest.
2686 3037 2820 3078 mox
2867 3021 3077 3094 agitari
3107 3023 3176 3077 ad
3209 3022 3490 3093 nequiora
3529 3036 3663 3077 con-

1968 3113 2174 3166 suevit.
2227 3111 2364 3165 Inde
2414 3125 2527 3165 non
2561 3112 2681 3182 jam
2723 3111 3042 3181 insperatae,
3097 3110 3191 3166 sed
3223 3111 3371 3166 male
3422 3117 3664 3165 assuetae

1968 3199 2329 3268 cogitationis
2377 3199 2739 3270 indulgentia
2797 3199 2855 3254 in
2901 3214 3042 3269 opus
3103 3214 3176 3255 ex
3229 3212 3398 3269 poena
3449 3197 3660 3268 peccati

1969 3287 2244 3347 curritur,
2295 3294 2348 3342 et
2376 3287 2531 3356 quod
2571 3288 2814 3357 turpiter
2859 3295 3196 3356 conceptum
3245 3287 3522 3352 humano,
3554 3285 3662 3341 sub

1967 3375 2254 3446 hypocrisi
2323 3375 2786 3431 abscondebatur
2816 3375 3090 3445 aspectui,
3137 3376 3246 3430 Deo
3289 3375 3444 3445 juste
3511 3373 3663 3430 ulci-

1969 3471 2160 3519 scente
2205 3463 2563 3532 producitur.
2605 3463 2754 3519 Solet
2794 3464 2964 3518 etiam
3012 3470 3258 3518 remotos
3305 3476 3338 3517 a
3397 3462 3659 3518 saeculari

1969 3551 2393 3608 cohabitatione
2443 3551 2722 3621 plurimos
2776 3551 3163 3607 confabulatio
3207 3551 3660 3615 mundanorum,

1967 3649 2021 3696 et
2053 3641 2152 3710 qui
2177 3648 2404 3695 terrena
2433 3647 2488 3695 et
2530 3641 2762 3709 sapiunt
2793 3647 2847 3695 et
2896 3646 3154 3710 querunt
3204 3639 3274 3693 ad
3334 3645 3659 3694 extremum

1969 3729 2144 3784 totius
2171 3728 2470 3784 dementia:
2500 3729 2910 3798 voraginisque
2940 3727 3242 3783 deducere.

2041 3816 2319 3872 Cas-litati
2363 3815 2676 3888 invigilam
2707 3816 3121 3887 circumspecte
3140 3813 3449 3869 admodum
3477 3830 3540 3868 se
3563 3830 3661 3884 ge-

162 3912 448 3960 amatores
491 3904 649 3974 rejici
694 3919 752 3960 se
798 3904 1078 3971 viderent,
1131 3905 1332 3960 saltem
1366 3906 1584 3974 pudore
1612 3906 1858 3976 poenite-
1963 3920 2098 3961 rere
2125 3906 2304 3960 debet.
2339 3935 2407 3944 —-
2436 3905 2767 3975 Haecigitur
2802 3912 2856 3960 et
2887 3904 3100 3960 talibus
3137 3902 3366 3968 similia,
3409 3915 3659 3972 quorum

162 4000 310 4049 rent.
369 3993 648 4062 Apollinis
683 3993 825 4049 illud
857 3992 1291 4048 acerbissimum
1319 3994 1598 4049 damnum
1631 3993 1856 4062 vellem,

164 4089 230 4137 ut
273 4081 482 4151 cupido
531 4082 590 4135 in
623 4082 728 4136 hos
771 4089 1014 4136 verteret
1049 4081 1261 4136 scilicet
1306 4081 1461 4151 quod
1499 4095 1633 4137 cum
1693 4081 1859 4137 heros

1966 3994 2233 4049 vecordia
2289 3993 2561 4064 gravitati
2608 4007 2723 4048 non
2773 3992 3098 4058 concordat,
3158 3991 3239 4046 sic
3294 3990 3663 4046 attendamur

1967 4081 2182 4137 dixisse
2212 4089 2276 4137 ut
2314 4096 2386 4137 ex
2433 4081 2572 4151 ipsis
2608 4080 2910 4136 contrariis
2945 4094 3076 4150 quae
3105 4093 3360 4148 congrue
3404 4077 3663 4134 salubri-

162 4169 436 4239 praefatus
466 4170 534 4224 de
575 4169 844 4224 draconis
883 4169 1041 4224 illius
1087 4169 1270 4224 divini
1302 4168 1542 4224 victoria
1576 4168 1856 4239 juvenili-
1897 4176 1939 4228 D
1974 4177 2174 4239 terque
2205 4170 2430 4241 agenda
2459 4170 2574 4224 sint
2605 4169 2910 4224 videamur
2962 4167 3347 4237 prudentibus
3380 4166 3658 4231 innuisse,

165 4265 251 4314 ter
304 4259 642 4327 superbiret,
693 4271 797 4312 nec
829 4257 1093 4328 jaculum
1124 4256 1413 4327 cupidinis
1451 4258 1572 4328 jam
1616 4258 1859 4323 timeret,

167 4346 432 4416 Daphnes
478 4346 586 4402 sibi
641 4346 818 4402 uuica
887 4345 1152 4414 plumbeo
1212 4345 1342 4412 telo,
1396 4345 1551 4415 quod
1624 4345 1864 4416 fugabat

167 4448 438 4503 amorem,
473 4434 812 4504 percutitur,
870 4442 925 4489 et
953 4433 1026 4489 ab
1081 4435 1203 4503 ipsa
1251 4433 1515 4502 protinus
1563 4434 1864 4490 fmdissime

165 4522 371 4591 Apollo
400 4522 730 4592 despicitur.
755 4522 799 4577 Ο
839 4523 1008 4588 Deus,
1045 4521 1191 4576 male
1223 4521 1554 4577 amantibus
1609 4530 1664 4578 et
1707 4523 1777 4578 de
1804 4535 1864 4577 se

167 4611 672 4680 prtesumentibus,
704 4609 802 4679 qui
837 4611 979 4665 bene
1027 4623 1128 4678 per
1171 4609 1486 4678 superbum
1540 4611 1861 4680 Apollinem

169 4699 518 4768 figurantur,
563 4698 642 4754 ita
689 4697 1008 4766 proveniat,
1076 4697 1217 4752 illud
1279 4696 1566 4767 praecipue
1617 4701 1859 4768 cunctis,

167 4786 270 4856 qui
295 4787 382 4841 sui
415 4787 474 4840 in
507 4787 656 4842 bono
683 4799 884 4842 curam
907 4786 1122 4841 habent
1147 4785 1456 4840 indicimus
1487 4793 1541 4841 et
1564 4800 1864 4843 monemus

168 4883 254 4941 ut,
279 4881 563 4944 quantum
585 4875 800 4930 virtute
820 4873 1204 4943 praaemineat,
1221 4873 1599 4943 quantumvis
1623 4875 1867 4944 impene-

169 4962 374 5020 trabile
429 4977 528 5018 cor
569 4963 776 5018 habeat
814 4969 870 5017 et
925 4969 1151 5017 amator
1186 4969 1241 5017 et
1280 4961 1434 5031 quod
1481 4969 1730 5031 amatur,
1785 4964 1865 5020 ita

169 5060 555 5120 utrorumque
573 5050 936 5106 familiaritas
947 5049 1323 5117 discindatur,
1341 5057 1545 5118 utpote
1569 5064 1600 5118 q
1613 5065 1700 5104 uae
1716 5052 1862 5107 mul-

169 5145 227 5194 to
254 5137 417 5207 pejus
441 5145 711 5205 operatur
742 5152 920 5208 quam
967 5138 1066 5193 illa
1094 5136 1495 5207 frequentatio,
1539 5153 1670 5207 quae
1699 5147 1864 5195 utro-

171 5225 348 5295 bique
393 5239 428 5280 a
472 5225 806 5296 quibusque
851 5225 1156 5282 levissimis
1206 5225 1532 5281 inchoatur.
1566 5227 1689 5282 Non
1721 5227 1863 5283 mihi

173 5312 346 5383 gelidi
372 5311 596 5368 senium
629 5313 904 5382 corporis,
932 5321 988 5368 et
1030 5313 1312 5384 diuturna
1361 5313 1655 5385 religionis
1683 5329 1863 5384 expe—

172 5401 381 5457 rientia
427 5400 755 5472 objiciatur,
815 5415 927 5456 non
1010 5400 1332 5471 .‘Ethiopica
1393 5401 1637 5468 foeditas,
1690 5403 1746 5458 in
1797 5416 1863 5459 eo

1969 4273 2037 4314 ac
2060 4259 2127 4323 si,
2164 4259 2321 4313 verbi
2357 4259 2564 4329 gratia,
2608 4257 2782 4313 alicui
2814 4257 3060 4312 dicerem
3096 4271 3108 4309 :
3145 4255 3341 4311 Perdis
3389 4255 3654 4324 teipsum,

1972 4346 2112 4416 quia
2142 4345 2291 4401 male
2313 4347 2481 4412 vivis,
2506 4353 2559 4401 et
2585 4345 2678 4400 ille
2714 4345 2909 4415 procul
2933 4343 3107 4400 dubio
3138 4343 3214 4398 nil
3248 4343 3402 4398 aliud
3448 4341 3662 4398 intelli—

1973 4442 2150 4505 geret,
2187 4434 2297 4490 nisi
2335 4434 2494 4488 salva
2523 4443 2575 4490 te
2609 4435 2798 4502 ipsum
2834 4433 2976 4489 bene
3008 4432 3275 4488 vivendo.
3310 4431 3442 4486 Haec
3469 4431 3664 4500 itaque

1971 4536 2199 4577 morum
2235 4522 2538 4576 maturitas
2569 4522 2742 4576 totius
2771 4519 3146 4589 temperantia
3191 4525 3274 4573 est
3314 4517 3569 4584 actionis,
3599 4524 3663 4572 ut

1973 4616 2258 4679 quantum
2291 4610 2611 4664 humanum
2660 4615 2761 4674 est,
2823 4608 2902 4662 nil
2929 4608 3124 4662 minus
3167 4613 3266 4661 aut
3293 4605 3538 4660 nimium
3568 4606 3658 4671 sit,

1972 4704 2254 4767 aspectus,
2307 4711 2494 4752 sermo
2545 4697 2939 4752 membrorum
2971 4703 3178 4759 motus,
3236 4693 3452 4764 gradus
3480 4693 3661 4749 ’etiam

1975 4787 2094 4856 ipse
2138 4787 2218 4841 nil
2265 4799 2764 4856 supervacaneum
2804 4785 3120 4854 prmtendat
3159 4783 3431 4839 exterius.
3478 4782 3665 4852 Supra

1971 4875 2165 4930 omnia
2218 4875 2454 4930 interior
2502 4874 2680 4929 animi
2725 4873 2927 4943 regula
2983 4881 3098 4928 tam
3147 4871 3341 4928 subtili
3375 4870 3665 4940 provisine

1971 4963 2198 5020 incedat
2259 4970 2323 5018 ut
2372 4963 2532 5018 nullo
2585 4963 2656 5017 ab
2702 4961 2992 5031 aequitatis
3043 4961 3242 5016 ordine
3298 4959 3666 5030 permittatur

1971 5051 2233 5107 derivare
2263 5059 2506 5121 torpore.
2538 5051 2688 5121 Ergo
2719 5049 2860 5104 nihil
2885 5063 3105 5115 eorum,
3137 5064 3268 5119 qua“:
3288 5062 3420 5104 caro
3441 5047 3664 5104 deside-

1971 5147 2167 5195 ranter
2222 5139 2483 5206 intendit,
2537 5139 2688 5194 intra
2736 5138 2940 5193 mentis
2994 5143 3188 5206 portas
3242 5137 3664 5192 admittendum

1970 5235 2072 5292 est,
2107 5242 2212 5282 nec
2267 5229 2333 5283 ad
2369 5228 2466 5283 illa
2521 5227 2820 5282 oculorum
2871 5225 3292 5294 intorquendus
3321 5233 3405 5280 est
3462 5224 3661 5292 tuitus,

1973 5329 2224 5386 quorum
2275 5316 2428 5372 cordi
2483 5316 2807 5371 Christiano
2855 5321 3075 5369 constat
3121 5312 3442 5382 prohibitus
3489 5327 3662 5383 appe-

1972 5403 2130 5460 titus.
3687 5405 3704 5420 ‘
