3914 6094
275 208 378 261 599

1161 205 1220 257 ν.
1262 202 1595 258 GUIBERTI
1633 201 1926 256 ABBATIS
1963 203 2026 256 S.
2073 201 2311 256 MARle
2354 200 2442 255 DE
2483 198 2876 256 NOVIGENTO

3675 203 3790 256 600

346 339 464 395 Sub
523 338 620 395 tali
674 337 851 408 igitur
901 335 1120 406 gerula,
1171 333 1406 402 optimo,
1454 332 1651 399 fateor,
1703 333 1962 388 omnium
2000 335 2047 388 Α
2076 333 2210 387 dam
2242 331 2369 388 belli
2401 331 2611 401 optime
2627 332 2815 387 exacti
2846 329 3100 400 pramio,
3134 329 3396 400 quietum
3425 337 3480 386 et
3505 329 3786 397 solidum,

278 427 568 499 provisere
598 434 809 481 sancta
843 425 1019 494 hujus
1050 422 1284 478 virtutis
1308 422 1644 492 provehitur
1672 423 1963 489 honestas,

273 525 484 586 etqua
516 529 614 584 per
671 529 729 568 se
777 511 1044 582 progredi
1102 525 1218 581 pra
1251 520 1442 566 tenero
1499 510 1690 566 adhuc
1740 510 1965 576 robore,

277 620 380 660 nec
408 617 505 673 per
535 618 592 657 se
621 601 932 657 subsistere
958 599 1192 664 sufﬁcit,
1225 607 1437 654 sancta
1471 599 1772 669 gravitatis
1802 596 1966 667 quasi

277 691 685 748 circumcincta
734 695 1110 757 sustentaque
1157 687 1406 743 brachiis
1445 687 1742 756 repentino
1783 685 1963 750 casui,

273 789 328 836 et
364 778 658 849 ingruenti
700 777 972 833 molestia
1002 776 1401 841 subtrahatur,
1456 775 1655 845 sicque
1683 774 1863 831 veluti
1895 774 1967 830 ab

275 869 506 923 ineunte
532 873 696 922 atate
733 867 861 934 ejus
907 864 1153 919 solidata
1201 864 1417 919 ducatu
1455 878 1589 919 cum
1641 864 1711 918 ad
1758 877 1967 932 prove-

274 957 506 1010 ctiorem
553 954 845 1009 devenerit
902 960 1136 1018 statum,
1207 959 1384 1007 tracto
1441 951 1500 1005 in
1549 959 1821 1006 naturam
1879 951 1970 1020 pio

276 1059 410 1110 usu,
443 1057 542 1112 per
562 1057 619 1098 se
646 1043 766 1113 jam
798 1040 1017 1096 ﬁrmior
1046 1040 1261 1110 ubique
1291 1040 1500 1110 vigeat.
1546 1039 1648 1094 Sed
1681 1039 1822 1109 quia
1852 1053 1969 1094 nu-

279 1133 474 1188 tricem
505 1146 570 1186 ac
597 1130 858 1201 gerulam
909 1143 1009 1198 pro
1053 1136 1250 1184 nostra
1281 1125 1624 1184 facultatula
1672 1127 1970 1182 distribui-

276 1235 425 1288 mus,
473 1221 877 1289 pubescentem
926 1215 1416 1271 adolescentulam
1483 1213 1719 1269 lascivia
1769 1227 1969 1282 super-

277 1308 443 1365 biave
489 1308 798 1378 pulsatam,
851 1304 986 1374 quis
1021 1304 1296 1374 magister
1347 1303 1651 1372 deprimat,
1704 1310 1759 1358 et
1789 1301 1971 1356 inter-

275 1396 471 1464 misso,
542 1395 833 1465 objectove
895 1391 1184 1462 subjiciat,
1261 1390 1731 1460 remancipetque
1787 1388 1968 1458 operi,

277 1499 443 1554 parce
472 1484 802 1540 dicendum.

350 1571 566 1627 Timori
595 1571 697 1626 Dei
717 1569 1086 1625 studendum.
1128 1597 1197 1606 —
1225 1567 1379 1624 Nihil
1407 1566 1626 1622 astimo
1657 1564 1754 1620 tali
1785 1563 1972 1620 ofﬁcio

278 1660 487 1731 aptius,
521 1673 697 1730 quam
728 1659 908 1715 divini
955 1657 1172 1713 timoris
1211 1657 1410 1726 jugem
1452 1654 1803 1710 memoriam.
1856 1653 1974 1707 Pri-

279 1764 371 1804 mo
399 1749 633 1818 quidem
673 1762 852 1816 pana
887 1745 1180 1817 judicialis
1209 1752 1416 1810 metus,
1448 1743 1495 1798 si
1527 1743 1696 1808 adsit,
1727 1741 1806 1796 nil
1839 1739 1971 1796 ofﬁ—

278 1838 373 1905 cit,
407 1837 521 1892 imo
559 1836 798 1906 prolicit,
845 1836 984 1890 dum
1028 1832 1420 1889 conversionis
1454 1832 1614 1887 initia
1647 1831 1796 1886 bono
1826 1845 1970 1885 ma-

281 1939 405 1980 rore
431 1925 626 1988 afﬁcit,
652 1932 704 1980 et
739 1923 972 1979 virtutis
1001 1921 1332 1991 appetenda
1383 1921 1569 1990 prima
1627 1920 1971 1988 plerumque

280 2015 519 2068 materia
545 2013 632 2067 sit.
666 2012 770 2067 Sed
815 2011 906 2066 ille
957 2019 1191 2066 sanctus
1221 2009 1277 2063 in
1309 2009 1587 2064 saculum
1620 2007 1813 2062 saeculi
1838 2021 1973 2076 per-

279 2115 519 2156 manens
577 2101 746 2156 timor
793 2098 976 2170 (Psal.
1043 2113 1200 2164 xvm,
1250 2097 1354 2166 lO),
1413 2112 1528 2166 quo
1587 2097 1677 2151 sui
1724 2096 1968 2166 gratiam

278 2189 462 2244 Patris
517 2187 803 2243 offendere
841 2200 1002 2240 mens
1051 2185 1257 2240 devota
1297 2191 1528 2239 veretur
1568 2183 1708 2238 adeo
1745 2185 1972 2238 tuenda

281 2275 596 2347 integritati
646 2274 1004 2330 necessarius
1046 2281 1150 2340 est,
1201 2280 1263 2328 ut
1316 2271 1477 2327 nulla
1523 2272 1646 2327 sine
1710 2271 1806 2326 illo
1847 2271 1975 2342 ejus

281 2366 467 2436 gloria
497 2371 731 2430 constet,
766 2363 928 2418 nulla
983 2361 1246 2431 inquam,
1281 2375 1412 2430 qua
1441 2361 1564 2415 sine
1599 2360 1726 2427 hac,
1761 2362 1974 2416 amoris

283 2453 494 2508 scilicet
555 2451 734 2507 divini
795 2450 1127 2517 intentione,
1173 2449 1573 2519 parvissimos
1642 2449 1974 2504 tentationis

284 2541 596 2611 cujuslibet
628 2539 874 2608 impetus
896 2538 1138 2594 tolerare
1168 2553 1281 2593 non
1323 2537 1615 2607 pravalet.
1670 2538 1787 2593 Hac
1820 2538 1972 2593 enim

283 2646 380 2699 spe
413 2631 508 2699 Dei
545 2628 862 2684 dilectionis
907 2627 1231 2683 obtinenda
1264 2628 1462 2693 robur,
1519 2634 1720 2682 contra
1765 2634 1975 2682 cuncta

287 2717 620 2792 discrimina
686 2716 913 2786 piorum
971 2715 1181 2771 animis
1233 2715 1584 2784 innascitur;
1635 2714 1736 2785 qui
1782 2722 1975 2770 castus

285 2804 598 2870 ﬁliationis,
629 2819 744 2859 non
772 2804 1066 2859 servitutis
1094 2805 1262 2859 timor
1305 2805 1494 2873 (Rom.
1526 2819 1644 2869 vin,
1693 2804 1798 2871 15),
1833 2803 1974 2858 dum

281 2907 460 2964 vagos
490 2893 666 2950 animi
714 2893 1021 2964 carnisque
1061 2900 1250 2948 motus
1306 2892 1524 2947 liberali
1555 2899 1760 2947 curvat
1791 2892 1974 2960 impe-

283 2981 389 3048 rio,
447 2989 631 3037 tutam
691 2980 935 3037 irruenti
994 2980 1245 3035 animam
1309 2979 1496 3034 reddit
1535 2979 1820 3048 periculo;
1873 2994 1978 3036 nec

283 3069 510 3138 uSpiam
559 3068 788 3124 desidia
834 3069 1048 3138 prabet
1094 3068 1306 3134 locum,
1353 3068 1454 3138 qui
1498 3066 1769 3124 formidat
1815 3070 1978 3124 amit-

285 3164 401 3212 tere
437 3155 623 3211 solum
674 3156 920 3225 bonum;
962 3170 1065 3211 nec
1115 3155 1293 3225 placet
1327 3155 1435 3210 sibi
1479 3156 1525 3210 si
1585 3156 1820 3225 impune
1875 3171 1973 3226 pa-

286 3251 438 3300 trare
467 3244 631 3300 liceat
675 3245 998 3314 quidquam
1056 3243 1294 3299 malum.
1327 3244 1632 3300 Accedenti
1684 3244 1862 3314 igitur
1904 3245 1976 3300 ad

286 3333 386 3388 Dei
424 3333 758 3388 servitutem
808 3332 1080 3388 standum
1133 3337 1280 3386 τηε
1329 3332 1386 3386 in
1413 3333 1640 3402 justitia
1669 3340 1722 3388 et
1778 3333 1978 3389 timore

283 3429 367 3476 est
399 3420 608 3491 (Eccli.
633 3437 692 3488 ιι,
728 3420 799 3491 1).
849 3441 875 3469 α
912 3420 1120 3475 Beatus
1165 3419 1318 3475 enim
1359 3420 1448 3476 vir
1497 3421 1600 3490 qui
1630 3435 1855 3491 semper
1897 3429 1979 3477 est

283 3510 552 3582 pavidus,
611 3509 716 3581 qui
768 3516 958 3564 autem
1006 3509 1210 3565 mentis
1263 3517 1346 3565 est
1411 3509 1592 3575 dura,
1647 3518 1877 3566 corruet
1920 3510 1979 3565 in

286 3599 504 3655 malum
532 3599 720 3670 (Prov.
756 3612 957 3664 xxvm,
992 3597 1096 3667 14).
1135 3619 1156 3646 ι

356 3688 450 3742 Ea:
488 3686 590 3742 Dei
613 3701 810 3742 amore
841 3685 999 3758 jugis
1043 3685 1264 3742 latitia.
1302 3715 1369 3726 —
1414 3686 1520 3742 Sed
1552 3686 1696 3742 tanti
1727 3685 1975 3756 discipli-

287 3790 376 3832 na
407 3775 734 3832 documenti
765 3775 1002 3831 instanti
1032 3776 1224 3831 studio
1271 3775 1616 3842 informata,
1678 3775 1810 3844 quis
1857 3789 1978 3830 ma-

288 3865 440 3920 ritali
471 3863 842 3920 faderabitur
884 3865 1022 3934 lege,
1067 3865 1170 3919 nisi
1222 3865 1282 3932 is,
1326 3864 1394 3919 de
1425 3863 1594 3934 cujus
1632 3863 1845 3918 semine
1871 3863 1981 3931 .in-

287 3953 554 4008 desinens
581 3952 687 4008 sibi
719 3953 950 4008 accedat
991 3967 1104 4008 non
1138 3952 1295 4008 aliud
1327 3967 1503 4024 quam
1529 3952 1668 4022 juge
1699 3951 1979 4022 gaudium

289 4051 510 4111 partus,
553 4055 714 4096 amor
735 4040 992 4098 videlicet
1025 4041 1144 4109 Dei,
1173 4042 1276 4111 qui
1307 4041 1557 4096 charitas
1587 4039 1840 4095 dicitur?
1877 4039 1982 4095 Cui

285 4143 417 4184 cum
453 4142 612 4185 nunc
642 4129 872 4183 assidua
926 4129 1107 4185 inesse
1136 4129 1346 4184 latitia
1373 4143 1442 4184 ex
1477 4128 1838 4184 conscientia
1869 4141 1977 4196 pu-

2075 423 2294 490 absque
2327 421 2628 475 insolentia
2659 419 2985 490 cujuspiam
3015 419 3286 475 incursus
3325 420 3517 474 carnis
3551 419 3786 475 habita-

2080 507 2332 563 torulum
2358 515 2540 562 rector
2567 506 2808 576 spiritus
2853 506 3136 572 obtineat,
3171 515 3226 561 et
3282 507 3456 562 totius
3503 507 3785 576 conquie-

2077 603 2197 651 scat
2228 594 2557 651 incendium
2589 594 2885 664 passionis,
2912 609 3088 663 quam
3116 594 3255 649 adeo
3293 594 3522 663 copiosa
3555 607 3782 663 repres-

2078 685 2213 741 serit
2242 683 2603 754 conﬂigendo
2638 684 2784 737 umh
2817 683 3063 738 sudoris.

2150 775 2438 838 Quantum
2465 771 2595 827 boni
2622 788 2690 827 ex
2718 772 2914 825 eodmn
2941 787 3138 826 amore
3183 769 3426 842 pudicus
3445 769 3781 825 exhauriat.

2077 891 2144 900 —
2197 861 2284 915 Ad
2329 859 2802 929 impassibilitatis
2860 859 3055 928 itaque
3107 858 3349 928 gloriam
3407 859 3605 914 anima
3667 872 3782 913 suo

2077 949 2248 1003 etiam
2301 948 2492 1003 adhuc
2545 961 2780 1016 corpore
2836 954 3146 1017 angustata
3195 945 3552 1016 perveniens,
3613 953 3784 1002 tanto

2079 1043 2314 1105 tamque
2348 1035 2658 1092 aﬁ'ectuoso
2696 1035 2766 1090 ad
2798 1048 3023 1090 omnem
3071 1033 3339 1104 puritatis
3381 1035 3781 1103 integritatem

2077 1137 2272 1179 amorc
2301 1123 2684 1190 contrahitur,
2734 1131 2799 1179 ut
2849 1137 2964 1178 nou
3009 1124 3176 1178 modo
3206 1125 3374 1193 quasi
3421 1123 3779 1179 naturaliter

2080 1212 2300 1282 aliquid
2333 1213 2766 1282 voluptuosum,
2800 1211 2895 1266 sed
2948 1210 3126 1267 veluti
3182 1211 3485 1280 paradisus
3531 1212 3784 1266 amaui-

2080 1309 2239 1356 tasve
2271 1300 2738 1370 incomparabilis
2763 1300 3032 1370 quadam
3061 1300 3168 1355 sibi
3203 1300 3486 1368 videatur,
3530 1309 3586 1356 et
3617 1299 3783 1370 quod

2083 1390 2244 1460 prius
2295 1405 2435 1459 pene
2482 1389 2871 1460 importabile,
2932 1404 3090 1445 nunc
3154 1389 3277 1445 leve
3329 1404 3505 1458 supra
3543 1404 3780 1444 omnem

2081 1479 2513 1534 astimationem
2569 1478 2684 1533 fiat.
2741 1478 2839 1533 Isti
2904 1491 3043 1547 ergo
3101 1485 3224 1546 post
3273 1477 3397 1533 illos
3451 1477 3785 1546 pralibatos

2083 1567 2444 1639 paedagogos,
2469 1567 2570 1637 qui
2600 1567 2727 1637 ejus
2757 1566 2950 1622 adhuc
2998 1566 3388 1633 adolescentis,
3440 1565 3783 1635 discipulari

2077 1655 2227 1726 jure,
2262 1656 2480 1726 fregere
2505 1657 2806 1722 cervicem,
2842 1655 2952 1722 isti,
2985 1654 3246 1724 inquam,
3285 1655 3452 1724 quasi
3503 1662 3784 1724 perpetuo

2083 1745 2285 1800 marito
2345 1744 2596 1800 nectitur
2641 1743 2965 1814 virginitas,
3031 1751 3094 1799 ut
3151 1745 3322 1798 etiam
3377 1743 3680 1812 pramulta
3724 1743 3782 1797 vi

2082 1831 2414 1894 dilectionis,
2458 1830 2820 1886 securitatem
2854 1831 2923 1886 de
2969 1845 3076 1886 sua
3126 1830 3185 1885 in
3239 1830 3346 1886 hoc
3393 1830 3604 1886 saculo
3642 1844 3780 1900 per-

2082 1920 2404 1976 severantia
2462 1927 2790 1989 prasumat,
2841 1927 2914 1985 et,
2946 1919 3113 1988 juxta
3171 1919 3485 1988 quamdam
3545 1918 3782 1988 gloriosi

2081 2009 2312 2064 Antonii
2366 2008 2730 2073 sententiam,
2785 2009 2968 2063 Deum
3024 2021 3141 2063 non
3206 2007 3327 2077 jam
3392 2007 3606 2075 timeat,
3678 2007 3781 2062 sed

2081 2104 2250 2163 amet,
2293 2105 2346 2152 et
2378 2097 2594 2153 bonum
2635 2111 2748 2152 non
2798 2105 2909 2152 tam
2941 2105 3169 2165 propter
3205 2096 3340 2151 boni
3384 2095 3564 2165 ipsius
3618 2110 3777 2166 pra-

2084 2187 2284 2254 mium,
2319 2199 2494 2256 quam
2527 2193 2756 2256 propter
2798 2185 3049 2254 idipsum
3080 2185 3234 2255 quod
3264 2194 3349 2240 est
3403 2185 3643 2250 bonum,
3700 2199 3780 2240 se-

2081 2275 2223 2330 ctari
2253 2275 2478 2330 studeat
2505 2283 2560 2329 et
2593 2283 2890 2343 peccatum
2931 2288 3044 2329 non
3087 2287 3188 2342 pro
3231 2273 3418 2329 debito
3469 2273 3776 2343 supplicio,

2080 2362 2176 2418 sed
2206 2362 2382 2418 solius
2417 2363 2642 2418 tuenda
2671 2377 2790 2418 sua
2836 2363 3105 2418 bonitatis
3153 2361 3421 2432 diﬁ'ugiat
3468 2370 3620 2418 voto.
3670 2363 3779 2418 Sed

2081 2449 2152 2503 ad
2180 2448 2577 2518 prosequenda
2605 2455 2810 2503 catera
2839 2462 3059 2502 eamus.

2730 2537 2961 2593 CAPUT
3001 2537 3125 2592 ΧΠ.

2155 2625 2598 2694 Objecliunculis
2653 2624 2715 2679 in
2743 2625 3011 2680 virtutem
3059 2625 3355 2697 pudicitia
3565 2626 3781 2693 solitis,

2083 2717 2418 2773 occurritur.
2461 2749 2528 2757 —
2571 2719 2655 2773 Ad
2686 2719 2840 2773 hunc
2889 2718 3088 2788 igitur,
3133 2733 3164 2772 0
3193 2727 3406 2774 sancta
3435 2719 3784 2789 integritatis

2084 2807 2298 2862 cultrix
2347 2807 2561 2870 anima,
2623 2814 2798 2862 tanta
2846 2807 3169 2863 eminentia
3217 2816 3428 2863 statum
3498 2809 3784 2864 anhelans

2013 2905 2053 2960 (ζ
2087 2895 2224 2950 dum
2289 2895 2508 2950 sincere
2557 2895 2747 2950 vivere
2796 2894 3113 2964 incaperis,
3166 2903 3279 2951 tua
3338 2896 3783 2966 perseverantia

2082 2983 2410 3053 profuturas
2441 2983 2694 3038 sitienter
2715 2983 2907 3052 accipe
2937 2983 3205 3039 rationes.

2154 3071 2315 3126 Multi
2351 3071 2696 3141 plerumque
2737 3071 3045 3142 cujuslibet
3093 3072 3438 3140 professores
3484 3072 3782 3144 religionis

2081 3158 2189 3214 sibi
2221 3159 2508 3228 objectare
2533 3159 2735 3226 solent,
2770 3175 2884 3214 non
2915 3173 3264 3230 magnopere
3293 3162 3614 3216 curandam
3645 3174 3779 3216 car—

2084 3247 2174 3302 nis
2193 3247 2624 3311 continentiam,
2658 3262 2789 3317 qua
2816 3254 3076 3302 veterum
3117 3248 3377 3318 exemplo
3429 3250 3779 3319 paginarum

2084 3349 2373 3405 nusquam
2411 3349 2552 3405 pene
2575 3335 2858 3402 ﬁrmatur,
2893 3349 3186 3405 nusquam
3215 3350 3288 3391 ex
3328 3347 3611 3406 pracepto
3671 3338 3776 3393 ulli

2083 3425 2368 3480 servanda
2416 3424 2707 3491 indicitur,
2745 3424 2858 3478 imo
2906 3438 3038 3479 cum
3070 3424 3128 3479 in
3181 3425 3476 3494 principiis
3506 3427 3781 3482 humana

2085 3511 2388 3567 creationis
2427 3511 2598 3567 homo
2636 3526 2752 3567 non
2808 3512 2931 3566 sine
2976 3511 3188 3567 femina
3219 3527 3350 3568 cum
3384 3513 3780 3570 membrorum

2085 3599 2468 3669 competentia
2495 3600 2566 3655 ad
2612 3600 2968 3670 gignendum
3019 3601 3377 3669 producitur.
3409 3601 3685 3671 Crescite,
3727 3609 3784 3659 et

2083 3687 2576 3759 multiplicamini,
2608 3691 2664 3742 et
2698 3687 2913 3759 replete
2937 3691 3153 3742 terram
3179 3689 3262 3744 eis
3299 3689 3510 3747 dicitur
3537 3690 3706 3761 (Gen.
3743 3706 3780 3747 ι.

2085 3777 2194 3847 28).
2245 3777 2462 3833 Fatuus
2507 3785 2591 3832 est
2641 3776 2734 3832 cui
2786 3776 2895 3833 tale
2963 3785 3026 3833 ut
3085 3777 3335 3848 excipiat
3386 3778 3600 3849 jugum
3642 3793 3780 3836 sua-

2087 3865 2273 3920 detur.

2158 3953 2367 4010 Contra
2393 3953 2514 4009 hac
2554 3952 2862 4009 refellenda
2914 3968 3027 4010 non
3058 3969 3206 4024 opus
3241 3963 3324 4011 est
3355 3955 3616 4013 laborare
3653 3972 3782 4014 ser-

2088 4055 2335 4098 monem.
2370 4042 2624 4097 Audiant
2655 4049 2846 4098 tamen
2885 4043 3132 4098 breviter
3163 4044 3343 4100 Deum
3387 4060 3488 4114 pro
3529 4048 3785 4115 tempore

2085 4139 2140 4187 et
2172 4145 2347 4186 causa
2392 4130 2616 4186 saculis
2664 4131 2940 4186 mandata
2970 4132 3210 4200 dedisse,
3261 4141 3316 4190 et
3349 4134 3404 4188 in
3439 4134 3599 4190 initio
3647 4150 3781 4204 pro-

287 4216 453 4272 ritate
481 4217 839 4287 dignoscitur
868 4216 1024 4288 (nam
1058 4218 1105 4272 si
1153 4218 1446 4273 sacularis
1473 4230 1633 4271 amor
1667 4229 1803 4271 suos
1846 4215 1974 4270 ina-
2014 4203 2058 4257 Ι)
2090 4220 2353 4290 pagando
2383 4218 2586 4274 semini
2639 4234 2739 4289 per
2786 4234 3038 4276 uxorum
3085 4234 3394 4277 numerum
3446 4203 3663 4278 vacare,
3714 4223 3779 4279 li-

289 4303 437 4360 niter
464 4303 757 4360 exsultare
785 4305 939 4373 facit,
965 4319 1141 4376 quam
1179 4305 1367 4374 potius
1392 4303 1799 4374 spiritualis?).
1832 4302 1979 4369 Quid

288 4407 419 4447 cum
455 4390 528 4448 de
566 4393 816 4448 convalli
876 4393 985 4448 hac
1027 4392 1240 4448 doloris
1299 4399 1522 4457 erutus,
1568 4391 1725 4446 omni
1778 4390 1980 4446 nubilo

288 4482 560 4548 caruerit,
594 4481 702 4537 nisi
735 4489 886 4538 totus
915 4482 973 4536 in
1005 4481 1425 4551 conspectando
1475 4481 1585 4536 Deo
1616 4479 1895 4550 gaudium
1925 4485 1982 4534 et

287 4576 442 4626 totus
466 4570 803 4640 jucunditas
822 4569 1106 4626 erit‘PNon
1134 4569 1316 4639 igitur
1340 4569 1615 4638 cuiquam
1637 4568 1980 4624 transitoria

287 4659 510 4727 virtuti,
545 4667 607 4714 ut
633 4667 768 4714 sunt
802 4659 940 4714 ﬁdes
968 4667 1023 4713 et
1053 4672 1200 4728 spes,
1245 4655 1550 4728 virginitas
1581 4663 1980 4712 consummata

287 4747 683 4818 conjungitur,
711 4747 808 4803 sed
830 4747 905 4803 illi
935 4747 1355 4817 quiuunquam
1386 4745 1597 4801 excidit
1627 4745 1823 4816 (ICor.
1847 4758 1973 4812 xm,

287 4839 336 4901 8)
369 4845 682 4907 spontaneo
712 4836 914 4902 amori,
948 4835 1049 4904 qui
1097 4849 1255 4890 nunc
1309 4834 1541 4904 quidem
1601 4841 1843 4903 coeptus,
1879 4833 1977 4887 sed

288 4927 344 4981 in
391 4926 554 4997 regni
604 4924 962 4994 perceptione
1021 4921 1324 4992 perfectus,
1397 4922 1678 4994 gloriosus
1754 4921 1976 4977 inﬁnite

289 5015 398 5071 Deo
427 5016 496 5071 de
542 5028 651 5071 sua
701 5012 963 5068 felicitate
1011 5011 1421 5082 gratulabitur.
1458 5011 1588 5068 Post
1631 5015 1710 5067 tot
1756 5018 1812 5065 et
1859 5017 1975 5064 tam

285 5117 490 5172 graves
513 5103 705 5159 carnis
739 5102 1091 5172 spiritusque
1129 5115 1488 5173 congressus,
1526 5108 1650 5171 post
1688 5098 1976 5156 tumultus

284 5199 338 5246 et
368 5190 779 5246 desideriorum
829 5190 1041 5245 levium
1075 5204 1242 5246 voces
1273 5188 1818 5260 importunissimas,
1843 5202 1975 5256 qua

283 5293 416 5334 cum
448 5287 606 5334 tanto
655 5279 863 5335 sudore
889 5279 1188 5348 comprimi
1231 5279 1430 5345 solent,
1459 5277 1682 5346 justum
1723 5289 1859 5331 sane
1889 5281 1974 5332 est

285 5373 350 5421 ut
381 5374 503 5435 post
531 5375 610 5422 tot
655 5366 870 5436 pralia,
916 5367 1028 5422 Deo
1059 5375 1349 5422 annuente
1382 5379 1596 5435 pacem,
1638 5364 1801 5419 sileat
1843 5378 1972 5418 om-

286 5453 374 5508 nis
404 5461 552 5508 terra
581 5468 614 5508 a
646 5453 785 5508 facie
816 5455 1045 5509 victoris
1069 5455 1322 5524 spiritus,
1357 5461 1412 5510 et
1443 5451 1608 5522 quasi
1643 5466 1741 5522 pro
1773 5453 1969 5523 cujus-

2085 4310 2271 4363 cuisse
2328 4307 2590 4377 majores,
2651 4307 2746 4363 sed
2791 4321 3062 4363 successu
3108 4318 3502 4365 concrescente
3554 4312 3784 4381 generis

2087 4396 2346 4453 homines
2375 4397 2444 4450 ad
2473 4410 2590 4450 una
2636 4393 2886 4466 legitime
2929 4396 3189 4451 redactos
3219 4397 3511 4468 conjugia.
3543 4397 3785 4455 Geutilis

2085 4485 2257 4541 etiam
2290 4483 2398 4539 sub
2447 4483 2553 4539 hoc
2584 4491 2780 4538 tenore
2825 4482 3076 4540 cohibita
3105 4492 3187 4540 est
3220 4485 3469 4541 licentia.
3521 4487 3783 4544 Romana

2085 4587 2319 4643 quoque
2346 4572 2654 4628 liberalitas
2678 4572 3007 4628 adunitates
3026 4573 3299 4644 conjugii,
3326 4574 3585 4644 pariante
3606 4576 3781 4632 etiam

2081 4660 2580 4718 Christianismum
2649 4661 2868 4715 ratione
2923 4661 3222 4716 consensit.
3280 4661 3534 4718 Verbum
3584 4663 3782 4734 itaque

2086 4748 2227 4805 illud
2260 4749 2328 4805 de
2377 4763 2584 4819 genere
2639 4747 3100 4818 multiplicando,
3153 4750 3417 4819 quandiu
3469 4765 3617 4820 opus
3649 4753 3778 4818 fuit,

2085 4835 2289 4906 viguit.
2323 4838 2586 4891 Attamen
2629 4835 2731 4890 etsi
2763 4834 3073 4904 Scriptura
3117 4835 3196 4890 nil
3226 4836 3297 4892 ob
3349 4837 3779 4896 infamatiouem

2084 4923 2356 4979 connubii
2379 4923 2450 4978 de
2478 4923 2808 4993 virginitate
2823 4923 3116 4991 dixerunt,
3147 4931 3337 4980 tamen
3369 4925 3508 4995 quia
3536 4926 3781 4998 dignum

2081 5019 2203 5067 erat
2233 5019 2297 5068 ut
2322 5012 2420 5067 Dei
2454 5011 2635 5067 Filius
2681 5011 2958 5082 quiddam
2991 5011 3182 5083 majus
3209 5027 3386 5082 quam
3417 5015 3780 5086 conjugium,

2083 5101 2239 5170 quod
2289 5101 2507 5156 bonum
2558 5106 2613 5155 et
2656 5099 3000 5170 legitimum,
3055 5108 3141 5156 est
3182 5101 3524 5168 ostenderet,
3574 5104 3622 5159 si
3666 5120 3782 5162 non

2083 5202 2221 5244 voce
2269 5187 2676 5258 pracipiendo,
2733 5195 2923 5244 tamen
2955 5190 3233 5259 exemplis
3275 5191 3590 5259 innuendo,
3625 5195 3778 5262 quod

2080 5289 2151 5331 ex
2180 5275 2308 5346 ejus
2357 5275 2692 5340 imitatione,
2727 5284 2782 5331 et
2828 5277 3147 5333 nativitatis
3192 5279 3474 5349 singulari
3527 5282 3783 5349 puritate

2080 5363 2305 5433 collegit
2335 5363 2662 5419 Christiana
2694 5363 2956 5431 ﬁdelitas,
3003 5380 3272 5421 exercere
3335 5367 3627 5436 pracipua
3656 5377 3784 5424 stu—

2078 5452 2204 5508 duit
2231 5451 2544 5508 voluntate.
2770 5469 2774 5472 λ
