3914 6094
147 244 246 296 601

1372 241 1790 300 OPUSCULUM
1831 243 1922 298 DE
1961 243 2425 298 VIBGINITA'I‘E.

3555 216 3658 305 6052

217 376 336 432 Nec
363 373 504 430 illud
537 373 840 444 impudens
869 372 1207 445 genitalium
1249 381 1484 431 artuum
1528 389 1846 446 argumen-
1883 379 1930 430 A
1960 375 2170 431 amoris
2222 376 2557 445 promiserat
2617 390 2915 446 personam
2975 379 3252 447 incurrat,
3318 380 3661 438 admonetur

150 472 274 520 tum
305 463 379 519 ad
425 463 667 519 tutelam
717 477 836 518 suae
885 461 1138 518 libidinis
1169 464 1432 531 advocat,
1483 465 1581 520 sed
1621 479 1752 534 quae
1793 465 1854 519 li-

150 560 280 608 cent
308 560 364 608 et
402 566 517 607 non
551 550 927 620 expediunta
982 565 1040 606 se
1089 553 1402 620 prudenter
1454 551 1732 618 eliminat,
1792 560 1855 608 ut

154 640 229 696 ad
257 655 328 696 ea
357 654 489 709 quae
520 653 635 694 non
662 639 834 695 licent
863 639 1182 695 evincenda
1213 641 1499 696 robustior
1527 641 1644 696 fiat.
1679 660 1706 691 tl
1740 642 1851 697 Me-

155 729 270 784 lius
309 741 447 784 sane
477 727 696 783 nubere
721 741 898 798 quam
934 728 1025 783 uri
1069 729 1128 798 (I
1157 729 1278 785 Cor.
1314 745 1411 796 vn,
1454 728 1526 798 9),
1571 749 1599 778 »
1643 728 1856 785 scilicet

157 817 378 887 quibus
427 815 536 872 illis
582 831 770 886 neque
802 815 1072 886 professio
1121 818 1338 884 obviat,
1400 833 1590 888 neque
1655 826 1854 874 votum

158 913 261 960 aut
299 919 475 961 suum
517 911 619 960 aut
658 905 989 976 cujuspiam
1043 907 1295 976 parentis
1345 907 1579 978 obligat.
1642 908 1856 965 Votum

161 994 414 1064 parentis
460 993 586 1049 dico
627 994 945 1049 secundum
995 995 1152 1064 quod
1196 1009 1442 1051 canones
1481 996 1618 1066 (27*)
1673 1010 1858 1066 usque

157 1081 233 1136 ad
263 1081 722 1137 duodecennium
755 1081 874 1137 fieri
906 1097 1068 1151 posse
1115 1092 1452 1139 sanxerunt.
1498 1085 1613 1140 Hos
1644 1099 1677 1139 a
1730 1093 1858 1141 voto

159 1167 380 1224 resilire
409 1169 773 1240 sacrilegium
824 1171 1248 1238 permaximum
1297 1178 1401 1226 est.
1437 1170 1543 1227 Sed
1583 1172 1672 1227 his
1725 1187 1860 1242 pon-

158 1257 272 1313 dus
300 1257 410 1312 diei
450 1266 623 1320 aestus
668 1259 902 1328 (Matth.
963 1274 1059 1326 xx,
1122 1261 1229 1329 l2),
1294 1259 1349 1315 id
1405 1267 1489 1315 est
1542 1261 1860 1317 anxietates

158 1344 292 1401 vitae
347 1345 525 1416 hujus
585 1346 966 1402 tentationum
1020 1345 1396 1403 tolerantibus
1458 1349 1694 1418 grande,
1746 1349 1859 1404 imo

137 1432 402 1500 .speciale
447 1434 770 1502 przemium,
813 1434 952 1491 dum
998 1435 1081 1490 eis
1123 1435 1414 1492 canticum
1468 1451 1704 1506 novum,
1757 1453 1857 1494 ex-

157 1519 336 1589 ceptis
367 1520 512 1587 aliis,
563 1528 797 1577 cantare
845 1523 1018 1578 datur
1063 1523 1272 1594 (Apoc.
1315 1539 1430 1590 xiv,
1475 1527 1553 1593 3),
1606 1527 1662 1580 in
1720 1540 1855 1596 quo,

157 1623 277 1680 prae
309 1608 526 1664 caeteris
570 1608 672 1678 qui
711 1608 819 1664 hoc
864 1617 1059 1665 carent
1105 1625 1362 1678 munere,
1409 1613 1722 1684 singularis
1765 1628 1857 1668 eo-

157 1673 290 1752 rum
323 1696 391 1752 de
418 1673 609 1752 carnis
646 1697 970 1768 integritate
1000 1698 1196 1755 laetitia
1239 1673 1566 1769 denotatur,
1599 1708 1655 1756 et
1705 1701 1857 1769 Agni
1899 1673 1939 1728 Β

156 1783 414 1854 vestigiis
439 1785 982 1854 quocunquelvadit,
1004 1787 1284 1844 inhaerent
1307 1787 1524 1859 (Ibid.),
1558 1789 1696 1859 quia
1727 1801 1860 1842 cum

159 1871 403 1941 reliquis
479 1871 793 1928 virtutibus
873 1873 1217 1930 conformari
1285 1875 1509 1932 Christo
1595 1875 1856 1947 gestiant,

159 1959 335 2016 etiam
368 1959 427 2013 in
472 1959 580 2014 ista
607 1959 835 2016 acutius
855 1962 1110 2032 ejusdem
1155 1964 1446 2033 gressibus
1514 1976 1857 2034 prosequen-

162 2046 252 2104 dis
293 2046 620 2117 invigilant.
663 2047 768 2104 Sed
811 2049 931 2104 haec
963 2050 1360 2121 vulgatissima
1388 2051 1514 2122 ejus
1563 2051 1690 2108 laus
1754 2057 1855 2106 est.

163 2135 250 2191 Ad
275 2135 390 2191 alia
417 2149 878 2206 promoveamur.

799 2245 1030 2302 CAPUT
1071 2247 1222 2302 XIII.

235 2347 417 2401 Caute
455 2363 519 2401 se
543 2353 751 2420 gerant
781 2350 881 2421 qui
919 2351 1294 2407 monasticam
1323 2351 1653 2408 institutum
1694 2354 1860 2419 fuere

159 2435 432 2508 professi.
466 2468 534 2476 —
565 2438 713 2494 Ordo
763 2439 992 2496 illorum
1029 2442 1130 2511 qui
1181 2444 1258 2497 ita
1307 2443 1504 2498 vivant
1555 2444 1611 2498 in
1662 2450 1859 2499 sancta

164 2526 420 2583 Ecclesia
449 2541 566 2582 non
600 2527 886 2596 plurimus
912 2537 1015 2583 est.
1049 2534 1117 2584 At
1144 2530 1243 2599 qui
1276 2532 1450 2586 sunt?
1482 2532 1596 2587 Aut
1625 2533 1697 2587 ab
1734 2531 1861 2586 aliis

167 2614 391 2669 ineunti
419 2622 585 2670 aetate
630 2616 742 2671 Deo
789 2615 1130 2684 offeruntur,
1177 2626 1278 2674 aut
1334 2633 1391 2674 se
1439 2619 1543 2689 ipsi
1589 2618 1856 2674 offerunt.

167 2703 346 2758 Porro
392 2703 592 2758 talium
627 2704 758 2759 vitae
790 2712 970 2774 ccrpta
1011 2705 1294 2761 munditia
1337 2706 1445 2762 sub
1493 2721 1611 2776 qua
1659 2705 1861 2762 debeat

165 2789 393 2844 cautela
424 2791 596 2846 tutari
647 2791 898 2848 breviter
945 2793 1328 2849 mordeamus.
1379 2795 1570 2849 Primo
1617 2795 1674 2850 in
1727 2795 1862 2864 ipsis

167 2878 450 2948 puerariis
479 2877 839 2947 rudimentis,
871 2888 926 2935 et
963 2880 1152 2950 inepta
1183 2881 1542 2938 familiaritas
1599 2897 1859 2952 expuen-

165 2965 258 3031 da,
295 2973 349 3021 et
371 2965 657 3022 lubricum
687 2967 1195 3038 deceptoriumque
1211 2969 1630 3039 magisterium,
1656 2985 1860 3041 quam-

165 3053 256 3109 vis
303 3053 445 3108 alias
501 3055 894 3123 utilissimum,
960 3055 1352 3112 refutandum.
1416 3058 1480 3112 In
1554 3058 1864 3128 primordio

164 3141 319 3196 enim
353 3141 542 3213 colligi
581 3142 722 3198 solet
752 3144 906 3213 quod
937 3145 1036 3201 toti
1069 3146 1432 3214 postmodum
1479 3155 1677 3202 noceat
1710 3147 1860 3203 vitae.

168 3229 241 3284 At
291 3229 557 3285 introitus
599 3230 716 3300 ipse
745 3230 1155 3298 adolescentiae,
1203 3233 1248 3288 si
1301 3233 1556 3290 timorem
1603 3236 1702 3290 Dei
1764 3251 1865 3291 co-

169 3318 365 3374 mitem
419 3317 644 3385 habeat,
695 3319 845 3374 facili
898 3321 1265 3377 tentationem
1319 3323 1720 3393 congressione
1775 3324 1866 3380 de-

167 3407 386 3462 turbat.
436 3407 662 3470 Quanto
716 3420 968 3478 namque
999 3409 1210 3480 aliquis
1235 3411 1534 3479 experitur
1586 3413 1860 3481 carnalia,

167 3510 235 3551 eo
277 3495 492 3551 leviora
538 3495 848 3565 corporalis
888 3497 1176 3566 appetitus
1224 3499 1442 3568 patitur
1488 3500 1860 3556 discrimina:

166 3583 314 3640 Nam
345 3583 487 3654 quid
536 3583 912 3652 periculosius
941 3590 1089 3639 3%8
1119 3599 1298 3656 quam
1347 3587 1648 3656 praeteritae
1693 3589 1865 3644 volu-

167 3670 344 3742 ptatis
373 3671 689 3727 memoria?
717 3671 952 3728 Talibus
996 3673 1182 3742 plane,
1225 3674 1440 3744 quibus
1482 3690 1623 3731 escae
1663 3676 1868 3732 monia

167 3757 304 3813 ferae
335 3757 580 3814 necdum
629 3757 774 3814 male
804 3758 989 3815 dulcis
1025 3774 1192 3830 sapor
1247 3762 1492 3830 inhaesit,
1527 3763 1572 3819 si
1597 3765 1866 3820 seducto-

166 3845 240 3902 rii
271 3845 503 3916 collegae
535 3846 882 3904 lenocinium
930 3858 1329 3919 aspernentur,
1382 3853 1427 3907 si
1486 3866 1664 3923 vagos
1706 3853 1866 3910 visus

165 3941 492 4004 contegant,
525 3934 574 3990 si
599 3935 670 3990 ad
701 3936 852 3991 viam
895 3939 1307 4008 cogitationum
1362 3955 1628 3997 revocare
1683 3942 1867 4000 sciant

165 4035 412 4088 errores,
445 4023 566 4078 leve
599 4023 660 4079 ﬁt
691 4025 976 4095 quidquid
1002 4028 1332 4084 tentationis
1363 4029 1662 4100 ingruerit.

241 4110 433 4166 Solent
486 4119 678 4168 tamen
735 4113 791 4168 hi
845 4128 918 4169 ex
949 4115 1128 4171 nimia
1176 4116 1266 4172 sui
1319 4117 1548 4185 fiducia,
1612 4119 1863 4188 quadam

168 4199 503 4255 curiositate
532 4201 913 4258 videndarum
945 4205 1280 4272 specierum,
1329 4205 1669 4276 plerumque
1719 4209 1864 4263 libe-

170 4287 296 4343 rius
326 4302 492 4358 aequo
523 4288 720 4345 laxare
743 4290 1038 4359 intuitum,
1063 4299 1116 4347 et
1147 4292 1284 4348 dum
1318 4294 1535 4349 alienas
1577 4309 1866 4365 aucupan-

169 4384 271 4432 tur
326 4376 518 4444 facies,
579 4377 719 4432 dum
795 4379 1060 4449 clypeum
1143 4381 1552 4451 palpebrarum
1624 4384 1868 4440 nimium

170 4471 384 4520 temere
423 4466 496 4520 ab
528 4465 708 4522 oculis
751 4476 1038 4536 amovent,
1088 4470 1275 4524 cordis
1330 4471 1533 4526 lumini
1582 4487 1711 4542 quae
1757 4473 1868 4527 im-

171 4551 348 4622 probe
399 4560 747 4610 contuentur
801 4556 1051 4612 crudelis
1102 4557 1315 4613 stimuli
1361 4557 1621 4628 jaculum
1685 4561 1871 4615 intor-

167 4649 374 4710 quent.
422 4641 760 4698 Trahuntur
811 4644 993 4714 igitur
1038 4659 1138 4715 per
1198 4646 1250 4700 id
1309 4647 1517 4717 saepius
1568 4649 1639 4703 ad
1698 4649 1871 4704 totius

167 4728 308 4783 mali
354 4730 712 4800 voraginem.
760 4733 1105 4803 Contingere
1137 4741 1325 4790 tamen
1375 4735 1515 4790 solet
1564 4743 1626 4791 ut
1681 4751 1871 4806 neque

165 4817 334 4872 visus
359 4817 670 4874 admodum
705 4819 988 4888 incendat,
1022 4821 1118 4877 sed
1169 4822 1390 4891 placide
1440 4823 1511 4879 ad
1557 4825 1868 4880 amandum

161 4906 296 4960 visa
349 4907 610 4973 suadeat,
668 4921 857 4978 neque
917 4909 1325 4978 confabulatio,
1379 4912 1468 4968 vel
1535 4912 1705 4968 etiam
1753 4913 1870 4982 ipse

166 5000 356 5049 tactus
412 5008 838 5065 usquequaque
891 4997 963 5051 ad
1021 4997 1442 5067 turpitudinem
1502 5007 1758 5068 proruat,
1816 5006 1871 5055 et

164 5080 296 5137 ideo
321 5081 509 5138 foedus
542 5081 633 5138 ille
678 5085 866 5139 carnis
907 5093 1097 5142 motus
1145 5100 1350 5156 parum
1397 5087 1712 5156 displiceat.
1765 5086 1870 5143 Sed

165 5169 422 5237 animus,
457 5172 668 5240 quavis
695 5172 1009 5240 occasione,
1040 5174 1352 5244 aliquando
1385 5174 1516 5231 facti
1568 5175 1868 5245 paenitens,

167 5259 241 5314 ad
293 5259 688 5329 paenitendum
747 5261 932 5332 culpae
989 5263 1180 5319 dolore
1241 5263 1570 5320 adducitur.
1629 5263 1732 5320 Sed
1802 5278 1872 5319 ne

173 5347 432 5416 perfidiae
488 5349 758 5418 probrum
831 5351 985 5421 apud
1062 5365 1189 5407 eam
1267 5351 1362 5407 cui
1434 5352 1869 5422 perpetuitatem

1962 477 1996 518 a
2025 477 2132 518 sua
2162 471 2350 519 mente
2396 472 2458 520 ut
2493 466 2662 533 quasi
2715 465 2900 521 sobrie
2943 466 3063 536 jam
3120 483 3252 522 cum
3303 483 3370 523 ea
3423 475 3662 525 acturus

1964 564 2134 608 usum
2159 550 2554 606 collocutionis
2597 566 2709 607 non
2751 553 2991 608 deserat.
3029 555 3188 610 Unde
3225 556 3283 610 tit
3332 564 3396 612 ut
3441 557 3662 626 absque

1963 637 2085 694 ulla
2141 639 2506 694 cunctatione
2555 653 2717 694 amor
2780 640 2925 696 male
2986 642 3262 710 repetitus
3319 643 3374 697 in
3433 650 3661 698 tantum

1963 725 2252 793 efferveat,
2306 734 2370 782 ut
2415 727 2484 780 ad
2543 727 2725 783 imum
2787 728 3209 798 abruptissimze
3256 730 3663 800 profunditatis

1963 814 2290 869 avidissime
2336 823 2484 869 ruat.
2521 816 2610 870 Ex
2661 831 2776 886 quo
2831 816 3105 886 providus
3160 817 3336 873 lector
3400 819 3663 874 advertat

1965 910 2186 972 quanta
2217 903 2715 959 animadversione
2749 904 2914 974 primi
2950 905 3329 962 tentationum
3384 907 3658 972 assultus,

1965 990 2390 1061 quantumlibet
2416 990 2743 1057 adulentur,
2778 992 3066 1046 refutandi
3097 1000 3252 1047 sunt.

2038 1079 2419 1134 Przeeavenda
2471 1079 2666 1148 itaque
2709 1079 3058 1148 daemonum,
3123 1080 3210 1135 vel
3251 1081 3431 1150 ipsius
3471 1081 3662 1136 carnis

1969 1167 2294 1222 illecebrosa
2323 1175 2375 1222 et
2405 1167 2598 1222 dolosa
2627 1168 2838 1234 suasio,
2900 1182 2970 1223 ne
3025 1183 3157 1224 cum
3203 1178 3428 1224 nostras
3494 1169 3660 1225 nobis

1967 1256 2210 1312 virtutes
2240 1255 2667 1326 prietendimus,
2705 1260 2761 1310 et
2798 1269 2900 1325 per
2958 1257 3128 1325 plana
3175 1272 3278 1312 nos
3323 1258 3664 1326 campestria

1969 1344 2155 1399 ituros
2193 1344 2554 1410 conﬁdimus,
2598 1344 2654 1398 in
2709 1343 2923 1410 foveas,
2979 1344 3179 1400 fraude
3212 1345 3388 1400 hostis
3431 1345 3665 1414 adoper-

1967 1441 2073 1499 tas,
2133 1431 2485 1487 miserabiles
2560 1432 2958 1487 devolvamur.
3025 1431 3380 1488 Omnimodis
3431 1447 3663 1502 quoque

1969 1521 2231 1592 miroque
2305 1521 2494 1576 studio
2558 1521 2968 1576 attendendum
3026 1535 3114 1586 ne,
3189 1521 3328 1575 dum
3396 1520 3666 1576 volubilis

1969 1607 2198 1662 animus
2248 1607 2472 1675 acriter,
2525 1614 2588 1661 ut
2633 1606 2791 1674 solet,
2854 1607 3245 1662 inaestuaverit
3296 1605 3367 1660 ad
3419 1605 3666 1659 videnda

1969 1710 2099 1767 quae
2124 1695 2352 1764 appetit,
2386 1694 2643 1764 cupidini
2675 1693 2887 1750 addicti
2918 1693 3070 1749 oculi
3101 1693 3293 1748 animo
3340 1692 3664 1762 obsequan-

1968 1792 2080 1852 tur,
2123 1784 2283 1854 quia,
2342 1798 2474 1839 cum
2522 1784 2720 1839 crebro
2763 1783 2818 1838 id
2865 1783 3022 1854 quod
3063 1781 3398 1851 simpliciter
3437 1780 3666 1849 respici-

1968 1887 2117 1940 mus,
2171 1873 2337 1928 nobis
2383 1872 2647 1928 atrociter
2716 1879 2934 1938 noceat,
3013 1871 3155 1927 illud
3225 1870 3382 1940 quod
3451 1869 3666 1939 praevia

1967 1969 2155 2016 mente
2196 1960 2347 2014 mala
2397 1959 2476 2026 tit,
2525 1967 2811 2028 quantum
2869 1965 3140 2027 putamus
3198 1956 3478 2012 infelicem
3539 1953 3666 2010 ani-

1966 2062 2121 2104 mam
2167 2047 2478 2103 eviscerat?
2535 2049 2606 2102 Et
2663 2047 2943 2117 contingit
3009 2046 3334 2116 aliquoties,
3392 2053 3452 2100 ut
3534 2057 3668 2099 cum

1966 2137 2089 2192 visa
2119 2137 2192 2192 ad
2224 2136 2450 2191 nullum
2486 2135 2735 2191 calorem
2766 2135 3004 2190 noxium
3031 2135 3318 2190 videntem
3377 2139 3664 2198 moveant,

1966 2232 2154 2280 tactus
2210 2224 2521 2294 procaciter
2574 2231 2961 2293 praesumptus
3017 2222 3075 2278 in
3131 2230 3352 2278 tantam
3415 2219 3669 2275 libidinis

1965 2313 2274 2381 fornacem,
2332 2315 2503 2369 etiam
2564 2320 2752 2368 mente
2804 2312 3054 2367 inaniter
3107 2311 3404 2378 renitente,
3459 2308 3664 2378 praeci—

1967 2402 2122 2473 pitet,
2189 2410 2253 2458 ut
2309 2403 2409 2458 vix
2479 2410 2580 2457 aut
2645 2401 2986 2470 neutiquam
3047 2399 3266 2470 absque
3331 2397 3668 2468 contagione

1966 2499 2265 2561 conceptos
2303 2491 2560 2562 digerere
2621 2497 2796 2560 queat
2855 2489 3030 2560 ignes.
3113 2487 3383 2554 Inaniter,
3465 2486 3662 2553 fateor,

1967 2587 2106 2636 tunc
2161 2594 2322 2635 mens
2390 2579 2660 2635 renititur
2733 2586 2796 2632 ut
2851 2577 3204 2647 exstinguat,
3265 2591 3397 2632 cum
3457 2587 3668 2630 manus

1966 2654 2165 2738 sponte
2222 2668 2504 2724 emittitur
2539 2674 2600 2723 ut
2646 2666 2934 2722 incendat.
2982 2665 3105 2721 Non
3165 2665 3350 2721 solum
3419 2663 3670 2732 denique

1966 2755 2126 2811 visus
2150 2756 2452 2821 arcendus,
2497 2758 2684 2810 tactus
2715 2753 2844 2822 plus
2874 2753 3030 2808 omni
3065 2753 3194 2824 igne
3234 2751 3526 2817 vitandus,
3570 2749 3667 2805 sed

1968 2843 2092 2913 ipsa
2157 2857 2437 2914 perquam
2493 2843 2745 2898 maxime
2799 2840 3066 2896 vicinitas
3114 2839 3503 2910 allocutioque
3579 2852 3671 2894 ca-

1901 2971 1943 3028 C
1969 2931 2178 2988 venda.

2615 3035 2843 3092 CAPUT
2877 3035 3028 3115 x1v.

2047 3143 2260 3210 Quibus
2284 3141 2470 3198 modis
2493 3143 2811 3197 maculetur
2837 3139 3158 3214 virginitas.
3193 3172 3262 3180 —
3303 3139 3489 3206 Quteri
3521 3153 3669 3210 prae-

1977 3241 2129 3290 terea
2196 3234 2268 3289 ab
2324 3231 2616 3302 aliquibus
2666 3231 2816 3298 ,solet
2876 3231 3092 3301 quibus
3141 3229 3417 3300 peccandi
3484 3229 3667 3285 modis

1972 3322 2194 3392 perdita
2223 3321 2526 3392 virginitas
2554 3321 2883 3376 zestimetur.
2929 3322 3063 3384 Quae
3095 3319 3392 3390 inquisitio
3421 3317 3667 3374 nimium

1972 3411 2217 3467 obscena
2252 3410 2496 3474 videtur,
2531 3423 2664 3465 cum
2691 3409 2888 3479 {magis
2933 3408 3133 3464 rimari
3185 3408 3501 3464 debuerant
3552 3419 3671 3476 qua

1970 3500 2205 3557 virtutis
2237 3498 2509 3554 instantia
2537 3497 2762 3566 plenius
2807 3497 3051 3551 obtineri
3097 3503 3301 3565 posset,
3333 3483 3509 3565 quam
3552 3509 3670 3564 quo

1973 3586 2300 3642 discrimine
2379 3584 2557 3654 perdi.
2632 3584 2764 3638 Haec
2818 3583 2972 3637 enim
3035 3583 3275 3652 quaestio
3331 3581 3672 3637 remissioris

1973 3675 2149 3730 animi
2180 3683 2281 3741 est,
2315 3673 2411 3728 illa
2442 3671 2731 3728 ferventis.
2766 3669 2870 3726 Sed
2903 3677 3090 3726 tamen
3137 3669 3277 3740 quia
3322 3669 3381 3724 in
3428 3670 3672 3725 stamine

1973 3763 2122 3820 lineo
2193 3763 2425 3818 laneum
2493 3775 2607 3816 non
2667 3759 2830 3815 debet
2889 3759 3230 3828 subtegmen
3305 3757 3498 3824 inseri,
3556 3757 3671 3825 {nec

1975 3852 2298 3925 grossitudo
2340 3849 2591 3920 corporis
2645 3847 2828 3903 vitiati
2872 3861 2970 3916 spe
3027 3844 3360 3901 subtilitatis
3395 3845 3670 3915 virgineae

1973 3939 2206 4012 gloriari
2257 3938 2484 4006 audeat,
2520 3936 2767 4007 quisque
2826 3949 2942 3991 non
2995 3947 3304 4006 quousque
3355 3932 3665 3998 discurrat,

1975 4030 2072 4086 sed
2126 4029 2279 4099 quod
2317 4027 2498 4083 vitare
2540 4026 2763 4082 debeat.
2799 4023 3228 4095 Restringeudm
3281 4021 3469 4078 cordis
3504 4019 3672 4076 lasci-

1975 4117 2082 4172 viae
2114 4117 2381 4187 quisquis
2413 4116 2588 4186 hujus
2621 4113 2886 4185 puritatis
2907 4111 3228 4168 obtinendae
3245 4110 3534 4167 studiosus
3565 4116 3670 4177 est,

1976 4214 2270 4276 tantopere
2304 4205 2564 4276 invigilet
2593 4212 2654 4259 ut
2677 4203 2795 4270 vix,
2831 4211 2930 4258 aut
2952 4216 3068 4272 quo
3097 4199 3305 4268 minus,
3347 4213 3450 4255 seu
3481 4197 3675 4254 rarius

1976 4302 2173 4364 potest,
2223 4293 2651 4350 delectationem
2704 4291 3036 4363 bujusmodi
3109 4303 3243 4345 caro
3329 4287 3671 4356 praesentiat,

1978 4397 2046 4438 ne
2099 4383 2218 4438 ulla
2279 4383 2337 4439 vi
2395 4381 2754 4438 delectationi
2813 4393 3126 4437 consensus
3184 4378 3436 4433 accedat.
3515 4375 3672 4432 Beati

1977 4471 2232 4542 Gregorii
2261 4478 2315 4526 et
2357 4485 2474 4526 non
2517 4475 2710 4525 nostra
2755 4469 3037 4524 sententia
3079 4475 3182 4534 est,
3228 4466 3383 4536 quod
3429 4479 3670 4520 consen-

1977 4570 2077 4612 sus
2141 4571 2175 4611 a
2232 4556 2416 4625 culpae
2481 4554 2686 4610 effectu
2751 4569 2871 4609 non
2937 4554 3130 4615 distat,
3199 4565 3332 4606 cum
3408 4549 3674 4606 voluntas

1976 4646 2186 4700 misera
2226 4644 2470 4699 interius
2517 4643 2672 4713 quod
2718 4651 2884 4698 extra
2933 4655 3047 4697 non
3106 4645 3308 4709 potest,
3357 4638 3678 4694 ambienter

1977 4740 2233 4803 peragat,
2283 4731 2331 4787 si
2413 4739 2606 4788 tamen
2684 4733 2834 4786 Deus
2885 4730 3137 4785 districte
3200 4728 3358 4783 hunc
3413 4727 3674 4798 judicare

1979 4827 2280 4891 proponat.

1958 4906 1978 4914 ’
2047 4909 2184 4976 Quae
2250 4908 2428 4980 igitur
2475 4923 2604 4979 spes
2662 4907 2776 4964 illic
2827 4905 3077 4962 exsultet
3148 4903 3513 4976 virginitatis,
3576 4902 3674 4960 ubi

1981 4998 2267 5054 theatrum
2335 4997 2508 5052 totius
2567 4996 2865 5066 perstrepit
2923 4993 3231 5050 fuaditatis?
3311 4993 3381 5048 Et
3452 4998 3675 5062 patens,

1980 5086 2179 5147 fateor,
2213 5085 2385 5140 ruina
2425 5084 2636 5140 talibus
2669 5083 2810 5139 foret
2850 5082 3063 5148 utilior,
3108 5096 3240 5152 qua:
3281 5089 3336 5136 et
3381 5093 3479 5149 spe
3535 5078 3678 5133 falsa

1981 5176 2240 5231 animum
2294 5182 2512 5230 tumere
2572 5181 2808 5238 vetaret,
2877 5180 2931 5227 et
3006 5185 3176 5226 casus
3236 5168 3592 5240 experientia
3644 5181 3679 5222 a

1979 5263 2193 5318 talibus
2250 5261 2494 5318 ulterius
2563 5260 2900 5317 affectandis
2960 5259 3237 5315 acerrime
3315 5257 3676 5325 absterreret,

1980 5351 2123 5407 Cum
2157 5365 2294 5421 ergo
2321 5353 2469 5406 Deus
2509 5351 2647 5421 quid
2676 5350 2848 5422 juste,
2898 5348 3032 5420 quid
3073 5347 3162 5418 pie
3197 5347 3415 5418 judicet
3463 5346 3684 5421 ignore-

244 5513 384 5580 (27')
418 5511 635 5566 Concil.
668 5511 839 5568 Tolet.
874 5528 948 5580 IV,
1000 5528 1049 5568 c.
1083 5515 1183 5580 48;
1225 5513 1602 5581 Triburiens.,
1636 5526 1757 5584 cap.
1795 5517 1844 5568 6.
1872 5512 2012 5571 Vide
2043 5514 2114 5569 ad
2136 5527 2262 5585 cap.
2297 5516 2362 5569 66
2393 5513 2648 5570 Concord
2703 5513 3056 5586 Regularum
3107 5510 3384 5568 Menardi.
