3914 6094
273 244 379 298 603

1185 245 1245 296 ν.
1289 243 1618 298 GUIBERTI
1656 243 1946 298 ABBATIS
1984 243 2039 297 S.
2083 244 2322 299 MARIE
2358 245 2448 297 DE
2487 245 2880 301 NUVIGENTO

3665 251 3774 304 604

271 389 424 442 mus,
459 376 668 432 ideirco
725 378 976 431 sciamus
1023 375 1102 430 nil
1151 374 1221 430 de
1271 375 1503 444 prtemio
1560 374 1800 445 virginis
1852 389 1956 430 nos
1992 376 2315 432 Anentiam
2362 368 2676 446 proﬁtetur,
2726 393 2903 448 seque
2951 393 3049 448 per
3101 393 3161 434 se
3217 379 3574 436 tantumdem
3619 378 3776 434 cohi-

273 483 526 536 manere,
583 483 727 539 quos
781 467 987 523 mentis
1042 467 1292 522 luxuriae
1342 467 1656 522 constiterit
1713 467 1960 522 obedire.

275 558 515 613 Frustra
551 556 619 611 de
670 555 896 610 macula
941 555 1208 610 exteriori
1257 554 1565 623 fabularer,
1607 570 1738 625 quae
1785 555 1965 610 inter—

273 642 414 696 dum
477 643 775 712 colloquiis
829 643 1152 712 impudicis,
1210 650 1265 697 et
1331 643 1646 699 inhonestis
1719 644 1965 699 tactibus

271 738 670 801 extorquetur,
718 732 774 786 in
826 732 1041 801 quibus
1081 741 1135 788 et
1181 733 1523 787 naturaliter
1576 733 1752 801 spado
1797 722 1962 802 quis-

272 816 424 886 piam
472 817 784 888 ingenitam
832 819 938 875 sibi
989 819 1061 875 ab
1106 825 1236 874 ortu
1284 819 1474 873 carnis
1556 819 1960 890 integritatem,

270 916 370 972 per
398 903 548 958 hanc
593 906 1019 974 spurcissimam
1049 907 1225 962 animi
1259 907 1683 976 corruptionem
1742 907 1963 976 absque

269 990 445 1048 dubio
472 992 772 1051 amitteret.

909 1084 1142 1140 CAPUT
1181 1083 1305 1150 XV,

341 1172 580 1240 Quantis
601 1173 894 1243 voluptate
918 1171 1114 1227 carnis
1139 1170 1398 1225 irretitus
1419 1169 1592 1224 matis
1618 1173 1958 1226 coarctetur.

269 1261 467 1316 —Sed
516 1261 654 1331 quia
701 1262 772 1316 ad
821 1261 956 1317 satis
1007 1261 1075 1316 de
1107 1261 1195 1316 his
1227 1260 1553 1314 infortuniis
1611 1260 1725 1314 huc
1776 1274 1962 1329 usque

268 1348 628 1414 latravimus,
670 1349 1014 1419 integritatis
1071 1349 1248 1418 hujus
1292 1348 1534 1419 gloriam
1585 1348 1653 1403 de
1705 1348 1796 1403 sui
1827 1362 1964 1418 quo-

267 1437 372 1494 ties
440 1438 718 1493 accederit
769 1452 937 1494 casus
1009 1437 1236 1493 miseria
1311 1437 1786 1505 contemplemur,
1883 1437 1961 1492 ait

267 1526 473 1581 nobilis
505 1526 594 1581 ille
625 1535 824 1582 auctor
841 1527 1071 1582 Boetius
1098 1528 1208 1596 (De
1229 1525 1441 1579 consol.
1481 1525 1718 1590 ΡΙιίιοεη
1749 1525 1844 1580 lib.
1872 1541 1956 1592 Ill,

269 1623 449 1672 metro
475 1620 548 1681 '7),
581 1629 712 1670 cum
744 1615 812 1671 de
840 1614 1062 1670 latrone
1112 1615 1349 1684 pudoris
1384 1613 1676 1684 voluptate
1721 1621 1915 1685 ageret
1943 1629 1954 1668 :

553 1711 737 1766 Habet
766 1712 870 1766 hoc
905 1711 1171 1782 voluptas
1192 1709 1410 1775 omnis;

550 1782 824 1838 Stimulis
845 1783 968 1856 agit
971 1783 1264 1851 furentes,
1297 1790 1403 1836 etc.

269 1881 373 1937 Sed
426 1881 640 1951 quibus
685 1881 968 1937 stimulis?
997 1879 1139 1946 Qua,
1190 1879 1449 1949 inquam,
1478 1878 1688 1934 doloris
1742 1878 1962 1934 insania

267 1968 608 2038 languidum
663 1969 1033 2025 excarnificat
1081 1975 1292 2037 pectus,
1347 1977 1401 2022 et
1448 1967 1589 2021 dum
1643 1965 1962 2021 furibunda

268 2056 518 2112 remedia
597 2055 793 2112 furiosi
845 2054 1100 2124 cupidini
1156 2053 1226 2108 ad
1286 2053 1722 2125 exaggerandas
1780 2054 1961 2108 furias

266 2144 682 2213 exquiruntur,
743 2144 813 2199 ad
875 2150 1161 2198 extremos
1207 2141 1478 2206 defectus,
1553 2149 1606 2197 et
1691 2150 1961 2197 cruentas

268 2237 520 2286 torturas
551 2245 710 2287 mens
739 2231 997 2298 undique
1037 2228 1242 2295 lacera,
1279 2231 1334 2283 et
1384 2227 1656 2298 dissipata
1703 2229 1958 2285 devolvi-

265 2325 379 2372 tur.
417 2318 531 2373 Etsi
567 2317 868 2387 aliquoties
901 2315 1192 2372 doloribus
1229 2323 1353 2370 acta
1385 2315 1671 2384 poeniteat,
1723 2323 1960 2371 exacto-

266 2418 357 2459 res
410 2405 559 2460 illico
617 2404 857 2460 redeunt
920 2403 1254 2468 Pharaonis,
1317 2409 1371 2456 et
1434 2400 1788 2472 ﬂagellatum
1862 2416 1962 2457 cor

175 2513 182 2516 -
266 2492 541 2548 miserum
572 2493 644 2547 ad
672 2491 901 2547 solitum
933 2505 1052 2544 suae
1085 2488 1370 2559 pensionis
1423 2497 1662 2558 cogunt,
1721 2490 1960 2545 duriora

265 2594 489 2650 semper
526 2581 891 2651 adjectantes,
939 2591 1242 2648 properare
1289 2577 1557 2648 vectigal.
1604 2577 1763 2633 Unde
1825 2593 1957 2634 mox

266 2667 338 2722 ad
369 2668 565 2723 odium
594 2667 766 2723 totius
800 2665 1091 2735 religionis
1120 2663 1429 2730 acceditur,
1463 2671 1662 2718 sancta
1706 2665 1958 2720 claustra

266 2760 321 2809 et
374 2755 626 2810 fraterna
677 2751 1054 2808 contubernia
1103 2751 1294 2817 fetent,
1356 2751 1643 2821 quidquid
1693 2765 1957 2821 perverse

265 2843 444 2898 amori
530 2841 758 2907 resistit,
849 2839 1118 2910 quamvis
1196 2839 1499 2909 optimum,
1573 2841 1952 2908 maledicitur,

265 2931 431 3000 empti
465 2928 770 3000 cujuslibet
794 2929 923 2985 boni
949 2927 1279 2997 pcenitentia
1309 2927 1703 2997 consequitur.

338 3017 596 3073 Pessimae
651 3016 815 3072 istius
881 3017 1080 3072 cicuta:
1157 3015 1388 3083 primos,
1463 3014 1550 3069 uti
1633 3015 1951 3082 referimus,

265 3105 572 3176 profectus,
634 3109 690 3160 et
748 3105 1003 3174 ejusdem
1076 3103 1336 3158 contritae
1402 3102 1676 3159 obscenos
1729 3105 1950 3173 odores,

262 3206 579 3262 succosque
635 3191 952 3248 mortiferos
1007 3189 1340 3259 praelibatus
1411 3197 1612 3245 auctor
1689 3197 1835 3246 324
1898 3192 1953 3247 in

263 3280 558 3344 anteriori,
637 3288 700 3336 ut
779 3279 1006 3349 opinor,
1080 3277 1361 3332 sententia
1436 3278 1600 3346 plene
1679 3279 1950 3336 elucidat.

268 3391 289 3417 ι
348 3368 514 3434 Quid,
556 3367 765 3438 inquit,
816 3367 885 3422 de
945 3364 1339 3434 voluptatibus
1393 3364 1642 3434 loquar?
1697 3366 1951 3433 Quarum

263 3457 493 3527 quidem
527 3457 850 3526 appetentia
880 3455 1050 3526 plena
1083 3454 1390 3509 anxietatis
1421 3462 1524 3520 est,
1557 3455 1789 3512 satietas
1820 3471 1954 3512 vero

263 3546 608 3616 poenitentia;
640 3546 913 3615 (ΒοΕτιυδ,
945 3559 1118 3613 prosa
1148 3558 1228 3612 ιιι,
1257 3545 1334 3612 7).
1373 3565 1393 3590 ι
1447 3541 1552 3599 Sed
1583 3559 1654 3599 ex
1707 3545 1956 3614 praefatis

261 3637 440 3692 habes
491 3634 859 3690 anxietatem.
921 3633 1058 3701 Quae
1129 3647 1262 3689 vero
1323 3633 1432 3688 illa'
1467 3635 1716 3700 satietas,
1777 3649 1953 3704 quam

259 3724 524 3780 venenosi
582 3731 636 3779 et
711 3730 930 3778 atroces
1003 3722 1157 3778 illius
1201 3729 1456 3778 eruentae
1527 3723 1953 3778 eomessationis

260 3822 486 3884 gustus,
518 3813 688 3882 cujus
717 3817 834 3866 tam
863 3810 1044 3880 putidi
1076 3818 1212 3866 sunt
1255 3814 1454 3866 ructus
1488 3818 1550 3866 ut
1599 3824 1706 3866 sua
1727 3811 1951 3866 audito-

261 3917 352 3958 res
380 3902 532 3957 fama
571 3900 856 3955 teterrime
915 3906 1142 3954 vexent.
1205 3898 1385 3969 Cujus
1432 3899 1754 3954 refectionis
1809 3899 1956 3955 defe-

258 3998 386 4047 ctus
417 3989 487 4043 ad
535 3986 798 4042 effectum
852 3986 1084 4056 quidem
1143 4001 1315 4042 suum
1369 3987 1642 4042 momenti
1701 3987 1951 4056 spatium

260 4092 404 4149 pene
433 4075 662 4142 sufticit,
700 4075 796 4130 sed
829 4075 1038 4130 inﬁniti
1083 4074 1294 4130 doloris
1344 4089 1554 4131 maeror
1606 4076 1953 4132 brevissimae

258 4161 369 4231 ipsi
397 4161 752 4217 delectationi
795 4162 1064 4217 succedit.
1110 4162 1209 4218 Sed
1261 4163 1393 4232 quis
1446 4163 1692 4217 mceror?
1734 4163 1954 4216 acerri—

2075 463 2333 520 biturum
2390 465 2706 535 pollicetur.
2761 466 3052 532 Quantum
3085 481 3156 522 ne
3185 481 3327 522 suus
3367 466 3602 536 quidem
3660 480 3772 535 pa-

2073 558 2206 614 stor,
2241 551 2285 605 si
2319 553 2426 606 sibi
2471 553 2613 608 foret
2659 553 2971 619 confessus,
3018 561 3253 608 arceret.
3297 554 3370 608 At
3419 553 3525 608 ista
3589 553 3776 608 fallax

2073 641 2441 709 praesumptio
2484 641 2630 696 male
2671 641 2854 697 fotum
2890 641 2943 696 in
2978 641 3320 710 multiplicia
3367 641 3613 696 crimina
3653 641 3776 697 cri-

2072 742 2201 784 men
2229 743 2549 800 propagare
2594 729 2859 799 protinus
2893 745 3006 784 non
3037 729 3262 797 desinit,
3299 736 3352 784 et
3384 730 3521 784 dum
3585 729 3779 784 latens

2071 816 2306 872 delectat
2339 832 2436 872 cor
2481 817 2771 888 iniquitas,
2803 833 3036 888 quoque
3065 823 3223 887 pacto
3255 817 3419 889 signo
3466 818 3554 873 vel
3595 832 3780 888 opere

2072 905 2278 974 quovis
2297 904 2369 959 ad
2399 906 2658 961 omnium
2701 906 3034 975 propalatur
3063 906 3313 962 notitias.
3363 907 3525 962 Tunc
3575 907 3772 975 impu-

2071 991 2282 1060 dentia,
2341 999 2394 1048 et
2453 993 2666 1062 pariter
2718 993 3006 1048 induratio
3052 993 3470 1063 consequitur:
3527 992 3777 1061 reprobo

2070 1095 2264 1148 sensu,
2291 1089 2346 1136 et
2376 1081 2768 1150 desperatione
2790 1083 2860 1137 ad
2893 1082 3162 1138 ultimum
3195 1082 3579 1138 concluditur.

2143 1170 2554 1224 Verecundiam
2593 1183 2732 1224 sane
2770 1178 2900 1224 ante
2953 1178 3250 1239 peccatum
3311 1178 3590 1240 tanquam
3641 1183 3776 1225 ser-

2070 1256 2242 1312 vilem
2335 1264 2551 1312 metum
2621 1258 2817 1313 utilem
2893 1258 3232 1330 plerumque
3307 1258 3574 1324 dixerim,
3644 1263 3776 1326 post

2068 1347 2296 1416 culpam
2358 1353 2512 1401 tanto
2574 1345 3050 1414 perniciosiorem,
3123 1355 3342 1417 quanto
3407 1361 3587 1416 pravo
3659 1361 3773 1400 suo

2068 1435 2275 1504 pudori
2331 1433 2540 1489 tuendo
2588 1448 2888 1503 personam
2957 1435 3166 1490 videris
3240 1450 3352 1490 non
3443 1434 3774 1490 conﬁtendo

2068 1523 2401 1578 cautiorem.
2489 1523 2729 1576 Ametur
2787 1521 2981 1591 igitur,
3015 1523 3273 1578 confusio
3324 1537 3454 1592 quae
3518 1522 3770 1592 gloriam

2069 1609 2330 1675 adducit;
2400 1609 2470 1664 ad
2523 1608 2870 1678 Babylonem
2923 1610 3077 1664 enim
3130 1612 3235 1666 hoc
3295 1611 3460 1666 modo
3537 1609 3771 1664 venisse

2001 1672 2041 1725 Β
2073 1672 2388 1768 plurimum
2420 1704 2626 1753 nostrae
2647 1672 2977 1754 vliberationi
3013 1697 3255 1767 proﬁcit.

2709 1785 2938 1842 CAPUT
2970 1786 3118 1842 XVI.

2140 1875 2466 1930 Monastica
2505 1874 2792 1936 instituta.
2811 1876 3077 1946 fugaque
3104 1873 3483 1941 saecularium,
3524 1870 3771 1944 virgini-

2071 1963 2178 2016 tati
2205 1963 2426 2017 tuenda
2474 1963 2754 2033 optimum
2799 1962 3134 2016 remedium.
3171 1992 3239 2001 ——
3275 1962 3484 2017 Tacere
3529 1974 3773 2030 prorsus

2069 2066 2172 2108 nos
2210 2052 2572 2122 proposuisse
2603 2053 2669 2107 de
2693 2051 2934 2107 caelestis
2982 2049 3464 2105 remunerationis
3525 2048 3770 2117 quanti-

2067 2147 2200 2207 tate,
2235 2155 2365 2210 quae
2393 2140 2632 2196 debetur
2671 2138 3016 2209 virginibus,
3042 2151 3206 2192 nemo
3244 2136 3506 2201 miretur,
3536 2135 3677 2205 quia
3713 2142 3772 2189 et

2067 2242 2171 2282 nos
2201 2229 2354 2294 latet,
2387 2228 2521 2282 etei
2566 2226 2936 2282 enuntiandze
2977 2239 3090 2280 non
3144 2223 3482 2289 sufﬁcimus,
3530 2230 3584 2277 et
3633 2237 3770 2292 qua:

2067 2329 2182 2371 non
2211 2322 2407 2384 patent
2444 2314 2627 2369 oculis
2673 2313 2888 2382 tepidos
2932 2311 3124 2367 minus
3159 2310 3415 2366 excitant
3449 2311 3767 2374 auditores,

2067 2419 2134 2461 ea
2164 2419 2297 2459 vero
2327 2417 2576 2474 quorum
2626 2403 2774 2458 dura
2811 2402 3166 2472 experientia
3204 2409 3306 2469 est,
3363 2409 3418 2457 et
3475 2416 3608 2471 qua:
3661 2402 3770 2455 abs

2068 2491 2322 2561 quolibet
2354 2490 2634 2547 usualiter
2670 2490 2899 2560 probari
2941 2504 3117 2559 quam
3155 2489 3307 2544 mala
3356 2495 3492 2544 sunt
3535 2489 3763 2544 creber-

2065 2582 2208 2637 rime
2233 2582 2433 2649 solent,
2477 2580 2724 2650 exempli
2757 2579 3109 2635 adhibitione
3157 2580 3420 2650 digniora
3470 2579 3610 2634 mihi
3640 2581 3768 2634 visa

2065 2676 2221 2734 sunt,
2268 2676 2327 2724 ut
2357 2669 2556 2724 saltem
2609 2669 2840 2723 horreat
2881 2666 3109 2721 animus
3158 2667 3447 2722 tantillum
3492 2667 3674 2722 mellis
3707 2667 3766 2722 in

2065 2759 2190 2828 apis
2219 2773 2314 2815 ore
2342 2773 2620 2829 quaerere,
2642 2758 2780 2813 dum
2816 2758 3069 2828 cogitant
3100 2757 3367 2813 aculeum
3393 2759 3496 2828 qui
3548 2760 3769 2815 cruciet

2066 2847 2247 2902 inesse
2299 2847 2452 2903 illius
2507 2845 2726 2902 eandm.
2778 2847 2849 2900 Et
2903 2846 3042 2902 illud
3084 2846 3374 2902 inculcare
3419 2861 3531 2901 non
3562 2845 3663 2900 abs
3706 2860 3770 2901 re

2019 2966 2035 3018 ι
2063 2941 2166 3001 est,
2201 2934 2356 3004 quod
2393 2949 2459 2989 eo
2489 2933 2720 2989 stimulo
2765 2934 3060 2990 concitatis
3089 2935 3168 2990 nil
3205 2935 3277 2990 sit
3331 2935 3530 2991 utilius
3583 2949 3769 3006 quam

2067 3024 2302 3079 claustri
2389 3022 2837 3092 monasteriique
2929 3024 3302 3094 perpetuitas,
3391 3024 3765 3080 saecularium

2065 3111 2536 3182 quampraacipue
2593 3109 2866 3179 colloquii
2918 3109 3060 3181 fuga
3108 3126 3506 3180 personarum,
3557 3126 3766 3168 rumo-

2062 3215 2193 3258 rum
2249 3199 2502 3266 evitatio,
2557 3203 2612 3254 et
2665 3198 2952 3268 quidquid
3006 3200 3263 3256 animose
3339 3200 3590 3256 carnalis
3632 3214 3768 3256 am-

2065 3288 2336 3358 plexatur
2369 3287 2584 3343 electio.

2135 3377 2288 3431 inter
2347 3390 2477 3446 quae
2535 3388 2898 3444 summopere
2962 3375 3220 3430 ciborum
3287 3383 3340 3430 et
3412 3375 3760 3432 vietualium

2061 3463 2321 3520 omnium
2379 3463 2581 3533 ingens
2632 3463 2688 3518 in
2733 3462 3012 3518 sumendo
3061 3463 3326 3519 habenda
3375 3464 3662 3532 discretio,
3710 3473 3767 3520 et

2060 3551 2285 3607 servilis
2325 3549 2489 3605 multi
2539 3550 2726 3619 operis
2772 3550 3065 3618 instantia,
3103 3558 3158 3606 et
3202 3551 3345 3621 jugo
3396 3551 3766 3619 parcimoniaa

2061 3638 2360 3696 curvanda
2412 3637 2692 3705 ferocitas,
2762 3653 2835 3694 ne
2872 3638 3012 3694 dum
3056 3639 3242 3695 cordis
3297 3641 3583 3696 munditia
3638 3641 3766 3696 sine

2062 3727 2409 3785 abstinentia
2453 3727 2808 3783 exteriorum
2855 3727 3214 3797 voluptatum
3249 3728 3551 3798 quaeritur,
3594 3743 3766 3798 quae-

2059 3817 2238 3872 rentis
2266 3815 2522 3882 effectus,
2558 3824 2622 3871 ut
2653 3816 2900 3887 dignum
2939 3825 3042 3884 est,
3074 3818 3367 3874 cludatur.

2135 3902 2502 3958 Tentationes
2557 3903 2724 3958 Patri
2771 3901 3072 3974 spirituali
3121 3907 3254 3960 sunt
3289 3904 3630 3976 aperiendae.
3695 3937 3765 3945 —-

2061 3992 2248 4060 Supra
2269 3991 2392 4046 haec
2425 3992 2781 4060 permaxima
2813 3999 2868 4046 et
2895 3999 3152 4048 extreme
3186 3992 3400 4048 bonum
3432 3991 3551 4047 fore
3597 3991 3764 4046 arbi-

2061 4087 2198 4146 tror,
2283 4078 2619 4147 obrepentes
2708 4079 2917 4135 animm
2995 4080 3421 4150 qualiscunque
3509 4080 3764 4136 lasciviae

2062 4166 2252 4220 motus
2304 4165 2553 4233 proprio,
2604 4164 2699 4220 cui
2753 4164 2841 4221 sui
2901 4165 3259 4235 potissimum
3308 4165 3546 4235 pertinet
3594 4181 3758 4231 cura,

260 4264 412 4318 mus,
436 4257 491 4305 et
522 4249 740 4304 nullius
764 4249 958 4304 damni
991 4250 1316 4318 temporalis
1367 4249 1608 4305 tristitia
1648 4249 1950 4304 conferen-
1991 4265 2033 4318 ι)
2062 4253 2274 4322 pastori
2347 4254 2783 4322 quamprimum
2832 4252 2892 4307 in
2955 4253 3090 4322 ipsis
3146 4254 3529 4324 suggestionis
3584 4253 3764 4310 initiis

259 4341 389 4407 dus,
420 4339 524 4410 qui
555 4341 612 4394 in
647 4345 869 4394 tantum
900 4353 1072 4393 suum
1127 4339 1468 4407 plerumque
1498 4338 1728 4393 stimulo
1779 4352 1952 4408 ango-

259 4429 340 4485 ris
365 4428 584 4498 agitare
636 4425 932 4482 consuevit
980 4433 1273 4481 auctorem
1327 4434 1391 4481 ut
1445 4427 1675 4495 propria
1699 4426 1952 4495 scipsum

263 4515 497 4570 dextera
529 4514 586 4568 in
642 4514 842 4569 mortis
893 4514 1067 4584 eligat
1124 4513 1483 4584 praecipitare
1539 4514 1844 4570 discrimen
1901 4522 1956 4570 et

264 4617 396 4658 cum
450 4603 759 4674 perpetrati
823 4601 1094 4658 facinoris
1141 4601 1249 4657 sibi
1309 4610 1515 4673 praeter
1569 4617 1627 4658 se
1694 4603 1956 4659 conscius

264 4708 378 4748 non
439 4693 667 4763 existat,
727 4695 1011 4750 neminem
1089 4707 1202 4746 non
1268 4694 1413 4747 scire
1469 4693 1756 4748 arbitrans
1835 4708 1956 4749 sua:

263 4781 429 4837 dente
451 4781 794 4850 suspicionis
823 4781 961 4837 adeo
1001 4779 1122 4835 dire
1165 4779 1359 4835 infelix
1411 4781 1639 4837 animus
1695 4780 1958 4836 eorrodi—

264 4878 360 4926 tur
390 4877 454 4924 ut
474 4869 596 4939 jam
625 4869 884 4945 omnium
931 4869 1079 4924 inter
1103 4881 1251 4937 quos
1298 4867 1518 4924 habitat
1547 4869 1860 4940 exsanguis
1891 4883 1958 4925 ac

265 4955 532 5025 pavidus,
606 4969 776 5024 super
855 4970 960 5010 suo
1032 4970 1163 5011 cum
1223 4957 1416 5012 adhuc
1482 4957 1653 5012 lateat
1720 4957 1953 5028 ﬂagitio,

258 5045 546 5115 judicium
585 5043 961 5115 praestoletur.

333 5133 571 5190 Talibus
601 5133 779 5204 igitur
810 5131 1039 5187 subesse
1076 5131 1391 5201 suppliciis,
1424 5133 1563 5202 quid
1606 5131 1716 5186 nisi
1750 5131 1957 5202 imagi—

265 5221 475 5292 narius
520 5222 754 5292 quidam
815 5220 1075 5275 infernus
1141 5222 1557 5276 verisimillime
1605 5219 1958 5275 aestimetur?

268 5307 370 5364 Sed
405 5291 551 5365 dum,
573 5321 695 5378 post
728 5309 948 5380 lapsum
978 5309 1279 5380 aliquoties
1318 5309 1603 5364 erubescit
1648 5308 1958 5363 vehemen-

268 5401 352 5450 ter
379 5395 632 5450 conﬁteri
679 5397 831 5466 quod
857 5397 1066 5468 egerit;
1121 5397 1273 5464 apud
1316 5410 1374 5450 se
1411 5395 1721 5465 quamdam
1773 5395 1958 5450 conti-

339 5519 454 5591 (28)
482 5519 619 5575 Vide
647 5534 809 5589 capp.
844 5522 877 5574 4
905 5529 959 5576 et
989 5526 1018 5575 7
1052 5520 1285 5591 Regulae
1315 5519 1370 5575 S.
1399 5519 1606 5576 Bened.

2065 4340 2316 4411 pandere
2346 4337 2489 4409 ('28);
2518 4353 2622 4394 nec
2649 4338 2982 4394 summatim
3008 4348 3110 4395 aut
3139 4341 3424 4409 simulate,
3457 4342 3552 4397 sed
3585 4356 3760 4398 suum

2065 4429 2204 4484 adeo
2234 4436 2520 4499 quantum
2551 4427 2702 4483 valet
2749 4429 3044 4485 denudare
3088 4430 3424 4500 cogitatum,
3479 4439 3543 4486 ut
3576 4439 3764 4487 totum

2063 4534 2121 4574 se
2175 4517 2412 4573 rectoris
2452 4515 2670 4587 judicio
2747 4518 2998 4574 insinuet
3045 4519 3521 4589 gubernandum;
3593 4533 3762 4575 nemo

2063 4607 2216 4663 enim
2263 4606 2407 4662 bene
2453 4606 2724 4662 subditus
2777 4607 2894 4676 regi
2946 4621 2979 4661 a
3019 4608 3251 4677 prmlato
3302 4609 3524 4677 poterit,
3590 4606 3765 4677 cujus

2066 4697 2184 4766 ipse
2229 4695 2590 4752 conscientiae
2647 4697 2889 4766 ignarus
2929 4697 3053 4752 erit.
3106 4696 3160 4752 Si
3217 4709 3353 4766 ergo
3397 4709 3551 4766 {eger
3622 4694 3761 4750 obo-

2064 4783 2243 4840 riente
2290 4783 2488 4838 morbo
2531 4783 2639 4839 sibi
2675 4784 2987 4853 prudenter
3019 4784 3297 4853 providet,
3350 4782 3527 4838 menti
3558 4781 3763 4837 medici

2063 4884 2289 4924 necesse
2342 4877 2426 4924 est
2493 4877 2554 4925 ut
2610 4870 2903 4926 materiam
2967 4871 3324 4941 modumque
3399 4868 3765 4940 wgritudinis

2066 4956 2470 5028 pronuntians,
2503 4955 2840 5012 universum
2885 4971 2942 5012 se
2991 4958 3295 5027 mancipet.
3347 4957 3481 5013 Haec
3529 4955 3764 5026 quidem

2065 5046 2212 5103 facto
2245 5045 2466 5116 gravia,
2499 5044 2594 5100 sed
2629 5059 2745 5114 quo
2773 5045 3040 5116 graviora
3061 5059 3126 5101 eo
3156 5046 3406 5101 utiliora.

2139 5133 2353 5200 Quanti
2377 5132 2508 5187 boni
2552 5133 2826 5204 pacisque
2872 5133 2962 5187 vel
3006 5133 3068 5186 in
3109 5133 3213 5188 hoc
3251 5131 3455 5188 saeculo
3505 5129 3769 5186 obveniat

2063 5221 2341 5294 puritatis
2377 5220 2650 5276 studioso.
2687 5251 2752 5260 —
2810 5221 2998 5292 Igitur
3043 5221 3246 5276 tantilli
3303 5219 3515 5274 laboris
3562 5219 3767 5274 virtuti

2067 5310 2371 5381 praemium
2420 5323 2524 5380 ego
2577 5308 2718 5363 mire
2766 5316 2983 5377 potens,
3040 5308 3182 5362 mire
3237 5320 3414 5362 suave
3473 5306 3770 5376 praeﬁgere

2065 5401 2237 5455 etiam
2276 5400 2329 5453 in
2367 5399 2470 5452 hoc
2503 5397 2713 5452 saeculo
2755 5396 3022 5459 audeam,
3062 5396 3131 5450 ad
3174 5395 3345 5465 cujus
3386 5398 3768 5465 comparatio-
