3928 6070
181 203 292 256 6Οό

1411 199 1828 258 OPUSCULUM
1867 201 1960 255 DE
2005 200 2466 256 VIRGINITATE.

3589 207 3693 260 606

184 353 320 395 nem
377 338 640 395 tantillus
687 351 840 394 .vere
903 337 1066 393 labor
1121 336 1212 392 ille
1261 343 1516 406 putetur.
1588 336 1886 394 Neminem
1923 337 1971 390 A
2001 349 2104 392 nos
2132 335 2404 407 qualibet
2446 350 2716 407 nequam,
2750 345 3094 408 suggerente
3146 337 3357 393 Satana
3403 344 3457 393 et
3490 337 3697 393 acriter

185 428 371 499 hujus
427 427 558 482 talis
637 425 979 482 titillationis
1054 439 1305 496 gnarum
1373 425 1526 492 latet,
1610 433 1674 482 ut
1741 439 1887 493 reor,

185 523 412 586 quanto
461 514 856 584 suspicionum
898 512 1150 580 turbine,
1201 521 1263 569 ut
1311 512 1506 569 animo
1553 513 1746 570 adhuc
1795 527 1891 569 ce-

184 603 344 659 lante
402 603 536 670 fota,
598 609 701 658 aut
751 615 922 670 opere
993 608 1320 670 perpetrata
1385 601 1562 657 libido
1626 601 1894 658 miseram

183 699 360 748 vexet
415 696 684 757 mentem,
750 689 987 760 quantis
1039 689 1340 758 captivum
1395 689 1658 746 sollicitet
1705 689 1894 745 homi-

185 792 323 834 nem
362 778 538 834 curis.
590 776 788 832 Libido
845 789 983 832 sane
1034 784 1344 843 transacta,
1402 784 1468 833 ut
1507 777 1586 832 ait
1632 776 1890 846 quidam,

186 879 415 934 semper
451 865 542 920 sui
594 863 871 934 relinquit
923 863 1360 934 paenitudinem.
1411 864 1482 920 Et
1539 879 1699 921 mens
1749 864 1896 921 male

187 954 440 1019 conscia,
489 959 552 1008 ut
599 953 741 1008 alter
787 952 886 1018 ait,
942 951 1188 1020 propriis
1240 964 1464 1020 semper
1511 951 1766 1022 agitatur
1799 952 1895 1007 sti-

191 1040 389 1095 mulis.
450 1039 556 1095 Sed
615 1040 745 1108 pius
801 1039 1052 1108 quisque
1111 1037 1378 1107 puritatis
1427 1039 1720 1094 studiosus
1769 1038 1897 1095 talis

188 1129 483 1197 spurcitia
533 1129 605 1183 ab
636 1127 850 1183 intimis
905 1126 1118 1183 rudera
1161 1126 1495 1195 discutiens,
1537 1142 1671 1184 cum
1703 1142 1898 1198 corpo-

191 1217 308 1273 reis
355 1219 477 1288 jam
535 1230 778 1288 regnare
828 1215 1075 1272 motibus
1121 1216 1377 1286 caperit,
1423 1223 1478 1272 et
1521 1216 1759 1272 obsoleti
1805 1216 1896 1273 sui

191 1302 360 1372 vulgi
389 1301 644 1372 quadam
687 1301 743 1356 vi
778 1300 1145 1370 imperatoria
1195 1300 1392 1356 sedare
1426 1300 1732 1364 tumultus,
1767 1301 1898 1370 quis

194 1389 371 1460 digne
426 1389 666 1445 disserat
727 1403 858 1458 qua
900 1389 1024 1455 lux,
1077 1403 1209 1458 qua
1254 1401 1390 1458 pax,
1437 1403 1568 1458 qua
1620 1389 1898 1444 securitas

194 1477 355 1533 cordi
388 1477 537 1532 illico
569 1476 646 1532 illi
698 1476 1040 1543 innascitur,
1092 1476 1247 1546 quod
1277 1491 1388 1531 non
1422 1477 1676 1532 meditati
1726 1476 1897 1547 ﬂagi-

192 1565 262 1620 tii
321 1564 545 1620 faditas
598 1565 798 1631 inﬁcit,
858 1578 974 1620 non
1034 1563 1319 1634 appetitus
1388 1563 1664 1634 impudici
1723 1564 1897 1619 ardor

193 1653 396 1719 inurit,
425 1653 587 1708 nulla
611 1667 743 1723 qua
773 1666 806 1707 a
831 1652 947 1708 Deo
977 1659 1199 1721 separet
1229 1651 1439 1721 cupido
1487 1651 1774 1707 distendit.

270 1741 387 1796 Hoc
411 1748 492 1797 est
524 1740 665 1797 illud
710 1740 921 1808 oleum,
953 1755 1070 1810 quo
1116 1754 1277 1795 mens
1325 1739 1571 1811 gloriose
1618 1739 1893 1807 delibuta,

194 1829 400 1885 faciem
449 1829 886 1899 contemplando
928 1844 1035 1885 suo
1063 1828 1353 1885 exhilarat
1398 1827 1654 1885 Creatori
1710 1827 1892 1899 (Psal.

194 1933 316 1984 cm,
355 1916 463 1985 15).
499 1919 693 1988 Ipsum
741 1918 910 1974 etiam
963 1918 1171 1973 latitia
1225 1918 1436 1985 oleum,
1486 1931 1602 1987 quo
1655 1916 1898 1973 Sanctus

195 2013 529 2062 sanctorum
571 2020 686 2075 pra
716 2006 804 2061 sui
836 2005 1211 2076 participibus
1237 2005 1481 2076 ungitur
1511 2004 1694 2075 (Psal.
1740 2019 1893 2071 xuv,

195 2095 273 2165 8).
310 2095 446 2162 Hoc,
503 2095 767 2164 inquam,
795 2095 1134 2174 est’oleum,
1196 2095 1353 2164 quod
1406 2093 1700 2148 doloribus
1747 2094 1896 2149 inte-

195 2183 364 2239 stinis
412 2183 690 2250 medetur,
745 2198 864 2252 quo
915 2198 1040 2239 ossa
1071 2190 1284 2251 nostra,
1343 2181 1556 2238 scilicet
1613 2182 1898 2237 virtutum

199 2279 532 2328 nostrarum
581 2271 795 2340 abdita,
831 2271 1155 2342 irrigantur
1200 2278 1256 2327 et
1304 2272 1676 2336 roborantur,
1727 2269 1899 2339 juxta

199 2360 345 2415 illud
373 2361 728 2415 contrarium
765 2360 817 2414 in
857 2361 1077 2430 psalmo
1111 2377 1123 2413 :
1157 2361 1319 2414 Sicut
1354 2359 1541 2414 oleum
1580 2358 1642 2412 in
1679 2357 1900 2412 ossibus

195 2447 326 2517 ejus
361 2447 539 2518 (Psal.
599 2463 752 2516 cvm,
815 2451 925 2519 18).
974 2449 1092 2504 Hoc
1135 2449 1329 2505 itidem
1382 2455 1640 2504 nostrum
1692 2447 1899 2502 debere

195 2544 369 2604 caput
396 2535 768 2607 impinguari,
808 2543 1054 2592 mentem
1093 2537 1452 2607 signiﬁcans,
1501 2534 1645 2590 alias
1701 2535 1898 2604 perhi-

193 2623 369 2678 betur
406 2622 587 2694 (Psal.
624 2638 762 2689 χχιι,
799 2625 870 2692 5).
910 2624 1067 2678 Bona
1110 2624 1305 2693 itaque
1356 2623 1702 2678 conscientia
1757 2621 1897 2691 quid

197 2711 460 2778 suavius,
509 2711 652 2781 quid
701 2712 759 2766 in
800 2711 1099 2780 pramium
1153 2711 1420 2781 prasenti
1471 2710 1691 2766 felicius
1743 2711 1899 2765 dixe-

196 2798 353 2854 rim?
397 2813 530 2869 qua
562 2814 693 2854 cum
717 2799 1044 2855 obtineatur
1078 2799 1380 2869 aliquoties
1401 2807 1740 2856 caterarum
1784 2808 1900 2855 stu-

196 2887 312 2956 dio,
338 2887 696 2957 potissimum
724 2888 938 2943 virtute
966 2888 1243 2943 castitatis
1263 2887 1607 2957 acquiritur.

735 2981 884 3029 326
913 2975 1144 3031 CAPUT
1184 2975 1361 3033 XVII.

273 3063 665 3128 Quorumdam
689 3063 1035 3118 animalium
1059 3062 1320 3135 puritate
1342 3061 1599 3118 homines
1617 3063 1694 3116 ad
1722 3062 1896 3134 pudi-

194 3151 398 3207 citiam
423 3155 822 3224 provocantur.
855 3183 924 3192 —
957 3151 1062 3207 Sed
1085 3151 1217 3222 quis
1247 3152 1386 3207 adeo
1416 3151 1737 3221 praedicata
1770 3160 1895 3207 tau-

197 3241 391 3311 tisque
445 3241 764 3312 privilegiis
817 3249 1134 3296 munerata
1203 3240 1486 3311 refragari
1533 3240 1898 3296 continentia

197 3331 433 3395 audeat,
482 3344 658 3401 quam
705 3345 896 3400 neque
941 3329 1061 3385 suis
1087 3329 1335 3399 propriis
1381 3343 1570 3399 neque
1626 3329 1898 3385 humana

196 3420 523 3489 cujuspiam
556 3419 688 3475 vita
715 3418 992 3488 exemplis
1030 3418 1292 3474 Salvator
1336 3418 1522 3474 solum
1565 3417 1899 3474 imitabilem

196 3506 319 3562 fore
367 3507 680 3576 perdocuit,
725 3507 822 3563 sed
856 3505 1027 3562 etiam
1079 3506 1392 3562 bestiarum
1443 3506 1758 3575 aviumque
1818 3506 1896 3561 fe-

197 3594 411 3649 ralium
453 3595 794 3651 documento
839 3595 1128 3651 celebrare
1175 3609 1291 3650 non
1349 3595 1576 3650 renuit?
1624 3593 1898 3650 Conside—

196 3696 394 3738 remus
465 3691 714 3740 castores
785 3699 931 3754 quos
1005 3683 1286 3739 usualiter
1367 3682 1602 3738 beveres
1671 3681 1898 3754 [Gallice

195 3769 463 3842 Bieures]
498 3772 834 3841 vocitamus,
868 3787 1119 3842 quorum
1150 3770 1394 3827 testiculi
1422 3785 1553 3826 cum
1580 3771 1898 3841 plurimum

195 3859 427 3916 valeant
472 3860 786 3928 medicina,
840 3861 1126 3917 maximas
1167 3861 1553 3916 insectationis
1612 3859 1899 3914 molestias

196 3962 396 4004 eorum
431 3963 608 4005 causa
647 3950 702 4004 in
757 3951 877 4006 suis
904 3950 1236 4006 referuntur
1291 3948 1627 4019 regionibus
1658 3948 1894 4018 perpeti.

196 4035 326 4103 Qui,
372 4037 511 4092 dum
560 4052 663 4107 pro
707 4038 916 4094 eisdem
950 4038 1144 4093 acrius
1200 4051 1258 4093 se
1305 4037 1555 4092 viderint
1613 4035 1892 4100 infestari,

198 4139 331 4182 cum
362 4140 482 4182 sua
513 4126 709 4197 fugam
741 4127 910 4182 saluti
941 4126 1203 4182 sufﬁcere
1233 4139 1351 4180 non
1379 4139 1566 4193 possse
1597 4138 1896 4193 persense-

2003 424 2265 491 instante,
2328 425 2702 482 humiliantes
2773 441 2876 481 nos
2925 427 3034 482 sub
3084 427 3295 495 potenti
3366 441 3547 482 manu
3598 425 3696 482 Dei

2001 514 2050 584 (Ι
2087 515 2236 568 Petr.
2273 529 2328 576 v,
2377 516 2434 584 6)
2468 515 2690 585 rejectis
2717 514 2960 570 terrenis
3011 515 3313 570 affectibus
3359 514 3499 570 calo
3547 514 3693 570 infe-

2000 615 2200 658 ramus
2247 601 2543 669 intuitum,
2576 616 2741 672 opere
2770 602 3192 658 conclamantes
3227 617 3238 656 :
3272 601 3421 656 Mihi
3448 602 3697 656 mundus

1997 689 2301 763 crum'ﬁxus
2328 693 2415 743 est
2434 692 2489 743 et
2507 705 2607 761 ego
2629 688 2840 758 mundo
2870 688 3016 759 (Gal.
3068 704 3145 754 vr,
3182 689 3284 756 14).
3323 689 3478 745 Vade
3521 696 3694 757 retro,

2001 776 2259 846 Satanas,
2292 792 2425 834 cum
2460 778 2631 848 nugis
2661 777 2793 833 tuis.
2833 777 2952 832 Hac
2995 784 3094 832 tua
3135 776 3372 832 libidine
3415 776 3535 846 jam
3582 777 3698 832 du-

2001 864 2138 921 dum
2188 881 2259 921 ne
2313 866 2555 922 caelestis
2603 865 2876 920 castravit
2923 878 3104 919 amor.
3166 865 3221 919 Si
3277 864 3697 921 beverultro—

2002 968 2146 1010 neus
2173 954 2359 1010 officio
2390 961 2506 1010 tam
2549 954 2696 1019 utili,
2741 953 2953 1008 scilicet
2991 966 3108 1022 quo
3156 961 3410 1022 generat,
3462 960 3614 1007 caret
3644 957 3700 1007 et

2001 1043 2157 1113 quod
2189 1042 2545 1112 pracipuum
2586 1041 2757 1096 habet
2796 1055 2895 1110 pro
2945 1040 3064 1096 vita
3109 1039 3350 1095 libenter
3391 1039 3694 1108 impendit,

2003 1131 2358 1200 perdendum
2394 1130 2466 1185 ab
2499 1129 2729 1185 homine
2760 1129 3087 1200 gratantius
3127 1135 3210 1184 est
3239 1128 3394 1198 quod
3427 1128 3554 1198 plus
3590 1126 3699 1183 sibi

2001 1219 2177 1275 ofﬁcit
2207 1233 2384 1289 quam
2415 1217 2656 1288 proﬁcit.

2074 1307 2296 1363 Scimus
2343 1321 2577 1376 quoque
2623 1305 2887 1360 vultures
2936 1304 3196 1360 crudeles
3248 1303 3414 1359 aliter
3479 1303 3700 1374 absque

2003 1395 2317 1452 concubitu
2342 1409 2444 1464 pro
2487 1395 2655 1449 modo
2687 1409 2792 1450 suo
2822 1401 2874 1449 et
2921 1407 3142 1463 parere,
3189 1401 3242 1448 et
3291 1393 3438 1448 fetus
3485 1405 3697 1448 creare.

2005 1485 2059 1541 Si
2111 1484 2261 1539 hanc
2309 1485 2456 1538 Deus
2500 1481 2844 1553 integritatis
2893 1481 3132 1552 gloriam
3191 1480 3558 1550 nequissimis
3609 1479 3700 1534 in-

2004 1573 2149 1628 sevit
2177 1571 2400 1638 avium,
2446 1571 2586 1641 quid
2640 1579 2702 1626 tu
2748 1570 3046 1626 rationalis
3100 1569 3294 1624 anima
3341 1582 3519 1638 quam
3548 1582 3700 1637 pra-

1938 1634 1976 1687 B
2006 1661 2188 1716 mium
2242 1658 2593 1730 virginitatis
2638 1673 2755 1714 non
2803 1657 2957 1725 latet,
3009 1671 3044 1713 a
3099 1634 3463 1714 continentia
3506 1634 3702 1712 tenore

2004 1747 2258 1820 refugis?

2073 1839 2122 1892 A
2148 1836 2352 1908 quibus
2387 1837 2589 1890 caveat
2624 1832 2886 1890 castitati
2921 1832 3262 1906 invigilans.
3315 1863 3384 1872 —
3414 1832 3519 1888 Sed
3561 1829 3702 1901 quia

2005 1927 2112 1981 nisi
2158 1939 2386 1980 summo
2431 1937 2572 1994 erga
2614 1923 2796 1978 Deum
2830 1923 3060 1994 vigente
3109 1921 3316 1978 affectu
3363 1919 3550 1975 virtus
3579 1919 3702 1974 hac

2003 2013 2194 2069 valere
2251 2027 2366 2067 non
2415 2019 2615 2081 potest,
2668 2010 2817 2082 ignis
2868 2010 3107 2081 quidam
3161 2024 3276 2065 non
3335 2006 3697 2075 honorarius,

2003 2102 2101 2157 sed
2130 2101 2441 2157 continuus
2496 2107 2690 2156 nostro
2748 2098 3149 2170 suggerendus
3181 2111 3404 2167 semper
3461 2103 3547 2151 est
3595 2109 3701 2165 pe-

2003 2188 2163 2256 ctori,
2206 2190 2375 2259 cujus
2423 2201 2492 2244 ea
2538 2196 2750 2243 natura
2794 2187 2867 2243 sit
2922 2196 2986 2243 ut
3032 2200 3201 2242 omne
3256 2185 3411 2255 quod
3467 2183 3701 2239 aliunde

2005 2277 2244 2332 noxium
2319 2277 2517 2342 fervet,
2572 2276 2924 2346 exstinguat.
3003 2274 3213 2330 Anima
3294 2287 3430 2343 ergo
3504 2277 3702 2326 nostra

2005 2380 2197 2420 amore
2231 2364 2383 2421 illius
2435 2364 2623 2420 dilecti
2655 2363 2968 2434 singularis
3011 2361 3266 2418 ardendo
3297 2359 3624 2424 incandeat,
3646 2364 3702 2413 et

2003 2453 2266 2510 osculum
2323 2454 2436 2509 oris
2507 2453 2635 2522 ejus
2687 2451 2863 2506 anxia
2923 2450 3088 2518 votis,
3145 2449 3352 2505 anhela
3407 2446 3700 2503 desideriis

2003 2549 2289 2611 exposcat,
2350 2540 2634 2606 osculum,
2706 2541 2968 2608 inquam,
3053 2537 3198 2594 illud
3263 2536 3420 2607 quod
3496 2535 3700 2589 intima

2004 2627 2678 2699 supernaaspirationis
2721 2627 3016 2696 illapsione
3062 2626 3376 2696 perﬁcitur,
3438 2638 3553 2693 quo
3603 2637 3700 2678 ore

2004 2720 2072 2774 de
2106 2719 2218 2773 illis
2257 2717 2646 2774 ineffabilibus
2674 2716 2860 2780 labiis,
2921 2723 2975 2772 et
3004 2714 3262 2770 anhelitu
3313 2720 3468 2769 tanto
3517 2710 3699 2766 mira-

2005 2809 2178 2864 bilius
2210 2815 2266 2863 et
2318 2806 2566 2871 dulcius,
2624 2814 2844 2876 quanto
2893 2804 3166 2860 secretius
3224 2802 3524 2867 hauritur;
3574 2800 3695 2869 qui,

1935 2931 1975 2986 ρ
2003 2897 2174 2968 juxta
2213 2897 2444 2952 beatum
2488 2896 2766 2950 Joannem
2805 2893 3146 2963 apostolum,
3208 2888 3700 2959 concupiscentias

2007 2984 2062 3039 in
2105 2999 2165 3040 se
2193 2984 2502 3040 exsuscitet
2529 2983 2924 3053 sempiternas,
2970 2988 3026 3037 et
3074 2980 3177 3037 ubi
3205 2979 3362 3036 omni
3412 2978 3542 3033 favo
3575 2990 3702 3048 gra-

2004 3073 2132 3129 tiori
2163 3073 2346 3128 saliva
2381 3072 2509 3143 ejus
2563 3071 2862 3142 tingimur.
2915 3085 3050 3141 qua
3100 3068 3271 3124 totius
3317 3067 3498 3122 divini
3539 3064 3699 3120 verbi

2005 3163 2368 3218 salutiferum
2414 3169 2608 3216 nostra
2651 3162 2886 3216 innovat
2930 3159 2987 3213 in
3035 3163 3223 3213 mente
3272 3168 3553 3226 saporem.
3589 3153 3701 3208 Sic-

2003 3266 2117 3321 que
2165 3265 2298 3306 cum
2351 3249 2632 3320 singulari
2706 3248 2972 3304 titillante
3025 3245 3281 3311 lascivia,
3339 3251 3462 3314 post
3528 3239 3700 3297 alieni

2003 3339 2120 3394 oris
2149 3338 2454 3396 blanditias
2503 3339 2732 3392 animus
2780 3344 2969 3391 tenere
2998 3335 3248 3405 agitatus
3277 3333 3546 3388 oberrare
3600 3344 3699 3384 vo-

2005 3429 2193 3496 luerit,
2223 3428 2512 3484 memoria
2540 3441 2608 3482 ea
2637 3425 2877 3482 dulcedo
2909 3431 3173 3479 revocata
3203 3429 3384 3478 totum
3414 3418 3699 3489 quidquid

2003 3530 2181 3587 vagos
2261 3516 2519 3572 exterius
2593 3514 2868 3570 fomentat
2913 3513 3152 3567 obtutus
3224 3507 3701 3577 contemplatione

2002 3612 2253 3675 experta
2297 3603 2662 3673 aspirationis
2708 3600 3004 3656 amaricat.
3063 3599 3168 3656 Sed
3221 3597 3456 3668 quando
3515 3602 3700 3650 tactus

2004 3689 2291 3759 impudice
2321 3688 2464 3744 lenis
2493 3695 2549 3743 et
2595 3687 2890 3741 inhoneste
2942 3684 3227 3739 delectans
3281 3681 3454 3736 menti
3489 3687 3700 3735 nostra

2003 3785 2373 3848 suggeratur,
2405 3791 2521 3831 non
2557 3775 2639 3830 illi
2671 3775 2814 3830 desit
2853 3788 2958 3829 nec
2995 3773 3131 3828 vitio
3179 3771 3373 3840 aliquo
3415 3768 3701 3838 oppiletur

2006 3867 2160 3922 illius
2189 3865 2485 3920 foraminis
2525 3871 2816 3934 apertura,
2877 3876 2977 3932 per
3037 3859 3488 3934 quoddilectus
3533 3869 3702 3911 suam

2006 3954 2178 4024 possit
2208 3955 2508 4009 immittere
2561 3966 2822 4020 manum,
2871 3951 2942 4006 ad
3000 3951 3169 4020 cujus
3224 3954 3436 4004 tactum
3481 3953 3698 4012 venter,

2005 4043 2060 4098 id
2141 4051 2224 4098 est
2270 4049 2480 4097 nostra
2559 4039 2910 4096 carnalitatis
2979 4038 3277 4109 fragilitas.
3352 4033 3703 4090 intremiscat

2003 4133 2190 4203 (Cant.
2225 4147 2278 4198 v,
2314 4131 2388 4200 4),
2423 4139 2476 4186 et
2505 4145 2636 4185 cum
2686 4128 2993 4195 Ezechiele,
3053 4127 3251 4183 eadem
3300 4138 3481 4180 manu
3535 4122 3704 4177 nobis

200 4215 338 4280 ι’ίῐιῑ,
388 4228 508 4270 8656
557 4215 718 4270 humi
768 4215 1065 4285 delicium,
1115 4227 1182 4270 ea
1217 4227 1320 4282 ι)Γο
1368 4213 1583 4282 quibus
1617 4220 1900 4283 urgentur
1937 4214 1981 4267 D
2009 4234 2238 4290 semper
2269 4220 2416 4275 facta
2464 4220 2688 4282 comite,
2735 4218 2963 4274 assidue
3009 4215 3362 4271 confortetur
3410 4221 3463 4269 et
3508 4211 3703 4267 mollia

202 4303 461 4358 membra
492 4302 781 4358 mordicus
826 4302 1149 4368 abscidunt,
1199 4309 1255 4356 et
1298 4301 1418 4357 suis
1479 4301 1902 4356 insecutoribus

202 4389 374 4460 quasi
430 4391 744 4460 quamdam
809 4389 1254 4459 redemptionem
1314 4403 1415 4458 pro
1474 4403 1531 4444 se
1582 4389 1898 4455 dimittunt,

199 4479 371 4544 Quid,
405 4486 468 4534 tu
498 4478 823 4535 Christiana
853 4492 1116 4548 persona.
1151 4477 1322 4532 facies
1362 4492 1434 4532 an
1486 4491 1735 4532 amorem
1791 4484 1903 4532 tua

202 4566 462 4622 libidinis
513 4566 836 4622 factitanda
869 4574 982 4622 tua
1033 4566 1163 4621 vita
1215 4564 1550 4635 prapones?
1579 4565 1822 4620 Abscide
1869 4580 1904 4620 a

202 4661 258 4710 te
316 4656 468 4725 quod
525 4654 736 4710 diaboli
783 4655 1046 4724 nequitia
1095 4669 1129 4710 a
1181 4658 1234 4710 te
1280 4654 1482 4724 exigit.
1532 4653 1792 4709 Gaudere
1849 4659 1904 4709 et

200 4743 362 4813 pasci
392 4743 460 4798 de
509 4749 610 4798 tua
649 4741 887 4798 luxuria
947 4743 1180 4812 appetit,
1236 4741 1483 4809 abscide,
1533 4742 1796 4811 inquam,
1848 4748 1904 4797 et

203 4830 420 4903 projice
440 4830 544 4886 abs
566 4841 638 4897 te,
661 4845 733 4885 ne
755 4845 887 4885 cum
913 4843 980 4886 ea
1003 4830 1293 4886 infernum
1339 4829 1547 4885 subeas
1570 4830 1808 4899 (Matth.
1844 4845 1898 4884 v.

201 4923 312 4986 30).
365 4920 497 4975 Sine
534 4918 772 4975 luxuria
819 4919 1011 4974 vivere
1063 4925 1239 4988 potes,
1283 4932 1414 4974 cum
1474 4918 1589 4985 illa,
1635 4918 1740 4974 etsi
1768 4933 1893 4975 cor-

203 5022 362 5080 pore,
396 5007 692 5064 infeliciter
722 5007 938 5062 anima.

273 5095 496 5153 Accidit
543 5095 776 5152 demum
829 5096 1023 5152 eidem
1065 5093 1260 5152 bestia
1292 5102 1376 5163 ut,
1408 5095 1618 5150 amissa
1646 5094 1902 5164 corporis

200 5185 303 5243 illa
332 5192 512 5255 parte,
544 5199 750 5241 rursus
770 5185 842 5240 ab
877 5183 1096 5255 ignaris
1117 5183 1412 5254 aliquibus
1441 5183 1771 5254 impetatur,
1804 5184 1901 5240 sed

200 5288 333 5329 cum
368 5271 598 5344 fatigari
650 5273 902 5343 caperit,
946 5273 1220 5345 fugiendo
1269 5287 1390 5328 sese
1432 5272 1764 5328 divaricatis
1805 5288 1901 5342 po-

200 5361 540 5419 sterioribus
579 5363 848 5418 cruribus
878 5362 1194 5431 resupinat,
1243 5370 1297 5416 et
1343 5376 1404 5416 se
1441 5362 1595 5432 quod
1627 5369 1901 5432 quarunt

202 5465 322 5507 non
356 5451 564 5507 habere
612 5451 917 5521 pandendo
949 5450 1178 5517 clamat,
1214 5450 1413 5521 sicque
1453 5449 1781 5506 dimittitur.
1833 5451 1900 5505 Et

2011 4322 2260 4379 quaque
2292 4307 2499 4363 refutet
2532 4307 2767 4378 (Ezech.
2798 4322 2876 4373 ιιι,
2915 4306 3018 4376 14).

2082 4397 2138 4452 Si
2169 4395 2470 4464 amplexus
2508 4403 2563 4451 et
2601 4403 2804 4452 catera
2848 4394 3052 4451 mundi
3105 4392 3430 4463 frequentia
3450 4390 3705 4458 volupta-

2011 4493 2134 4542 tum
2161 4484 2533 4540 interioribus
2579 4484 2766 4540 irruat
2797 4484 2994 4548 oculis,
3026 4491 3082 4538 et
3130 4483 3202 4536 ad
3249 4495 3308 4536 se
3337 4494 3432 4536 eos
3483 4486 3704 4534 contor-

2010 4588 2188 4644 quere
2240 4573 2393 4639 velit,
2454 4573 2796 4629 amulemur
2853 4571 3153 4641 sexaginta
3204 4569 3326 4623 illos
3372 4566 3704 4622 fortissimos

2014 4661 2508 4732 procereslsraelis
2533 4677 2564 4730 q
2578 4662 2634 4716 ui
2651 4661 2924 4715 lectulum
2945 4658 3203 4714 ambiunt
3223 4653 3567 4721 Salomonis,
3590 4670 3706 4708 om-

2008 4765 2112 4805 nes
2134 4751 2386 4804 tenentes
2412 4747 2661 4820 gladios,
2693 4755 2748 4803 et
2763 4749 2840 4802 ad
2869 4748 3022 4802 bella
3048 4744 3364 4802 doctissimi
3386 4743 3584 4815 (Cant.
3622 4758 3700 4808 ιιι,

2009 4842 2060 4904 7,
2095 4839 2170 4904 8),
2203 4835 2303 4906 qui
2357 4835 2590 4905 quidem
2634 4835 2956 4905 sexaginta,
2990 4833 3172 4903 operis
3222 4833 3297 4901 pii
3340 4830 3700 4901 perfectione,

2007 4939 2140 4980 eum
2199 4923 2300 4994 qui
2356 4930 2478 4993 post
2557 4922 2898 4978 exercitium
2949 4921 3276 4976 laborantes
3344 4925 3536 4974 manet
3597 4918 3700 4973 de-

2007 5012 2238 5068 narium
2290 5011 2412 5081 jam
2470 5017 2784 5074 merentur,
2845 5009 3086 5078 ideoque
3146 5015 3302 5062 tanto
3365 5004 3704 5075 vigilantius

2008 5101 2280 5158 lectulum
2311 5099 2648 5162 Salomonis,
2697 5096 2751 5152 id
2795 5103 2878 5152 est
2937 5109 3160 5152 sacram
3209 5107 3372 5150 suam
3423 5092 3697 5160 animam,

2008 5203 2125 5259 quo
2175 5201 2308 5243 vera
2359 5200 2472 5256 pax
2519 5193 2574 5242 et
2621 5183 2928 5254 paciﬁcans
2980 5183 3238 5238 Christus
3285 5181 3547 5252 quiescit,
3595 5180 3701 5235 ob-

2006 5282 2275 5342 servant;
2312 5273 2546 5344 quando
2595 5271 2852 5328 interiori
2887 5285 3043 5326 cura
3087 5270 3159 5324 ab
3207 5268 3480 5324 exteriori
3518 5283 3700 5324 exsu-

2007 5362 2088 5418 les
2118 5370 2343 5417 vacant.
2400 5363 2468 5416 Et
2500 5361 2609 5415 hoc
2664 5374 2779 5414 non
2812 5359 2934 5414 sine
2983 5358 3206 5427 gladiis,
3268 5357 3431 5412 idest
3476 5356 3701 5427 magnis

2007 5450 2377 5506 acuminibus
2406 5447 2784 5514 discretionis,
2818 5447 3034 5517 quibus
3085 5447 3215 5501 hinc
3261 5444 3560 5514 superflua
3615 5458 3702 5499 co-
