3928 6070
235 203 334 256 607

1123 205 1183 259 V.
1224 204 1559 260 GUIBERTI
1597 203 1884 258 ABBATIS
1924 205 1978 259 S.
2023 204 2263 260 MARIIE
2303 205 2394 261 DE
2435 205 2828 262 NOVIGENTO

3625 209 3732 263 608

237 331 534 403 gitationis
579 331 874 399 excidunt,
927 333 1084 387 illinc
1145 333 1333 402 operis
1385 334 1542 389 noxii
1608 334 1924 403 repentinis
1959 337 2004 388 A
2035 334 2150 400 dat,
2178 343 2232 390 et
2263 342 2480 405 quanto
2519 349 2624 391 suo
2661 335 2878 407 judicio
2922 337 3163 394 nitorem
3214 347 3550 396 consuetum
3579 341 3736 396 ami-

237 419 570 476 incursibus
651 420 880 475 militari
951 422 1205 491 quadam
1282 422 1555 477 instantia
1619 423 1922 480 obsistunt.

248 509 708 579 Uniuscujusque
755 509 909 564 ensis
948 527 1121 580 super
1137 512 1346 580 femur
1369 529 1535 568 suum
1586 516 1821 586 prapter
1849 515 1928 568 ti-

235 613 424 652 mores
473 599 777 652 nocturnos
833 598 1015 669 (Cant.
1067 601 1168 671 ιιι).
1227 601 1329 656 Per
1385 616 1578 657 ensem
1625 603 1748 659 istic
1785 604 1927 660 mihi

237 684 646 755 longanimitas
698 685 845 740 inter
875 687 1118 743 adversa
1171 702 1329 758 posse
1381 689 1621 760 intelligi
1677 691 1923 760 videtur,

235 770 376 838 quia
430 785 499 826 ex
551 779 875 830 transverso
924 776 1146 844 capulo,
1207 784 1262 831 et
1335 777 1689 846 prominente
1745 787 1924 848 parte,

233 857 422 912 crucis
464 858 728 929 efﬁgiem,
773 860 832 916 in
880 875 998 931 qua
1057 863 1357 918 tolerantia
1418 871 1668 930 notatur,
1700 865 1928 933 praefert

231 951 286 998 et
317 958 390 1000 ex
437 945 690 1002 inferiori
752 948 1105 1019 longitudine
1160 950 1411 1018 patiendi
1445 953 1928 1020 perseverantiam

236 1035 574 1102 portendere
621 1037 959 1094 mstimatur.
1005 1039 1091 1094 Ad
1138 1039 1243 1093 hoc
1287 1039 1673 1109 adjiciendum
1711 1042 1862 1110 quod
1895 1056 1928 1097 a

233 1135 461 1178 summo
490 1126 723 1192 sperula
745 1127 1094 1195 praeminet,
1124 1127 1265 1196 quia
1297 1134 1470 1182 totam
1503 1137 1756 1184 nostram
1783 1130 1929 1185 inter

235 1210 597 1268 incommoda
648 1215 1048 1271 sustinentiam
1100 1230 1133 1270 a
1181 1230 1278 1284 spe
1327 1217 1562 1284 superni
1603 1216 1787 1271 bravii
1837 1217 1930 1272 de-

233 1300 503 1357 scendere
544 1302 701 1357 haud
747 1303 993 1358 dubium
1045 1311 1148 1358 est.
1182 1305 1294 1358 Hoc
1328 1303 1506 1373 igitur
1559 1318 1692 1359 ense
1743 1305 1930 1360 femur

234 1386 556 1443 carnalium
603 1389 1199 1458 concupiscentiarum
1255 1389 1748 1457 comprimendum
1794 1391 1931 1448 irre-

234 1475 404 1530 misse
472 1483 575 1543 est,
652 1491 756 1533 nec
828 1477 1029 1543 rustra,
1109 1476 1411 1533 timoribus
1463 1479 1614 1533 enim
1693 1487 1924 1536 noctur-

233 1561 324 1618 nis
369 1563 701 1631 excludens,
763 1565 1061 1622 diabolicis
1117 1566 1328 1621 scilicet
1375 1568 1770 1624 dolositatibus
1826 1583 1926 1625 ar-

233 1650 446 1720 cendis,
485 1652 787 1707 immodica
807 1652 1110 1723 vigilantia
1148 1654 1473 1709 adhibenda
1500 1661 1602 1710 est.

311 1739 524 1796 Deinde
568 1741 614 1796 si
677 1740 890 1796 nebula
940 1749 993 1796 et
1043 1748 1194 1796 terra
1248 1743 1504 1797 omnium
1547 1742 1925 1798 obscenorum

231 1840 496 1889 motuum
522 1831 774 1886 densitas
807 1828 1057 1884 animam
1098 1829 1392 1898 irruperit,
1439 1839 1670 1886 cantare
1703 1845 1926 1887 necesse

231 1927 314 1975 est
344 1919 604 1974 animum
635 1915 991 1972 resistentem
1027 1931 1039 1970 :
1083 1922 1227 1969 326
1253 1914 1447 1988 Nigra
1469 1934 1616 1984 sum,
1661 1919 1763 1972 sed
1783 1920 1925 1987 for-

232 2021 411 2072 mosa,
428 2002 570 2072 ﬁliae
600 2001 946 2068 Jerusalem,
971 2002 1120 2057 sicut
1141 2003 1521 2060 tabernacula
1549 2005 1756 2072 Cedar,
1779 2005 1926 2060 sicut

226 2093 410 2165 pelles
437 2090 760 2148 Salomonis
789 2091 980 2161 (Cant.
1015 2107 1053 2160 ι,
1103 2092 1177 2162 4).
1220 2092 1418 2164 Nigra,
1465 2094 1673 2164 inquit,
1732 2103 1796 2151 ut
1842 2103 1924 2149 ta-

232 2182 548 2238 bernacula
603 2180 807 2245 Cedar,
869 2184 1065 2250 utpote
1119 2196 1251 2251 qua:
1301 2183 1452 2238 inter
1501 2183 1746 2238 obscura
1793 2184 1925 2238 vita

227 2272 540 2337 mundalis,
574 2272 633 2326 in
681 2269 1028 2341 caliginibus
1056 2271 1482 2340 erumpentium
1527 2279 1921 2340 tempestatum

231 2361 342 2416 sub
385 2374 481 2429 spe
540 2359 895 2414 manentium
953 2358 1202 2415 civitatis
1253 2360 1453 2426 milito,
1501 2367 1554 2415 et
1612 2361 1925 2429 corporalis

231 2448 506 2505 molestiae
535 2446 736 2504 nubilo
766 2447 1084 2502 necessario
1131 2449 1323 2503 adhuc
1376 2448 1600 2504 turbor.
1652 2448 1753 2504 Sed
1798 2449 1924 2504 licet

232 2535 321 2590 his
382 2534 682 2604 aliquoties
737 2533 918 2590 invita
991 2535 1340 2605 subjaceam,
1415 2536 1661 2591 formosa
1735 2545 1924 2592 tamen

229 2638 380 2691 sum,
439 2630 504 2680 ut
579 2623 749 2693 pelles
815 2623 1152 2691 Salomonis,
1212 2625 1352 2695 quia
1405 2625 1681 2695 quiddam
1740 2625 1924 2682 simile

231 2719 551 2781 martyrum
594 2711 818 2780 molior,
868 2713 1005 2769 dum
1050 2728 1183 2770 eum
1215 2727 1388 2783 quem
1428 2713 1508 2768 illi
1539 2720 1738 2768 contra
1757 2714 1924 2782 prin-

231 2799 384 2868 cipes
439 2806 858 2870 potestatesque
921 2801 1289 2857 tenebrarum
1363 2801 1677 2856 visibilium
1737 2815 1920 2871 perse-

2033 423 2171 480 sisse
2197 438 2256 480 se
2283 425 2451 492 dolet,
2486 439 2553 480 eo
2585 426 2737 494 apud
2773 421 3038 482 intimum
3088 427 3458 498 inspectorem
3517 428 3734 484 formo-

2034 511 2151 567 sior
2205 520 2406 568 exstet.
2469 514 2627 569 Sicut
2677 515 2830 569 enim
2887 514 3069 569 lilium
3126 515 3272 570 inter
3318 515 3514 584 spinas
3541 517 3736 584 (Cant.

2033 616 2092 663 ιι,
2125 603 2205 670 2),
2236 610 2290 657 et
2319 603 2365 657 si
2395 603 2631 672 quando
2659 617 2858 658 earum
2909 604 3124 659 aculeis
3172 604 3436 670 illiditur,
3480 605 3596 660 vim
3641 605 3736 661 sui

2038 699 2223 746 tamen
2254 690 2444 747 odoris
2472 707 2586 746 non
2635 691 2864 750 minuit.
2926 693 3006 748 sic
3055 707 3216 748 mens
3270 693 3469 749 aeterni
3530 694 3738 764 Sponsi

2029 780 2150 849 jam
2206 793 2399 835 amore
2446 779 2676 845 donata,
2748 780 2896 834 inter
2930 780 3076 845 illas,
3136 794 3283 848 quas
3322 795 3424 835 rex
3478 780 3733 851 Egypti,

2035 866 2339 936 diligenter
2389 866 2650 921 maribus
2696 867 2963 933 enecatis,
2999 866 3193 922 fovere
3248 867 3533 922 desiderat
3584 868 3734 923 ﬁlias

2038 950 2242 1020 (Exod.
2273 965 2308 1017 ι,
2341 952 2452 1018 22),
2487 951 2543 1006 id
2580 959 2664 1008 est
2702 951 2892 1007 ﬂuxos
2949 952 3264 1022 mollesque
3314 953 3612 1022 cogitatus,
3664 967 3734 1008 ac

2035 1039 2081 1096 si
2114 1040 2259 1095 inter
2301 1040 2670 1096 mulierculas
2718 1048 2933 1111 turpes,
2981 1041 3150 1111 regiae
3194 1040 3358 1111 virgo
3407 1041 3729 1108 munditiae,

2035 1127 2239 1196 speciei
2270 1134 2325 1182 et
2388 1128 2622 1183 honoris
2678 1128 2860 1198 gloria
2917 1127 3249 1183 excellentis
3296 1128 3561 1183 emineat.
3621 1129 3736 1183 Ex-

2037 1215 2431 1286 pergiscamur
2462 1215 2660 1285 igitur,
2688 1223 2742 1271 et
2772 1215 3167 1271 omnimodum
3211 1229 3246 1270 a
3299 1216 3463 1271 nobis
3518 1217 3735 1271 laboris

2034 1304 2340 1372 exigamus
2379 1302 2642 1373 vectigal,
2695 1311 2751 1358 et
2805 1302 3188 1358 emundandze
3244 1315 3476 1371 operam
3526 1303 3734 1358 demus

2036 1391 2234 1457 menti,
2271 1406 2374 1447 nec
2413 1392 2672 1447 vacando
2723 1391 2967 1447 virtutes
3018 1397 3217 1460 sponte
3279 1389 3442 1444 nobis
3492 1391 3737 1445 aestime-

2038 1493 2167 1535 mus
2230 1480 2636 1547 innascituras,
2705 1488 2759 1535 et
2808 1479 2957 1535 sicut
3037 1477 3208 1549 vulgo
3273 1477 3610 1547 joculariter
3665 1479 3737 1534 de

2038 1567 2386 1637 presbyteris
2433 1567 2573 1623 solet
2632 1566 2740 1622 dici
2791 1567 2946 1637 quod
3004 1565 3229 1621 infulati
3288 1573 3624 1635 operantur,
3678 1575 3736 1622 et

1965 1627 2382 1712 Brebrachiati
2439 1656 2763 1710 comedunt.
2809 1627 2920 1710 nlta
2988 1669 3092 1710 nos
3165 1627 3390 1710 exertas
3471 1627 3736 1711 habendo

2034 1759 2244 1800 manus
2303 1745 2635 1800 exercendae
2693 1744 2948 1812 corporis
3023 1744 3325 1813 voluptati,
3405 1758 3470 1798 ac
3522 1744 3736 1813 sopitos

2036 1832 2297 1888 habendo
2337 1831 2548 1887 divinis
2585 1830 2787 1887 ofﬁciis
2819 1841 3022 1886 sensus
3071 1831 3410 1886 somniando
3463 1838 3737 1900 putemus

2035 1919 2347 1990 promereri
2380 1920 2592 1987 Deum;
2626 1927 2683 1974 at
2711 1919 2880 1989 longe
2912 1919 3077 1974 aliter
3099 1919 3250 1989 (28').

2106 2010 2239 2063 Hac
2296 2007 2417 2074 tibi,
2448 2021 2481 2061 o
2529 2014 2726 2061 sancta
2771 2014 2828 2060 et
2871 2006 3158 2062 excellens
3203 2006 3356 2061 omni
3419 2005 3512 2076 pio
3564 2020 3734 2061 exer-

2034 2097 2169 2152 citio
2231 2095 2446 2162 anima,
2515 2103 2746 2150 coactus
2801 2094 3027 2169 monitu
3097 2103 3298 2150 contra
3376 2109 3466 2150 me
3537 2094 3732 2164 ipsum

2031 2184 2356 2240 vehementi
2413 2183 2630 2251 impetu
2685 2171 2985 2248 delatravi,
3039 2189 3095 2236 et
3148 2182 3285 2236 dum
3318 2181 3459 2236 vitia
3517 2181 3736 2236 animo-

2033 2287 2162 2329 rum
2196 2271 2297 2327 tibi
2351 2272 2534 2327 multa
2565 2271 3073 2326 circumlocutione
3110 2270 3368 2336 distinxi,
3394 2285 3483 2325 me
3514 2270 3729 2339 ipsum,

2032 2359 2238 2416 vellem
2295 2359 2524 2426 nollem,
2577 2360 2677 2415 tibi
2714 2359 2984 2428 expandi.
3031 2360 3104 2414 At
3145 2359 3192 2412 si
3248 2357 3482 2413 virtutis
3536 2358 3732 2413 studio

2033 2449 2355 2518 quidquam
2416 2448 2558 2515 dixi,
2640 2455 2867 2503 naturae
2934 2447 3125 2515 potius
3201 2445 3484 2501 ascribere
3560 2445 3735 2500 debes

2035 2537 2321 2608 potentiae,
2365 2550 2496 2605 quae
2538 2548 2842 2604 nunquam
2892 2547 2927 2589 a
2957 2533 3106 2588 bono
3136 2546 3372 2602 prorsus
3419 2539 3502 2588 est
3532 2545 3732 2599 exors,

2031 2638 2210 2694 quam
2242 2637 2382 2678 meae
2438 2623 2494 2676 in
2529 2622 2727 2691 aliquo
2771 2619 2959 2675 studio
3006 2617 3394 2688 experientiae.
3442 2618 3735 2674 Narratio

2030 2710 2218 2778 stulti,
2251 2719 2316 2766 ut
2361 2711 2441 2765 ait
2475 2709 2732 2780 quidam,
2778 2706 2948 2779 quasi
2973 2706 3212 2761 sarcina
3258 2706 3316 2759 in
3365 2705 3461 2759 cia
3516 2705 3730 2772 (Eccli.

2032 2813 2150 2866 xx1,
2213 2797 2320 2868 l9).
2381 2797 2484 2852 Sed
2538 2810 2710 2866 penes
2765 2803 2816 2850 te
2863 2801 3205 2850 excusatum
3261 2793 3329 2849 de
3377 2791 3735 2862 longiloquio

230 2895 518 2953 cutorum,
575 2887 954 2952 incentorum,
1026 2890 1223 2958 positis
1270 2903 1597 2959 corporum,
1644 2889 1704 2944 in
1753 2897 1920 2960 tegu-
1963 2919 2003 2976 ε
2035 2901 2385 2957 praesumere
2416 2900 2505 2941 me
2535 2885 2738 2952 audeo,
2782 2884 2884 2953 qui
2915 2882 3068 2953 quod
3114 2895 3293 2938 ausus
3340 2896 3492 2945 sum,
3523 2887 3735 2950 rogatu

228 2976 435 3032 mentis
479 2976 686 3032 anima
729 2977 960 3044 scilicet,
1014 2977 1275 3046 pellibus,
1323 2978 1682 3048 conﬂigendo
1737 2978 1925 3034 sortiri

229 3063 501 3120 studuere
542 3063 922 3132 triumphum.
987 3065 1154 3120 Hunc
1199 3079 1304 3135 ego
1359 3064 1637 3121 adversus
1693 3079 1922 3120 carnem

227 3159 282 3208 et
334 3152 676 3222 sanguinem
726 3151 984 3222 exposito
1033 3152 1304 3208 vitiorum
1350 3153 1620 3221 pondere,
1675 3154 1924 3209 circum-

229 3245 387 3294 stans
419 3253 508 3294 me
535 3247 830 3308 peccatum
879 3240 1197 3301 excutiens,
1234 3253 1348 3294 non
1399 3239 1520 3295 sine
1567 3239 1758 3295 carnis
1807 3238 1926 3294 acri

228 3326 465 3396 injuria,
495 3335 550 3382 et
576 3327 751 3382 animi
793 3327 1062 3398 angustia
1115 3327 1408 3383 diuturnis
1438 3327 1800 3383 conﬂictibus
1833 3327 1926 3382 di—

227 3414 492 3470 micando
522 3415 773 3470 obtinere
803 3415 974 3470 nitor.
1567 3452 1570 3455 -

299 3502 695 3572 Dispensative
735 3515 872 3557 sane
921 3516 955 3556 a
983 3502 1097 3556 Deo
1145 3501 1340 3571 agitur
1372 3509 1456 3570 ut,
1503 3517 1636 3559 cum
1670 3503 1927 3559 tentatio-

227 3591 319 3647 nis
373 3589 506 3646 fuco
557 3590 870 3660 aliquando
924 3604 1050 3646 mea
1101 3591 1449 3646 conscientia
1498 3590 1839 3658 offunditur,
1893 3606 1927 3646 a

226 3679 430 3735 timore
459 3693 600 3745 sua),
634 3693 764 3748 quae
811 3679 1048 3734 forsitan
1083 3679 1424 3750 subriperet,
1473 3680 1736 3737 elationis
1765 3679 1929 3736 exci-

298 3833 412 3904 (28)
445 3835 587 3890 Nota
627 3834 879 3889 auctoris
925 3847 1211 3890 summam
1269 3833 1447 3891 animi
1505 3835 1922 3890 demissionem.

2037 2975 2394 3044 potissimum
2449 2973 2553 3028 feci
2615 2981 2730 3028 tuo.
2785 2971 2933 3026 Dant
3003 2970 3105 3025 tibi
3163 2969 3260 3024 alii
3317 2969 3494 3038 pictos
3540 2974 3593 3022 et
3641 2982 3735 3023 co-

2036 3063 2195 3133 pioso
2248 3069 2458 3117 ornatu
2510 3060 2848 3129 spectabiles
2902 3059 3096 3124 libros,
3150 3072 3254 3128 ego
3315 3057 3536 3113 utinam
3589 3055 3732 3110 utile

2035 3151 2256 3222 aliquid
2310 3150 2426 3206 tuis
2483 3162 2691 3220 queam
2752 3149 2974 3204 deferre
3029 3145 3460 3217 conspectibusl
3522 3145 3734 3215 Accipe

2035 3241 2212 3312 igitur
2241 3239 2310 3294 de
2351 3243 2452 3293 tua
2482 3246 2535 3293 te
2577 3237 2761 3292 salute
2792 3243 3138 3301 monentem,
3185 3244 3238 3290 et
3269 3234 3400 3290 licet
3449 3247 3538 3288 me
3565 3247 3734 3288 secus

2034 3341 2204 3398 agere
2232 3339 2407 3396 quam
2454 3325 2580 3380 dico
2611 3336 2944 3394 cognoscas,
2986 3337 3057 3377 ne
3089 3321 3412 3391 asperneris
3441 3321 3594 3391 quod
3630 3334 3734 3389 pro

2034 3421 2136 3469 tua
2167 3413 2267 3468 tibi
2300 3411 2618 3468 salvatione
2647 3409 3023 3479 depromitur.
3070 3408 3274 3465 Libens
3334 3423 3465 3478 quae
3491 3407 3736 3478 jusseris

2033 3503 2266 3574 egerim.
2313 3501 2621 3558 Praemium
2677 3499 2878 3556 saltem
2933 3497 3144 3554 laboris
3175 3497 3352 3568 hujus
3405 3504 3534 3552 tuas
3590 3494 3733 3550 mihi

2038 3591 2326 3647 orationes
2356 3589 2639 3659 impende.

2808 3689 2966 3731 FINIS.

1185 4098 1472 4180 νεκ.
1538 4097 2130 4181 ΕΠΙΒΕΒΤΙ
2187 4093 2744 4178 ABBATIS

1468 4254 1566 4326 IN
1629 4255 1971 4328 LIBROS
2030 4251 2495 4338 QUATUOR

677 4439 902 4563 DE
1006 4435 2096 4564 PIGNORIBUS
2205 4429 3280 4561 SANCTORUM

1084 4641 1711 4728 EPISTOLA
1804 4635 2854 4726 NUNCUPATORIA.

1833 4803 2123 4815 __.———

301 4889 460 4978 an"
501 4925 720 4979 Domno
773 4930 827 4978 et
877 4922 1050 4988 Patri,
1093 4921 1284 4978 Sancti
1308 4921 1712 4992 Symphoriani
1743 4919 1934 4978 abbati
1973 4918 2276 4989 Dgisseut,
2338 4916 2792 4973 censui'litteris
2856 4929 3042 4986 pauca
3093 4930 3264 4985 super
3317 4915 3570 4985 capitulo
3625 4914 3732 4970 isto

231 5010 406 5067 Onom
437 5013 530 5082 (');
561 5013 871 5067 Gurnnn'rus
903 5010 1001 5066 Dei
1049 5009 1350 5065 Genitricis
1389 5010 1608 5064 utinam
1671 5008 1928 5064 minister

233 5112 302 5154 ac
326 5113 566 5167 servus;
591 5098 746 5154 laetos
788 5098 844 5154 in
887 5097 984 5154 Dei
1020 5097 1319 5154 servitium
1353 5097 1562 5152 habere
1611 5111 1922 5166 processus.

305 5191 525 5241 Auctor
553 5187 804 5242 instituti
833 5186 925 5240 sui
955 5186 1245 5242 rationem
1281 5185 1487 5240 reddit.
1522 5217 1590 5225 —-
1611 5186 1752 5242 Cum
1789 5186 1922 5255 plu-

234 5275 396 5330 rimae
421 5276 747 5345 questiones
777 5288 951 5344 super
992 5276 1160 5329 dente
1191 5275 1521 5341 Salvatoris,
1557 5289 1730 5343 quem
1758 5273 1923 5330 nobis

235 5361 490 5432 contigui
541 5361 733 5416 Sancti
791 5361 1188 5417 Medardenses
1236 5363 1444 5418 habere
1496 5377 1555 5418 se
1634 5371 1921 5427 asserunt,

231 5449 386 5518 apud
423 5462 510 5504 me
539 5456 907 5519 perstrepent,
949 5465 1080 5506 cum
1118 5452 1432 5522 vulgariter
1467 5451 1760 5522 aliquibus
1787 5460 1925 5508 sate

2039 5008 2442 5078 perstringere,
2480 5013 2534 5061 et
2581 5006 2769 5061 tacitis
2813 5005 3059 5060 aliorum
3109 5004 3375 5060 sensibus
3409 5004 3550 5073 quid
3605 5003 3732 5058 ani-

2037 5117 2167 5157 mus
2210 5114 2373 5156 meus
2428 5100 2558 5154 inde
2629 5099 2861 5155 sentiret
2921 5098 3161 5154 edicere.
3226 5099 3375 5154 Dum
3424 5113 3562 5169 ergo
3610 5111 3730 5154 rem

2032 5189 2212 5258 ipsam
2261 5188 2320 5242 in
2371 5189 2495 5257 ipsa
2553 5187 2725 5242 libelli
2791 5186 2974 5241 fronte
3044 5187 3408 5256 aggrederer,
3439 5193 3494 5240 et
3576 5185 3732 5254 quod

2033 5290 2402 5346 conceperam
2437 5275 2537 5330 vix
2595 5276 2803 5345 pagina
2859 5275 3081 5344 integra
3139 5274 3406 5330 dictando
3463 5273 3728 5337 eniterer,

2036 5372 2194 5420 tanta
2248 5377 2348 5431 pro
2399 5361 2683 5417 similibus
2737 5361 3110 5416 dicendorum
3161 5360 3395 5415 inﬂuxit
3450 5358 3630 5428 copia,
3668 5367 3732 5414 ut

2035 5459 2221 5522 empta
2248 5450 2543 5508 indeﬁnite
2577 5463 2713 5506 mox
2748 5449 3104 5506 desereretur
3151 5447 3406 5505 materia.
3468 5447 3730 5516 Cumque
