3928 6070
158 232 268 283 609

1055 232 1148 288 DE
1188 231 1608 290 PIGNORIBUS
1645 234 2084 293 SANCTORUM.
2119 268 2188 276 —
2221 239 2438 296 EPIST.
2487 240 2782 298 NUNCUP.

3567 252 3672 302 610

158 359 298 427 alia,
327 360 423 415 sed
466 375 579 415 non
618 360 823 426 aliena,
867 361 939 416 ab
984 362 1091 417 hac
1127 363 1420 419 occasione
1461 378 1856 436 prosequerer,
1894 374 1938 426 A
1971 370 2048 437 3),
2103 375 2234 434 etc.,
2280 369 2379 425 tali
2431 371 2707 438 oratione,
2791 373 2851 428 ni
2903 372 3088 441 fallor,
3142 373 3463 433 occludam.
3510 377 3673 444 Quod

158 448 378 503 excudi
428 448 702 517 primum,
752 448 1081 518 imperfecta
1127 464 1304 520 quam
1356 452 1600 508 adorsus
1643 453 1864 510 fueram

159 534 425 590 oratione
468 535 746 592 libellum.
800 536 866 590 In
900 537 1164 606 sequenti
1201 537 1285 608 (re
1321 552 1499 608 quam
1538 538 1726 594 dicere
1765 541 1860 595 de-

159 635 439 677 voveram
465 622 586 691 jam
627 622 824 692 libata)
875 624 976 680 ubi
1018 625 1086 679 de
1131 625 1358 681 Domini
1401 641 1634 696 corpore
1681 642 1866 684 sermo

159 710 387 779 incidit,
442 719 624 768 totum
671 713 842 768 etiam
893 720 1031 769 tunc
1071 715 1227 784 quod
1274 715 1431 786 loqui
1483 731 1658 787 super
1699 717 1866 772 dente

159 813 530 868 caeperamus
569 800 803 856 excidit.
860 802 1021 858 Unde
1069 802 1138 857 iis
1181 818 1313 872 quae
1355 804 1645 860 irruerant
1684 804 1866 860 disse-

161 886 348 941 rendo
392 885 724 958 proﬂigatis,
773 888 1003 943 tandem
1053 889 1111 942 in
1163 889 1323 945 tertio
1366 898 1636 946 conatum
1672 904 1864 946 meum

160 976 425 1030 exercui.
463 974 568 1031 Sed
601 976 788 1032 nescio
817 984 1016 1032 utrum
1047 978 1366 1048 quidpiam,
1403 979 1559 1049 quod
1598 978 1868 1050 prudenti

160 1062 425 1133 cuipiam
453 1064 526 1119 sit
553 1065 709 1131 satis,
739 1065 1010 1135 explicui.

241 1167 484 1223 ductori
508 1169 807 1238 obiectum.
849 1174 897 1224 1.
939 1171 1099 1236 Quod
1134 1187 1341 1241 corpus
1383 1170 1612 1226 Christi
1651 1171 1713 1223 in
1743 1171 1864 1223 Eu-

159 1254 454 1310 charistia
479 1255 764 1312 vicarium
794 1256 1005 1312 Christi
1033 1257 1370 1329 appellarit.
1411 1289 1476 1300 —-
1512 1260 1792 1314 Caeterum
1817 1257 1864 1311 si

163 1341 313 1410 quid
369 1343 664 1409 senserim,
715 1357 789 1399 ex
844 1344 954 1400 ﬁde
997 1359 1162 1400 sensa
1204 1353 1319 1401 tota
1373 1344 1503 1401 ﬁdei
1559 1346 1866 1400 securitate

164 1429 529 1498 protulerim,
579 1431 626 1486 si
656 1431 788 1500 quis
834 1432 1040 1487 melius
1083 1433 1310 1500 sentiat,
1358 1433 1553 1488 velim.
1601 1435 1864 1488 Attamen

163 1532 236 1572 ex
268 1519 410 1574 meis
438 1519 728 1575 benevolis
768 1520 1076 1576 lectoribus
1121 1521 1262 1577 illud
1303 1520 1362 1576 in
1399 1521 1649 1576 secundo
1679 1519 1864 1574 libello

163 1606 502 1662 subnotavit
541 1608 694 1677 quod
736 1609 902 1678 panis
948 1624 1016 1664 ac
1049 1609 1168 1664 vini
1210 1610 1546 1679 mysterium
1582 1609 1864 1664 vicarium

164 1695 382 1751 Christi
423 1696 781 1765 appellarim,
833 1698 988 1766 quod
1033 1698 1105 1753 ob
1149 1699 1253 1753 hoc
1296 1698 1402 1753 sibi
1446 1697 1638 1752 minus
1669 1697 1866 1769 idonee

165 1784 392 1840 dictum
423 1785 607 1840 visum
665 1792 767 1851 est,
802 1785 958 1854 quod
1008 1785 1064 1840 id
1104 1785 1259 1856 quod
1308 1785 1591 1841 vicarium
1632 1784 1863 1850 dicitur,

166 1874 367 1928 minus
393 1888 479 1940 eo,
511 1874 680 1944 cujus
718 1873 1000 1929 vicarium
1043 1882 1146 1942 est,
1180 1874 1374 1943 aliquo
1405 1873 1574 1928 modo
1611 1873 1866 1928 aestima-

167 1967 288 2016 tur.
317 1961 422 2017 Sed
454 1963 500 2016 si
528 1963 680 2018 dicta
720 1975 847 2017 mea
884 1962 1214 2018 attendisset
1253 1963 1675 2032 quibus.........
1709 1960 1865 2030 quod

165 2057 253 2105 est
281 2063 355 2104 ex
382 2051 634 2121 Virgine,
671 2058 727 2107 et
755 2051 1062 2122 signiticati
1107 2050 1262 2120 quod
1307 2051 1574 2105 in.........
1622 2055 1863 2114 constat,

166 2151 202 2192 a
238 2151 328 2192 me
347 2152 753 2208 saepenumero
792 2139 1060 2194 identitas
1102 2138 1481 2206 enuntiatur,‘,
1507 2137 1694 2192 omnis
1740 2135 1866 2206 ejus

166 2225 322 2280 illico
352 2227 702 2298 ambiguitas
749 2227 977 2296 sopiret,
1019 2241 1154 2282 cum
1204 2227 1331 2296 ipsa
1362 2226 1539 2282 verba
1569 2224 1868 2280 Dominica

165 2327 306 2368 mox
336 2314 475 2370 inibi
512 2315 771 2386 subjecta
803 2323 1004 2371 met....
1055 2316 1127 2370 ad
1157 2317 1248 2371 sui
1274 2314 1609 2370 memoriam
1641 2312 1696 2367 id
1744 2311 1868 2367 ﬁeri

166 2401 474 2471 imperant,
521 2417 828 2474 nunquam
872 2402 940 2458 de
982 2402 1380 2458 vicissitudine
1406 2401 1646 2472 quaestio
1679 2407 1867 2456 mota—

164 2497 350 2544 retur.
384 2489 523 2556 Quis
561 2491 716 2546 enim
769 2491 994 2546 vicar...
1051 2491 1144 2560 [f.,
1197 2488 1506 2560 vicarium]
1559 2489 1868 2559 cujuslibet

167 2577 612 2645 repraesentandi
665 2578 911 2645 dubitat,
970 2579 1123 2648 quod
1193 2592 1368 2648 super
1448 2584 1862 2647 repraesenta...

170 2665 258 2734 [f.,
289 2663 753 2738 representatam]
785 2666 1117 2722 memoriam
1160 2664 1436 2721 innovat?
1484 2665 1666 2734 Magis
1698 2665 1866 2734 plane

167 2754 228 2807 in
261 2766 435 2809 causa
461 2768 579 2809 esse
611 2755 840 2810 videtur
875 2754 1030 2822 quod
1079 2753 1327 2824 Spiritus
1367 2760 1601 2808 sanctus
1644 2750 1866 2822 Pignus

168 2839 384 2895 dicitur
427 2840 663 2910 (Ephes.
715 2855 752 2908 1,
812 2839 919 2909 14),
974 2839 1130 2909 quod
1183 2839 1362 2894 Filius
1412 2839 1528 2907 ipse
1580 2837 1867 2909 Splendor

1973 457 2126 512 enim
2157 472 2356 513 eorum
2400 473 2561 514 mens
2605 459 2662 514 in
2707 459 3054 516 diabolicum
3087 462 3362 532 furorem,
3408 467 3672 524 obstina-

1974 543 2304 614 tionemque
2335 545 2624 613 deciderit,
2673 547 2811 602 satis
2857 547 2914 601 in
2953 549 3146 604 eodem
3189 565 3360 622 quem
3405 554 3473 609 de
3519 554 3670 611 inte-

1973 633 2109 687 riori
2145 634 2360 689 mundo
2409 635 2733 690 vocaverim
2773 635 2937 703 libro,
2985 638 3254 706 probasse
3288 654 3376 696 me
3409 643 3667 711 memini,

1973 719 2061 773 sin
2106 720 2268 786 alias,
2319 735 2386 776 ea
2427 723 2546 778 sola
2595 724 2761 791 quasi
2812 722 3082 777 contrarii
3125 726 3482 794 oppositione
3527 744 3670 784 con-

1974 807 2138 876 clusi,
2172 809 2328 878 quod
2355 824 2474 878 qua
2520 810 2917 886 benevolentia
2950 810 3211 867 Christus
3256 813 3312 868 in
3358 816 3500 870 caelo
3530 830 3664 872 suos

1975 897 2081 951 sibi
2133 898 2546 953 commembres
2579 899 2704 954 unit
2755 907 2930 968 atque
2965 909 3358 970 concorporat,
3393 917 3460 958 ea
3489 905 3669 961 rabiei

1974 984 2346 1040 similitudine
2373 985 2638 1042 diabolus
2667 1000 2786 1053 eos,
2823 986 3035 1056 quibus
3056 996 3230 1056 caput
3258 989 3525 1059 efﬁcitur,
3559 993 3669 1048 sibi

1974 1072 2294 1129 conformes
2323 1074 2498 1130 factos
2529 1075 2853 1129 inviscerat.

2046 1166 2192 1214 328
2219 1161 2388 1217 Valde
2418 1162 2571 1216 enim
2600 1162 2940 1228 absurdum,
2963 1170 3018 1218 et
3047 1163 3201 1218 omni
3231 1166 3440 1220 rationi
3471 1166 3666 1224 incon-

1975 1250 2211 1305 cinnum
2238 1264 2400 1306 nemo
2431 1251 2654 1307 dubitat
2684 1252 2838 1321 quod
2861 1252 2964 1321 qui
2993 1252 3310 1309 malevolus
3338 1269 3372 1309 a
3401 1258 3667 1325 praesenti

1976 1337 2204 1407 migrat,
2251 1338 2366 1393 illic
2398 1345 2692 1407 recuperet
2741 1339 2897 1408 quod
2949 1339 3059 1406 hic,
3101 1339 3238 1396 dum
3281 1343 3523 1410 advivit,
3563 1345 3668 1400 ha-

1976 1425 2108 1481 bere
2137 1441 2251 1480 non
2281 1433 2480 1495 curat;
2509 1425 2768 1495 alioquin
2818 1426 3132 1482 Salomonis
3161 1430 3442 1486 sententia
3481 1440 3664 1500 vacat,

1976 1514 2077 1583 qui
2136 1513 2358 1584 lignum
2409 1515 2732 1583 praecisum,
2783 1514 2902 1568 sive
2951 1515 3023 1569 ad
3072 1523 3358 1584 austrum,
3416 1519 3538 1574 sive
3593 1521 3666 1576 ad

1975 1598 2303 1671 aquilonem
2329 1601 2614 1669 decidens,
2650 1616 3004 1672 quocunque
3057 1603 3179 1659 loco
3223 1605 3508 1669 ceciderit,
3554 1605 3667 1660 im-

1905 1668 1946 1722 Β
1979 1668 2260 1746 mobiliter
2317 1703 2548 1745 manere
2600 1668 2945 1758 pronuntiat
3003 1691 3217 1761 (Eccle.
3272 1709 3346 1760 Vl,
3401 1668 3503 1762 3).
3543 1693 3669 1749 Non

1975 1780 2130 1835 enim
2158 1786 2435 1846 maneret,
2467 1779 2513 1834 si
2543 1792 2577 1834 a
2604 1779 2806 1848 capitis
2837 1780 2926 1835 sui
2957 1781 3251 1848 alteruter,
3285 1782 3404 1838 sive
3450 1782 3661 1849 bonus,

1975 1868 2094 1922 sive
2122 1867 2330 1935 malus,
2363 1867 2757 1922 conformitate
2789 1875 3061 1938 statuque
3099 1869 3356 1926 desciret.
3406 1870 3662 1941 Atquia

1975 1968 2011 2010 a
2051 1955 2194 2010 tanti
2243 1954 2375 2010 libri
2421 1969 2595 2010 sensu
2632 1969 2752 2012 sese
2802 1957 3102 2013 absentare
3153 1958 3510 2028 dignoscitur
3537 1973 3668 2014 om—

1974 2043 2112 2098 nino
2141 2043 2446 2111 nefarium,
2500 2044 2579 2099 ita
2623 2057 2822 2100 eorum
2874 2046 3264 2114 paenitentiam
3291 2047 3662 2115 disseramus,

1974 2139 2040 2186 ut
2088 2130 2342 2200 ipsorum
2388 2130 2884 2199 impoenitudinem
2938 2139 3272 2201 perpetuam
3321 2147 3437 2188 non
3487 2148 3666 2204 nege-

1975 2232 2124 2274 mus.

2047 2308 2108 2361 In
2159 2307 2450 2363 hoc-sane
2493 2308 2611 2363 solo
2657 2308 2739 2363 eis
2790 2308 3061 2377 pienitere
3107 2323 3268 2379 posse
3303 2309 3665 2379 ascribimus,

1975 2393 2103 2448 licet
2134 2395 2440 2462 paenitendi
2488 2399 2568 2450 eis
2613 2410 3036 2466 usquequaque
3067 2397 3264 2452 nullus
3307 2397 3380 2453 sit
3422 2398 3668 2465 fructus,

1977 2483 2132 2552 quod
2193 2483 2341 2538 inter
2390 2484 2727 2540 acerbitates
2785 2484 3201 2554 suppliciorum
3267 2486 3349 2541 sic
3414 2495 3666 2556 peccata,

1975 2585 2077 2640 pro
2126 2571 2338 2641 quibus
2391 2580 2528 2628 sunt
2573 2573 2780 2642 puniti,
2835 2572 3156 2641 fastidiunt,
3209 2581 3273 2629 ut
3317 2589 3526 2630 rursus
3571 2590 3669 2631 ex-

1973 2658 2183 2726 templo
2236 2673 2367 2714 cum
2420 2660 2850 2716 infructuositas
2898 2660 3090 2715 animo
3138 2662 3282 2716 tanti
3321 2662 3410 2717 sui
3459 2663 3672 2719 doloris

1973 2748 2306 2813 occurrerit,
2358 2749 2510 2818 quod
2554 2749 2715 2804 nulla
2763 2748 2984 2804 ratione
3022 2749 3231 2804 mutari
3267 2750 3461 2819 possit,
3509 2751 3672 2808 furor

1974 2833 2385 2903 desperationis
2423 2836 2596 2890 corda
2639 2836 2962 2904 subvertet,
3005 2843 3060 2891 et
3089 2835 3149 2892 in
3190 2843 3419 2894 tantum
3446 2839 3670 2896 oderint

163 2927 381 2999 gloriae,
408 2928 627 2998 Figura
650 2925 989 2982 substantiae
1021 2925 1224 2996 (Hebr.
1260 2941 1297 2992 ι,
1335 2926 1414 2994 3),
1446 2934 1500 2980 et
1534 2926 1677 2980 alias
1701 2926 1864 2980 Ima-
1904 2963 1946 3019 Ο
1976 2923 2131 2992 quod
2174 2930 2310 2979 sunt
2359 2931 2420 2979 ut
2463 2938 2557 2979 eos
2605 2924 2874 2992 paeniteat
2921 2924 3075 2994 quod
3111 2925 3306 2981 minus
3351 2935 3673 2994 peccatores

166 3029 238 3082 go
270 3013 377 3068 Dei
420 3015 744 3084 appellatur
793 3013 885 3085 (11
916 3016 1050 3068 Cor.
1083 3027 1162 3080 1v,
1193 3015 1272 3083 2).
1302 3013 1374 3068 Et
1400 3021 1551 3068 certe
1581 3013 1865 3069 vicarium
1911 3011 1946 3019 '
1975 3011 2286 3081 minusque
2343 3012 2400 3066 in
2465 3013 2585 3068 suis
2633 3012 3047 3082 voluptatibus,
3115 3014 3257 3070 dum
3309 3014 3668 3084 adviverent,

167 3102 311 3170 quid
355 3103 592 3158 obsistat
645 3103 839 3158 vocari
882 3116 996 3158 non
1028 3101 1212 3169 video,
1261 3101 1417 3172 quod
1455 3108 1510 3157 et
1541 3101 1659 3171 ipse
1687 3103 1868 3171 quoti-

165 3194 405 3248 dianum
460 3192 727 3262 appellat,
775 3205 841 3247 ac
871 3191 917 3246 si
969 3197 1321 3261 suggereret,
1363 3189 1444 3244 sic
1484 3204 1548 3245 eo
1602 3190 1657 3243 in
1714 3203 1864 3258 prae-

166 3282 331 3347 senti,
393 3281 529 3335 dum
587 3281 798 3335 dicitur
851 3279 1036 3345 hodie,
1097 3278 1398 3344 utendum,
1465 3286 1529 3332 ut
1591 3277 1662 3332 ad
1723 3278 1864 3334 illud

166 3376 378 3424 mterne
427 3367 757 3434 fruendum,
806 3367 964 3437 quod
1007 3365 1262 3420 considet
1306 3365 1556 3421 dexterae
1588 3372 1861 3434 paternae,

167 3469 273 3511 nos
301 3455 494 3510 ducat.
544 3454 703 3520 Quod
755 3454 924 3524 plane
967 3454 1048 3508 sic
1095 3453 1154 3506 in
1203 3453 1312 3507 hoc
1358 3452 1566 3507 saeculo
1607 3453 1864 3508 iiendum

166 3545 404 3600 mandat
439 3545 586 3600 utin
639 3544 864 3599 saeculis
912 3541 1279 3609 saeculorum,
1330 3556 1462 3597 cum
1503 3542 1572 3595 ad
1617 3541 1864 3610 speciem

166 3635 342 3704 hujus
369 3633 606 3703 originis
646 3631 1070 3702 portigerimus,
1114 3628 1237 3685 ﬁeri
1277 3643 1396 3683 non
1426 3638 1609 3698 egeat,
1635 3629 1861 3682 sentire

167 3737 282 3778 non
323 3735 553 3792 possum
583 3721 726 3792 quin
756 3727 1075 3791 opportune
1101 3718 1242 3773 vicis
1283 3716 1588 3786 cujusdam
1617 3716 1863 3786 speciem

169 3812 289 3882 ipsa
322 3812 452 3867 licet
476 3811 824 3877 omnimoda,
858 3811 1070 3865 veritas
1101 3814 1281 3880 gerat.

241 3898 428 3968 Hujus
456 3901 650 3968 itaque
678 3899 943 3968 opusculi
973 3905 1023 3952 te
1038 3897 1313 3967 judicem,
1337 3895 1428 3950 vir
1448 3894 1859 3962 amantissime,

166 4002 358 4044 creare
371 3989 645 4058 disposui,
670 4003 841 4058 quem
863 3996 917 4044 et
938 3987 1253 4042 acrimonia
1273 3999 1565 4054 nusquam
1588 3986 1863 4054 torpentis

167 4075 405 4144 ingenii,
438 4090 554 4130 non
586 4076 750 4130 modo
782 4075 982 4130 litterae
1027 4081 1243 4129 statum
1277 4071 1612 4127 examinare
1653 4073 1862 4142 perdo-

167 4161 303 4227 cuit,
333 4162 431 4218 sed
460 4162 534 4217 ad
582 4162 761 4231 ipsius
800 4161 1018 4228 litterae,
1072 4168 1136 4216 ut
1181 4160 1262 4215 sic
1292 4159 1560 4225 dixerim,
1591 4159 1858 4228 spiritum

1973 3098 2190 3156 eﬂ'erati
2221 3100 2477 3156 fuerunt.

2043 3189 2143 3245 Cui
2206 3189 2454 3244 concinit
2510 3189 2669 3245 Isaiae
2716 3190 2899 3246 illud:
2959 3190 3115 3257 Sola,
3174 3190 3386 3261 inquit,
3442 3193 3666 3248 vexatio

1969 3277 2326 3333 intellectum
2377 3277 2534 3331 dabit
2582 3278 2809 3332 audilui
2858 3278 3022 3350 (Isai.
3083 3295 3279 3348 xxvm,
3343 3281 3452 3350 19).
3509 3280 3670 3348 Quod

1973 3365 2032 3421 in
2090 3366 2234 3421 libro
2291 3365 2590 3434 Sapientiae
2659 3367 2991 3435 paenitentia
3051 3366 3282 3434 dicitur,
3346 3367 3453 3422 hoc
3515 3369 3672 3438 apud

1973 3455 2183 3510 Isaiam
2233 3453 2553 3509 intellectus
2600 3455 2944 3524 appellatur.
3003 3455 3073 3509 Et
3117 3454 3248 3510 licet
3297 3455 3452 3524 apud
3506 3455 3670 3512 Salo-

1975 3557 2200 3598 monem
2233 3556 2337 3596 nec
2367 3541 2534 3610 ratio,
2587 3556 2693 3597 nec
2741 3542 2980 3596 scientia
3030 3542 3182 3610 apud
3228 3541 3438 3596 inferos
3467 3541 3668 3598 futura

1973 3630 2380 3700 pronuntietur
2428 3629 2644 3700 (Eccle.
2695 3643 2776 3695 1x,
2829 3630 2931 3699 10),
2977 3637 3168 3684 tamen
3217 3630 3338 3684 sine
3382 3628 3672 3686 intellectu

1971 3719 2029 3774 in
2087 3719 2193 3773 hoc
2248 3717 2365 3774 solo
2435 3733 2548 3772 non
2605 3731 2724 3773 esse
2810 3724 3151 3784 noscuntur,
3227 3716 3383 3786 quod
3449 3731 3671 3788 semper

1971 3808 2304 3863 discernunt
2337 3821 2436 3876 pro
2467 3821 2582 3875 quo
2629 3807 2955 3875 patiuntur,
2987 3805 3084 3861 sed
3127 3805 3274 3860 inter
3307 3804 3663 3877 patiendum,

1972 3893 2110 3964 quia
2142 3893 2338 3949 nullus
2376 3893 2730 3949 discretionis
2765 3901 2850 3949 est
2891 3893 3132 3960 fructus,
3163 3893 3235 3948 ad
3273 3892 3670 3953 obdurationis

1969 3991 2024 4039 et
2053 3989 2413 4052 contemptus
2443 3982 2727 4036 insaniam
2758 3982 3124 4038 relabuntur.

2043 4071 2204 4127 Unde
2231 4077 2315 4126 est
2345 4070 2489 4126 illud
2514 4071 2641 4138 Job,
2690 4085 2824 4126 cum
2865 4078 3075 4126 terram
3117 4073 3360 4131 miseriae
3402 4089 3469 4130 ac
3505 4083 3668 4132 tene-

1971 4159 2209 4214 brarum
2241 4158 2583 4214 describeret
2618 4173 2630 4212 :
2689 4157 2817 4226 Ubi,
2846 4159 3054 4230 inquit,
3098 4161 3302 4217 umbra
3354 4163 3582 4231 mortis,
3611 4165 3670 4217 et

168 4251 606 4321 disquirendum
655 4250 1073 4320 contemplandi
1105 4248 1414 4305 assiduitas
1459 4247 1731 4303 assuevit.
1782 4250 1858 4306 Te
1896 4260 1940 4313 1)
1965 4246 2163 4300 nullus
2193 4247 2353 4314 ordo,
2388 4245 2491 4299 sed
2527 4245 2910 4317 sempiternus
2950 4247 3152 4302 horror
3201 4249 3490 4310 inhabitat
3539 4250 3669 4323 (Job

165 4356 301 4412 ergo
344 4355 584 4397 securus
628 4341 918 4411 elegerim,
961 4353 1134 4410 quem
1183 4338 1254 4393 ad
1303 4337 1643 4406 corrigenda
1688 4338 1860 4393 etiam

165 4429 390 4485 hostilia
425 4429 686 4499 progredi
717 4443 832 4484 non
862 4428 972 4484 nisi
1001 4441 1074 4483 ex
1110 4425 1365 4498 ingenita
1404 4423 1507 4479 tibi
1539 4424 1860 4481 humilitate

172 4517 484 4573 didicerim.

237 4609 289 4659 2.
322 4604 469 4671 Quia
497 4605 651 4660 male
685 4605 858 4660 verba
895 4597 1326 4677 interpretatus
1355 4603 1507 4660 illud
1551 4605 1686 4674 Sap.
1721 4618 1855 4674 cap.

163 4707 218 4759 v,
254 4695 303 4745 3.
341 4691 503 4757 Quod
543 4691 909 4763 potissimum
955 4691 1017 4746 in
1055 4691 1153 4746 lib.
1208 4692 1295 4745 De
1334 4690 1603 4748 interimi
1652 4690 1860 4746 mundo

163 4779 400 4848 refutat.
432 4809 501 4820 —
531 4781 707 4836 Porro
738 4781 894 4851 quod
926 4789 978 4836 te
1007 4781 1275 4836 audiente
1299 4780 1747 4849 quidam.........
1793 4795 1860 4836 us

171 4865 262 4939 [f.,
308 4867 573 4937 aemulus]
623 4868 761 4923 mihi
808 4867 1032 4938 objecit,
1080 4867 1216 4922 satis
1251 4867 1454 4936 utique
1493 4867 1860 4937 promptulus

164 4956 237 5012 ad
269 4956 642 5026 loquendum,
687 4955 783 5012 sed
814 4957 1010 5012 minus
1041 4955 1317 5025 providus
1359 4957 1429 5011 ad
1483 4957 1538 5012 id
1569 4957 1725 5026 quod
1754 4956 1858 5012 de-

161 5043 472 5099 latraverat
520 5043 823 5098 tuendum.
874 5042 1095 5098 Scilicet
1138 5043 1293 5113 quod
1331 5052 1532 5099 contra
1565 5045 1858 5114 sapientiae

159 5131 374 5186 librum
406 5145 502 5187 eos
532 5130 633 5202 qui
673 5129 732 5184 in
760 5129 982 5186 inferno
1007 5137 1162 5197 sunt,
1198 5137 1298 5185 aut
1341 5131 1522 5186 futuri
1569 5139 1726 5198 sunt,
1759 5147 1858 5187 cor

160 5221 435 5287 impotens
498 5225 554 5274 et
605 5218 834 5285 habere,
909 5225 965 5272 et
1041 5217 1342 5272 habituros
1416 5218 1683 5286 dixerim,
1757 5219 1855 5275 ubi

159 5294 652 5377 videlicet'legitur
685 5323 697 5360 :
737 5307 1022 5369 Dicentes,
1058 5305 1264 5375 inquit,
1291 5304 1450 5358 intra
1472 5323 1552 5372 se,
1581 5305 1856 5377 poeniten-

160 5393 301 5449 tiam
328 5398 580 5466 agentes,
611 5397 668 5449 et
692 5411 810 5465 pm
837 5393 1108 5466 angustia
1128 5391 1376 5464 spiritus
1400 5397 1690 5465 gementes
1714 5412 1732 5448 :
1768 5396 1858 5450 Hi

156 5486 308 5549 sunt,
341 5499 482 5553 quos
509 5481 817 5538 habuimus
853 5480 1168 5552 atiquando
1213 5480 1276 5536 in
1303 5481 1561 5536 derisum
1601 5481 1760 5552 (Sap.
1797 5496 1851 5549 v,

1969 4350 2026 4403 x,
2074 4334 2182 4405 22).
2234 4335 2384 4390 Ordo
2437 4335 2606 4404 plane
2656 4343 2821 4401 esset,
2872 4337 2915 4392 si
2966 4337 3031 4404 is,
3089 4339 3192 4408 qui
3241 4342 3561 4409 paeniteret,
3597 4340 3666 4394 ab

1968 4423 2095 4493 ejus
2121 4423 2201 4478 rei
2241 4422 2465 4490 etTectu,
2513 4423 2624 4478 imo
2650 4430 2705 4478 et
2734 4423 2961 4492 ail‘ectu,
2995 4425 3064 4482 de
3093 4441 3212 4495 qua
3244 4429 3663 4497 paenitudinem

1970 4512 2134 4582 gerit,
2185 4511 2500 4567 absisteret.
2549 4512 2757 4568 Nullus
2781 4526 2918 4583 ergo
2951 4513 3023 4569 ibi
3066 4515 3206 4570 ordo
3244 4524 3347 4582 est,
3390 4516 3530 4572 dum
3560 4530 3664 4585 pro

1968 4599 2120 4654 malo
2159 4600 2450 4655 cruciatus
2489 4600 2623 4655 hinc
2653 4601 2907 4670 poenitet,
2951 4601 3108 4656 illinc
3149 4603 3483 4672 desperatur
3527 4604 3664 4660 mali

1968 4687 2225 4756 appetitu
2277 4687 2474 4744 furens
2512 4688 2706 4743 fervet.
2752 4688 2933 4754 Quem
2983 4689 3236 4744 furorem
3276 4691 3664 4761 sempiternus

1969 4775 2064 4830 ille
2089 4776 2292 4831 horror
2316 4777 2620 4846 signiﬁcat,
2653 4778 2755 4847 qui
2795 4777 2852 4831 in
2905 4777 3112 4832 animis
3151 4779 3271 4848 spei
3301 4780 3489 4836 omnis
3519 4781 3658 4836 alie-—

1968 4863 2198 4919 natione
2246 4865 2576 4920 crudelibus
2618 4866 2928 4921 enormiter
2976 4865 3200 4935 ﬂagrat.
3254 4867 3418 4931 Quod
3476 4876 3661 4925 totum

1966 4952 2344 5022 liquidissime
2375 4953 2434 5008 in
2490 4954 2672 5010 Judmi
2721 4955 3026 5023 proditoris
3066 4955 3212 5012 facto
3261 4959 3660 5029 perpenditur,

1967 5054 2138 5110 quem
2195 5042 2332 5097 dum
2382 5041 2543 5098 factae
2609 5043 2943 5112 proditionis
2974 5044 3229 5113 paenitet,
3289 5060 3661 5118 nequaquam

1967 5135 2158 5184 tamen
2206 5138 2499 5200 resumpto
2555 5131 2782 5200 culpam
2837 5131 3163 5203 corrigendi
3207 5133 3418 5200 studio,
3470 5149 3505 5190 a
3549 5149 3658 5192 sua

1965 5217 2214 5286 pernicie
2239 5233 2447 5274 manus
2473 5227 2646 5274 arcet.

2035 5306 2196 5362 Certe
2241 5308 2286 5362 si
2338 5308 2473 5377 ipse,
2520 5308 2621 5378 qui
2663 5307 2759 5363 tali
2811 5310 3238 5379 quaestiuncula
3273 5311 3531 5382 obligare
3571 5328 3662 5370 me

1964 5395 2166 5460 voluit,
2219 5410 2472 5466 praesens
2523 5405 2690 5461 esset,
2734 5397 2805 5453 ab
2850 5413 2914 5454 eo
2966 5413 3310 5469 quaererem,
3369 5409 3424 5457 et
3478 5402 3660 5459 multo

1964 5483 2177 5538 rectius
2236 5497 2412 5553 quam
2471 5485 2755 5554 quaesivit,
2811 5487 2952 5556 quid
3017 5500 3188 5556 super
3242 5487 3534 5545 fatuarum
3603 5491 3660 5545 in
