3928 6070
237 246 336 299 6H

244 378 557 450 Evangelio
604 377 894 448 virginum
945 377 1120 432 verbo
1169 377 1422 444 sentiret,
1475 391 1606 448 qua;
1654 377 1776 432 dari
1823 377 1932 433 sibi
1968 377 2102 437 Ain
2173 377 2266 432 illo
2345 391 2612 446 supremo
2688 377 2976 445 examine,

242 467 432 524 oleum
463 481 496 522 a
526 466 926 537 prudentibus,
961 473 1014 520 et
1045 479 1078 519 a
1107 479 1311 534 sponso
1360 465 1557 520 clausa
1581 465 1700 535 jam
1745 464 1930 534 janua

243 556 450 626 aperiri
484 555 589 611 sibi
640 561 840 624 petunt
888 553 1124 622 (Matth.
1152 568 1286 619 xxv,
1343 555 1394 616 8,
1446 554 1556 623 11),
1603 569 1734 609 cum
1784 551 1928 608 nulli

241 645 485 699 dubium
543 643 630 709 sit,
690 642 843 711 quod
901 649 1021 710 post
1082 644 1579 706 resurrectionem,
1633 656 1763 711 quae
1815 641 1931 696 illic

239 732 532 788 evidenter
561 730 843 796 innuitur,
886 729 1084 784 nullus
1124 731 1192 784 de
1231 744 1334 785 suo
1375 736 1528 785 statu
1564 744 1662 786 seu
1693 729 1929 785 salvan-

239 820 367 886 dus,
401 833 503 874 seu
534 819 810 888 perditus,
844 818 987 873 inibi
1022 819 1285 874 dubitare
1315 819 1559 874 sinatur.
1597 820 1736 873 Cum
1775 818 1931 872 enim

237 907 358 962 dies
428 919 679 976 quorum
758 905 975 971 mortis,
1050 905 1169 960 dies
1232 905 1434 976 judicii
1510 906 1568 960 in
1635 905 1932 975 Scriptura

235 996 535 1066 aliquoties
587 996 919 1051 nominetur
971 995 1052 1065 (in
1113 995 1234 1064 ipso
1289 995 1442 1050 enim
1505 995 1696 1050 exitus
1752 994 1931 1050 nostri

236 1093 450 1155 puncto
479 1085 817 1140 sententiam
871 1091 971 1138 aut
1013 1083 1366 1144 salvationis.
1409 1091 1508 1138 aut
1548 1082 1932 1139 damnationis

236 1181 445 1228 nostrae
492 1173 860 1241 suscipimus)
918 1171 1080 1226 nullo
1142 1171 1306 1226 modo
1359 1172 1691 1240 quempiam
1757 1171 1931 1226 latere

236 1268 416 1331 potest
447 1273 594 1330 quas
635 1260 994 1314 hmreditates
1042 1259 1101 1313 in
1143 1267 1432 1327 posterum
1480 1258 1778 1326 sortiatur,
1829 1260 1930 1316 ubi

236 1349 308 1404 ab
356 1349 750 1418 integumento
793 1347 1047 1416 corporis
1095 1355 1271 1402 exuto
1318 1347 1543 1416 spiritu,
1579 1347 1652 1402 ad
1699 1348 1932 1403 aeterni-

235 1438 366 1493 tatis
393 1451 495 1492 seu
545 1437 706 1492 bonae
736 1451 839 1491 seu
895 1435 1058 1491 malae
1097 1436 1357 1491 notitiam
1415 1436 1747 1492 nullatenus
1795 1437 1931 1491 cali-

235 1533 423 1596 gatur.

305 1611 358 1668 Si
389 1626 524 1682 ergo
551 1617 793 1668 exutum
838 1623 1035 1665 recens
1075 1625 1109 1664 a
1151 1624 1387 1679 corpore
1417 1624 1658 1666 suarum
1689 1611 1928 1667 sortium

1143 241 1202 293 V.
1243 240 1572 297 GUIBERTI
1615 239 2004 297 ABBATIS‘S.
2055 241 2292 296 MARI/E
2329 240 2420 295 DE
2457 239 2842 300 NOVIGENTO

3631 245 3738 296 612

3072 376 3239 447 quasi
3325 378 3412 432 sui
3481 377 3738 447 ipsorum

2037 465 2244 537 ignari,
2277 465 2658 522 elementariis
2683 465 2922 521 vocibus
2950 480 3082 521 cum
3131 466 3245 521 Deo
3290 465 3552 521 cordium
3603 473 3742 520 teste

2037 553 2418 609 contendent?
2467 556 2609 609 Dum
2652 568 2788 624 ergo
2835 553 2890 608 in
2940 553 3258 610 absurdum
3311 553 3496 609 littera
3537 554 3739 619 tendit,

2039 642 2448 697 attendendum
2494 649 2576 697 est
2620 641 2722 711 qui
2757 641 2812 694 in
2865 640 2932 694 iis
2960 655 3077 696 sese
3109 654 3312 696 sensus
3343 640 3579 710 aperiat.
3616 640 3746 696 Erit

2041 727 2233 798 itaque
2259 743 2372 784 non
2407 729 2559 798 quod
2606 727 2904 798 perspicax
2954 735 3094 783 tunc
3137 727 3374 797 spiritus
3425 727 3594 792 dicat,
3638 735 3746 783 aut

2039 818 2262 887 cogitet,
2319 817 2413 873 sed
2469 816 2623 887 quod
2675 816 2748 870 ab
2802 815 3031 871 homine
3077 815 3136 870 in
3193 816 3459 886 praesenti
3510 817 3744 886 magnis

2040 905 2468 975 hypocritarum
2519 904 2856 971 virtutibus,
2910 919 3041 974 quae
3085 911 3386 974 putantur,
3422 904 3744 974 stupefacto

2039 993 2267 1063 pensari
2317 1001 2574 1063 possunt,
2633 993 2720 1048 vel
2773 994 2846 1048 ab
2911 993 2980 1047 iis
3036 993 3345 1064 hypocritis
3397 1000 3622 1063 captata
3666 993 3743 1048 ab

2040 1081 2376 1137 hominibus
2405 1081 2574 1137 laude
2600 1081 2823 1137 caecatis
2847 1080 3042 1136 sentiri
3073 1089 3315 1150 queunt,
3353 1082 3452 1151 qui
3508 1096 3576 1137 ea
3606 1096 3744 1150 quae

2040 1170 2109 1226 de
2151 1184 2209 1224 se
2246 1171 2318 1225 ab
2362 1170 2693 1225 hominibus
2743 1169 3124 1232 celebrantur,
3175 1170 3331 1238 apud
3373 1171 3552 1224 Deum
3594 1184 3736 1225 con-

2040 1265 2191 1314 stare
2239 1259 2500 1313 credunt.
2545 1258 2708 1314 Unde
2755 1265 2882 1313 est:
2935 1257 3032 1312 Va:
3075 1256 3532 1313 desiderantibus
3581 1258 3741 1314 diem

2043 1345 2305 1402 Domini!
2337 1348 2538 1417 (Amos
2563 1363 2619 1411 v,
2655 1345 2758 1416 18.)
2806 1345 3002 1401 Caecus
3043 1346 3195 1401 enim
3241 1346 3476 1416 praemia
3521 1355 3740 1416 sperat,

2041 1436 2257 1506 quibus
2307 1450 2365 1491 se
2397 1436 2640 1506 dignum
2693 1434 2870 1490 falsus
2918 1434 3258 1490 miserorum
3308 1435 3744 1491 adulationibus

2040 1523 2305 1578 aestimat.

2113 1611 2203 1666 Sic
2228 1611 2421 1680 itaque
2455 1611 2554 1680 qui
2597 1610 2653 1665 in
2706 1610 2928 1666 inferno
2968 1617 3117 1666 sunt
3164 1611 3314 1665 intra
3364 1624 3424 1666 se
3460 1611 3744 1680 poeniten-

233 1700 377 1755 nihil
409 1701 561 1767 latet,
609 1707 662 1756 et
703 1707 822 1768 post
869 1700 1344 1754 resurrectionem
1378 1700 1560 1754 multo
1613 1701 1936 1758 evidentius
1978 1685 2013 1737 Β
2043 1699 2178 1755 tiam
2212 1706 2441 1770 gerunt,
2476 1714 2606 1755 cum
2654 1713 2753 1768 per
2783 1698 2874 1754 sui
2926 1698 3458 1764 considerationem,
3490 1706 3546 1755 et
3569 1699 3744 1755 dam—

237 1802 336 1859 per
364 1787 778 1858 experientiam
831 1787 1084 1856 corporis
1129 1795 1182 1842 et
1213 1788 1440 1854 animm,
1483 1787 1617 1844 vitae
1643 1790 1933 1858 sequentis

235 1877 467 1932 habitus
496 1883 664 1946 patet,
700 1876 799 1930 ubi
831 1891 935 1930 nec
965 1875 1106 1930 falsa
1140 1877 1338 1945 pietas,
1370 1891 1473 1931 nec
1502 1877 1776 1943 adulatio,
1817 1893 1932 1933 non

235 1964 358 2020 dico
389 1979 445 2020 se
473 1971 784 2033 promovet,
815 1964 911 2018 sed
942 1977 1062 2018 esse
1103 1977 1216 2017 non
1264 1962 1554 2032 praevalet,
1594 1964 1774 2018 verba
1826 1965 1932 2019 ista

236 2051 522 2121 quomodo
577 2051 636 2105 in
694 2050 788 2105 illa
843 2049 1082 2104 veritate
1141 2057 1423 2115 constant,
1473 2063 1603 2119 quae
1649 2050 1708 2104 in
1758 2051 1934 2121 hujus

234 2139 428 2196 saeculi
481 2141 752 2204 vanitate,
811 2138 859 2192 si
911 2138 1066 2208 apud
1109 2138 1361 2206 aliquem
1398 2138 1716 2208 sapientem
1766 2140 1928 2194 modo

235 2227 666 2295 depromantur,
718 2241 830 2280 non
888 2224 1078 2281 stant?
1137 2225 1273 2291 Quis
1337 2227 1490 2281 enim
1545 2226 1604 2280 in
1666 2228 1931 2296 praesenti

236 2317 436 2372 alienae
483 2316 863 2382 conscientia),
923 2315 966 2370 si
1021 2328 1226 2369 sanum
1286 2315 1489 2382 sapiat,
1542 2315 1931 2370 testimonium

237 2405 399 2473 ferat,
434 2405 588 2475 quod
621 2418 758 2470 suae,
797 2404 841 2458 si
865 2403 1019 2474 jnste
1045 2409 1262 2472 penset,
1302 2402 1589 2472 nequeat?
1629 2403 1767 2469 Quis
1797 2417 1932 2475 ergo

238 2495 542 2563 nugaciter
589 2507 622 2547 a
675 2493 788 2548 Deo
832 2491 1157 2561 quidquam
1215 2498 1352 2545 tunc
1401 2497 1652 2560 expetat,
1709 2497 1810 2547 aut
1863 2492 1933 2548 ab

238 2581 468 2635 homine
496 2580 715 2650 exigat,
745 2580 846 2650 qui
894 2579 950 2633 in
993 2579 1257 2649 praesenti
1295 2579 1582 2648 quomodo
1631 2594 1688 2634 se
1731 2581 1929 2635 metia-

240 2675 355 2733 tur,
387 2668 654 2737 ignorat?
693 2667 818 2722 Non
863 2668 1013 2722 enim
1047 2666 1365 2735 ;mendacia
1407 2666 1458 2722 ei
1507 2667 1738 2723 obtendi
1784 2676 1934 2738 pote-

239 2763 397 2823 runt,
432 2753 600 2824 cujus
628 2762 837 2809 cuncta
861 2755 1078 2824 judicio
1109 2755 1266 2810 nuda
1286 2761 1477 2810 erunt.

307 2842 468 2908 Quod
495 2842 665 2896 etiam
716 2842 852 2898 alibi
899 2842 1126 2913 legitur,
1177 2842 1338 2898 multi
1380 2842 1615 2898 dicent:
1668 2841 1928 2912 Domine,

237 2947 422 2985 nonne
449 2929 512 2984 in
535 2928 763 2984 nomine
785 2933 880 2984 tuo
917 2930 1410 3001 prophetavimus,
1455 2930 1735 2985 daemonia
1766 2932 1931 3000 eieci-

237 3037 384 3089 mus,
405 3020 645 3078 virtutes
666 3021 880 3076 multas
884 3020 1180 3090 fecimus?
1197 3020 1431 3088 (Matth,
1456 3037 1495 3084 1,
1518 3021 1632 3088 22.)
1658 3021 1933 3090 Nunquid

2041 1787 2289 1843 nationis
2327 1786 2657 1856 exemplum
2697 1799 2976 1856 perpensa
3023 1794 3352 1842 sanctorum
3405 1787 3744 1842 excellentia

2043 1875 2186 1931 alios
2229 1876 2501 1946 poenitere
2549 1875 2915 1943 compellunt.
2969 1875 3025 1929 Si
3068 1875 3223 1930 enim
3269 1889 3365 1930 eos
3412 1875 3514 1946 qui
3553 1876 3608 1931 in
3647 1877 3745 1930 in-

2042 1962 2200 2017 ferno
2233 1962 2574 2031 puniuntur,
2613 1961 2794 2017 Solem
2823 1961 3061 2031 justitiee
3093 1962 3232 2032 quia
3259 1962 3341 2018 eis
3366 1976 3478 2018 non
3525 1960 3746 2017 luxerit

2041 2051 2289 2106 doluisse
2336 2050 2634 2117 sentimus,
2707 2051 2946 2106 verbum
3007 2049 3336 2120 Sapientis:
3395 2053 3447 2104 Α
3508 2059 3746 2106 mortuo

2041 2138 2254 2195 scilicet
2283 2137 2435 2210 perit
2474 2137 2754 2206 confessio
2792 2136 2998 2204 (Eccli.
3041 2152 3182 2204 xvn,
3222 2140 3331 2205 26).
3370 2139 3441 2193 Et
3481 2139 3693 2193 Psalmi
3725 2156 3739 2194 :

2041 2229 2115 2280 In
2140 2227 2369 2291 inferno
2406 2226 2535 2298 quis
2571 2225 2936 2295 conﬁtebitur
2981 2224 3121 2280 tibi?
3168 2225 3347 2295 (Psal.
3389 2241 3465 2293 vr,
3519 2227 3592 2293 6.)
3622 2227 3692 2281 Et
3726 2241 3739 2280 :

2039 2317 2176 2370 Non
2204 2319 2288 2370 est
2312 2315 2371 2369 in
2403 2319 2590 2371 morte
2617 2315 2722 2386 qui
2755 2331 2974 2369 memor
3007 2314 3084 2368 sit
3115 2314 3199 2368 tui
3242 2316 3432 2382 (Prov.
3465 2328 3627 2382 xvm,
3661 2317 3738 2380 3).

2041 2403 2266 2475 Impius
2315 2418 2552 2474 quoque
2596 2420 2727 2458 cum
2771 2402 2990 2458 venerit
3016 2401 3079 2457 in
3122 2404 3412 2475 profundo
3450 2403 3743 2458 malorum

2041 2490 2160 2562 [al.,
2193 2491 2579 2561 peccatorum]
2613 2490 2938 2546 contemnit.
2977 2494 3158 2548 Pravo
3199 2491 3489 2548 intellectu
3529 2492 3742 2547 obrui-

2040 2593 2186 2634 mus.
2249 2579 2352 2635 Ubi
2394 2580 2547 2635 enim
2596 2579 2776 2635 sancti
2836 2588 2988 2635 stant
3036 2579 3094 2634 in
3151 2593 3364 2650 magna
3411 2579 3744 2634 constantia

2041 2665 2204 2737 (Sap.
2253 2683 2306 2733 v,
2381 2671 2450 2736 t),
2501 2667 2610 2722 nisi
2667 2667 2813 2723 inter
2866 2669 3046 2737 hujus
3097 2668 3218 2723 vita
3262 2674 3414 2722 329
3459 2667 3746 2723 adversa?

2041 2755 2188 2811 Hinc
2234 2756 2392 2825 impii
2445 2755 2668 2811 labores
2703 2770 2902 2811 eorum
2945 2756 3309 2812 abstulerunt
3349 2755 3562 2825 (Ibid),
3595 2756 3740 2812 dum

2038 2858 2134 2900 eos
2203 2843 2416 2899 frustra
2469 2852 2764 2914 tantopere
2834 2858 2938 2913 pro
3008 2844 3122 2898 Deo
3188 2844 3383 2899 labore
3440 2845 3741 2901 dixerunt.

2048 2932 2231 3003 Igitur
2259 2936 2313 2987 in
2359 2932 2666 3002 Scripturis
2709 2947 3014 3003 pensemus
3060 2932 3288 2999 similia,
3332 2932 3591 3003 alioquin
3631 2933 3745 2988 ad-

2043 3034 2275 3077 versum
2306 3035 2366 3076 se
2397 3020 2744 3076 constabunt
2768 3021 2930 3090 plura
2967 3020 3218 3076 rebellia.

1546 3229 1891 3314 LIBER
1948 3229 2407 3315 PRIMUS.

628 3416 810 3523 DE
907 3413 1506 3523 SANCTIS
1605 3416 1778 3522 ET
1869 3415 2373 3525 EORUM
2469 3417 3347 3528 PIGNORIBUS

1846 3607 2130 3622 -_

803 3715 1022 3770 CAPUT
1064 3714 1364 3770 PRIMUM.

307 3805 363 3861 Si
393 3805 462 3860 de
491 3810 643 3860 statu
674 3802 956 3874 generalis
984 3802 1244 3857 omnium
1274 3802 1709 3859 resurrectionis
1733 3815 1929 3858 errare

237 3893 456 3950 malum
483 3899 589 3959 est,
623 3892 804 3946 multo
833 3889 1082 3959 amplius
1113 3890 1214 3958 ipsi
1244 3890 1426 3958 Capiti
1475 3890 1795 3961 resurgenti
1822 3891 1928 3945 ali-

237 3982 376 4052 quid
406 3980 725 4036 detraxisse
771 3992 1127 4048 perversum.
1160 3979 1302 4033 Cum
1351 3979 1506 4033 enim
1551 3979 1725 4034 totius
1755 3978 1932 4049 hujus

236 4071 350 4138 spei
378 4067 686 4124 efﬁcientia
717 4066 790 4122 ab
825 4065 1006 4136 ipsius
1050 4065 1312 4134 exemplo
1357 4066 1690 4135 dependeat,
1730 4065 1930 4136 procul

235 4155 410 4212 dubio
443 4163 559 4210 tota
591 4155 915 4224 sponsionis
935 4153 1113 4223 hujus
1133 4154 1545 4224 consequentia
1579 4154 1929 4219 inﬁrmatur,

236 4244 283 4300 si
315 4244 372 4299 in
400 4257 466 4298 eo
496 4243 598 4312 qui
641 4242 946 4311 spopondit
991 4241 1230 4297 faciendi
1261 4242 1606 4310 possibilitas
1637 4241 1932 4298 titubave-

237 4331 330 4399 rit,
363 4338 464 4388 aut
492 4332 561 4386 de
601 4345 666 4386 eo
696 4330 1018 4400 quidpiam,
1069 4330 1222 4400 quod
1268 4330 1615 4399 promissum
1655 4332 1759 4397 est,
1793 4345 1933 4399 quo-

236 4417 638 4486 modocunque
666 4423 942 4470 cassatur.
990 4414 1135 4470 Nam
1183 4429 1316 4470 cum
1368 4415 1465 4484 qui
1497 4415 1771 4484 promittit
1803 4428 1932 4484 pro-

237 4505 409 4562 missa
437 4520 550 4561 non
582 4504 798 4574 implet,
849 4510 951 4558 aut
1000 4502 1261 4558 falsitatis
1282 4502 1570 4573 arguitur,
1603 4510 1704 4558 aut
1748 4503 1816 4558 de
1844 4517 1932 4570 eo,

238 4595 392 4664 quod
451 4593 592 4650 alios
640 4593 963 4648 ditaturum
1017 4605 1076 4646 se
1121 4591 1367 4658 dixerat,
1417 4590 1612 4646 minus
1661 4604 1824 4660 posse
1875 4605 1934 4647 se

239 4683 519 4752 perhibet.
569 4683 678 4736 Deo
704 4695 840 4751 ergo
870 4687 972 4736 aut
999 4679 1307 4748 potentiam
1355 4678 1748 4734 imminuendo
1777 4679 1937 4734 deco-

237 4784 436 4841 quere,
464 4776 564 4826 aut
601 4769 768 4840 quasi
818 4767 1208 4822 inﬁdelitatem
1251 4766 1307 4821 in
1352 4765 1643 4835 promissis
1684 4767 1932 4835 inurere,

238 4872 371 4914 cum
402 4859 473 4914 sit
502 4857 592 4913 vel
624 4858 704 4912 sic
746 4855 981 4926 cogitari
1030 4853 1403 4918 horrendum,
1462 4867 1632 4909 nemo
1673 4853 1779 4909 sibi
1826 4852 1935 4908 sub

2035 3715 2436 3784 aestimandus,
2470 3717 2571 3788 qui
2604 3718 2817 3788 spebus
2847 3718 3249 3776 universorum
3287 3721 3533 3790 parturit
3557 3722 3746 3778 decli—

2036 3804 2297 3860 nationes
2329 3813 2383 3860 et
2413 3805 2628 3875 lapsus.
2663 3806 2823 3863 Certe
2855 3809 2898 3863 si
2949 3808 3214 3863 dextram
3260 3815 3555 3880 tantopere
3596 3824 3744 3866 auro

2035 3905 2235 3948 oneres
2284 3901 2347 3948 ut
2377 3894 2544 3955 ivires
2585 3909 2651 3950 eo
2701 3903 2912 3951 ornatu
2960 3897 3216 3966 corporis
3258 3899 3432 3953 totius
3479 3913 3738 3968 enerves,

2037 3981 2286 4036 multum
2316 3982 2424 4037 erit
2462 3983 2793 4054 hujusmodi
2826 3984 3042 4040 inutilis
3061 3985 3448 4054 pulchritudo,
3473 4002 3602 4056 quae
3633 4002 3740 4057 pro

2039 4069 2372 4139 particulari
2399 4070 2616 4138 decore,
2649 4070 2860 4127 ofﬁciat
2905 4072 3173 4128 universo
3207 4087 3220 4127 :
3265 4074 3415 4130 sicut
3441 4089 3514 4130 ex
3544 4089 3739 4131 emer—

2038 4155 2298 4226 gentium
2333 4156 2659 4228 frequentia
2689 4159 3056 4216 surculorum
3088 4160 3357 4217 interitus
3385 4161 3592 4218 accidit
3639 4177 3734 4218 ra-

2037 4257 2148 4307 mo,
2181 4242 2293 4299 imo
2315 4244 2372 4298 in
2405 4246 2628 4302 arboris
2657 4261 2891 4317 corpore
2920 4254 3055 4304 toto.

2110 4331 2501 4387 Ecclesiarum
2518 4335 2952 4392 consuetudines
2960 4335 3195 4392 diversa
3212 4335 3300 4391 nit
3321 4336 3588 4406 ofﬁciunt
3587 4337 3736 4406 ﬁdei

2036 4417 2344 4473 catholicae.
2386 4449 2454 4458 ——
2486 4419 2662 4475 Porro
2690 4419 2862 4476 etiam
2894 4420 2953 4475 in
2973 4421 3042 4477 iis
3071 4436 3203 4492 quae
3227 4423 3602 4480 ecclesiastice
3631 4433 3737 4482 aut

2038 4513 2307 4562 tenentur
2353 4514 2454 4562 aut
2509 4507 2805 4576 docentur,
2868 4515 3027 4565 tanta
3081 4511 3395 4567 moderatio
3456 4513 3737 4570 hactenus

2041 4601 2260 4649 constat
2293 4594 2492 4650 inclita
2524 4603 2587 4651 ut
2628 4595 2826 4652 nullus
2857 4597 3228 4668 promulgare
3261 4608 3593 4669 praesumat,
3625 4601 3734 4657 nisi

2041 4681 2196 4752 quod
2229 4682 2520 4738 catholicae
2545 4685 2934 4741 consonantia:
2979 4686 3088 4742 sub
3130 4688 3370 4750 ratione,
3407 4696 3509 4745 aut
3538 4703 3735 4745 exem-

2042 4769 2137 4839 plo
2166 4771 2550 4827 examinatior
2569 4786 2816 4829 censura
2833 4774 3154 4832 conﬁrmat.
3185 4775 3555 4832 Suntetenim
3581 4791 3737 4847 quae-

2043 4855 2196 4923 dam,
2238 4871 2370 4926 quae
2413 4866 2702 4928 tenentur,
2743 4861 2841 4917 sed
2890 4876 3004 4918 non
3055 4862 3356 4932 docentur,
3401 4864 3551 4920 sicut
3599 4872 3736 4920 sunt

239 4945 468 5001 nomine
498 4944 723 5020 pietatis
751 4941 1050 5008 attribuat,
1082 4940 1238 5010 quod
1270 4941 1511 5008 impium
1540 4939 1800 4994 omnium
1832 4953 1929 4994 ra-
1970 4939 2014 4991 D
2041 4946 2484 5004 consuetudines
2511 4957 2614 5004 aut
2637 4949 2959 5020 jejunandi,
2981 4958 3084 5006 aut
3104 4951 3380 5021 psallendi
3406 4968 3420 5018 ;
3455 4966 3588 5022 quae
3632 4953 3738 5008 etsi

240 5033 379 5089 tioni
425 5031 878 5103 probabilissime
926 5035 1169 5095 constat,
1220 5027 1491 5098 quodque
1520 5027 1592 5083 ad
1638 5033 1936 5083 contume-

238 5120 376 5176 liam
405 5119 764 5176 credulitatis
794 5117 1080 5174 universze
1107 5115 1461 5185 respondeat.

313 5207 419 5278 Qui
437 5206 702 5262 Ecclesiae
715 5206 881 5276 falsa
899 5203 1117 5272 tribuit,
1137 5203 1328 5273 ipsam
1343 5201 1613 5256 dedecore
1631 5201 1842 5272 afﬁcit.
1867 5233 1937 5244 —-

243 5295 295 5350 Si
327 5295 482 5350 enim
515 5308 617 5363 pro
647 5292 930 5364 singulari
961 5291 1347 5346 Ecclesiarum
1379 5303 1619 5344 suarum
1647 5290 1938 5347 excellen-

243 5383 323 5439 tia
367 5381 474 5438 sibi
526 5382 845 5450 ascribunt,
910 5381 1065 5437 unde
1125 5378 1484 5449 potissimum
1544 5377 1675 5433 ﬁdei
1730 5387 1938 5435 nostrae

238 5471 375 5541 jura
435 5469 845 5536 succumbunt,
911 5467 1144 5524 omnino
1211 5465 1302 5522 hic
1362 5467 1543 5522 honor
1588 5465 1938 5524 detestabilis

2043 5031 2268 5089 diversa
2297 5043 2434 5092 sunt
2453 5045 2604 5105 actu,
2634 5052 2928 5109 nusquam
2961 5047 3149 5096 tamen
3184 5041 3512 5111 discrepant
3542 5055 3577 5096 a
3607 5042 3739 5098 ﬁdei

2045 5131 2237 5188 sensu,
2271 5136 2376 5178 nec
2398 5123 2562 5180 aliter
2591 5125 2808 5183 faciens
2835 5130 3004 5200 argui
3036 5138 3235 5200 potest,
3277 5132 3377 5201 qui
3409 5145 3443 5187 a
3484 5132 3740 5188 dissimi-

2046 5203 2175 5292 liter
2203 5209 2541 5279 abstinente,
2573 5222 2676 5269 aut
2714 5226 2952 5274 canente
2987 5232 3088 5288 per
3131 5219 3565 5292 intelligentiam
3596 5222 3738 5278 nul-

2047 5290 2272 5349 latenus
2301 5296 2478 5352 abest.
2529 5298 2822 5370 Alioquin,
2855 5305 2955 5373 qui
2989 5305 3047 5360 in
3078 5305 3248 5361 simili
3298 5290 3404 5363 nde
3442 5307 3740 5363 diversita-

2045 5387 2157 5436 tem
2190 5379 2285 5454 Ui,
2320 5382 2488 5440 ﬁdem
2536 5385 2883 5462 diversitate]
2940 5391 3342 5463 frugalitatum
3386 5394 3738 5450 ofﬁciorum-

2043 5483 2159 5539 que
2222 5470 2566 5542 defenderet,
2649 5489 2722 5531 ex
2804 5478 2896 5535 sui
2983 5481 3386 5551 singularitate
3450 5483 3737 5553 privilegii
