3914 6094
147 305 247 354 613

1151 295 1156 298 ’
1212 304 1304 359 DE
1349 302 1766 358 PIGNORIBUS
1807 301 2335 359 SANCTOBUM.—-
2365 303 2490 359 LIB.
2534 305 2577 357 Ι.

3536 312 3635 362 614

143 431 545 487 schismaticus
571 440 624 487 et
653 434 852 487 merito
891 432 1001 487 dici
1046 441 1247 503 posset.
1283 434 1336 488 Si
1379 448 1514 503 ergo
1545 434 1834 490 diversum
1874 437 1921 488 Α
1950 434 2279 504 quibusque
2303 434 2514 490 sanctis
2575 434 2896 503 relationes,
2928 435 3160 504 quibus
3209 438 3395 506 potius
3439 454 3639 495 eorum

146 519 443 589 quidpiam
496 520 706 590 psallis,
758 521 1224 592 dissimiliterque
1273 522 1522 593 jejunas,
1581 537 1695 578 non
1755 529 1839 577 est

144 617 471 678 competens
527 616 628 664 aut
676 609 967 675 idoneum,
1020 617 1083 666 ut
1130 611 1237 666 hoc
1280 611 1405 665 aliis
1452 625 1565 666 non
1617 611 1838 666 minora

146 698 294 751 bona
325 699 706 753 tractantibus
755 699 1122 768 importunus
1163 699 1454 768 priedices,
1501 709 1604 755 aut
1650 700 1838 769 injun-

145 799 266 854 gas.
300 786 450 840 Audi
481 786 816 855 Apostolum
850 803 863 840 :
899 785 1008 852 Qui
1038 788 1372 857 manducat,
1403 786 1649 842 Domino
1680 805 1840 841 man-

141 873 341 938 ducat;
378 877 433 926 et
461 873 560 945 qui
587 889 701 929 non
737 874 1070 938 manducat,
1110 874 1344 930 Domino
1382 892 1493 930 non
1528 876 1840 930 manducat

145 961 342 1028 (Rom.
371 976 487 1024 xw,
523 963 595 1033 3).
629 963 718 1032 ,De
747 963 1034 1020 similibus
1068 963 1214 1020 idem
1250 964 1513 1034 judicare
1556 964 1615 1020 in
1648 980 1837 1034 prom-

146 1056 248 1117 ptu
281 1057 384 1105 est.

213 1138 446 1204 Absque
482 1139 828 1211 baptismate
871 1143 928 1194 et
973 1140 1354 1198 Eucharistia
1380 1141 1530 1213 ﬁdes
1577 1146 1841 1198 constare

140 1227 361 1301 nequit,
383 1245 622 1300 quorum
639 1229 844 1298 ubique
862 1246 975 1300 par
993 1229 1308 1296 estforma.
1327 1261 1390 1271 —
1409 1231 1553 1288 Sunt
1568 1241 1840 1302 prmterea

144 1333 276 1389 quae
329 1327 595 1373 tenentur
632 1325 686 1373 et
723 1319 1019 1384 docentur,
1064 1321 1144 1375 uti
1193 1327 1330 1375 sunt
1367 1328 1423 1375 et
1465 1320 1838 1400 baptismatis,

143 1421 211 1462 ac
241 1406 436 1462 hostiae
459 1405 766 1461 Dominica:
792 1414 1172 1474 sacramenta,
1198 1421 1348 1476 quae,
1373 1409 1513 1477 quia
1535 1409 1592 1462 in
1617 1415 1840 1464 tantum

144 1503 279 1550 sunt
307 1493 720 1550 Christianitati
758 1494 1106 1561 communia,
1155 1502 1218 1550 ut
1259 1495 1381 1550 sine
1420 1495 1487 1550 iis
1533 1495 1842 1550 subsistere

143 1597 259 1637 non
281 1583 470 1638 valeat
499 1582 636 1636 ﬁdes
666 1590 876 1650 nostra,
913 1583 994 1637 sic
1024 1583 1364 1639 auctoritate
1400 1591 1668 1640 tenentur
1699 1599 1842 1639 sem-

143 1685 244 1740 per
275 1670 598 1726 indissimili
632 1670 845 1740 ubique
877 1670 1130 1737 immota,
1171 1678 1232 1726 ut
1261 1685 1485 1740 semper
1511 1679 1564 1726 et
1623 1671 1839 1740 ubique

139 1759 338 1815 eadem
395 1760 716 1826 comitetur,
775 1759 1077 1828 przecedat,
1136 1762 1192 1814 et
1239 1760 1632 1829 subsequatur
1679 1759 1838 1830 paris

141 1847 341 1904 formae
371 1847 651 1902 doctrina.
682 1848 862 1913 Paris,
899 1849 1160 1917 inquam,
1195 1842 1410 1914 formae,
1456 1855 1518 1903 ut
1548 1849 1698 1917 quod
1732 1862 1840 1902 ex-

143 1939 426 1991 trinsecus
497 1935 925 2004 pronuntiatur,
1003 1935 1324 1991 secundum
1391 1935 1448 1990 id
1512 1935 1838 1990 docentium

139 2024 411 2092 procedat
443 2023 644 2077 oratio.
700 2024 762 2077 ln
809 2023 1024 2092 quibus
1071 2031 1260 2078 tamen
1313 2023 1541 2080 duobus
1584 2022 1639 2077 id
1670 2022 1839 2077 refert

135 2120 202 2166 ut
231 2112 356 2166 sine
387 2125 542 2180 aqua
572 2119 673 2166 aut
705 2112 991 2182 sanguine
1034 2111 1393 2167 Christianus
1421 2125 1541 2166 esse
1588 2125 1698 2165 non
1731 2124 1838 2164 va-

135 2200 272 2267 leat,
323 2200 444 2254 sine
475 2200 839 2255 Eucharistia
888 2213 1022 2256 vero
1057 2213 1180 2255 esse
1214 2199 1404 2268 possit,
1447 2199 1493 2254 si
1538 2205 1726 2254 tamen
1778 2197 1836 2253 iu

132 2290 266 2357 ejus
315 2296 640 2343 constanter
686 2288 792 2343 ﬁde
833 2294 1186 2358 permaneat.
1233 2287 1393 2353 Quod
1448 2288 1506 2341 in
1550 2287 1837 2357 plerisque

136 2382 323 2444 potest
385 2376 608 2444 probari
663 2375 1034 2444 martyribus,
1089 2376 1208 2430 sive
1260 2375 1530 2442 eremitis,
1580 2389 1836 2444 quorum

135 2463 303 2518 alteri
341 2477 664 2532 nunquam,
698 2463 862 2519 alteri
900 2463 1072 2519 semel
1112 2470 1213 2518 aut
1251 2463 1541 2518 rarissime
1584 2471 1832 2532 sumpta,

135 2560 338 2607 sancto
382 2552 648 2621 deinceps
685 2566 851 2621 opere
891 2566 949 2607 se
981 2551 1034 2607 ei
1068 2552 1514 2622 incorporantes,
1576 2551 1838 2622 lorigzeva

135 2640 446 2695 solitudine
473 2640 808 2695 sanctiﬁcati
841 2648 995 2696 sunt.

211 2728 546 2800 Aliquando
553 2728 714 2800 ﬁdes
735 2728 861 2783 sine
891 2727 1156 2799 operibus
1178 2727 1256 2783 ad
1271 2726 1565 2798 justitiam
1601 2731 1834 2798 reputa-

138 2821 252 2872 tur.
295 2847 364 2859 —
407 2818 559 2874 Idem
599 2827 681 2874 est
711 2826 765 2874 et
809 2818 865 2872 in
911 2818 1228 2887 praeceptis,
1259 2824 1322 2872 ut
1352 2817 1692 2872 vacantibus
1721 2833 1834 2871 cte-

139 2905 294 2973 teris,
327 2906 464 2962 ﬁdes
510 2915 610 2962 aut
648 2907 890 2962 salutem
929 2906 1221 2962 sufﬁciens
1260 2907 1505 2960 tenenda
1537 2906 1830 2972 doceatur,

138 2995 302 3050 Unde
336 2995 638 3064 Apostolus
669 3010 681 3049 :
716 2994 797 3048 Ei
843 2997 1037 3050 autem
1073 2993 1173 3064 qui
1198 3010 1312 3048 non
1351 2997 1640 3065 operatur,
1694 2994 1834 3047 ﬁdes

134 3088 442 3154 reputatur
477 3084 553 3137 ad
571 3083 872 3153 justitiam
908 3085 1099 3150 (Rom.
1130 3097 1209 3151 1v,
1251 3085 1324 3151 4).
1356 3084 1615 3153 Amplior
1654 3082 1835 3138 nihil-

136 3173 372 3227 ominus
417 3172 679 3228 charitati
728 3173 1108 3243 praerogativa
1160 3172 1454 3237 tribuitur,
1518 3173 1654 3227 dum
1707 3171 1832 3226 ﬁdei

134 3261 377 3330 speique
400 3261 774 3330 praeponitur,
813 3262 949 3318 dum
983 3262 1102 3318 sola
1146 3277 1248 3331 pro
1293 3261 1565 3316 omnibus
1594 3261 1837 3316 aestima-

136 3357 253 3416 tur,
310 3349 449 3404 dum
494 3350 612 3404 sola
657 3364 804 3418 opus
860 3350 1025 3419 quasi
1065 3351 1511 3406 antonomastice
1557 3349 1835 3418 praedica-

134 3445 235 3492 tur
263 3451 275 3490 :
309 3439 516 3508 Opera,
547 3437 756 3506 inquit,
787 3454 1062 3492 manuum
1089 3440 1417 3494 nostrarum
1442 3437 1626 3509 dirige
1663 3453 1838 3509 super

131 3541 240 3579 nos
291 3525 472 3594 (Psal.
516 3539 745 3592 LXXXIX,
794 3530 864 3594 7).
907 3525 1044 3592 Quae
1091 3534 1227 3582 sunt
1271 3526 1600 3582 communia
1645 3527 1836 3594 cujus-

133 3613 273 3669 libet
327 3613 690 3682 professionis
733 3615 895 3669 bonae
931 3614 1224 3670 exercitia.
1282 3615 1363 3668 Et
1391 3630 1531 3684 opus
1559 3629 1837 3670 manuum

130 3704 471 3756 nos/rarum
503 3701 686 3772 dirige
715 3701 936 3770 (Ibid.),
972 3703 1025 3758 id
1056 3709 1158 3768 est,
1194 3703 1429 3758 meliora
1465 3703 1834 3771 charismata,

131 3789 570 3845 eminentiorem
603 3790 816 3845 scilicet
849 3790 1022 3858 viam,
1059 3805 1162 3846 nos
1189 3791 1346 3847 doce.
1389 3791 1520 3846 Haec
1547 3790 1702 3860 apud
1735 3804 1837 3845 nos

130 3882 188 3933 et
214 3885 372 3933 tenta
402 3877 700 3944 docentur,
734 3885 789 3933 et
817 3879 1072 3934 docendo
1105 3887 1392 3934 tenentur.

206 3967 488 4021 Praaterea
541 3973 676 4020 sunt
720 3968 1008 4036 quaedam,
1060 3981 1191 4036 quae
1247 3967 1353 4022 etsi
1411 3968 1556 4022 inter
1613 3979 1836 4022 summe

132 4057 460 4109 necessaria
507 4052 679 4108 saluti
740 4063 966 4120 nostrae,
1031 4055 1098 4110 de
1153 4056 1370 4124 quibus
1408 4056 1656 4126 agimus,
1718 4068 1834 4109 non

131 4150 564 4212 computantur,
613 4143 736 4198 sine
769 4144 987 4214 quibus
1027 4143 1143 4198 vivi
1169 4152 1318 4200 recte
1362 4159 1477 4199 non
1519 4151 1718 4214 potest,
1747 4151 1833 4199 ta-

134 4245 268 4286 men
305 4239 360 4287 et
407 4239 690 4298 tenentur,
739 4239 794 4286 et
844 4232 900 4286 in
940 4231 1206 4287 Ecelesiis
1255 4231 1663 4302 praedicantur,
1711 4233 1836 4290 sine

134 4334 389 4390 quorum
447 4319 615 4389 plane
653 4335 786 4386 usu,
836 4329 891 4376 et
935 4321 1236 4390 praesentia
1285 4321 1449 4377 multi
1497 4321 1642 4376 vitas
1689 4322 1831 4378 bene
1867 4322 1914 4376 D

135 4416 562 4477 transegeruut,
605 4415 660 4463 et
713 4409 1061 4480 transigunt,
1109 4417 1172 4464 ut
1201 4416 1336 4464 sunt
1366 4408 1648 4463 cadavera
1695 4423 1835 4465 san-

135 4504 398 4566 ctorum;
445 4505 508 4551 ut
557 4498 820 4567 pignora,
873 4498 941 4552 de
992 4498 1059 4552 iis
1106 4497 1367 4554 videlicet
1422 4513 1552 4568 quae
1600 4497 1835 4554 fuerunt

134 4587 196 4641 in
250 4586 452 4641 usibus
504 4587 775 4654 ipsorum.
833 4588 960 4641 Haec
1004 4586 1166 4642 nobis
1209 4595 1345 4642 sunt
1393 4586 1726 4642 reverentiae
1767 4601 1836 4642 ac

134 4678 288 4727 830
340 4674 561 4740 honori,
610 4687 710 4743 pro
753 4674 1014 4743 exemplo
1065 4675 1444 4744 przesidioque
1498 4689 1720 4730 eorum.
1767 4675 1833 4730 In

132 4762 355 4832 quibus
414 4762 683 4832 equidem
751 4762 874 4817 sola
957 4764 1292 4818 authentica
1359 4762 1502 4817 ratio
1570 4762 1833 4817 habenda

129 4857 302 4916 esset,
338 4857 399 4904 ut
436 4848 484 4904 is
533 4849 818 4904 duntaxat
863 4849 1150 4904 diceretur
1197 4857 1451 4917 sanctus,
1503 4864 1674 4919 quem
1717 4863 1833 4904 non

129 4936 349 5009 Opinio,
378 4937 476 4992 sed
519 4937 838 5002 vetustatis,
874 4944 973 4993 aut
1011 4937 1358 5006 scriptorum
1391 4936 1683 4992 veracium
1715 4944 1834 4992 tra-

128 5025 273 5081 ditio
302 5033 461 5080 certa
494 5024 770 5080 ﬁrmaret.
812 5027 865 5081 ls
901 5026 1055 5081 enim
1095 5025 1388 5094 quomodo
1421 5033 1607 5094 putas,
1653 5033 1713 5081 ut
1755 5025 1835 5081 ita

128 5113 342 5180 dicam,
398 5113 676 5179 sancitur,
741 5113 912 5183 cujus
966 5113 1322 5169 auctoritatis
1379 5115 1656 5169 memoria
1714 5113 1833 5169 ulla

131 5203 408 5263 nescitur,
452 5201 665 5257 nedum
707 5202 862 5271 quod
896 5217 996 5256 nec
1031 5201 1251 5262 litteris,
1288 5210 1390 5258 aut
1427 5209 1623 5270 aperta
1655 5201 1832 5257 mira-

130 5290 400 5346 culorum
429 5289 780 5358 experientia
809 5287 1126 5346 solidatur?
1149 5290 1372 5345 Litteris
1403 5290 1528 5345 dico
1557 5289 1629 5345 ad
1659 5289 1832 5345 robo-

130 5380 386 5436 randum
415 5377 782 5434 efﬁcacibus:
816 5385 953 5434 sunt
980 5380 1132 5434 enim
1163 5393 1340 5449 quam
1371 5378 1630 5448 plurimae
1662 5391 1834 5447 super

201 5555 322 5623 (20)
355 5552 550 5623 Elfego
572 5552 820 5608 nomine.

1949 523 2298 590 praeconium
2331 523 2482 591 apud
2511 523 2764 578 infideles
2796 523 3019 593 impiari
3053 533 3289 594 poterat,
3326 542 3501 598 quam
3533 528 3638 583 ali-

1949 619 2236 679 quatenus
2284 611 2576 666 illustrari.
2637 611 2742 666 Ubi
2787 613 2939 668 euim
2969 614 3140 668 etiam
3173 630 3302 683 quae
3330 631 3467 671 vera
3505 624 3642 673 sunt

1948 700 2086 754 adeo
2113 713 2388 768 pannoso,
2420 708 2474 755 et
2510 699 2768 769 pedestri,
2823 709 2895 769 et,
2933 709 2996 755 ut
3023 702 3237 770 poetico
3269 704 3440 760 verbo
3486 713 3638 772 utar,

1950 789 2111 843 humi
2153 789 2398 858 serpenti
2444 789 2671 858 eloquio
2717 789 3112 858 proferuntur,
3151 793 3261 847 imo
3305 793 3639 849 inconditis-

1949 877 2089 932 sitne
2129 877 2508 945 delatrantur,
2563 887 2624 934 ut
2681 893 2813 933 cum
2863 879 3100 934 minime
3149 881 3285 950 sint,
3338 882 3639 938 falsissima

1948 979 2070 1020 esse
2099 965 2428 1030 credantur.

2020 1073 2091 1126 Et
2121 1073 2406 1142 quomodo
2441 1072 2638 1126 talium
2670 1081 2971 1128 auctorum
3003 1074 3388 1133 subornandae
3414 1077 3638 1148 astipu-

1949 1160 2164 1215 labitur
2219 1160 2447 1215 falsitati
2499 1161 2698 1227 oratio,
2753 1177 2883 1231 quae
2948 1176 3020 1217 ex
3079 1163 3169 1218 sui
3235 1164 3638 1235 indignissima

1949 1248 2233 1304 cruditate
2259 1251 2429 1303 etiam
2461 1248 2758 1304 veritatem
2797 1251 2954 1317 ponit
2985 1250 3042 1304 in
3079 1252 3292 1307 dubio?
3320 1254 3388 1308 Et
3423 1255 3638 1324 quibus

1950 1351 2125 1406 super
2157 1337 2333 1407 hujus
2361 1337 2671 1391 inflictione
2703 1339 2853 1392 nzevi
2891 1352 3125 1406 parsum
3165 1349 3456 1409 putamus,
3506 1358 3639 1398 cum

1952 1440 2065 1480 non
2092 1424 2257 1490 vitas,
2291 1425 2386 1478 sed
2421 1425 2609 1494 potius
2638 1425 2836 1480 nenias
2865 1426 3201 1495 aliquorum
3250 1431 3636 1498 apostolorum

1952 1520 2109 1568 tanta
2140 1513 2451 1568 infuscatas
2480 1513 2720 1584 fuligine
2771 1513 3076 1569 videmus?
3124 1517 3195 1570 Et
3227 1517 3435 1572 harum
3483 1524 3642 1573 rota-

1952 1609 2044 1657 tus
2092 1601 2419 1656 fabularum
2478 1602 2664 1656 omnis
2693 1602 2842 1656 carri
2891 1603 3131 1659 stridore
3162 1605 3434 1671 deterior;
3463 1621 3641 1676 quam

1949 1689 2390 1744 aediﬁcationum
2422 1689 2617 1745 afferet
2648 1690 2772 1757 piis,
2805 1691 2906 1760 qui
2938 1691 3109 1746 etiam
3135 1693 3486 1749 incentivum
3519 1694 3640 1750 bla-

1949 1777 2218 1846 sphemize
2277 1777 2534 1848 suggerit
2594 1777 2817 1847 impiis?
2873 1778 3019 1844 Quid
3077 1780 3307 1836 Thomas
3384 1782 3638 1849 historia,

1949 1865 2057 1920 nisi
2116 1866 2386 1935 strepitus
2443 1867 2676 1921 aurium
2742 1868 3082 1936 appelletur,
3143 1870 3234 1924 cui
3294 1885 3411 1925 non
3470 1871 3643 1926 semel

1946 1955 2330 2024 Augustinus,
2365 1955 2462 2009 sed
2504 1955 2639 2009 locis
2671 1955 2937 2024 pluribus
2963 1957 3328 2026 refragatur?
3359 1959 3493 2028 (Job
3519 1973 3639 2023 xm,

1944 2043 2022 2111 7.)
2057 2043 2118 2112 (³)
2151 2043 2369 2112 Egebat
2403 2043 2639 2098 forsitan
2689 2051 2791 2098 aut
2836 2045 3006 2110 Deus,
3049 2054 3151 2100 aut
3187 2046 3369 2100 sancti
3415 2060 3638 2113 eorum,

1938 2132 2114 2202 juxta
2147 2132 2287 2187 illud
2318 2133 2441 2201 Job,
2478 2133 2794 2200 mendacio,
2829 2141 2892 2189 ut
2935 2148 3033 2202 pro
3091 2135 3212 2203 ipso
3268 2135 3643 2204 loquerentur

1945 2221 2120 2276 dolos.
2178 2221 2233 2276 Si
2278 2221 2384 2290 ipsi
2431 2221 2612 2276 sancti
2657 2222 2895 2290 apostoli
2946 2223 3045 2291 qui
3087 2223 3252 2290 quasi
3283 2222 3474 2292 capilli
3535 2231 3638 2279 aut

1943 2308 2123 2362 barba
2152 2323 2378 2363 summo
2406 2307 2580 2377 capiti
2619 2309 3001 2376 cohaeserunt,
3033 2310 3366 2378 hujusmodi
3403 2310 3642 2366 fallaciis

1944 2397 2179 2452 minime
2218 2405 2554 2452 caruerunt.
2611 2398 2682 2452 Et
2732 2399 2839 2452 nisi
2888 2411 2961 2452 ex
3019 2399 3356 2468 evangeliis,
3421 2407 3476 2454 et
3519 2399 3641 2455 suis

1943 2487 2198 2554 ipsorum
2230 2485 2452 2540 actibus
2483 2485 3130 2555 nostrzeinsignirentur
3153 2487 3387 2554 notitim,
3420 2487 3642 2558 aliquo-

1942 2588 2074 2629 rum
2105 2574 2324 2629 animos
2355 2575 2557 2628 talium
2605 2574 2872 2643 ﬁgmenta
2905 2574 3224 2630 turbarent.

2013 2665 2159 2745 Quid
2194 2680 2380 2734 dicam
2425 2680 2492 2734 de
2542 2679 2669 2746 illis,
2701 2681 2802 2750 qui
2849 2680 3025 2736 nullis
3067 2681 3342 2738 aliorsum
3386 2682 3640 2738 testimo-

1945 2769 2056 2822 niis
2110 2769 2468 2835 claruerunt,
2504 2777 2558 2824 et
2587 2784 2659 2824 ex
2704 2784 2769 2825 eo
2800 2769 2956 2839 quod
2999 2771 3301 2839 scripturis
3338 2771 3637 2840 qualibus-

1941 2871 2176 2926 cunque
2204 2857 2480 2912 celebrari
2513 2865 2815 2927 putantur,
2842 2858 3199 2928 potissimum
3225 2859 3640 2915 tenebrantur?

1940 2945 2086 3012 Quid
2135 2961 2307 3015 super
2338 2947 2447 3001 illis
2477 2959 2667 3016 agam,
2716 2961 2964 3016 quorum
2997 2961 3102 3001 nec
3146 2946 3330 3016 initia,
3383 2962 3488 3003 nec
3530 2962 3642 3003 me-

1871 3026 1912 3081 C
1942 3035 2037 3088 dia
2069 3033 2168 3088 ulli
2203 3042 2416 3104 patent,
2449 3043 2504 3090 et
2540 3035 2595 3088 in
2629 3049 2743 3104 quo
2796 3035 2983 3090 omnis
3028 3035 3154 3090 laus
3184 3042 3471 3103 cantatur,
3507 3034 3639 3090 ﬁnis

1941 3121 2168 3190 penitus
2215 3123 2560 3194 ignoratur?
2605 3123 2672 3178 Et
2719 3124 2852 3192 quis
2911 3123 3054 3191 illos,
3109 3131 3172 3178 ut
3205 3138 3262 3179 se
3287 3122 3497 3193 juvare
3541 3123 3640 3178 de-

1943 3210 2132 3277 beant,
2163 3211 2517 3280 deprecetur,
2553 3226 2699 3280 quos
2724 3211 2902 3267 nescit
2931 3219 3128 3266 utrum
3155 3212 3448 3281 quidpiam
3482 3211 3638 3281 apud

1944 3301 2120 3354 Deum
2198 3298 2568 3354 mereantur?
2649 3307 2703 3354 et
2779 3314 2971 3354 nonne
3058 3299 3313 3368 graviter
3387 3299 3640 3354 hominis

1940 3387 2288 3443 conscientia
2321 3386 2576 3454 offendit,
2619 3402 2751 3457 quae
2792 3402 2948 3454 eum,
2991 3387 3059 3442 de
3087 3402 3204 3457 quo
3234 3387 3313 3442 nil
3359 3401 3638 3458 magnum

1942 3484 2149 3544 sperat,
2183 3477 2295 3531 Deo
2353 3490 2453 3545 pro
2495 3489 2555 3531 se
2608 3476 3039 3531 intercessorem
3089 3474 3393 3530 obtendit?
3436 3473 3639 3529 Nonne

1941 3578 2062 3618 sure
2139 3578 2373 3633 prorsus
2437 3577 2681 3619 acumen
2749 3563 3045 3629 orationis,
3116 3562 3229 3617 imo
3303 3561 3634 3617 intentionis

1943 3652 2229 3718 obtundit,
2287 3652 2386 3721 qui
2439 3665 2570 3707 eum
2618 3666 2792 3721 quem
2842 3658 3026 3720 rogat,
3079 3659 3276 3707 utrum
3333 3662 3639 3705 commune

1943 3739 2085 3809 quid
2114 3754 2246 3795 cum
2268 3740 2382 3794 Deo
2413 3739 2638 3806 habeat,
2672 3739 2888 3795 nescit?

2015 3846 2176 3902 Certe
2206 3847 2320 3901 vidi
2366 3846 2668 3916 quosdam,
2699 3846 2799 3916 qui
2827 3859 2957 3901 cum
2999 3843 3320 3900 diutissime
3358 3843 3634 3914 aliquem,

1950 3943 2015 3992 ut
2076 3934 2354 4001 ferebant,
2417 3942 2701 4001 sanctum,
2757 3948 2830 3990 ex
2879 3933 3174 3989 Britannia
3231 3932 3484 3989 delatum
3536 3947 3640 4002 pro

1943 4011 2262 4079 confessore
2299 4023 2654 4090 habuissent,
2699 4029 2920 4079 mutato
2949 4023 3017 4078 de
3050 4029 3280 4092 repente
3308 4021 3503 4077 animo
3535 4035 3640 4091 pro

1943 4119 2197 4180 martyre
2238 4110 2624 4166 celebrarunt.
2699 4112 2911 4166 Causas
2975 4123 3107 4165 cum
3167 4108 3517 4179 rogitassem,
3557 4107 3640 4164 nil

1942 4199 2176 4270 dignius
2225 4214 2400 4269 super
2439 4199 2715 4269 martyrio
2766 4199 3032 4265 hominis,
3067 4211 3244 4268 quam
3285 4198 3354 4254 de
3404 4204 3638 4268 praeter-

1941 4290 2117 4345 missa
2145 4288 2497 4345 confessione
2527 4289 2821 4344 dixerunt.

2019 4395 2148 4466 Legi
2186 4399 2358 4451 testor
2383 4396 2588 4460 Deum,
2623 4402 2678 4450 et
2713 4393 2798 4458 iis,
2831 4395 2930 4464 qui
2973 4393 3112 4448 mihi
3143 4399 3347 4463 praesto
3378 4391 3630 4459 fuerant,

1943 4498 2075 4540 cum
2103 4484 2283 4539 nimia
2311 4483 2682 4539 detestatione
2713 4483 2884 4554 relegi
2921 4499 2933 4537 :
2980 4482 3192 4538 scilicet
3225 4481 3282 4536 in
3317 4481 3449 4538 Vita
3466 4481 3634 4536 Sam—

1944 4573 2101 4628 sonis
2149 4572 2526 4638 celeberrimi,
2560 4571 2712 4641 apud
2747 4573 2994 4627 Francos
3022 4579 3077 4626 et
3109 4571 3385 4637 Britones,
3420 4569 3626 4635 sancti,

1942 4660 2206 4715 abbatem
2266 4660 2598 4730 quemdam,
2659 4674 2829 4730 quem
2895 4667 3162 4714 sanctum
3223 4659 3501 4726 Pyronem
3561 4656 3631 4726 (‘)

1943 4749 2106 4804 lectio
2151 4749 2248 4802 illa
2290 4749 2656 4818 agnominat;
2707 4747 2878 4818 cujus
2909 4761 3039 4802 cum
3076 4745 3247 4801 ﬁnem
3289 4753 3354 4801 ut
3399 4745 3632 4800 beatum

1943 4837 2220 4906 putabam
2253 4836 2359 4891 rite
2395 4836 2634 4906 legendo
2676 4848 3068 4906 prosequerer,
3100 4834 3287 4904 reperi
3325 4831 3630 4889 cumulum

1943 4923 2282 4992 sanctitatis,
2317 4923 2610 4979 hominem
2660 4923 2920 4978 videlicet
2965 4921 3238 4978 ebrietate
3282 4919 3632 4988 madentem,

1942 5019 2182 5081 puteum
2208 5011 2494 5078 incidisse,
2537 5011 2732 5080 sicque
2760 5016 3047 5066 enectum.

2013 5114 2076 5185 (⁵)
2106 5115 2219 5171 Nec
2259 5115 2401 5170 illud
2445 5114 2676 5180 excidit,
2710 5114 2868 5184 quod
2900 5113 3258 5170 Lanfrancus
3307 5114 3634 5169 Cantuarize

1941 5203 2094 5272 apud
2142 5202 2358 5273 Anglos
2401 5203 2719 5272 episcopus,
2778 5202 3091 5259 successori
3120 5209 3312 5272 postea
3359 5216 3464 5257 suo
3493 5204 3635 5256 An-

1940 5289 2136 5356 selmo,
2159 5299 2297 5346 tunc
2326 5289 2516 5347 abbati
2550 5291 2812 5346 Beccensi
2833 5291 3204 5361 quaestionem
3234 5290 3422 5358 infert,
3464 5303 3639 5359 super

1941 5379 2192 5449 quodam
2230 5379 2639 5448 praedecessore
2668 5392 2773 5434 suo
2805 5380 2944 5450 (29),
2980 5379 3082 5450 qui
3111 5379 3170 5434 in
3199 5379 3436 5436 vincula
3456 5378 3638 5448 conje-
