3914 6094
249 265 354 319 615

1133 265 1197 319 ν.
1241 265 1577 324 GUIBERTI
1614 265 1908 322 ABBATIS
1945 266 2002 322 s.
2046 268 2286 324 manu
2327 269 2418 326 ne
2463 239 2861 327 Novmniiro

3644 278 3754 330 616

249 405 396 464 ctus,
431 398 571 468 quia
605 397 858 467 pecuniis
896 409 1018 451 sese
1057 397 1336 452 redimere
1368 397 1576 464 renuit,
1614 404 1940 468 peremptus
1977 401 2024 452 A
2055 398 2326 470 Philippo
2361 399 2520 468 patri
2553 400 2891 456 criminibus
2933 402 3189 458 obvoluto
3224 408 3496 478 negatum
3523 409 3628 460 est.
3676 407 3757 462 Id

252 495 336 542 BS!
345 526 356 539 .

319 603 649 670 Antequam
671 597 801 670 quis
822 597 1111 652 invocetur
1137 599 1208 652 de
1261 598 1449 670 ipsius
1473 599 1634 654 debet
1681 603 1944 654 constare

247 688 575 743 sanctitate.
601 719 666 726 —-
710 690 778 756 (ο)
807 689 949 752 Quid
985 688 1172 743 dicam
1202 689 1270 743 de
1303 689 1370 743 iis
1409 687 1641 755 sanctis,
1692 702 1942 758 quorum

249 785 349 833 aut
394 777 525 832 finis
567 785 650 832 est
699 777 756 832 in
817 777 964 832 malo
1020 777 1378 846 propatulus,
1433 785 1532 832 aut
1566 777 1698 832 latet
1748 785 1941 832 utrum

247 866 433 921 bonus
459 880 532 920 an
565 865 768 932 malus,
804 873 904 921 aut
950 866 1098 921 inter
1129 875 1442 935 utrumque
1477 867 1535 920 lit
1579 865 1938 934 scrupulus?

244 955 374 1009 Jesu
407 953 524 1023 pie!
559 952 888 1022 cujusmodi
931 962 1168 1009 sanctus
1197 954 1365 1024 cujus
1398 955 1525 1010 linis
1572 962 1793 1010 constat
1821 967 1941 1008 am-

246 1039 496 1111 biguus?
529 1041 857 1110 Antequam
913 1055 1046 1112 ergo
1072 1055 1205 1097 eum
1257 1042 1545 1111 deprecer,
1579 1055 1809 1096 necesse
1860 1048 1945 1095 est

247 1135 312 1184 ut
369 1128 438 1183 de
490 1127 728 1183 veritate
782 1129 994 1184 sanctis
1043 1129 1168 1199 ejus
1222 1129 1482 1186 altercer.
1545 1129 1693 1185 Illud
1759 1129 1945 1184 dicere

248 1217 468 1272 audebo
532 1216 860 1285 profanum,
930 1218 1085 1287 quod
1166 1231 1402 1273 ararum
1476 1232 1619 1288 pone
1689 1218 1942 1272 sacraria

247 1302 548 1358 altissimos
576 1303 955 1359 tribunalium
1007 1305 1186 1360 instar
1228 1305 1462 1360 thronos
1491 1305 1769 1371 obtinent,
1805 1319 1948 1376 quo-

246 1404 376 1445 rum
405 1398 650 1460 tempus,
675 1392 894 1458 natalis,
929 1406 994 1446 ac
1027 1393 1163 1455 vita,
1201 1393 1320 1448 dies
1349 1407 1581 1463 quoque
1612 1401 1666 1448 et
1697 1393 1946 1462 qualitas

245 1479 516 1534 mortium
552 1480 606 1532 in
641 1479 857 1534 nullius
909 1480 1154 1535 viventis
1188 1483 1460 1535 memoria
1514 1480 1782 1535 resident.
1825 1478 1946 1534 Etsi

245 1579 340 1620 eos
375 1566 564 1621 lideles
592 1581 694 1635 pro
736 1567 968 1622 nomine
1015 1568 1339 1622 sanctitatis
1393 1569 1698 1633 honorant,
1762 1580 1946 1622 sacer-

251 1653 409 1708 dotes
442 1661 631 1708 tamen
665 1654 837 1723 (quod
864 1669 1001 1723 pace
1031 1655 1284 1723 ipsorum
1327 1655 1594 1724 dixerim)
1628 1671 1741 1711 non
1799 1666 1946 1714 recte

240 1742 523 1811 judicant,
560 1757 661 1811 qui
696 1743 905 1812 vulgus
927 1743 1212 1812 opinionis
1259 1758 1378 1799 sua:
1409 1751 1582 1799 vento
1627 1745 1946 1801 circumla-

245 1837 359 1885 tam
410 1843 524 1884 non
575 1831 916 1899 corripiunt,
958 1846 1064 1886 nec
1136 1832 1464 1886 emendant.
1521 1831 1574 1886 Si
1617 1833 1771 1888 enim
1821 1834 1944 1890 sine

245 1918 584 1974 testimoniis
611 1920 683 1973 ad
716 1920 933 1989 gradus
991 1935 1246 1975 summos
1299 1921 1545 1991 legitime
1605 1935 1776 1977 nemo
1814 1937 1944 1992 pro-

247 2007 498 2072 vehitur,
549 2007 627 2062 illi
683 2015 893 2063 temere
945 2007 1103 2063 falsis
1144 2008 1256 2064 imo
1310 2008 1605 2079 sacrilegis
1650 2010 1945 2066 vocabulis

247 2093 653 2165 insignientur,
687 2095 758 2150 ad
783 2096 888 2150 hoc
920 2103 980 2151 ut
1012 2096 1236 2152 cunctis
1265 2097 1602 2160 mortalibus
1633 2098 1942 2164 emineant,

246 2192 654 2252 proponentur,
690 2184 790 2253 qui
841 2184 1079 2239 forsitan
1135 2185 1191 2238 in
1248 2184 1368 2239 loca
1400 2185 1647 2254 poenalia
1686 2186 1942 2256 relegati,

246 2272 435 2326 autin
480 2279 694 2328 tartara
744 2273 1030 2341 perditum
1072 2273 1249 2341 ducti,
1299 2273 1344 2328 si
1407 2273 1514 2328 sibi
1573 2273 1944 2344 profuturum

246 2358 476 2428 scirent,
505 2368 559 2415 et
607 2359 848 2416 facultas
890 2368 1235 2430 suppeteret,
1285 2374 1451 2430 opem
1508 2374 1542 2416 a
1605 2362 1946 2418 mortalibus

245 2462 378 2504 cum
406 2448 502 2503 illo
520 2449 694 2504 divite
727 2456 1118 2518 precarentur.

315 2562 590 2617 Ecclesiae
616 2563 989 2634 praelatomm
1015 2567 1120 2629 est,
1165 2565 1228 2617 ut
1257 2563 1443 2618 debite
1471 2568 1804 2618 sanctorum
1827 2563 1945 2618 cul-

249 2650 344 2706 tui
367 2650 659 2705 incumbat
686 2651 930 2721 populus
958 2650 1284 2722 invigilare.
1313 2681 1382 2690 —
1414 2653 1480 2720 (7)
1513 2651 1595 2706 Sit
1634 2652 1830 2722 itaque
1861 2653 1944 2706 vi-

247 2738 380 2794 dere
422 2738 780 2808 pontiﬁcum,
832 2739 903 2794 sit
959 2739 1053 2794 Dei
1110 2739 1298 2808 populi
1370 2739 1564 2795 videre
1619 2741 1942 2807 custodum,

248 2834 538 2897 quatenus
597 2827 718 2882 suis
759 2827 1116 2896 provideant,
1165 2835 1228 2882 ut
1272 2827 1318 2882 si
1372 2827 1797 2884 aemulationem
1845 2828 1946 2883 Dei

251 2914 484 2982 habent,
519 2915 668 2970 hanc
716 2915 1002 2971 duntaxat
1055 2915 1266 2971 habere
1316 2916 1583 2971 sinantur
1629 2917 1946 2972 secundum

249 3003 566 3070 scientiam,
647 3018 719 3060 ne
770 3011 1023 3074 peccent,
1083 3005 1128 3059 si
1177 3012 1327 3060 recte
1373 3003 1631 3067 offerant,
1679 3012 1734 3060 et
1796 3012 1945 3061 recte
1984 2991 2024 3046 C

250 3105 367 3147 non
397 3091 676 3147 dividant.
729 3090 804 3158 Si,
837 3091 1157 3147 secundum
1189 3091 1545 3161 prophetam,
1591 3092 1687 3146 νε
1714 3091 1799 3146 eis
1849 3090 1949 3162 qui

247 3177 444 3233 dicunt
471 3180 689 3234 malum
713 3181 936 3246 bonum,
960 3182 1014 3233 et
1045 3180 1248 3234 bonum
1271 3180 1490 3234 malum
1522 3179 1691 3248 (Isai.
1723 3196 1778 3248 v,
1811 3180 1898 3248 20)
1932 3195 1944 3234 :

248 3281 379 3337 quae
411 3268 594 3338 major
636 3269 998 3337 perversitas,
1045 3282 1221 3337 quam
1261 3269 1402 3324 tales
1446 3270 1625 3324 sacris
1665 3268 1947 3325 altaribus

247 3355 560 3422 intrudere,
597 3370 744 3426 quos
779 3355 1030 3410 fortassis
1076 3357 1148 3412 ab
1197 3357 1330 3425 ipsis
1374 3357 1551 3412 sacris
1596 3357 1767 3412 aditis
1815 3371 1948 3411 con-

245 3443 513 3500 veniebat
545 3445 888 3500 extrudere‘?
922 3444 978 3499 hi
1009 3444 1064 3500 Si
1089 3459 1118 3500 e
1149 3459 1396 3514 quorum
1449 3445 1786 3515 corporibus
1824 3452 1947 3514 post

247 3539 486 3588 mortem
521 3533 798 3588 miracula
818 3533 1192 3601 efﬂuxerunt,
1220 3548 1253 3588 a
1284 3534 1637 3590 cruciatibus
1671 3535 1728 3588 in
1752 3535 1946 3588 anima

245 3620 429 3688 liberi,
462 3629 528 3677 ut
571 3621 835 3691 legimus,
891 3636 1004 3677 non
1049 3622 1301 3688 fuerunt,
1359 3623 1583 3692 justum
1643 3622 1796 3678 enim
1844 3623 1944 3676 vix

245 3710 459 3766 salvari
493 3719 727 3780 experto
775 3711 1104 3778 didicimus,
1154 3711 1292 3780 quid
1343 3711 1411 3766 de
1457 3711 1568 3766 illis
1607 3725 1836 3781 sperare
1877 3711 1942 3765 li-

247 3799 414 3866 cebit,
443 3813 695 3868 quorum
727 3798 1058 3854 claritudini
1102 3813 1290 3869 neque
1335 3799 1517 3866 visus,
1551 3814 1740 3870 neque
1771 3798 1944 3854 audi—

246 3893 362 3955 tus,
413 3901 603 3957 neque
655 3887 888 3956 scripta,
949 3901 1137 3956 neque
1170 3887 1449 3942 miracula
1491 3887 1946 3943 concurrerunt?

244 3981 299 4029 et
345 3981 495 4029 certe
539 3973 874 4029 difﬁcillime
938 3975 1287 4030 credendum
1340 3981 1481 4030 331
1546 3976 1726 4047 signis
1796 3983 1940 4041 erat,

248 4069 453 4132 praeter
499 4061 595 4117 illa
641 4077 772 4132 qua:
817 4062 965 4118 bono
1008 4064 1382 4120 continuatus
1427 4065 1587 4120 initio
1644 4064 1774 4120 finis
1819 4064 1942 4120 edi-

248 4151 431 4206 derat.

2051 487 2333 560 Anglicus
2375 505 2476 543 rea:
2500 489 2807 560 potestatis
2848 490 3086 545 minime
3108 492 3295 547 habet.
3319 524 3387 534 —
3416 494 3560 560 Quid
3592 495 3756 564 quod

2053 575 2348 631 dominum
2379 584 2636 632 nostrum
2673 577 3026 632 Ludovicnm
3061 593 3251 650 regem
3279 579 3756 652 jconsuetudina-

2053 664 2138 718 rio
2183 665 2265 719 uti
2317 663 2579 718 videmus
2619 665 2915 735 prodigio?
2947 664 3014 737 (⁸)
3064 667 3178 723 Hos
3211 669 3399 738 plane,
3446 670 3544 740 qui
3593 685 3755 725 scro—

2057 751 2197 819 phas
2221 751 2371 806 circa
2388 751 2682 822 jugulum,
2707 761 2807 809 aut
2830 755 3054 824 uspiam
3079 755 3135 810 in
3168 770 3402 826 corpore
3426 757 3756 826 patiuntur,

2054 841 2124 894 ad
2158 846 2371 895 tactum
2404 840 2549 910 ejus,
2580 843 2948 910 superaddito
2977 844 3166 900 crucis
3191 845 3378 916 signo,
3410 846 3528 901 vidi
3559 854 3758 902 cater-

2053 929 2252 995 vatim,
2306 943 2394 986 me
2430 930 2481 984 ei
2524 931 2840 986 cohzerente
2883 939 2937 987 et
2992 932 3164 988 etiam
3209 934 3565 1004 prohibente,
3605 951 3760 990 con—

2054 1031 2306 1073 currere.
2343 1018 2494 1082 Quos
2516 1027 2709 1074 tamen
2742 1019 2833 1074 ille
2869 1020 3124 1091 ingenita
3156 1022 3512 1087 liberalitate,
3547 1038 3761 1079 serena

2054 1105 2125 1160 ad
2156 1121 2214 1161 se
2237 1119 2415 1162 manu
2443 1108 2761 1172 obuncans,
2791 1108 3112 1187 humillime
3143 1109 3537 1181 consignabat.
3571 1112 3763 1182 Cujus

2055 1194 2297 1265 gloriam
2322 1195 2586 1251 miraculi
2625 1211 2757 1252 cum
2803 1197 3102 1268 Philippus
3127 1207 3288 1268 pater
3313 1198 3439 1268 ejus
3482 1199 3761 1255 alacriter

2054 1292 2362 1352 exerceret,
2411 1285 2598 1340 nescio
2631 1285 2847 1355 quibus
2894 1286 3279 1342 incidentibus
3316 1287 3501 1356 culpis
3535 1287 3754 1343 amisit.

2056 1375 2239 1441 Super
2263 1372 2388 1428 aliis
2418 1373 2653 1443 regibus
2691 1373 2942 1443 qualiter
2979 1390 3035 1430 se
3067 1381 3267 1445 gerant
3308 1375 3365 1429 in
3399 1376 3503 1430 hac
3531 1390 3607 1437 re,
3645 1391 3758 1431 su-

2055 1463 2360 1530 persedeo;
2391 1476 2577 1533 regem
2614 1469 2803 1518 tamen
2831 1463 3135 1533 Anglicum
3182 1465 3517 1534 neutiquam
3560 1465 3617 1519 in
3661 1473 3760 1520 ta-

2054 1549 2205 1606 libus
2234 1550 2444 1606 audere
2474 1550 2605 1605 scio.

2735 1621 2967 1678 CAPUT
3008 1623 3076 1678 ῐΙ.

1987 1696 2026 1749 Β
2128 1724 2155 1796 §
2187 1725 2230 1780 Ι.
2263 1724 2444 1796 Signa
2473 1728 2528 1779 et
2561 1725 2800 1781 visiones
2825 1743 2939 1781 non
2959 1742 3152 1781 eorum
3182 1742 3415 1798 quorum
3431 1725 3759 1782 ministerio

2047 1814 2217 1882 ﬁunt,
2257 1813 2356 1869 sed
2391 1813 2637 1868 aliorum
2680 1813 2987 1870 identidem
3017 1813 3263 1870 utilitati
3306 1813 3639 1869 inserviunt.
3683 1845 3760 1858 —

2054 1903 2356 1958 Sciendum
2387 1918 2522 1974 ergo
2553 1903 2912 1973 plurifariam
2944 1904 3244 1975 signorum
3275 1905 3426 1959 dona
3456 1905 3750 1961 distribui.

2054 1995 2200 2048 Sunt
2247 1992 2397 2048 enim
2444 1992 2682 2062 quidam
2735 2006 2834 2062 per
2883 2007 3028 2063 quos
3077 2006 3143 2048 ac
3187 1993 3234 2048 si
3280 1994 3509 2048 canales
3548 1993 3753 2048 eadem

2053 2088 2312 2150 portenta
2344 2081 2630 2148 feruntur,
2657 2088 2712 2136 et
2754 2080 2891 2136 dum
2936 2095 3034 2150 per
3068 2081 3188 2137 haec
3227 2081 3472 2137 aliorum
3513 2082 3753 2137 utilitati

2055 2168 2324 2234 militant,
2356 2169 2460 2238 ipsi
2501 2183 2700 2224 eorum
2738 2185 2868 2239 qua}
2891 2183 2990 2239 per
3033 2183 3128 2224 eos
3168 2170 3315 2225 ﬁunt
3357 2177 3610 2226 exsortes
3652 2171 3755 2225 ha-

2055 2257 2278 2312 bentur.
2331 2255 2493 2322 Quod
2561 2257 2618 2311 in
2679 2256 2908 2327 loquela
2958 2265 3012 2313 et
3064 2257 3251 2328 angeli
3305 2258 3540 2326 visione,
3610 2272 3752 2328 pro-

2052 2343 2244 2413 phetia
2275 2344 2503 2398 Balaam
2532 2343 2731 2412 (Num.
2768 2359 2904 2412 xxn,
2937 2346 3050 2413 27),
3079 2353 3133 2401 et
3163 2345 3392 2414 Caiphae
3418 2347 3615 2413 (Joan.
3665 2360 3751 2413 x1,

2056 2434 2139 2499 5t)
2174 2431 2484 2486 certissime
2529 2431 2735 2502 conjici
2783 2440 2980 2501 potest,
3025 2432 3166 2502 quia
3209 2448 3340 2502 quae
3375 2435 3628 2490 exterius
3659 2449 3753 2490 so-

2052 2527 2330 2586 nuerunt,
2385 2534 2419 2574 a
2480 2534 2537 2574 se
2583 2519 2809 2589 penitus
2865 2519 3054 2576 aliena
3101 2521 3352 2576 fuerunt.
3407 2522 3567 2578 Unde
3613 2529 3671 2577 et
3720 2535 3756 2577 a

2053 2607 2429 2663 morientibus
2480 2607 2886 2676 cujuscunque
2927 2609 3114 2663 meriti
3156 2609 3340 2665 multa
3373 2610 3634 2666 videmus
3667 2610 3756 2666 fu-

2054 2703 2184 2751 tura
2217 2695 2466 2764 praedici,
2518 2703 2570 2750 et
2611 2695 2678 2750 de
2708 2696 2999 2764 sequentis
3039 2696 3233 2752 smculi
3279 2704 3432 2753 statu
3474 2697 3756 2768 plurima-

2051 2784 2358 2841 enuntiari.
2392 2784 2526 2838 Inde
2568 2791 2622 2838 et
2655 2785 2972 2840 secundum
3007 2785 3162 2840 hunc
3189 2785 3421 2841 modum
3449 2785 3623 2842 verba
3662 2786 3754 2841 in-

2053 2871 2295 2927 fantium
2350 2885 2584 2941 prorsus
2633 2872 3027 2928 innocentium
3091 2872 3345 2928 solemus
3410 2874 3751 2942 appretiari,

2053 2973 2186 3016 nam
2219 2973 2393 3029 super
2421 2960 2540 3015 suis
2576 2961 2852 3030 ipsorum,
2900 2961 3263 3031 aliorumque
3308 2963 3628 3030 eventibus,
3677 2963 3754 3018 ab

2054 3049 2134 3104 eis
2163 3047 2345 3103 solent
2373 3046 2537 3116 quasi
2574 3061 2672 3116 per
2706 3039 3106 3103 hebetudinem
3152 3049 3322 3118 plena
3371 3049 3754 3119 providentiae

2055 3135 2206 3190 dicta
2227 3137 2452 3205 jactari.
2482 3137 2636 3200 Quod
2666 3136 2772 3190 sub
2804 3136 3065 3205 sequenti
3096 3136 3308 3205 patebit
3340 3137 3618 3206 exemplo.

2128 3222 2470 3288 Infantulus
2486 3222 2638 3278 videt
2658 3223 2807 3277 inter
2821 3226 3085 3294 agentem
3105 3239 3277 3278 sacra
3291 3225 3573 3296 mysteria
3588 3241 3754 3297 pres-

2055 3313 2316 3384 byterum
2338 3329 2517 3368 manu
2534 3315 2843 3384 puerulum
2868 3313 3062 3370 hostia
3081 3314 3202 3368 loco
3224 3316 3525 3368 tenentem.
3553 3344 3616 3356 —
3638 3315 3756 3370 Nu-

2056 3403 2319 3472 perrime,
2378 3402 2591 3458 scilicet
2637 3403 2855 3458 Pascha
2913 3403 3217 3472 prieterito,
3270 3403 3360 3458 die
3417 3403 3559 3473 ipsa,
3611 3418 3751 3459 cum

2053 3491 2250 3547 eadem
2296 3491 2576 3548 festivitas
2622 3500 2912 3562 ageretur,
2962 3493 3019 3547 in
3073 3491 3215 3548 urbe
3260 3491 3427 3547 nobis
3474 3493 3753 3563 contigua

2054 3577 2390 3635 Suessorum
2416 3576 2502 3650 (9),
2527 3579 2734 3635 mulier
2757 3579 3025 3649 quaedam
3045 3579 3115 3634 ad
3133 3578 3426 3635 ecclesiam
3450 3579 3754 3648 proprium

2054 3667 2406 3725 infantulum
2462 3669 2837 3739 suscipiendae
2890 3670 3076 3740 gratia
3111 3669 3533 3726 communionis
3565 3669 3758 3724 addu-

2054 3765 2238 3814 xerat.
2271 3758 2531 3828 Cumque
2559 3765 2781 3826 tempus
2804 3758 3180 3813 Eucharistize
3199 3758 3566 3813 conﬁciendae
3587 3771 3754 3814 acce-

2055 3846 2212 3900 deret
2244 3843 2357 3916 (‘°),
2385 3852 2438 3901 et
2471 3845 2752 3914 puerulus
2779 3859 2974 3901 rerum
3009 3845 3200 3901 adhuc
3217 3845 3476 3901 omnium
3511 3845 3752 3914 inscius,

2053 3932 2162 3987 sub
2194 3932 2495 4001 praesentia
2541 3932 2740 3987 matris
2769 3946 2802 3987 a
2850 3933 3158 3988 sacerdotis
3205 3941 3365 4003 tergo
3395 3933 3754 4002 consisteret,

2053 4018 2197 4074 vidit
2222 4020 2278 4073 in
2308 4020 2495 4076 medio
2526 4019 2742 4086 altaris,
2776 4021 2916 4075 dum
2947 4034 3038 4076 res
3064 4019 3264 4076 divina
3289 4021 3525 4090 geritur,
3561 4019 3754 4075 infan-

2053 4106 2240 4162 tulum
2269 4107 2425 4162 omni
2469 4107 2651 4178 specie
2691 4109 3078 4177 pulchriorem
3123 4108 3270 4164 inter
3311 4123 3518 4164 manus
3556 4121 3752 4163 sacer-

2053 4195 2198 4250 dotis
2225 4195 2387 4266 erigi.
2421 4195 2580 4262 Quod
2616 4211 2748 4252 cum
2793 4196 3114 4252 intueretur
3164 4195 3367 4265 puerili
3400 4195 3751 4262 curiositate,

315 4255 498 4326 Signa
546 4255 835 4312 exteriora
877 4257 1036 4312 haud
1059 4256 1278 4312 indicia
1308 4257 1666 4314 sanctitatis.
1717 4288 1785 4297 —
1809 4258 1940 4312 Haec

2055 4296 2170 4353 qua
2195 4282 2316 4338 visa
2345 4282 2508 4338 silere
2539 4297 2652 4338 non
2683 4283 2914 4350 sinitur,
2948 4272 3199 4339 Euclesia
3231 4281 3516 4349 audiente,
3547 4282 3753 4338 excla—

245 4345 458 4401 etenim
487 4345 585 4413 ita,
619 4353 683 4401 ut
729 4346 811 4401 sic
861 4346 1067 4414 dicam,
1119 4348 1450 4417 amphibola
1498 4355 1842 4416 reputantur
1880 4355 1943 4403 ut

245 4434 394 4489 sicut
425 4433 644 4490 dextris
673 4434 753 4489 sic
782 4443 837 4490 et
865 4435 1114 4513 sinistris
1159 4436 1419 4504 partibus
1467 4421 1684 4506 glorias
1726 4449 1942 4505 suppe—

243 4521 427 4578 ditare
452 4522 766 4591 dicuntur;
799 4523 900 4593 qui
930 4524 1084 4578 enim
1119 4524 1250 4578 ﬁliis
1281 4525 1454 4579 Israel
1488 4537 1644 4579 mare
1674 4525 1938 4580 Rubrum

243 4609 454 4678 divisit,
488 4610 694 4681 Magno
725 4611 1050 4667 Alexandro
1082 4613 1538 4682 Pamphylicum.
1574 4611 1720 4680 Lege
1751 4612 1944 4668 Sueto-

243 4697 424 4766 nium,
459 4700 746 4769 quomodo
791 4700 1180 4770 Vespasianus
1207 4701 1522 4770 impactum
1553 4701 1710 4770 pedis
1742 4701 1941 4770 pollice

242 4787 539 4843 sustulerit
584 4789 878 4844 claudum.
937 4790 1002 4844 In
1037 4796 1308 4858 promptu
1341 4804 1577 4859 quoque
1606 4797 1688 4845 est
1719 4789 1779 4844 in
1809 4797 1940 4846 ortu

242 4883 660 4945 praepotentum
694 4876 1045 4946 principum,
1080 4885 1287 4946 utputa
1327 4877 1545 4946 praefati
1601 4877 1935 4940 Alexandri,

241 4962 380 5017 Julii
406 4963 663 5031 Caesaris,
714 4964 1042 5033 Octaviani;
1103 4965 1200 5020 sed
1230 4973 1285 5020 et
1315 4965 1561 5020 aliorum
1587 4965 1754 5035 signa
1793 4979 1937 5034 prae-

243 5050 437 5118 missa,
480 5059 536 5108 et
565 5051 624 5107 in
660 5052 941 5108 mortibus
973 5053 1241 5109 habuisse
1272 5053 1563 5121 Carolum,
1594 5060 1650 5110 et
1690 5053 1936 5109 Ludovi-

243 5152 376 5194 cnm
409 5140 591 5196 lilium
621 5140 748 5211 ejus
784 5141 1163 5212 prognostica.
1191 5142 1352 5198 Unde
1377 5149 1433 5198 et
1463 5148 1655 5198 nostro
1690 5147 1939 5210 tempore

244 5225 302 5280 in
353 5235 700 5295 nostrorum,
755 5237 810 5286 et
877 5230 1361 5300 Lotharingorum
1417 5244 1520 5287 seu
1563 5229 1938 5300 Anglicorum

244 5327 446 5384 regum
480 5317 798 5384 occasibus,
833 5325 888 5373 et
936 5318 1306 5374 innovatione
1337 5331 1671 5388 regnorum,
1723 5317 1933 5386 saepius

243 5409 490 5457 cometes
519 5406 812 5460 emersisse
835 5407 1263 5474 conspeximus.

319 5506 630 5562 Ludovicus
650 5511 894 5564 Grossus
911 5527 1011 5564 seu
1028 5513 1241 5577 sextus,
1259 5510 1541 5582 scraphas
1562 5513 1747 5565 curat.
1781 5511 1940 5577 Quod

2051 4377 2167 4426 mat
2207 4370 2276 4425 ad
2318 4377 2558 4425 matrem
2591 4384 2604 4424 :
2643 4391 2663 4418 ι
2710 4371 2972 4437 Domina,
3021 4370 3232 4440 inquit,
3275 4383 3464 4424 nonne
3500 4370 3752 4425 attendis

2049 4472 2226 4529 quam
2259 4457 2564 4528 pulchrum
2604 4473 2848 4528 puerum
2890 4471 3062 4527 super
3105 4456 3285 4514 altare
3318 4457 3614 4528 presbyter
3666 4466 3751 4514 te-

2049 4549 2222 4604 neat?
2262 4568 2289 4597 »
2332 4547 2568 4603 Matrem
2609 4562 2746 4604 vero
2787 4548 3201 4617 respicientem,
3249 4547 3389 4603 nihil
3437 4547 3615 4617 hujus
3653 4548 3752 4603 vi-

2050 4637 2226 4692 sionis
2273 4637 2558 4707 attigerat.
2609 4637 2737 4692 Post
2785 4637 3090 4708 paululum
3141 4643 3352 4703 autem,
3429 4650 3562 4692 cum
3622 4647 3752 4707 post

2049 4723 2422 4780 elevationem
2489 4724 2808 4781 demitteret
2871 4733 3317 4791 sacramentum,
3389 4731 3444 4780 et
3501 4725 3751 4795 operiret

2048 4812 2305 4879 sindone,
2348 4825 2554 4868 rursus
2582 4811 2942 4868 inclamitat:
2984 4833 3006 4861 ε
3046 4812 3209 4879 Ecce,
3254 4811 3351 4879 ait,
3395 4811 3520 4867 albo
3552 4826 3751 4882 panno

2049 4899 2290 4955 involvit
2319 4913 2472 4954 eum.
2508 4922 2529 4948 ι

2118 4986 2378 5056 Cumque
2408 4987 2630 5042 cunctis
2659 4986 3027 5043 audientibus
3053 4986 3174 5042 haec
3194 4985 3391 5042 eadem
3425 4984 3748 5054 replicaret,

2047 5075 2363 5144 capacioris
2421 5075 2810 5146 intelligentiae
2849 5075 3088 5146 quidam
3133 5075 3623 5136 animadvertunt,
3655 5073 3748 5126 in-

2047 5161 2369 5217 nocentiam
2429 5163 2702 5231 puerilem
2770 5163 2898 5218 aliis
2957 5162 3137 5218 oculis
3210 5161 3519 5232 pulchrum
3580 5159 3751 5215 illum

2049 5247 2357 5318 puerulum
2407 5248 2648 5318 intueri;
2697 5248 2824 5304 aliis
2873 5248 3079 5318 pallam
3125 5247 3481 5303 materialem
3510 5259 3630 5316 qua
3673 5247 3752 5301 in~

2049 5335 2384 5392 telleetualis
2412 5335 2836 5392 obvolvebatur
2888 5337 3123 5393 attendi.
3162 5339 3305 5393 Ecce
3346 5335 3437 5392 ille
3478 5336 3580 5406 qui
3623 5337 3751 5394 haec

2045 5423 2208 5490 vidit,
2259 5423 2395 5480 huic
2443 5423 2652 5480 saeculo
2700 5424 3042 5494 innutritur,
3093 5441 3198 5482 nec
3239 5433 3574 5496 sequentem
3624 5430 3747 5497 spei

2047 5511 2368 5566 zestimalur
2409 5511 2662 5567 melioris
2707 5512 2778 5568 ad
2823 5513 3022 5568 vitam.
3061 5513 3234 5585 {Unde
3279 5513 3459 5570 scitur
3509 5513 3748 5571 indubie
