3914 6094
121 237 229 288 617

1197 233 1284 287 DE
1328 232 1743 288 PIGNORIBUS
1783 231 2227 291 SANCTORUM.
2263 264 2331 273 —
2367 234 2500 289 LIB.
2542 236 2587 291 I.

3535 241 3639 293 618

122 375 282 447 quod
317 376 457 431 visio
490 376 633 445 hac,
665 357 928 447 ejus‘qui
971 376 1115 431 vidit
1144 390 1248 432 nec
1298 376 1485 446 prodit
1532 376 1820 441 meritum,
1860 376 1909 429 Α
1937 375 2067 432 deat
2094 377 2329 432 sanitas.
2372 377 2532 443 Quod
2585 384 2639 432 et
2672 391 2818 433 novo
2859 377 3066 434 nostris
3117 380 3469 450 temporibus
3516 381 3641 450 ipse

122 477 231 519 nec
268 462 582 533 amplificat
612 463 874 534 gloriam,
932 463 1027 518 sed
1077 463 1436 519 audientium
1488 463 1619 519 ﬁdei
1670 462 1828 519 addit

123 549 634 620 magniﬁcentiam.
695 551 760 604 Et
816 551 1105 619 quomodo
1160 551 1213 606 id
1259 565 1379 607 sua
1437 550 1669 607 utilitati
1726 557 1828 606 aut

122 637 324 708 gloria
364 637 571 692 vidisse
602 637 849 703 dicatur,
896 637 998 707 qui
1037 638 1137 692 vix
1168 646 1268 694 aut
1317 639 1477 695 nullo
1511 639 1700 705 modo,
1739 646 1828 694 ut-

120 733 252 795 pote
310 725 462 780 infra
519 739 772 793 sensum,
826 724 967 796 quid
1020 724 1156 781 olim
1228 726 1437 782 viderit
1498 726 1826 783 meminisse

122 814 530 886 dignoscitur?

195 927 332 999 §II.
374 927 766 997 Reperiuntur
804 940 972 997 porro
1014 935 1068 982 et
1101 926 1218 994 alii,
1266 926 1482 997 quibus
1532 942 1638 984 nec
1688 942 1827 998 pro—

126 1024 253 1085 pter
287 1014 667 1085 pracedentia
717 1015 920 1069 merita
963 1013 1017 1068 id
1065 1014 1345 1083 provenit,
1412 1028 1600 1084 neque
1657 1013 1725 1069 iis
1753 1027 1827 1070 ex

124 1107 409 1162 sententia
436 1105 673 1159 rationis
717 1104 982 1175 obtingit,
1016 1103 1112 1159 sed
1160 1104 1283 1159 sine
1336 1111 1596 1172 respectu
1641 1103 1828 1159 omnis

125 1192 304 1248 studii
336 1206 404 1247 ac
432 1191 658 1255 laboris,
688 1204 828 1260 pene
859 1189 1031 1246 totius
1071 1190 1310 1260 justitia
1361 1190 1545 1260 gloria
1598 1189 1825 1245 accidit.

125 1279 292 1346 Quod
343 1280 401 1334 in
450 1278 664 1333 sanctis
712 1277 1115 1333 innocentibus
1161 1278 1530 1347 perspicuum
1584 1284 1823 1344 constat,

127 1368 229 1438 qui
255 1369 378 1423 sine
406 1366 883 1435 contemplatione
923 1372 1023 1420 aut
1062 1365 1181 1431 Dei,
1240 1374 1340 1420 aut
1387 1365 1607 1435 pramii
1654 1366 1823 1435 passi,

126 1456 420 1527 quidquid
453 1455 547 1510 Dei
587 1463 668 1510 est
706 1454 1007 1509 obtinuere
1053 1453 1110 1508 in
1146 1452 1411 1523 pramio;
1468 1452 1629 1523 liguli
1673 1453 1826 1508 enim

125 1552 210 1600 est
243 1543 511 1614 potentia
548 1541 730 1597 facere
775 1555 877 1595 vas
922 1542 979 1595 in
1028 1540 1324 1607 honorem,
1378 1539 1560 1596 facere
1596 1540 1652 1594 in
1685 1554 1827 1595 con-

127 1631 425 1723 tumeliam
459 1631 647 1723 (Iiorn.
679 1643 756 1693 ix,
790 1628 895 1723 2t).
925 1628 1048 1723 Ipse
1080 1641 1282 1697 nempe
1312 1635 1395 1683 est
1435 1628 1534 1697 qui
1582 1626 1778 1698 objicit
1810 1642 1829 1723 :-
1865 1668 1908 1723 Β

124 1718 266 1772 Non
287 1717 421 1772 licet
442 1716 584 1771 mihi
611 1717 759 1788 quod
779 1716 902 1770 volo
912 1716 1159 1784 facere?
1190 1717 1414 1785 (Matth.
1450 1730 1548 1783 xx,
1585 1717 1696 1784 15.)
1724 1714 1829 1769 Cui

125 1806 283 1860 enim
304 1806 423 1860 vult
451 1806 775 1873 miseretur,
806 1823 973 1877 quem
999 1805 1120 1860 vult
1147 1805 1380 1859 indurat
1399 1808 1574 1875 (Rom.
1604 1820 1680 1873 lx,
1716 1808 1825 1873 l8).

126 1894 243 1951 Nec
302 1895 588 1951 moderna
636 1909 811 1965 super
861 1894 968 1949 hoc
1050 1892 1315 1950 diﬂ’ertur
1382 1894 1566 1950 atatis
1628 1907 1831 1949 exem-

129 1982 317 2050 pium.

200 2095 514 2167 Acolythus
524 2112 664 2166 puer
673 2093 983 2167 imaginem
999 2094 1155 2165 alloq
1163 2093 1317 2147 uitur
1330 2111 1344 2161 ;
1358 2093 1453 2148 cui
1463 2096 1515 2147 et
1524 2092 1656 2165 ipsa
1674 2092 1833 2149 dedit

125 2200 486 2256 responsum.
518 2214 588 2225 —
617 2184 786 2252 Apud
817 2181 1376 2251 Sanctiquintinense
1423 2179 1834 2251 (Saint-Quen—

128 2273 242 2342 (in)
267 2272 564 2341 oppidum,
600 2270 837 2340 quidam
892 2269 1086 2324 itidem
1136 2268 1418 2337 parvulus
1466 2267 1672 2333 fuerat,
1728 2282 1833 2337 pa-

126 2367 366 2416 rentum
393 2358 613 2427 judicio
642 2357 881 2412 allectus
905 2356 978 2411 ad
1003 2356 1251 2423 clerum;
1296 2354 1535 2425 jamque
1582 2354 1833 2425 acolytlii

128 2445 246 2500 nisi
274 2443 455 2507 fallor,
481 2444 729 2514 gradum
757 2443 1033 2497 subierat.
1072 2442 1126 2496 Is
1155 2450 1284 2497 ante
1314 2441 1528 2496 absidis
1566 2443 1831 2509 frontem,

132 2534 287 2587 inter
319 2531 498 2586 altare
540 2530 802 2585 videlicet
844 2544 910 2585 ac
965 2530 1240 2596 absidem,
1291 2531 1543 2599 quadam
1596 2530 1832 2585 solemni

132 2622 224 2677 die
257 2622 397 2677 hora
424 2619 689 2676 sacrilicii
723 2634 824 2689 pro
863 2619 1048 2675 oflicio
1080 2628 1318 2675 acturus
1345 2620 1622 2675 astiterat.
1670 2620 1831 2674 Pate-

132 2722 269 2763 nam
303 2715 493 2763 autem
536 2720 669 2762 cum
712 2706 895 2762 hostia
925 2721 1055 2777 qua
1083 2715 1206 2762 erat
1233 2705 1527 2763 offerenda
1575 2706 1830 2776 gerebat.

135 2797 330 2865 Imago
368 2794 617 2864 denique
666 2808 701 2848 a
756 2794 943 2849 fronte
985 2794 1223 2850 cancelli
1273 2809 1506 2864 gypsea,
1565 2794 1829 2851 cruciﬁxi

135 2880 365 2937 Domini
392 2881 637 2949 speciem
663 2879 985 2949 praferens,
1019 2882 1327 2948 eminebat,
1357 2896 1489 2952 qua
1521 2897 1634 2938 non
1665 2882 1833 2953 longe

133 2984 168 3024 a
194 2968 457 3034 Quintini
488 2969 727 3037 martyis
770 2969 1032 3037 sepulcro
1070 2969 1336 3024 distabat.
1387 2970 1648 3040 Cumque
1683 2970 1831 3026 ima-
1868 2958 1910 3014 Ο

135 3056 259 3128 gini
291 3060 439 3109 83%
486 3056 795 3120 assisteret,
853 3061 909 3109 et
959 3053 1254 3110 ollerenda
1309 3056 1568 3125 deferret,
1630 3056 1833 3125 puerili

133 3154 253 3200 tam
277 3143 452 3200 verbo
485 3157 663 3213 quam
689 3156 864 3199 sensu
894 3142 966 3197 ad
999 3143 1308 3214 imaginem
1342 3144 1488 3199 dixit
1521 3160 1531 3199 :
1564 3166 1583 3193 ι
1624 3145 1831 3212 Vultis,

136 3234 239 3299 ait,
274 3232 527 3298 Domine,
559 3231 629 3287 de
672 3244 818 3300 pane
865 3230 1024 3285 meo?
1060 3250 1080 3277 ι
1107 3229 1212 3285 Cui
1262 3231 1354 3285 ille
1410 3231 1834 3287 evidentissime

136 3319 478 3390 respondere
506 3317 782 3388 dignatur
816 3332 829 3370 ;
871 3338 892 3365 ι
928 3316 1070 3386 Ego,
1104 3317 1206 3380 ait,
1243 3316 1299 3371 in
1336 3316 1599 3386 proximo
1632 3318 1731 3373 tibi
1766 3318 1835 3372 de

134 3424 264 3465 meo
296 3420 442 3477 pane
470 3406 635 3462 dabo.
674 3427 696 3453 ι
726 3404 833 3471 Qui
870 3404 958 3460 his
1000 3404 1216 3460 auditis
1258 3404 1454 3460 morbo
1499 3407 1832 3475 corripitur,

136 3505 193 3552 et
226 3495 379 3551 infra
407 3495 526 3549 dies
559 3494 933 3564 paucissimos
982 3507 1091 3549 suo
1137 3507 1312 3563 quem
1359 3493 1523 3549 brevi
1573 3500 1836 3550 tenuerat

136 3591 354 3640 exutus
380 3581 751 3647 hominiculo,
784 3594 1017 3650 compos
1047 3581 1258 3636 trabea
1291 3581 1538 3636 calestis
1564 3582 1832 3649 efﬁcitur,

137 3678 196 3727 et
238 3678 370 3726 ante
411 3668 740 3739 imaginem,
792 3681 925 3738 qua
973 3667 1030 3722 id
1085 3666 1193 3723 sibi
1241 3668 1644 3738 spoponderat,
1686 3682 1838 3738 sepe-

139 3757 303 3814 litur.

212 3864 344 3920 Hac
383 3862 537 3919 clero
585 3860 851 3917 Ecclesia
906 3861 1085 3930 ipsius
1151 3826 1429 3917 referetite
1493 3860 1720 3927 edidici,
1783 3868 1838 3917 et

140 3950 366 4007 tumulo
403 3949 755 4019 astipulante
791 3962 913 4004 rem
962 3948 1097 4016 vidi,
1147 3957 1201 4004 et
1231 3948 1467 4015 credidi,
1518 3949 1668 4003 sicut
1719 3949 1838 4018 pri-

142 4053 324 4106 mum,
360 4039 517 4109 quod
545 4037 736 4105 retuli,
769 4051 803 4092 a
828 4037 1060 4092 domino
1102 4036 1530 4107 archiepiscopo
1576 4038 1839 4093 Remensi

144 4127 452 4197 Radnlpbo
503 4125 718 4182 audivi.
779 4124 1004 4180 Suessio
1057 4138 1291 4195 quoque
1341 4132 1581 4181 testatur
1628 4126 1836 4194 clerus,

146 4215 512 4285 populusque
541 4212 830 4269 Lauduni.
863 4213 1009 4268 Dicit
1033 4211 1244 4269 Seneca
1277 4213 1337 4269 in
1368 4214 1529 4270 libris
1569 4214 1649 4270 De
1682 4216 1842 4271 bene

146 4302 310 4358 ﬁcio:
353 4324 374 4351 ι
435 4301 582 4368 Quia
626 4300 728 4370 qui
782 4301 964 4355 vicem
1015 4300 1215 4357 aliena
1268 4301 1517 4372 largitati
1572 4303 1836 4371 restituit,

144 4390 564 4447 mercatoribus
590 4399 952 4459 exaquatur,
986 4389 1087 4458 qui
1120 4398 1312 4446 autem
1332 4392 1583 4462 gratuito
1615 4392 1841 4461 impen-

145 4478 251 4544 dit,
280 4479 461 4533 Deum
496 4479 773 4534 imitatur.
813 4499 834 4526 ι
868 4477 1029 4535 Certe
1060 4488 1115 4534 et
1156 4494 1396 4537 securus
1445 4479 1653 4545 dicam,
1699 4480 1841 4550 quia

144 4565 329 4621 multo
382 4567 567 4637 magis
621 4566 888 4621 naturale
929 4575 1013 4622 est
1066 4567 1177 4623 Deo
1218 4568 1465 4639 gratiam
1518 4568 1841 4637 impendere

145 4667 327 4725 quam
355 4651 683 4724 cuiuspiam
713 4653 913 4709 merito
946 4655 1305 4723 respondere.

218 4759 313 4815 IlI.
347 4757 493 4814 Sunt
540 4767 813 4827 praterea
871 4758 1052 4828 aliqui
1104 4773 1355 4829 quorum
1406 4759 1545 4815 ﬁdes
1593 4759 1840 4815 multum

144 4848 214 4903 de
267 4845 659 4902 misericordia
707 4845 909 4901 divina
968 4854 1240 4914 meretur,
1288 4848 1368 4902 ita
1406 4854 1470 4902 ut
1516 4847 1626 4914 ille,
1674 4848 1845 4917 cujus

143 4944 309 5000 cibus
330 4950 415 4999 est
462 4951 528 4999 ut
556 4940 729 4997 faciat
754 4941 1107 4997 voluntatem
1168 4943 1351 4998 Patris
1406 4942 1498 4998 sui
1544 4941 1839 5012 (Joan.iv,

147 5032 256 5100 34),
297 5031 409 5087 illis
467 5030 827 5100 potissimum
875 5027 1238 5085 efﬁcientiam
1292 5043 1412 5085 sua
1459 5027 1715 5098 ipsorum
1746 5041 1845 5082 sa-

148 5120 284 5176 lutis
312 5119 579 5183 ascribat,
611 5131 757 5187 quos
783 5116 841 5171 in
869 5116 1187 5185 expetendo
1227 5116 1380 5187 quod
1427 5123 1698 5185 ceperant
1733 5115 1846 5170 ﬁde

149 5208 526 5262 animosiores
558 5203 816 5267 invenit.
853 5202 1013 5259 Unde
1053 5211 1107 5258 et
1151 5204 1220 5259 ad
1272 5202 1481 5259 multos
1511 5204 1638 5272 ejus
1688 5202 1848 5257 fami-

153 5294 292 5351 liare
324 5293 567 5350 verbum
598 5300 700 5348 est.
735 5290 907 5345 Fide:
936 5292 1035 5344 tua
1056 5292 1107 5345 te
1133 5291 1356 5345 salvum
1370 5291 1519 5357 fecit
1545 5291 1750 5359 (Marc.
1781 5304 1842 5357 x,

154 5384 262 5455 52).
294 5382 457 5449 Quod
501 5389 585 5436 est
632 5382 861 5435 dicere:
913 5380 979 5434 In
1027 5387 1251 5435 tantum
1299 5380 1437 5434 mihi
1488 5380 1670 5448 placet
1717 5380 1847 5436 ﬁdei

152 5480 357 5529 vestra
390 5468 797 5539 importunitas
826 5474 887 5523 ut
908 5466 1017 5522 mei
1048 5468 1171 5523 vice
1196 5474 1381 5524 vestra
1411 5480 1485 5522 ex
1514 5468 1677 5523 vobis
1701 5481 1848 5537 pen-

512 5568 783 5633 ΡΑτιιοι.
836 5565 1042 5634 CLVI.

1935 464 2278 519 monstravit
2309 463 2589 535 exemplo.

2005 553 2082 604 De
2108 550 2309 621 puella
2364 567 2485 622 qua
2513 557 2815 623 postquam
2843 552 3233 623 voluptatibus
3272 553 3633 621 indulsisset,

1933 640 1990 690 et
2015 639 2256 707 peccata
2276 636 2486 703 fuisset
2512 639 2797 703 confessa,
2830 656 2864 692 a
2892 656 3114 694 summa
3144 639 3272 695 vita
3303 639 3639 696 discrimine

1922 725 2044 794 ﬁde
2066 741 2176 779 sua
2199 725 2408 780 meruit
2428 725 2680 781 liberari.
2714 757 2783 766 —
2813 727 2974 783 Circa
3003 726 3268 796 conﬁnia,
3295 728 3405 784 nisi
3447 728 3634 798 fallor,

1933 812 2376 880 Cameracensis,
2429 812 2880 883 Adartensisque
2908 813 3240 883 provincia,
3301 814 3536 884 juvenis
3581 824 3637 871 et

1932 900 2145 969 puella,
2191 900 2422 970 plurimi
2482 903 2984 972 consanguinitate
3048 902 3295 968 finitimi,
3345 902 3469 958 ruri
3526 904 3636 958 sub

1931 988 2143 1043 eisdem
2197 989 2419 1045 adibus
2476 990 2933 1045 commanebant.
2994 988 3258 1060 Cumque
3328 989 3637 1046 assiduitas

1933 1076 2297 1131 contubernii
2326 1075 2789 1141 familiaritatem,
2830 1077 3195 1132 familiaritas
3226 1077 3451 1146 ineptia
3493 1093 3638 1134 con-

1933 1173 2108 1235 cepta
2139 1166 2414 1235 praberet
2441 1180 2668 1232 ausum,
2702 1166 2849 1221 male
2883 1175 3113 1221 cautam
3157 1165 3348 1222 subito
3394 1167 3637 1237 propin-

1934 1254 2212 1323 quitatem
2244 1253 2547 1322 impudens
2585 1252 2810 1307 vitiavit
2865 1253 3133 1309 incestus.
3179 1253 3295 1308 Nec
3341 1267 3522 1320 mora,
3555 1255 3638 1310 in-

1936 1349 2108 1412 gesta
2152 1341 2404 1396 libidinis
2470 1341 2786 1409 juvencula
2849 1341 3225 1409 persentiente
3274 1350 3635 1411 conceptum,

1934 1435 2231 1497 caperunt
2263 1435 2464 1482 mutuo
2486 1426 2715 1482 assiduo
2747 1442 2860 1481 non
2904 1429 3027 1482 sine
3058 1427 3326 1496 Iacrymis
3374 1442 3639 1484 murmu-

1935 1528 1996 1570 re
2042 1514 2339 1584 conqueri,
2397 1513 2995 1569 infamiam'suorum
3053 1515 3365 1585 oculosque
3432 1514 3635 1570 vereri.

1936 1603 2140 1672 Itaque
2172 1601 2389 1672 digredi
2422 1615 2456 1656 a
2482 1602 2657 1656 natali
2688 1600 2806 1656 solo
2861 1601 3238 1657 constituunt.
3283 1602 3388 1658 Sed
3447 1602 3643 1672 puella

1936 1688 2149 1759 proprii
2195 1689 2505 1744 admodum
2560 1689 2895 1744 meticulosa
2943 1698 3156 1757 reatus,
3217 1690 3512 1746 concurrit
3567 1691 3641 1744 ad

1936 1778 2355 1847 presbyterum,
2385 1784 2439 1832 et
2467 1791 2600 1832 cum
2638 1777 2814 1831 atroci
2846 1776 3037 1831 dolore
3097 1791 3272 1833 suum
3337 1776 3643 1832 conﬁtetur

1936 1863 2272 1918 admissum.
2304 1862 2429 1925 Quo
2487 1862 2650 1926 facto,
2698 1876 2732 1916 a
2779 1875 2915 1918 rure
2956 1862 3072 1929 illo,
3125 1870 3298 1919 noctu
3345 1861 3514 1932 quasi
3568 1862 3640 1930 .in

1937 1956 2194 2003 exteram
2243 1950 2522 2005 secessuri
2577 1950 2888 2021 regionem,
2942 1951 3173 2019 utrique
3235 1950 3637 2020 commigrant.

1937 2036 2044 2103 Qui
2071 2045 2237 2092 extra
2268 2051 2437 2108 agros
2469 2038 2592 2094 illos
2627 2038 2779 2094 haud
2815 2039 3014 2105 procul
3045 2046 3264 2105 euntes,
3315 2037 3637 2107 marginem

1938 2124 2093 2195 putei
2113 2124 2234 2195 jam
2265 2125 2485 2181 dudum
2520 2125 2757 2181 desolati
2789 2125 3048 2194 pervium
3076 2125 3349 2180 habuere.
3376 2128 3447 2179 At
3479 2125 3644 2194 juve-

1938 2213 2028 2269 nis
2066 2228 2078 2268 :
2112 2213 2553 2280 Consedeamus,
2582 2214 2681 2280 ait,
2704 2221 2768 2268 ut
2807 2213 2951 2268 uteri
2983 2212 3423 2282 gravetudinem
3467 2224 3643 2279 super

1939 2314 2098 2357 oram
2142 2300 2299 2370 putei
2351 2302 2646 2371 pausando
2696 2301 2862 2356 leves.
2931 2300 3183 2356 Credidit
3225 2300 3321 2354 illa
3369 2298 3536 2365 dolis,
3586 2304 3643 2351 et

1939 2402 2070 2445 cum
2103 2389 2333 2444 vecordi
2372 2388 2577 2459 juveni
2618 2390 2934 2455 assedisset,
2979 2388 3291 2458 impulsam
3335 2401 3369 2441 a
3417 2391 3642 2455 pectore

1941 2477 2096 2532 illam
2126 2478 2520 2547 nequissimus
2552 2477 2927 2547 pracipitavit
2958 2476 3016 2530 in
3048 2484 3306 2545 puteum.

2011 2567 2274 2635 Cumque
2302 2574 2425 2634 post
2452 2566 2755 2634 paululum
2787 2564 3009 2621 reddita
3057 2563 3323 2619 sensibus
3355 2576 3428 2617 ex
3475 2574 3644 2616 casus

1942 2652 2202 2707 altissimi
2236 2652 2364 2707 dolo
2413 2653 2770 2723 gemisceret,
2802 2652 2972 2722 capit
3019 2651 3091 2706 ad
3117 2664 3243 2706 eam
3298 2664 3373 2704 an
3421 2648 3638 2704 viveret

1942 2738 2107 2809 quasi
2156 2739 2561 2808 compellando
2595 2741 2862 2795 clamare.
2901 2739 3102 2805 Vivam
3156 2739 3350 2807 itaque
3390 2738 3642 2792 sentiens

1941 2825 2202 2895 querula
2233 2825 2387 2880 vocis
2428 2826 2825 2881 mussitatione
2855 2835 3098 2895 captata,
3135 2825 3347 2880 sensim
3392 2825 3463 2880 ad
3514 2838 3642 2880 eam

1942 2912 2160 2983 lapides
2187 2926 2511 2984 praerogare
2541 2912 2901 2984 aggreditur.
2935 2912 3091 2967 Illico
3127 2911 3469 2967 muliercula
3499 2925 3642 2967 con-

1944 2999 2232 3067 ticescens,
2292 3000 2352 3054 in
2408 3000 2764 3070 adjacentem
2815 2999 2971 3068 putei
3028 2998 3311 3069 angulum
3362 3014 3476 3054 non
3526 3007 3641 3054 tam

1939 3088 2211 3158 quietura
2241 3101 2420 3157 quam
2450 3101 2652 3142 saxeos
2697 3087 2911 3143 imbres
2934 3086 3217 3142 evitatura
3257 3086 3553 3141 concessit.
3578 3087 3645 3141 Et

1941 3176 2080 3231 dum
2136 3189 2241 3230 nec
2290 3175 2578 3245 spiritum,
2654 3188 2726 3228 ne
2784 3181 3001 3229 motum
3067 3172 3301 3243 quidem
3358 3172 3641 3238 facientis,

1942 3261 2118 3332 impio
2182 3263 2438 3318 hauriret
2497 3262 2721 3326 auditu,
2788 3270 3075 3317 mortuam
3129 3274 3244 3315 non
3306 3261 3501 3315 minus
3570 3272 3646 3314 ex

1943 3351 2110 3421 lapsu
2137 3364 2313 3422 quam
2358 3365 2430 3407 ex
2460 3351 2719 3421 lapidum
2779 3350 3073 3406 collisione
3116 3349 3359 3418 putavit.
3416 3348 3647 3405 Becedit

1942 3441 2140 3510 itaque
2161 3448 2216 3495 et
2244 3440 2316 3494 ad
2356 3439 2590 3509 propria
2626 3437 2875 3493 facinore
2915 3437 3097 3492 latior
3123 3444 3267 3492 tecta
3295 3436 3642 3507 regreditur.

1942 3527 2022 3583 De
2063 3527 2275 3597 puella,
2327 3526 2440 3583 nisi
2483 3527 2640 3596 quod
2685 3526 3018 3581 incomitata
3064 3532 3405 3592 excesserat,
3445 3523 3646 3580 fabula

1941 3629 2076 3672 rara
2106 3615 2229 3671 fuit.

2022 3720 2209 3791 Igitur
2241 3720 2297 3775 in
2325 3718 2451 3775 sinu
2488 3719 2641 3774 illius
2673 3731 2860 3773 cavea
2892 3716 3218 3782 constituta,
3260 3728 3390 3770 cum
3441 3714 3646 3784 despe-

1944 3808 2234 3865 ratissima
2268 3815 2497 3877 pastum
2544 3820 2617 3862 ne
2648 3807 2764 3861 Deo
2807 3804 3043 3875 quidem
3093 3803 3526 3873 prastolaretur
3570 3803 3642 3858 ab

1946 3897 2089 3967 ipso,
2130 3896 2304 3952 sensit
2332 3909 2406 3950 ex
2435 3910 2501 3950 eo
2540 3894 2643 3964 qui
2686 3893 2856 3991 capiti
2898 3894 3024 3962 ejus
3064 3891 3398 3947 imminebat
3430 3891 3642 3962 cespite

1945 3984 2153 4040 stillam
2190 3982 2371 4039 laticis
2411 3981 2560 4037 elabi
2608 3978 2991 4051 frequentius,
3042 3979 3136 4035 cui
3182 3993 3284 4035 ora
3331 3978 3642 4049 subjiciens

1944 4085 2012 4126 eo
2041 4070 2264 4127 tantillo
2321 4069 2687 4126 reficiebatur
2734 4068 2964 4138 illapsu,
3011 4074 3073 4124 ut
3114 4066 3489 4136 Sardanapali
3549 4081 3641 4122 co-

1946 4156 2071 4226 pias
2110 4164 2463 4227 exaquaret.
2512 4155 2658 4224 Quid
2703 4154 3003 4212 differam?
3050 4153 3444 4224 Quadraginta
3505 4152 3648 4209 inibi

1876 4257 1922 4312 Ι)
1950 4244 2273 4323 ῐθτιῐιᾳίίἱθε
2300 4252 2594 4316 exegerat,
2638 4259 2744 4300 nec
2772 4244 2883 4299 alio
2931 4242 3090 4298 victu
3127 4255 3305 4312 quam
3357 4255 3425 4297 ea
3469 4255 3648 4312 quam

1951 4333 2329 4403 pradiximns
2378 4332 2679 4389 fovebatur
2722 4345 2796 4386 ex
2850 4332 3033 4401 gutta.
3085 4330 3306 4385 Interea
3359 4329 3450 4384 die
3498 4330 3649 4385 infra

1952 4420 2461 4492 quadragesimum
2516 4420 2788 4491 quodam,
2840 4417 3066 4474 subulci
3113 4424 3167 4473 et
3219 4416 3494 4486 opiliones
3549 4431 3650 4486 per

1952 4522 2122 4579 agros
2149 4508 2541 4577 undecunque
2555 4519 2926 4576 compascnos
2957 4516 3161 4575 pecora
3184 4503 3337 4559 circa
3377 4503 3647 4559 viciniam

1952 4594 2107 4663 putei
2140 4593 2518 4660 auctitabant,
2556 4593 2612 4647 in
2644 4592 2862 4663 quibus
2887 4592 3026 4646 dum
3065 4590 3439 4645 discnrsitant
3489 4589 3644 4658 locis,

1952 4682 2198 4737 audiunt
2225 4696 2254 4736 e
2283 4681 2565 4751 profundo
2599 4694 2795 4735 vocem
2817 4677 3255 4749 suggrnnientis
3274 4677 3505 4732 ibidem.
3537 4675 3649 4742 Qui

1953 4768 2141 4838 capita
2169 4782 2268 4836 per
2314 4781 2650 4837 supremum
2693 4765 2846 4836 putei
2896 4766 3269 4832 demittentes,
3324 4764 3648 4820 humanum

1955 4856 2138 4911 ruisse
2171 4855 2469 4926 quidpiam
2504 4854 2645 4910 inibi
2671 4869 2744 4910 ex
2776 4868 2913 4910 voce
2941 4852 3282 4922 percipiunt,
3314 4865 3485 4921 quem
3509 4851 3649 4906 dum

1956 4944 2139 4999 multa
2180 4944 2478 4999 vocalitate
2508 4942 2797 5006 civissent,
2827 4939 3099 4995 feminam
3141 4939 3472 4994 advertunt.
3534 4938 3651 4994 Ro-

1956 5030 2141 5102 gitant
2190 5042 2461 5099 quanam
2505 5035 2667 5083 esset.
2724 5027 2864 5090 Qua
2903 5034 2958 5080 et
2990 5025 3180 5095 .cnjus
3224 5032 3391 5091 esset,
3440 5037 3653 5095 magna

1956 5119 2221 5175 clamoris
2245 5116 2547 5186 eruptione
2575 5114 2883 5184 pertonuit.

2027 5205 2149 5271 Quo
2179 5206 2375 5260 audito
2403 5212 2653 5273 pastores
2685 5202 2754 5258 ad
2801 5202 2995 5258 villam
3028 5202 3349 5272 proximam
3404 5201 3653 5270 Pegasea

1958 5293 2251 5349 alacritate
2279 5307 2339 5348 se
2358 5292 2681 5356 conferunt,
2716 5290 2892 5359 illam,
2924 5304 3054 5361 qua
3097 5290 3407 5346 exitialiter
3456 5288 3654 5359 periis-

1959 5394 2037 5448 se,
2073 5380 2160 5436 vel
2213 5379 2459 5436 extorris
2483 5379 2688 5434 abiisse
2719 5378 2792 5433 ab
2812 5376 3081 5434 omnibus
3121 5376 3428 5445 ferebatur,
3488 5391 3658 5447 repe-

1960 5468 2101 5524 risse
2129 5480 2189 5523 se
2217 5469 2379 5522 aiunt
2430 5465 2546 5522 Nec
2576 5478 2736 5520 mora
2774 5464 2870 5521 illo
2905 5465 3022 5521 ruit
3052 5465 3345 5521 rusticana
3381 5465 3658 5535 frequen-

3264 5569 3350 5629 20
