3914 6094
283 282 383 336 619

1201 278 1259 332 V.
1299 277 1630 334 GUIBERTI
1667 277 1958 336 ABBATIS
1996 279 2051 335 S.
2091 278 2326 336 ΜΑΗῙᾸΞ
2365 275 2453 334 DE
2489 277 2881 336 NOVIGENTO

3678 284 3786 338 6'20

287 425 386 488 tia,
416 422 692 478 muliebre
727 416 989 476 convolat
1019 418 1251 487 vulgus,
1304 431 1419 473 non
1458 417 1779 474 teneritudo
1823 432 1967 488 pue-
2008 422 2052 473 Α
2082 417 2161 472 dit
2199 432 2212 471 :
2252 438 2273 465 ι
2307 416 2585 488 Triginta,
2621 417 2829 487 inquit,
2878 418 2944 474 iis
2992 417 3195 475 diebus
3238 420 3540 489 prateritis
3596 421 3787 492 quoti-

289 512 465 579 rulos,
498 526 615 567 non
657 523 839 565 annos
879 506 1106 577 pigritia
1152 506 1354 575 pressit
1387 506 1586 567 aniles.
1630 507 1773 575 quin
1822 505 1979 561 ocior

286 600 535 670 quisque
562 602 947 652 concurreret.
994 592 1311 648 Dimittitur
1353 606 1588 662 quoque
1622 593 1726 662 qui
1758 593 1973 648 demer-

282 701 404 744 sam
448 685 684 740 funibus
713 682 927 749 efferat,
965 689 1020 736 et
1047 680 1510 749 exspectantibus
1560 680 1767 735 turmis
1812 677 1975 735 exhi-

283 775 430 830 beat.
462 770 586 837 Qua
615 769 892 835 exhibita,
924 776 978 823 et
1010 766 1186 822 relato
1220 774 1393 821 tanta
1434 766 1769 822 salvationis
1792 780 1973 822 even-

280 870 364 924 tu,
398 873 516 914 non
545 858 698 912 intra
727 871 828 912 rus
860 856 1006 910 idem
1054 853 1316 909 miraculi
1358 868 1478 910 sesi:
1510 854 1660 909 fama
1692 855 1968 922 cohibuit,

279 948 375 1003 sed
408 947 463 1001 in
503 952 749 1000 remotas
794 957 852 998 se
884 942 1163 1011 regiones,
1197 941 1383 996 virtus
1416 942 1503 997 isti
1537 943 1773 1012 tempori
1809 957 1969 1013 pror-

278 1050 377 1092 sus
408 1034 685 1090 inusitata
705 1030 1082 1088 circumtulit.
1812 1024 1815 1027 ’

346 1126 491 1181 Ecce
521 1121 662 1192 quid
701 1120 884 1176 valuit
931 1119 1071 1174 ﬁdes
1118 1118 1176 1173 in
1230 1118 1577 1188 poenitentia.
1630 1121 1772 1176 Ecce
1827 1120 1964 1190 quid

274 1212 459 1269 valuit
507 1211 563 1265 in
617 1207 930 1264 intentione
989 1206 1310 1276 corrigendi
1361 1207 1802 1275 perseverantia.
1865 1207 1966 1263 Ille

274 1302 441 1358 fidem
497 1298 669 1355 habet
728 1298 783 1352 in
841 1295 1192 1365 poenitentia,
1257 1295 1357 1364 qui
1420 1302 1542 1363 post
1601 1294 1967 1350 confessionis

273 1390 540 1460 gratiam,
592 1401 665 1441 ex
696 1384 996 1440 securitate
1026 1382 1442 1437 emendationis
1490 1392 1776 1451 concepta
1814 1398 1963 1438 nun-

271 1489 449 1545 quam
475 1473 680 1529 difﬁdit
701 1472 769 1527 de
798 1472 984 1526 venia.
1026 1471 1155 1526 Hac
1181 1479 1265 1525 est
1293 1484 1430 1540 ergo
1461 1470 1556 1524 illa
1599 1471 1735 1525 fides
1784 1484 1959 1539 quam

270 1562 329 1616 in
362 1560 631 1616 omnibus
662 1573 803 1627 pene
833 1558 1286 1627 pracedentibus
1313 1557 1654 1627 patriarchis
1682 1566 1841 1613 tanta
1881 1572 1964 1613 re-

270 1647 572 1717 plicatione
608 1646 964 1701 commendat
1004 1646 1329 1714 Apostolus,
1388 1654 1451 1701 ut
1493 1644 1663 1701 etiam
1720 1647 1879 1702 Raab
1906 1656 1961 1702 et

2085 504 2258 559 diana
2288 520 2415 561 sum
2450 505 2807 575 flagellorum
2828 506 3392 563 casionemultatus:
3433 529 3453 556 ι
3489 507 3573 564 Ad
3606 522 3784 578 quem

2082 594 2380 663 episcopus
2413 609 2425 648 :
2464 616 2485 642 ι
2514 595 2581 648 Et
2614 602 2696 657 tu,
2750 594 2960 663 inquit,
3013 594 3263 661 domine,
3306 609 3481 664 quam
3517 595 3589 651 ob
3633 610 3785 651 cau-

2081 682 2246 738 sam?
2285 704 2305 730 ι
2352 684 2420 738 Et
2448 683 2541 738 ille
2576 698 2589 736 :
2626 706 2647 731 ι
2702 683 2931 748 Mirum,
2964 682 3063 743 ait,
3095 692 3179 737 est
3211 684 3363 753 quod
3410 684 3601 740 dixisti
3641 700 3784 740 cum

2080 771 2226 825 scias
2256 770 2544 825 hominem
2589 770 2693 825 etsi
2733 779 3017 836 sanctum,
3050 778 3149 834 tot,
3197 771 3331 825 velit
3384 771 3546 837 nolit,
3596 772 3786 842 fragi-

2080 859 2306 914 litatum
2370 858 2629 928 lapsibus
2670 858 3001 927 subjacere;
3041 859 3135 913 sed
3177 867 3229 913 et
3259 858 3328 913 de
3359 858 3429 913 iis
3459 875 3590 929 qua
3639 860 3780 927 Deo,

2077 953 2131 1000 et
2161 944 2297 1000 mihi
2329 944 2619 1000 confessus
2648 959 2707 999 es
2740 946 2990 1015 cogitare
3029 945 3332 1008 debueras,
3372 953 3433 1001 ut
3459 950 3781 1018 corrigere-

2074 1040 2175 1110 ris,
2214 1050 2361 1097 sxcut
2393 1041 2532 1096 mihi
2580 1041 2983 1111 spoponderas.
3010 1041 3088 1096 Ne
3116 1043 3403 1097 cuncteris
3442 1057 3579 1114 ergo
3643 1058 3785 1099 cor-

2074 1131 2204 1201 rigi,
2238 1130 2377 1201 quia
2406 1129 2635 1200 eXpedit
2684 1129 2783 1185 tibi
2823 1137 2884 1185 ut
2939 1129 3133 1184 facias.
3173 1152 3193 1177 ι
3242 1132 3301 1185 In
3352 1131 3530 1186 natali
3579 1130 3782 1202 itaque

2073 1222 2298 1277 Domini
2327 1222 2432 1278 sibi
2465 1221 2596 1276 finis
2621 1221 2923 1292 obtigerat.

2144 1309 2277 1365 Hac
2296 1309 2500 1365 deinde
2528 1308 2744 1364 visione
2773 1316 2827 1363 et
2856 1308 3103 1363 aliorum
3130 1307 3259 1363 aliis
3278 1308 3603 1377 publicatis,
3636 1324 3777 1365 cum

2065 1396 2186 1467 jam
2220 1398 2535 1452 secundum
2568 1396 2766 1451 seriem
2789 1409 3012 1463 earum,
3050 1404 3105 1450 et
3138 1404 3264 1450 Vita
3294 1396 3469 1465 ipsius
3504 1396 3771 1465 pietatem

2068 1485 2179 1539 sub
2208 1498 2307 1553 spe
2339 1483 2489 1538 bona
2520 1482 2589 1537 de
2610 1497 2676 1537 eo
2704 1484 2899 1538 omnia
2940 1483 3333 1549 crederentur,
3372 1480 3583 1538 festum
3624 1499 3770 1539 con-

2069 1579 2374 1640 sequenter
2398 1570 2669 1625 Paschale
2701 1570 3023 1625 transierat.
3056 1571 3125 1625 Et
3155 1585 3284 1626 ecce
3332 1571 3385 1625 in
3420 1574 3768 1626 monasterio

2070 1657 2501 1727 Brotburgensi,
2535 1657 2693 1726 quod
2733 1658 2926 1712 multa
2972 1657 3262 1727 relgionis
3299 1670 3630 1712 sanctorum
3681 1666 3767 1713 est

267 1738 467 1807 Jephle
498 1744 868 1792 connumel‘et
897 1736 1099 1801 (Ηθὸν-
1124 1750 1202 1801 XI,
1235 1738 1323 1804 3f,
1351 1738 1458 1799 3?).
1491 1735 1593 1805 qui
1621 1734 1749 1789 ﬁdei
1782 1743 1961 1789 lanlo-
1998 1717 2039 1770 Β
2072 1717 2387 1817 virginum,
2437 1717 2569 1800 dua
2650 1717 3110 1799 adolesci-ntulav
3156 1744 3487 1800 clarissima
3561 1746 3770 1801 indolis

272 1839 401 1894 pere
443 1825 726 1893 pradicta
788 1825 1145 1880 obscuriores
1211 1823 1520 1878 admodum
1589 1828 1738 1877 33:!
1792 1831 1957 1878 cate-

267 1912 346 1968 ris
376 1926 582 1967 causas
608 1912 835 1966 habent.
888 1913 986 1966 Est
1015 1920 1207 1967 autem
1248 1910 1425 1978 hujus
1454 1924 1586 1979 qua
1631 1910 1769 1965 mihi
1801 1909 1957 1965 vide-

266 2008 362 2055 tur
394 1999 684 2069 pracipua
714 1999 1071 2055 muliercula
1099 1998 1256 2063 fides,
1295 1998 1476 2053 ﬁdelis
1499 2008 1552 2054 et
1586 1999 1960 2054 irreverbera-

265 2097 358 2144 tus
403 2090 459 2142 in
504 2101 613 2143 sua
667 2088 737 2143 ad
785 2088 966 2143 Deum
1022 2088 1355 2142 necessitate
1412 2101 1746 2142 concursus.
1820 2085 1957 2152 Qaa

265 2185 451 2231 tamen
499 2184 659 2231 tanta
701 2177 854 2245 apud
892 2176 1072 2231 Deum
1117 2182 1221 2238 est,
1257 2182 1319 2230 ut
1361 2174 1530 2230 etiam
1582 2174 1669 2239 iis,
1704 2188 1956 2243 quorum

261 2264 534 2319 correctio
558 2271 642 2319 est
671 2262 1003 2319 nullatenus
1034 2270 1324 2328 secutura,
1375 2276 1586 2331 negare
1632 2260 1955 2316 subsidium

264 2349 439 2417 pietas
466 2363 717 2419 superna
747 2362 859 2402 non
893 2347 1083 2417 possit.
1128 2347 1286 2403 Unde
1335 2361 1370 2402 a
1417 2347 1708 2416 prophetis
1754 2347 1954 2402 crebro

258 2438 306 2491 ei
333 2438 616 2507 ingeritur
646 2454 657 2493 :
684 2438 778 2492 Ne
812 2435 1073 2502 moreris,
1128 2436 1420 2506 inquiunt,
1471 2438 1708 2507 prOpIer
1754 2439 1950 2490 (emet-

255 2524 443 2595 ipwm
474 2523 648 2594 (Dan.
684 2538 760 2586 ix,
796 2526 909 2588 19.)
957 2524 1063 2579 Et:
1103 2525 1356 2595 Propler
1388 2525 1657 2579 honorem
1703 2523 1955 2579 nominis

258 2613 342 2666 tui
364 2612 547 2665 libera
573 2627 679 2665 nos
708 2611 893 2679 (Ps-al.
930 2626 1162 2677 Lxxvm,
1196 2613 1272 2681 9).
1305 2612 1440 2667 Inde
1468 2620 1523 2667 et
1547 2622 1701 2667 certo
1741 2613 1952 2669 certius

256 2702 440 2756 dicam
478 2702 679 2763 Deum,
734 2702 833 2770 qui
887 2701 1063 2770 pietas
1115 2710 1218 2767 est,
1264 2701 1513 2770 seipsum
1563 2716 1773 2772 negare
1834 2717 1949 2759 non

257 2803 416 2858 posse
447 2789 547 2857 (ll
577 2786 721 2841 Tim.
750 2802 809 2853 ιι,
839 2790 944 2857 l3),
980 2788 1123 2857 quin
1149 2796 1202 2843 et
1228 2787 1295 2842 iis
1327 2788 1429 2858 qui
1460 2803 1495 2844 a
1524 2805 1583 2846 se
1606 2791 1787 2846 futuri
1812 2800 1949 2848 sunt

253 2884 510 2931 extorres
545 2882 715 2930 etiam
763 2874 1004 2930 celerius
1057 2888 1233 2945 quam
1274 2874 1447 2944 justis
1492 2877 1737 2939 assistat.
1806 2879 1947 2935 dum

247 2961 435 3030 justos
478 2960 783 3018 salubriter
835 2969 1032 3030 tentat,
1087 2970 1141 3017 et
1189 2962 1298 3018 illis
1339 2964 1493 3033 quod
1535 2971 1814 3034 expetunt
1872 2965 1945 3019 ad

251 3069 421 3111 suum
458 3056 710 3125 ipsorum
737 3055 1022 3128 judicium
1052 3057 1221 3112 citius
1252 3065 1553 3128 prarogat.

322 3141 350 3214 δ
381 3143 476 3199 1V.
512 3144 594 3200 De
612 3144 933 3209 Erlebaldo,
959 3145 1356 3202 Cameracensi
1372 3146 1607 3214 decano,
1637 3145 1949 3200 sanctitate

249 3233 304 3283 et
329 3230 591 3287 doclrina
648 3234 966 3304 conspicuo.
1006 3263 1074 3273 -—
1107 3233 1252 3289 Sunt
1299 3234 1550 3305 denique
1573 3243 1630 3289 et
1670 3234 1790 3301 alii,
1840 3237 1943 3305 qui

249 3332 364 3372 non
397 3333 498 3389 pro
528 3319 648 3375 sola
680 3320 786 3375 lide
806 3321 877 3375 ad
898 3320 1157 3377 subitum
1185 3322 1280 3377 sed
1313 3323 1614 3378 modernas
1640 3329 1697 3378 et
1738 3337 1944 3392 super-

248 3405 499 3462 ccelestcs
549 3407 760 3478 glorias
814 3409 995 3463 multa
1052 3410 1232 3464 sancti
1296 3409 1508 3465 laboris
1580 3409 1943 3480 longavitate

248 3504 561 3551 merentur.
593 3496 656 3550 ln
695 3496 1093 3552 Cameracensi
1138 3496 1405 3563 Ecclesia,
1440 3504 1572 3553 ante
1617 3497 1723 3552 hoc.
1767 3498 1942 3555 ferme

249 3582 545 3638 biennium
567 3583 840 3652 decanus,
859 3584 960 3655 qui
986 3593 1040 3641 et
1061 3583 1585 3640 summusadituus
1600 3583 1797 3653 templi
1818 3584 1938 3640 fue-

246 3680 355 3740 rat,
399 3671 490 3727 cui
550 3672 892 3728 Erlebaldus
938 3686 1145 3728 nomen
1200 3680 1341 3737 erat,
1393 3671 1494 3741 qui
1554 3671 1749 3728 multis
1793 3686 1940 3741 quos

246 3761 701 3831 circumquaque
730 3761 975 3817 faciebat
999 3761 1072 3816 ad
1113 3762 1390 3830 populum
1434 3759 1817 3825 sermonibus,
1864 3762 1936 3817 ad

245 3848 498 3904 fructum
530 3864 678 3905 vera
708 3848 1078 3922 confessionis
1107 3847 1545 3915 ostendendum,
1580 3847 1730 3904 idem
1781 3849 1936 3918 quod

242 3936 410 3991 modo
432 3937 737 3993 retulimus
771 3938 1044 3993 referebat
1076 3938 1425 4007 exemplum.

315 4025 368 4079 ls
388 4038 598 4093 corpus
629 4025 923 4094 proprium
958 4025 1122 4095 gravi
1165 4025 1522 4080 abstinentia
1554 4023 1700 4079 fasce
1741 4022 1933 4093 proﬂi-

246 4126 413 4182 gans,
441 4120 714 4181 perpetuo
742 4113 907 4167 cilzcii
939 4114 1207 4184 squalore
1242 4112 1561 4179 contabuit,
1597 4110 1654 4167 in
1686 4126 1803 4181 quo
1833 4112 1933 4167 vix

241 4206 343 4253 aut
374 4213 675 4268 nunquam
711 4200 1022 4255 munditias
1058 4200 1277 4266 habuit,
1326 4200 1382 4255 in
1423 4214 1539 4269 quo
1588 4207 1746 4255 tanta
1798 4213 1933 4254 ver-

2069 1833 2318 1901 fuerant,
2361 1848 2610 1904 quarum
2651 1848 2784 1889 cum
2827 1833 3010 1889 obiret
3060 1835 3241 1889 altera
3282 1844 3413 1890 ante
3457 1835 3769 1890 Duninica

2066 1920 2519 1976 Besurrcctionis
2553 1922 2723 1983 diem.
2773 1934 2808 1975 a
2868 1923 3045 1978 sodali
3103 1932 3405 1991 conventa,
3460 1933 3515 1978 et
3570 1924 3767 1979 multis

2064 2008 2541 2063 obtestationibus
2568 2017 2652 2064 est
2703 2009 2996 2075 obstricta,
3041 2024 3331 2079 quatenus
3377 2026 3549 2066 carne
3598 2012 3769 2081 depo-

2062 2094 2190 2159 sita,
2235 2095 2282 2151 si
2329 2096 2557 2166 spiritui
2603 2097 2730 2167 ejus
2778 2098 2891 2152 Deo
2945 2101 3303 2167 permittente
3356 2100 3567 2165 liceret,
3600 2100 3669 2153 ad
3706 2115 3767 2156 se

2065 2184 2293 2251 rediret,
2320 2192 2375 2239 et
2404 2186 2545 2255 quid
2587 2200 2781 2241 secum
2816 2185 2949 2241 boui
2987 2194 3089 2241 aut
3116 2187 3250 2243 mali
3285 2197 3601 2259 gereretur,
3631 2188 3763 2244 edi-

2062 2281 2230 2330 ceret.
2289 2275 2603 2345 Tantopere
2669 2276 2822 2330 enim
2880 2284 3081 2330 mutua
3160 2291 3218 2331 se
3287 2276 3588 2331 dilectione
3666 2278 3761 2332 de-

2061 2362 2389 2431 vinxerant,
2420 2371 2475 2419 et
2505 2378 2637 2434 qua
2669 2364 2818 2419 inter
2862 2364 3171 2419 vivendum
3221 2367 3478 2421 omnium
3514 2380 3757 2429 suorum

2059 2451 2299 2506 conscia
2341 2449 2592 2505 vicissim
2640 2450 2888 2517 fuerant,
2935 2451 3214 2507 obeuntes
3258 2466 3369 2507 non
3418 2466 3540 2508 esse
3591 2451 3758 2508 nole-

2060 2538 2217 2594 banL

2128 2627 2312 2699 Igitur
2332 2635 2455 2698 post
2483 2627 2703 2698 aliquot
2724 2627 2927 2697 puella
2961 2626 3158 2682 mortis
3185 2640 3251 2681 ac
3292 2626 3412 2682 festi
3465 2627 3761 2684 Paschalis

2055 2716 2194 2783 dies,
2210 2730 2341 2771 cum
2357 2716 2965 2786 superstesjuvencula
2978 2715 3376 2770 dormitorium
3399 2718 3583 2771 nescio
3608 2717 3757 2786 quid

2056 2812 2259 2861 actura
2281 2804 2527 2874 petisset,
2559 2818 2688 2860 ecce
2713 2818 2900 2859 comes
2929 2803 3327 2858 amantissima
3365 2806 3442 2859 nil
3491 2804 3754 2871 funebre,

2055 2893 2134 2947 nil
2168 2893 2461 2948 horridum
2499 2892 2823 2962 praferens,
2856 2892 2952 2947 sed
2976 2891 3129 2961 quod
3162 2892 3469 2961 gratiosius
3488 2892 3759 2948 sensibus

1982 3011 2023 3067 ρ
2055 2981 2272 3049 'porerat
2299 2993 2592 3051 apparere,
2627 2978 2984 3035 subrutilans
3010 2988 3241 3048 repente
3279 2978 3476 3035 astitit.
3522 2978 3759 3035 lulinito

2055 3069 2153 3124 illa
2181 3077 2411 3139 stupore
2440 3067 2816 3137 succingitur,
2839 3076 2894 3123 et
2923 3067 3203 3122 hasitanti
3238 3076 3423 3122 tamen
3451 3081 3547 3122 ore
3574 3067 3764 3137 quali-

2056 3164 2143 3212 ter
2162 3171 2219 3211 se
2238 3164 2449 3227 ageret,
2468 3155 2863 3225 ipsarequirit.
2894 3177 2916 3204 ι
2956 3155 3235 3223 Feliciter,
3255 3155 3463 3225 inquit,
3488 3169 3625 3226 ago;
3659 3156 3758 3211 die

2053 3243 2203 3299 enim
2258 3253 2471 3299 sancta
2520 3244 2971 3299 Resurrectionis
3011 3257 3205 3300 recens
3262 3254 3421 3310 acta,
3478 3244 3757 3301 dominus

2052 3332 2393 3388 Erlebaldus
2430 3332 2856 3388 Cameracensis
2903 3330 3175 3396 decanus,
3227 3340 3284 3386 et
3331 3345 3436 3401 ego
3479 3344 3610 3385 cum
3659 3346 3750 3398 eo,

2052 3436 2182 3478 cum
2229 3422 2505 3475 immensa
2551 3419 2886 3489 frequentia
2917 3418 3157 3475 caelestis
3204 3419 3398 3474 latitia
3444 3419 3515 3474 ad
3565 3420 3756 3475 omni-

2053 3507 2295 3577 potentis
2320 3507 2416 3561 Dei
2449 3506 2650 3561 faciem
2681 3504 2889 3574 recepti
2915 3519 3137 3561 sumus.
3174 3526 3201 3554 »
3233 3506 3749 3573 Dixitetexcessit,

2049 3593 2144 3649 sed
2173 3602 2286 3649 tam
2318 3596 2428 3649 cito
2463 3594 2756 3649 dimissam
2810 3594 3110 3649 immodico
3149 3593 3340 3649 dolore
3386 3595 3743 3663 compressit.

2048 3683 2179 3739 Fuit
2203 3691 2395 3739 autem
2448 3683 2617 3738 homo
2649 3683 2749 3737 iste
2779 3695 2911 3737 cum
2945 3682 3279 3749 sacerdotio,
3312 3695 3427 3750 quo
3465 3680 3746 3752 fulgebat,

2046 3779 2100 3826 et
2153 3771 2212 3826 in
2276 3769 2585 3838 Scriptura
2646 3770 2882 3824 scientia
2938 3769 3221 3838 copiosus,
3272 3776 3326 3823 et
3373 3768 3509 3823 mihi
3577 3769 3751 3825 valde

2045 3857 2297 3913 amicitia
2334 3856 2542 3927 affinis,
2569 3857 2661 3911 cui
2701 3858 2850 3912 sicut
2895 3856 2964 3911 de
3004 3855 3132 3926 ejus
3176 3859 3392 3911 honore
3450 3870 3750 3925 supremo,

2044 3952 2110 4000 ut
2139 3944 2334 4011 debeo,
2369 3944 2853 4014 gaudeo,utinam
2884 3959 2919 3999 a
2949 3945 3114 4000 modo
3138 3945 3401 4000 inveniar
3431 3947 3744 4015 gratiosus.

2046 4030 2178 4085 Hac
2208 4031 2347 4085 fides
2378 4043 2617 4100 operosa
2647 4034 3011 4097 commeruit,
3053 4045 3185 4099 qua
3219 4031 3294 4100 pii
3325 4031 3536 4115 laboris
3579 4046 3749 4087 com-

2044 4118 2252 4174 mercio
2292 4118 2474 4174 Deum
2510 4119 2618 4173 sibi
2648 4117 2896 4175 effecerit
2954 4118 3288 4174 debitorem.
3347 4120 3478 4174 Hac
3508 4120 3581 4175 ab
3609 4122 3743 4189 epi-

2040 4219 2204 4275 scopo
2259 4205 2623 4261 Laudunensi
2681 4205 2913 4261 domino
2988 4219 3111 4261 meo
3143 4205 3536 4260 Bartbolomeo
3602 4220 3746 4262 cum

238 4286 421 4340 mium
455 4286 840 4356 ingenitorum
873 4288 1245 4358 scaturiginis
1288 4286 1471 4342 instar
1500 4287 1801 4342 insolentia
1830 4302 1931 4342 co-
1967 4307 2012 4360 ι)
2044 4292 2354 4359 audissem,
2387 4301 2465 4348 tot
2498 4293 2907 4362 propemodum
2948 4302 3141 4361 postea
3176 4292 3245 4347 de
3289 4292 3749 4361 provincialibus

238 4372 401 4439 aluit,
438 4381 500 4428 ut
522 4373 732 4429 mirum
765 4374 1072 4431 haberetur
1106 4376 1391 4444 quomodo
1422 4375 1475 4430 id
1511 4390 1644 4430 caro
1678 4375 1934 4431 humana

238 4460 478 4516 tolerare
513 4461 776 4531 potuerit,
806 4477 938 4517 cum
969 4476 1034 4517 eo
1056 4477 1360 4533 nunquam
1392 4476 1463 4517 ne
1503 4462 1736 4533 quidem
1768 4464 1931 4518 cubi-

235 4548 410 4603 tando
439 4550 708 4605 caruerit.
742 4549 995 4607 Culcitra
1030 4550 1373 4621 neutiquam
1418 4564 1579 4618 usus,
1630 4564 1931 4607 scamnum

235 4653 381 4710 pene
427 4642 551 4698 sine
599 4642 775 4698 ullius
818 4642 1016 4697 sternii
1073 4641 1254 4697 fulcro
1321 4657 1424 4712 pro
1460 4642 1637 4698 cubili
1692 4643 1928 4710 habens,

233 4741 537 4799 nunquam
570 4730 765 4785 nudus
790 4728 1158 4786 accumbens.
1189 4728 1374 4799 Igitur
1411 4744 1544 4785 cum
1576 4729 1704 4785 vita
1754 4730 1932 4801 hujus

233 4817 645 4887 propinquaret
673 4817 744 4872 ad
778 4818 967 4885 finem,
1018 4817 1186 4887 capit
1229 4819 1285 4872 in
1334 4818 1539 4887 spiritu
1592 4817 1931 4888 gravissime

231 4916 265 4957 a
293 4905 650 4961 damouibus
679 4905 986 4972 molestari,
1018 4914 1073 4961 et
1103 4905 1176 4961 ab
1210 4906 1343 4975 ipsis
1374 4907 1547 4963 veluti
1579 4919 1677 4976 per
1710 4906 1930 4961 voluta-

229 4992 337 5049 bra
361 4994 532 5049 trahi.
577 4994 841 5064 Cumque
892 4994 1169 5064 passionis
1209 4996 1385 5066 hujus
1435 5008 1623 5050 causa
1671 4994 1743 5048 ab
1793 5007 1925 5048 eum

229 5072 610 5139 invisentibus
640 5093 1057 5153 quarerentur,
1092 5082 1282 5138 intulit
1308 5084 1413 5139 [ωε
1445 5082 1554 5137 sibi
1592 5082 1850 5149 apprime
1892 5095 1927 5134 a

230 5168 475 5224 diabolis
500 5170 691 5239 objici,
724 5172 877 5240 quod
906 5171 1014 5226 sibi
1056 5171 1427 5226 commissum
1476 5169 1713 5224 minime
1763 5167 1925 5236 plene

236 5265 565 5312 coercuerat
588 5258 821 5313 clerum.

296 5343 473 5398 Morte
506 5344 684 5414 igitur
702 5345 812 5401 snbi
847 5344 1025 5411 obita,
1056 5360 1189 5401 cum
1231 5346 1495 5414 plurimis
1540 5343 1689 5400 bona
1739 5346 1922 5413 specie

227 5429 606 5498 apparuisset,
638 5439 760 5488 tum
788 5435 1039 5488 maxime
1066 5435 1350 5502 episcopo,
1396 5433 1559 5488 modo
1592 5432 1709 5498 tali,
1744 5432 1917 5489 inter-

224 5524 460 5587 regatus
487 5518 561 5574 ab
590 5518 788 5574 eodem
827 5520 1075 5589 qualiter
1104 5534 1301 5577 secum
1348 5528 1634 5591 ageretur,
1685 5534 1915 5591 respon-

2043 4379 2220 4449 hujus
2252 4380 2398 4435 beati
2425 4380 2671 4435 hominis
2704 4388 2867 4435 testes
2889 4381 3069 4435 secuti
3093 4389 3250 4445 sunt,
3285 4380 3384 4450 qui
3415 4394 3591 4450 super
3629 4382 3749 4437 hac

2042 4482 2104 4523 re
2131 4467 2492 4523 indissimilia
2520 4475 2859 4534 sonuerunt,
2889 4475 3029 4537 quot
3053 4468 3175 4538 jam
3202 4469 3262 4522 in
3311 4469 3585 4524 memoria
3609 4484 3744 4525 mea

2040 4558 2318 4610 recenseri
2348 4570 2461 4609 non
2498 4562 2784 4624 poterunt.

2112 4640 2139 4712 §
2170 4642 2230 4696 V.
2265 4641 2418 4697 Sicut
2445 4657 2582 4694 vera
2609 4643 2941 4695 sanctorum
2970 4644 3103 4698 acia
3132 4641 3334 4697 hanori
3377 4643 3519 4711 Deo,
3564 4641 3655 4697 ita
3682 4646 3743 4697 et

2020 4728 2198 4795 falsa
2223 4728 2482 4782 dedecori
2508 4729 2824 4781 vertuntur.
2856 4756 2925 4766 —
2967 4728 3041 4783 At
3070 4731 3212 4799 quia
3240 4730 3363 4786 hac
3408 4732 3575 4802 signa
3614 4746 3740 4787 non

2041 4824 2154 4872 tam
2189 4830 2289 4887 pro
2322 4816 2415 4871 sui
2441 4815 2694 4870 novitate
2730 4828 2906 4884 quam
2955 4829 3054 4884 pro
3107 4831 3419 4874 causarum
3474 4818 3740 4887 ipsarum

2038 4904 2328 4960 reddenda
2366 4902 2712 4959 diversitatis
2756 4901 2976 4957 ratione
3023 4904 3348 4971 retulimus,
3390 4904 3532 4960 illud
3585 4905 3745 4974 adji-

2034 4993 2303 5049 ciendum
2331 5006 2477 5059 reor,
2512 4993 2667 5062 quod
2693 4991 2841 5047 sicut
2887 4991 3178 5047 evidentia
3205 5002 3260 5048 et
3289 4992 3530 5048 indubia
3593 5001 3743 5050 sunt

2033 5082 2482 5150 pracordialiter
2527 5081 2867 5148 affectanda,
2944 5082 3019 5137 ita
3075 5082 3221 5137 fucis
3277 5083 3572 5153 aliquibus
3615 5096 3740 5139 non

2034 5169 2183 5225 facta
2229 5170 2325 5225 sed
2384 5169 2532 5237 ficta,
2567 5170 2708 5225 diris
2765 5179 2902 5225 sunt
2959 5171 3555 5228 animadversionibus
3616 5186 3738 5240 pu-

2033 5258 2262 5314 nienda.
2313 5259 2420 5325 Qui
2466 5259 2620 5315 enim
2683 5260 2797 5314 Deo
2850 5260 3006 5329 quod
3061 5262 3369 5331 nequidem
3432 5260 3736 5331 cogitavit,

2032 5349 2282 5415 ascribit,
2316 5356 2599 5418 quantum
2637 5348 2692 5403 in
2725 5363 2783 5403 se.
2807 5356 2910 5413 est,
2974 5351 3150 5404 Deum
3186 5350 3412 5405 mentiri
3458 5350 3633 5420 cogit.
3681 5350 3737 5407 Si

2030 5436 2162 5506 quis
2193 5452 2281 5492 me
2312 5436 2754 5492 homuncionem
2802 5435 3052 5506 alicujus
3090 5436 3351 5492 falsitatis
3390 5447 3733 5507 accerseret,

2030 5526 2131 5578 aut
2158 5522 2297 5578 mihi
2325 5523 2481 5593 quod
2512 5537 2627 5578 non
2676 5523 2902 5580 fecerim
2937 5524 3134 5585 fecisse
3172 5525 3533 5597 impingeret,
3580 5525 3737 5581 mul-
