3914 6094
146 357 229 410 621

139 577 499 645 desperatius,
553 578 907 647 damnatius,
959 581 1060 651 qui
1110 582 1292 651 ipsum
1345 584 1522 640 totius
1556 586 1826 655 puritatis

143 665 311 720 Deum
358 666 568 722 fontem
618 667 738 723 solo
775 675 923 723 83-!
976 670 1198 726 ambitu
1240 671 1561 729 foedissima)
1614 673 1825 729 volun-

142 754 262 808 tatis
286 755 624 810 attaminat?

202 843 355 897 Puer
380 843 683 911 defunctus
729 844 884 898 velut
902 849 1139 900 sanctus
1167 846 1567 918 imprudenter
1593 849 1820 905 colitur.

138 961 200 970 -
261 934 419 988 Certe
483 933 621 997 vidi,
677 942 732 989 et
777 934 1048 989 retulisse
1111 950 1199 991 me
1267 938 1459 1006 pudet,
1521 939 1821 1009 vulgarem

139 1020 435 1087 quemdam
468 1035 715 1090 puerqu
749 1021 944 1077 militis
967 1023 1235 1094 alicujus,
1271 1033 1335 1081 ut
1372 1026 1682 1095 ferebatur,
1728 1040 1821 1082 ar-

141 1107 411 1177 migerum
449 1108 539 1163 die
570 1108 912 1164 Parasceves
945 1110 1121 1167 biduo
1148 1121 1281 1168 ante
1311 1113 1528 1169 Pascha
1560 1115 1824 1184 proxima

138 1195 430 1267 Bellovago
492 1197 628 1253 villa
695 1199 1068 1268 occubuisse;
1140 1201 1421 1257 attinebat
1467 1210 1661 1257 autem
1709 1202 1821 1257 viri

137 1284 434 1352 cujusdam
469 1286 927 1354 prmdicatissimi
972 1288 1217 1343 abbatis.
1254 1289 1436 1359 Coepit
1488 1300 1716 1346 mortuo
1744 1290 1821 1346 illi

138 1384 234 1439 pro
258 1384 421 1426 sacra
468 1372 565 1427 illa
616 1373 669 1427 in
707 1388 826 1444 qua
858 1375 1075 1430 obierat
1126 1376 1217 1431 die
1246 1377 1502 1447 gratuita
1548 1377 1821 1432 sanctitas

138 1459 423 1528 imputari.
478 1460 619 1516 Cum
660 1462 715 1515 id
764 1462 964 1517 rustici
1023 1477 1215 1518 rerum
1282 1479 1564 1520 novarum
1628 1466 1821 1534 cupidi

138 1547 529 1615 celebrassent,
590 1558 820 1619 repente
867 1551 1186 1607 oblationes
1239 1560 1292 1608 et
1339 1553 1485 1608 cerei
1549 1553 1622 1609 ab
1664 1553 1821 1608 omni

137 1637 447 1706 agrestium
471 1638 809 1707 pagensium
837 1639 1050 1694 vicinia
1083 1640 1153 1694 ad
1185 1642 1312 1711 ejus
1341 1641 1631 1698 tumulum
1666 1658 1819 1698 eom-

135 1734 453 1793 portantur.
496 1725 639 1791 Quid
672 1726 872 1794 plural
908 1728 1131 1783 Tumba
1168 1732 1608 1798 superstruitur,
1662 1731 1820 1787 locus

134 1812 222 1867 ille
270 1812 438 1867 domo
469 1812 751 1868 zediticata
800 1816 1197 1887 pramingitur,
1240 1819 1313 1873 ab
1347 1820 1480 1888 ipsis
1509 1828 1660 1875 certe
1691 1821 1819 1875 Bri-

131 1900 342 1955 tannize
374 1900 592 1955 finibus
620 1902 691 1956 ad
726 1917 857 1957 eum
891 1906 1379 1975 peregrinantium
1414 1908 1514 1962 soli
1572 1909 1818 1964 rustico-

128 2003 279 2055 rum,
319 1988 613 2044 nullorum
665 2005 798 2046 vero
863 2007 1168 2061 procerum
1218 1995 1387 2050 cunei
1410 1996 1815 2052 tendebantur.

131 2077 369 2132 Videbat
395 2077 514 2133 haec
551 2078 639 2133 ille
671 2080 1136 2148 sapientissimus
1174 2082 1323 2138 abba
1351 2097 1482 2138 cum
1515 2083 1641 2138 suis
1680 2083 1820 2139 reli-

131 2164 303 2235 giosis
336 2167 653 2233 monachis,
688 2176 741 2222 et
769 2183 1077 2224 munerum
1124 2179 1607 2240 comportatorum
1649 2171 1821 2227 blan-

130 2253 320 2308 diente
347 2253 693 2323 frequentia,
730 2255 935 2311 infecta
964 2258 1245 2313 miracula
1267 2258 1388 2313 fieri
1418 2260 1816 2329 supportabat.

129 2341 247 2396 Etsi
295 2342 513 2410 profani
541 2342 701 2413 vulgi
759 2344 954 2398 avaris
999 2346 1327 2414 pectoribus
1358 2347 1484 2416 capi
1510 2355 1821 2416 potuerunt

130 2429 343 2484 fictitite
390 2431 719 2498 surditates,
768 2433 1045 2489 affectatae
1101 2435 1369 2501 vesaniae,
1424 2435 1587 2505 digiti
1633 2436 1821 2491 studio

130 2519 466 2587 reciprocati
518 2520 587 2574 ad
639 2521 850 2588 volam,
903 2523 1148 2592 vestigia
1198 2531 1460 2579 contorta
1529 2523 1639 2579 sub
1694 2524 1823 2579 clu-

128 2605 319 2661 nibus.
357 2606 503 2672 Quid
534 2607 662 2661 facit
707 2608 999 2664 modestus
1053 2618 1107 2665 et
1137 2608 1397 2680 {sapicns,
1455 2609 1555 2680 qui
1592 2610 1822 2680 prefert

133 2696 489 2764 propositum
545 2695 885 2764 sanctitatis,
946 2697 1085 2753 dum
1119 2700 1403 2754 fautorem
1439 2713 1498 2754 se
1525 2699 1737 2769 praebet
1764 2699 1821 2753 in

130 2780 390 2837 tahbus?

202 2869 415 2926 Crebro
449 2871 552 2926 teri
587 2873 968 2942 perspicimus
1006 2872 1113 2928 ista
1162 2888 1391 2939 susuro,
1440 2882 1495 2930 et
1537 2874 1685 2931 facta
1738 2875 1824 2931 fe-

128 2968 417 3014 retrorum
463 2960 895 3017 circumlatione
944 2963 1206 3031 ridicula,
1258 2971 1312 3018 et
1360 2978 1561 3020 eorum
1610 2980 1754 3035 quos
1791 2978 1825 3019 a

128 3047 293 3102 rabie
324 3047 686 3104 declamandi
714 3050 951 3106 rabulos
982 3050 1367 3120 Hieronymus
1387 3062 1556 3109 vocat
1586 3054 1823 3109 menda-
1862 3091 1903 3147 Ο

127 3134 234 3190 ciis
294 3136 550 3205 quotidie
603 3137 897 3193 cernimus
947 3138 1122 3194 alicui
1184 3141 1466 3210 marsupii
1541 3141 1827 3210 profunda

128 3224 367 3278 nudari.
440 3224 697 3292 Quorum
775 3235 935 3282 tanta
996 3227 1390 3285 nebulonitate
1439 3229 1824 3296 concutimur,

126 3320 295 3368 tanta
325 3312 1018 3371 divinorum'adulatione
1045 3315 1286 3371 ferimur
1316 3325 1379 3372 ut
1402 3317 1575 3387 juxta
1619 3316 1825 3387 praefa-

125 3409 253 3457 tum
271 3402 585 3468 doctorem,
610 3417 858 3469 scurras,
889 3404 1203 3471 helluones,
1231 3412 1286 3460 et
1307 3406 1652 3461 catellaneos
1670 3405 1827 3475 ligu-

124 3491 331 3547 riendo
357 3501 725 3562 exsuperent,
758 3507 964 3549 corvos
1011 3507 1079 3549 ac
1108 3494 1262 3563 picas
1302 3496 1633 3564 importuna
1688 3507 1827 3565 gar—

128 3581 372 3638 rulitate
399 3582 744 3652 praecedant.

199 3668 229 3740 §
286 3671 384 3727 VI.
434 3669 583 3733 Quid
635 3670 706 3723 de
739 3669 933 3740 falsis
968 3669 1239 3741 reliquiis
1282 3671 1529 3742 ipsomet
1555 3676 1829 3741 praesente

126 3758 405 3814 Guiberto
424 3761 616 3814 actum
639 3758 834 3830 fuerit.
870 3759 974 3814 Sed
1007 3760 1143 3829 quid
1178 3760 1393 3815 crimen
1429 3759 1483 3813 in
1518 3774 1827 3815 numerum

121 3847 399 3918 jacimus,
451 3847 495 3902 si
527 3862 640 3903 non
691 3847 758 3903 ad
817 3861 1069 3904 errorem
1131 3849 1323 3918 potius
1380 3847 1826 3917 improbandum

125 3936 381 4005 speciale
439 3935 662 4006 aliquid
721 3935 1074 3992 inferamus?
1131 3935 1515 3991 Celeberrima
1561 3936 1827 4005 quaedam

124 4024 388 4080 Ecclesia
416 4024 745 4095 hujusmodi
792 4025 1355 4095 circumvagationes
1400 4024 1628 4094 agebat,
1661 4031 1715 4079 et
1756 4024 1828 4079 ad

126 4113 222 4168 sui
258 4112 680 4182 reparationem
738 4112 934 4168 damni
967 4121 1227 4183 quaestus
1278 4113 1533 4168 adhibito
1565 4113 1827 4183 prolocu-

127 4207 255 4255 tore
291 4199 610 4270 quaerebat.
669 4199 929 4270 Cumque
958 4214 1135 4270 super
1172 4200 1433 4270 reliquiis
1458 4201 1580 4256 suis
1609 4215 1830 4257 sermo-

128 4302 267 4342 nem
304 4287 433 4357 plus
475 4302 644 4357 aequo
680 4289 1008 4352 extuberet,
1046 4289 1264 4358 prolato
1314 4288 1669 4359 phylacterio
1699 4290 1778 4345 ait
1810 4303 1822 4343 :

1191 362 1280 416 DE
1324 363 1748 423 PlGNOBlBUS
1789 367 2226 423 SANCTORUM.
2253 398 2321 407 —
2352 367 2477 422 LIB.
2520 368 2560 422 Ι.

145 494 255 542 tum
283 486 421 543 mihi
457 487 680 544 horrori
713 498 768 545 et
787 490 916 545 odio
957 500 1120 548 esset.
1156 492 1221 549 Et
1256 494 1396 564 quid
1426 512 1491 552 eo
1519 496 1823 553 funestius.
1865 504 1912 555 A

3524 375 3628 428 6'22
3710 360 3713 363 ’

2009 588 2037 658 §
2066 589 2109 642 Ι.
2147 589 2380 643 Tabulis
2409 503 3071 663 ecclemszﬁgfifqitlilriam
3095 592 3340 664 ascripti
3363 594 3628 649 censendi

1932 681 2091 731 sunt.
2150 708 2218 717 —
2258 678 2365 733 Sed
2399 687 2462 734 ut
2494 693 2585 734 res
2614 694 2745 750 quae
2781 695 2895 750 prie
2930 682 3200 737 manibus
3240 691 3343 748 est,
3391 683 3627 739 liberius

1932 765 2127 820 valeat
2198 767 2521 835 praevideri,
2587 768 2655 822 dc
2727 768 2814 834 iis,
2867 770 2968 838 qui
3018 769 3388 839 appellantur
3443 772 3623 825 sancti

1932 853 2118 922 primo
2152 856 2536 911 tractandum.
2569 858 2726 912 Certe
2759 872 2891 912 cum
2923 872 3025 927 pro
3057 859 3269 914 sanctis
3308 859 3625 914 habeamus

1931 942 2234 1011 apostolos,
2266 952 2321 1000 et
2345 958 2491 1014 quos
2522 959 2622 1014 pro
2652 946 3006 1016 martyribus
3035 954 3158 1002 tuto
3210 947 3475 1016 probavit
3513 948 3619 1003 Ec-

1928 1030 2118 1095 clesia,
2175 1041 2326 1086 certe
2396 1047 2570 1102 super
2626 1033 3049 1090 confessoribus
3104 1035 3285 1090 serior
3339 1035 3622 1090 sententia

1935 1118 2065 1174 ferri
2096 1127 2299 1188 potest.
2331 1120 2608 1191 Martyres
2640 1122 2805 1190 plane
2855 1124 2957 1178 etsi
3019 1124 3232 1192 scripta
3279 1122 3621 1188 conticeant,

1930 1207 2110 1263 solius
2171 1209 2553 1280 prterogativa
2582 1210 2885 1280 sanguinis
2929 1210 3156 1277 extulit,
3191 1225 3295 1265 nec
3343 1210 3625 1280 qumritur

1931 1296 1989 1350 in
2023 1306 2271 1367 martyre
2301 1312 2432 1367 quae
2457 1298 2576 1353 vita
2608 1299 2975 1367 praecesserit,
3013 1313 3143 1353 cum
3190 1299 3261 1353 ad
3302 1298 3624 1354 vetustissi-

1928 1399 2155 1440 morum
2189 1386 2461 1456 repurgia
2514 1386 2820 1442 criminum
2854 1401 3026 1442 cruor
3060 1387 3175 1455 ipse
3198 1387 3336 1441 satis
3364 1387 3454 1441 sit.
3489 1387 3623 1441 Jesu

1931 1474 2101 1529 bone!
2138 1475 2365 1543 quidni,
2414 1489 2543 1528 cum
2582 1475 2653 1528 ad
2684 1489 2912 1529 onmem
2964 1474 3159 1543 ἔξιθι-ἰεῦ
3214 1474 3619 1529 sufficientiam

1928 1562 2099 1617 etiam
2130 1562 2443 1617 sceleribus
2491 1562 2717 1617 abolitis
2773 1562 2917 1631 potis
2948 1563 3038 1628 sit,
3097 1575 3267 1631 poena
3297 1562 3449 1616 enim
3502 1561 3624 1630 ipsa

1928 1651 2075 1705 sicut
2107 1659 2240 1706 ante
2298 1649 2670 1720 baptismum,
2726 1651 2803 1706 ita
2862 1658 2983 1720 post
3037 1650 3386 1720 baptismum
3424 1650 3625 1719 culpas

1926 1738 2232 1801 oblitterat,
2267 1747 2321 1794 et
2352 1739 2503 1794 vices
2555 1740 2671 1809 agit
2718 1739 2955 1805 lavacri,
3009 1752 3075 1793 ac
3105 1737 3460 1805 salvationis,
3514 1739 3625 1792 imo

1927 1826 2356 1882 clarificationis
2398 1828 2728 1882 certissimae
2764 1828 3019 1882 effectrix
3059 1834 3161 1883 est.
3223 1827 3455 1882 Poenam
3501 1826 3625 1881 dico

1928 1929 2104 1985 quam
2142 1915 2461 1970 rectissima
2509 1929 2684 1970 causa
2716 1916 3082 1985 przeccsserit,
3140 1915 3374 1984 proinde
3429 1914 3488 1969 in
3531 1929 3625 1969 ca-

1928 2004 2177 2059 nonibus
2203 2004 2535 2072 praecipitur
2561 2003 2797 2072 (Concit.
2840 2002 3107 2058 Eliberit.
3140 2017 3266 2058 can.
3319 2002 3431 2073 (50),
3474 2011 3538 2058 ut
3576 2003 3624 2058 si

1930 2091 2063 2160 quis
2104 2091 2423 2160 reperiatur
2453 2091 2604 2146 idola
2639 2092 2959 2157 destruens,
2993 2099 3046 2145 et
3074 2105 3175 2159 pro
3205 2090 3309 2146 hoc
3340 2090 3460 2159 ipso
3488 2103 3622 2145 eum

1928 2178 2224 2246 contingat
2254 2176 2524 2243 interimi,
2563 2184 2624 2232 ut
2657 2192 2768 2231 non
2800 2192 2902 2246 pro
2947 2176 3043 2231 tali
3092 2176 3360 2231 occubitu
3405 2185 3624 2245 martyr

1929 2265 2212 2320 habeatur
2239 2273 2294 2321 et
2320 2274 2469 2320 certe
2500 2265 2592 2319 hic
2643 2270 2790 2319 bona
2840 2278 3015 2320 causa
3045 2258 3293 2329 videtur,
3352 2264 3448 2319 sed
3482 2263 3623 2333 quid

1931 2354 2087 2422 quod
2142 2352 2384 2408 intentio
2433 2366 2621 2408 causae
2668 2352 2972 2422 aliquoties
3010 2353 3382 2421 depravatur.
3428 2352 3621 2407 Dona—

1932 2440 2081 2496 tistaz
2126 2455 2239 2495 non
2292 2440 2534 2511 imparia
2584 2442 2938 2511 martyribus
2994 2440 3147 2510 passi
3192 2449 3348 2505 sunt,
3397 2449 3453 2495 et
3483 2439 3623 2510 quia

1931 2537 2188 2583 extorres
2217 2544 2250 2584 a
2294 2529 2572 2585 charitate
2605 2530 2857 2594 fuerunt,
2915 2529 3130 2583 frustra
3162 2528 3438 2583 tulerunt.
3476 2526 3622 2583 Reli-

1931 2617 2083 2686 quias
2112 2617 2559 2672 Manichaeorum
2595 2617 2816 2687 pridem
2861 2616 3181 2672 Suessionis
3226 2617 3342 2671 zelo
3376 2615 3474 2671 Dei
3506 2615 3623 2685 ple-

1935 2705 2021 2760 bis
2047 2713 2333 2771 arserunt,
2366 2706 2458 2761 sed
2487 2713 2746 2760 extorres
2771 2718 2804 2759 a
2828 2704 2986 2775 justa
3017 2718 3210 2771 causa,
3244 2704 3622 2768 solummodo,

1932 2793 2295 2849 addemnatis
2350 2792 2691 2863 corporibus
2719 2793 2826 2849 sibi
2875 2793 3085 2848 damno
3133 2792 3388 2848 fuerunt.
3447 2791 3628 2861 S‘uper

1938 2881 2152 2951 quibus
2202 2881 2258 2935 in
2321 2880 2483 2936 libris
2530 2881 2931 2937 Monodiarum
2985 2895 3246 2937 mearum
3298 2879 3628 2935 laciniosius

1933 2968 2076 3023 dixi.

2005 3055 2402 3111 Monodiarum
2442 3057 2657 3112 librum
2686 3056 2866 3111 edidit
2902 3055 3226 3111 Guibertus.
3270 3087 3338 3097 —
3382 3056 3437 3111 Si
3490 3070 3627 3126 ergo

1932 3142 2002 3198 de
2046 3143 2319 3213 martyris
2365 3143 2657 3198 sanctione
2701 3144 2982 3199 sententia
3035 3150 3194 3198 tanta
3252 3138 3628 3211 ambiguitate

1934 3231 2241 3300 profertur,
2276 3232 2344 3287 de
2374 3230 2812 3298 confessoribus,
2842 3245 3091 3301 quorum
3126 3230 3254 3285 ﬁnis
3285 3230 3477 3284 minus
3519 3225 3629 3282 ali-

1933 3319 2157 3388 quoties
2202 3321 2338 3375 certi
2395 3320 2585 3386 habet,
2647 3333 2778 3389 quae
2828 3332 3073 3374 censura
3134 3317 3407 3372 ferenda?
3454 3314 3509 3371 Si
3573 3316 3631 3369 in

1936 3408 2202 3474 Martino,
2287 3408 2568 3477 Remigio,
2642 3420 2711 3463 ac
2784 3406 3069 3462 similibus
3146 3406 3319 3462 totius
3369 3403 3631 3459 Ecclesiae
3700 3403 3705 3408 ’

1935 3510 2140 3552 sensus
2173 3495 2510 3565 adaequitat,
2539 3496 2680 3565 quid
2713 3495 2783 3550 de
2811 3495 2893 3550 eis
2926 3494 3228 3564 proferam,
3261 3506 3410 3562 quos
3437 3491 3632 3561 praefa-

1936 3593 2123 3641 torum
2146 3584 2423 3639 aemulum
2465 3597 2566 3652 per
2609 3583 2775 3638 villas
2802 3597 2870 3638 ac
2898 3582 3104 3651 oppida
3126 3580 3382 3651 quotidie
3414 3579 3627 3649 vulgus

1937 3672 2139 3727 creat?
2178 3671 2323 3726 Cum
2351 3671 2504 3727 enim
2526 3670 2777 3726 aliialios
2806 3685 3062 3726 summos
3090 3671 3482 3738 conspicerent
3515 3668 3623 3722 ha-

1938 3759 2071 3815 bere
2104 3767 2395 3828 patronos,
2431 3759 2744 3814 voluerunt
2794 3766 2850 3814 et
2900 3758 3002 3827 ipsi
3050 3757 3253 3827 quales
3288 3763 3623 3827 potuerunt,

1936 3854 1992 3902 et
2046 3847 2225 3903 fecere
2275 3846 2369 3916 [,f,
2432 3844 2639 3917 facere]
2693 3860 2845 3902 suos.
2902 3845 2991 3901 Sic
3044 3854 3216 3914 poetae
3268 3858 3401 3900 cum
3446 3844 3632 3914 primo

1938 3936 2216 4006 opuscula
2290 3935 2505 3991 nobilia
2564 3935 2907 4002 emisissent,
2956 3934 3315 4004 postmodum
3377 3933 3632 4002 ipsorum

1937 4024 2303 4081 aemulatione
2331 4023 2551 4094 quique
2580 4023 2851 4079 inertium
2878 4022 3056 4086 ducti,
3098 4043 3120 4071 ι
3160 4022 3514 4091 scripserunt
3546 4021 3633 4093 (ut

1939 4112 2019 4168 ait
2051 4111 2365 4182 Horatius),
2429 4111 2661 4177 indocti,
2697 4112 2966 4181 doctique
3015 4118 3274 4181 poemata
3328 4111 3556 4180 passim.
3607 4130 3630 4158 ι

1938 4201 2166 4257 Artium
2203 4207 2540 4269 repertores,
2572 4204 2628 4255 et
2666 4199 2763 4270 qui
2798 4200 2921 4256 suis
2951 4213 3130 4255 aurea
3170 4200 3383 4255 saecula
3415 4199 3636 4255 duxere

1936 4288 2294 4359 temporibus
2325 4288 2553 4359 antiqui
2579 4289 2634 4342 in
2668 4289 2802 4343 deos
2838 4289 3089 4359 deasque
3119 4288 3408 4353 levarunt,
3465 4288 3633 4343 medii

129 4376 281 4446 (Ego
329 4383 523 4431 autem
554 4375 1099 4444 impraesentiarum)
1149 4376 1368 4444 Sciatis,
1418 4378 1628 4447 inquit,
1675 4378 1828 4447 quod
1870 4387 1913 4441 Ι)
1945 4385 2233 4446 tantopere
2281 4390 2594 4432 numerosa
2669 4377 2915 4432 numina
2957 4378 3335 4433 cumularunt
3384 4384 3447 4432 ut
3503 4391 3635 4446 pos-

127 4465 291 4519 intra
346 4464 495 4519 hanc
543 4464 841 4533 capsulam
887 4465 956 4520 de
1018 4478 1163 4534 pane
1197 4465 1309 4532 illo,
1362 4480 1536 4535 quem
1583 4464 1831 4535 propriis

127 4551 421 4608 Dominus
450 4551 721 4608 dentibus
754 4552 1098 4621 masticavit,
1131 4554 1393 4619 habetur,
1426 4553 1527 4609 etsi
1560 4554 1752 4609 minus
1799 4567 1834 4607 a

124 4640 305 4695 vobis
334 4633 611 4706 creditur,
665 4654 793 4695 ecce
848 4639 1035 4707 heros,
1096 4639 1175 4696 ait
1225 4641 1350 4705 (iste
1379 4642 1449 4695 de
1505 4655 1594 4696 me
1639 4648 1832 4696 autem

124 4727 409 4797 dicebat),
440 4741 613 4798 quem
641 4741 742 4783 vos
774 4727 832 4782 in
864 4728 1065 4783 litteris
1098 4729 1415 4798 plurimum
1448 4728 1638 4784 valere
1670 4736 1837 4784 testa-

127 4817 305 4884 mini,
357 4816 535 4871 verbo
591 4830 715 4872 meo
761 4815 808 4870 si
856 4830 1085 4872 necesse
1131 4816 1302 4872 fuerit
1348 4816 1504 4872 testis
1551 4825 1830 4887 assurgat.

128 4906 368 4971 Fateor,
408 4903 641 4970 erubui,
677 4917 810 4958 cum
858 4904 1170 4972 audissem,
1213 4912 1269 4960 et
1300 4904 1410 4959 nisi
1442 4918 1639 4960 eorum
1686 4918 1837 4974 prae-

125 4992 345 5056 sentia,
384 5006 532 5062 quos
563 4992 655 5047 ille
683 4998 948 5047 auctores
970 4991 1179 5048 habere
1200 4992 1531 5057 videbatur,
1556 4992 1838 5048 reveritus

125 5095 345 5149 essem,
383 5089 445 5137 ut
473 5095 611 5151 pace
660 5081 913 5150 ipsorum
954 5080 1142 5150 potius
1179 5092 1354 5150 quam
1418 5078 1572 5133 illius
1616 5080 1719 5147 qui
1753 5080 1839 5133 lo-

128 5171 459 5240 quebatur,
517 5183 704 5239 agam,
780 5169 1077 5224 falsarium
1137 5168 1432 5223 ostendere
1487 5167 1836 5222 debuissem.

126 5258 290 5325 Quid
344 5259 573 5313 dicam?
617 5272 688 5312 ne
737 5257 1003 5313 monachi
1061 5256 1316 5327 quidem,
1366 5255 1576 5310 nedum
1628 5255 1839 5322 clerici,

127 5349 206 5404 ab
239 5347 357 5404 hoc
398 5349 551 5416 turpi
586 5347 972 5402 emolumento
1003 5360 1062 5400 se
1113 5344 1430 5410 continent,
1484 5351 1546 5398 ut
1599 5358 1689 5399 res
1725 5344 1844 5399 ha:-

127 5436 353 5493 reticas
377 5449 552 5505 super
585 5435 693 5490 fide
720 5442 916 5488 nostra
944 5432 1113 5488 etiam
1155 5447 1242 5487 me
1280 5432 1548 5488 audiente
1578 5446 1845 5501 pronun-

126 5526 302 5581 tient.
338 5525 521 5581 Juxta
551 5523 703 5578 enim
740 5521 885 5577 illud
938 5522 1272 5577 Boetianum
1308 5534 1320 5573 :
1355 5540 1375 5567 ι
1412 5519 1549 5575 Jure
1609 5521 1848 5575 insanus

120 5613 463 5685 judicarer,
498 5610 544 5665 si
577 5616 777 5665 contra
807 5609 1039 5664 insanos
1070 5607 1399 5663 altercarer.
1442 5626 1471 5655 »

1940 4466 2103 4521 tremi
2173 4464 2465 4535 abrogatis
2510 4465 2882 4535 quibusdam,
2939 4466 3217 4535 quosdam
3277 4473 3636 4520 secernerent

1941 4554 2294 4623 selectosque
2342 4561 2630 4609 vocarent.
2701 4552 2998 4609 Samaritae
3039 4553 3300 4623 relegatis
3343 4555 3400 4607 in
3440 4552 3634 4622 Baby-

1941 4643 2157 4699 loniam
2184 4643 2397 4697 Iudaeis
2424 4641 2558 4697 deos
2586 4641 2695 4696 sibi
2748 4642 3059 4698 conficiunt
3092 4655 3105 4694 :
3145 4662 3165 4689 ι
3229 4640 3628 4710 Unaquaeque,

1946 4730 2157 4799 inquit,
2204 4743 2347 4799 gens
2402 4728 2679 4784 fabricata
2722 4737 2807 4784 est
2864 4730 3039 4783 Deum
3091 4742 3263 4783 suum
3296 4729 3407 4799 (IV
3462 4729 3629 4799 Κεφ,

1943 4832 2090 4885 xvn,
2122 4819 2237 4883 29).
2276 4839 2294 4862 -
2320 4821 2469 4870 335
2514 4816 2812 4885 Babylonii
2859 4816 3114 4872 fecerunt
3143 4816 3249 4872 sibi
3291 4816 3496 4871 Socoth
3534 4817 3635 4872 Be-

1946 4907 2106 4969 noth,
2149 4904 2375 4959 Cuthtei
2428 4903 2656 4971 Nergel,
2705 4913 2759 4960 et
2809 4904 2903 4959 alii
2966 4904 3124 4959 alios.
3180 4905 3350 4974 Apud
3406 4904 3636 4960 beatum

1946 4992 2284 5063 Gregorium
2317 4994 2335 5061 (
2372 4985 2655 5047 Pastoral.
2688 5001 2832 5061 part.
2866 5007 2925 5046 ll.
2974 5006 3099 5061 cap.
3156 4995 3235 5057 ll,
3272 4991 3450 5061 initio)
3497 5006 3639 5048 con-

1947 5090 2053 5136 stat
2086 5082 2236 5150 quod
2294 5081 2356 5146 is,
2407 5082 2508 5150 qui
2557 5080 2835 5150 displicet,
2886 5095 3017 5135 cum
3068 5079 3139 5134 ad
3171 5079 3639 5136 intercedendum

1951 5167 2224 5236 mittitur,
2256 5169 2382 5223 irati
2422 5181 2655 5222 animus
2704 5168 2775 5222 ad
2823 5168 3076 5223 deterius
3124 5174 3487 5236 provdcatur.
3534 5166 3640 5223 Sed

1951 5271 2150 5313 omnes
2193 5256 2516 5311 diffitentur
2561 5270 2619 5311 se
2663 5256 2802 5311 tales
2843 5256 2945 5335 qui
2995 5256 3331 5326 displiceant
3374 5264 3645 5326 patronos

1953 5344 2210 5415 elegisse.

2028 5434 2205 5498 Quem
2248 5436 2513 5487 sanctum
2563 5430 2746 5485 nescit
2769 5447 2898 5485 cum
2952 5430 3081 5502 quis
3121 5438 3271 5499 orat,
3327 5434 3545 5504 peccat.
3578 5461 3646 5470 —-

1956 5519 2161 5575 Dicant
2196 5535 2333 5591 ergo
2383 5520 2517 5575 milii
2570 5521 2858 5590 quomodo
2904 5520 3009 5575 sibi
3070 5518 3228 5575 illum
3300 5518 3647 5591 patrocinari

1955 5608 2262 5676 aestimant,
2297 5610 2368 5664 de
2395 5622 2514 5678 quo
2556 5608 2848 5679 quidquid
2900 5607 3305 5665 cstscicndum
3359 5608 3645 5678 ignorant.
