3928 6070
289 308 392 365 623

1168 305 1230 360 V.
1270 303 1611 361 GUIBERTI
1650 304 1942 361 ABBATIS
1978 303 2037 360 S.
2088 304 2330 361 ΜΑΒΙᾸΞ
2370 304 2460 361 DE
2499 301 2895 361 NOVIGENTO

3678 303 3791 355 624

291 446 591 516 Nusquam
642 442 711 499 de
746 456 811 497 eo
872 440 1145 509 scriptum
1188 447 1395 510 printer
1442 453 1649 496 nomen
1694 440 1969 496 invenies.
2011 443 2059 495 Α
2088 446 2418 511 suppetant,
2449 439 2675 496 credere
2699 438 2931 510 quidem
2971 438 3040 494 de
3080 437 3203 508 ipsa
3233 438 3519 509 quidquid
3561 438 3791 510 gloriﬁ-

292 533 591 599 Caaterum,
629 537 848 587 tacente
872 528 1043 594 clero,
1079 542 1247 596 anus,
1277 536 1331 584 et
1384 527 1861 584 muliercularum
1890 527 1983 581 vi-

293 622 437 678 lium
464 632 682 690 greges,
715 618 919 673 talium
951 626 1325 687 patronorum
1356 624 1771 672 commentatas
1809 615 1983 671 histo-

292 710 408 765 rias
436 716 560 778 post
589 705 907 771 insubulos,
938 714 993 761 et
1027 705 1295 761 litiatoria
1323 707 1624 773 cantitant,
1658 712 1713 760 et
1760 705 1808 760 si
1852 706 1986 775 quis

291 810 493 851 carum
537 794 687 850 dicta
730 793 967 857 refellat,
1027 807 1128 863 pro
1178 793 1507 849 defensione
1568 794 1825 863 ipsorum
1867 807 1985 848 non

292 884 459 940 modo
486 882 779 949 conviciis,
822 882 918 937 sed
951 880 1195 938 telarum
1228 882 1404 937 radiis
1447 882 1681 937 instant.
1737 882 1816 937 De
1846 881 1986 951 qui-

292 972 403 1028 bus
439 986 577 1042 ergo
594 985 665 1027 ne
691 969 962 1040 suspicio,
995 970 1195 1039 quales
1227 969 1461 1036 fuerint,
1490 969 1719 1025 residua
1749 968 1985 1039 quidem

290 1068 496 1126 exstat,
530 1059 661 1129 quis
721 1060 819 1114 hos
847 1057 954 1113 nisi
983 1065 1236 1113 extreme
1268 1059 1499 1113 demens
1550 1058 1622 1113 ad
1656 1071 1757 1127 pro
1808 1072 1865 1113 se
1897 1058 1983 1111 in-

291 1148 715 1218 terpellandum
759 1146 1066 1216 provocat?
1115 1145 1179 1201 Et
1221 1146 1402 1201 oratio
1468 1144 1567 1201 illa
1620 1145 1759 1215 quid
1810 1144 1981 1210 valet,

291 1235 389 1291 ubi
421 1234 639 1292 orantis
664 1234 926 1288 animum
957 1234 1083 1303 ejus
1112 1246 1285 1302 quem
1317 1233 1433 1288 Deo
1468 1246 1568 1302 pro
1597 1246 1655 1287 se
1684 1230 1986 1301 praetendit

290 1323 622 1379 omnimoda
696 1320 1037 1377 incertitudo
1105 1320 1425 1376 remordet?
1504 1320 1669 1387 Quid,
1744 1319 1985 1389 inquam

292 1412 542 1482 prodest,
595 1425 726 1481 qua)
755 1409 877 1464 sine
927 1416 1157 1477 peccato
1202 1422 1526 1478 numquam
1566 1407 1688 1464 est?
1738 1408 1791 1463 Si
1832 1407 1985 1463 enim

290 1515 421 1557 oras
450 1514 620 1571 quem
652 1505 917 1553 sanctum
959 1498 1196 1563 nescias,
1230 1496 1289 1552 in
1341 1512 1405 1552 eo
1438 1496 1559 1567 ipso
1608 1511 1825 1565 peccas,
1869 1511 1986 1566 quo

290 1589 519 1644 veniam
565 1588 871 1656 impetrare
900 1584 1201 1652 debueras,
1255 1584 1394 1654 quia
1440 1599 1554 1639 non
1600 1592 1749 1639 recte
1777 1584 1987 1639 dividis

289 1692 422 1733 cum
451 1684 600 1732 recte
629 1674 854 1730 otl‘eras.
883 1677 947 1730 In
976 1688 1094 1744 quo
1118 1673 1286 1743 plane
1318 1686 1492 1728 orans
1520 1672 1773 1737 dubitas,
1803 1673 1980 1728 Deum

289 1766 624 1822 nullatenus
654 1764 873 1833 placas;
906 1763 1001 1819 sed
1031 1763 1170 1818 dum
1202 1762 1271 1817 de
1304 1768 1404 1816 tua
1450 1760 1719 1831 petitione
1748 1760 1979 1826 diltidis,

289 1853 501 1919 irritas,
534 1852 606 1907 ad
634 1851 762 1922 ejus
801 1864 1053 1920 namque
1099 1848 1373 1919 injuriam
1407 1848 1652 1917 respicit,
1689 1848 1761 1903 ad
1811 1862 1984 1919 quem

290 1939 337 1996 is
367 1939 693 2010 prolocutor
721 1938 1014 2009 dirigitur,
1048 1952 1221 2007 quem
1253 1951 1367 1992 non
1397 1935 1574 1993 novit.
1599 1937 1669 1993 Et
1701 1936 1986 2007 quomodo

289 2028 391 2085 tibi
428 2028 809 2098 proloquatur
862 2028 963 2098 qui
1013 2026 1116 2083 tibi
1162 2034 1463 2097 suspectus
1506 2026 1792 2083 habetur?
1831 2026 1901 2080 Et
1938 2025 1987 2080 si

288 2117 433 2172 bene
465 2130 578 2171 non
622 2116 898 2186 opinaris,
947 2116 1017 2170 de
1053 2129 1137 2182 eo,
1173 2114 1313 2185 quid
1352 2122 1403 2170 te
1430 2113 1773 2170 meriturum
1803 2113 1986 2169 credis

288 2203 362 2258 ab
396 2204 517 2273 ipso
538 2203 565 2256 ?
601 2202 745 2258 Dicit
793 2203 1045 2273 quodam
1078 2203 1137 2257 iu
1165 2202 1285 2258 loco
1314 2202 1657 2257 Ambrosius
1689 2216 1747 2255 ;‹‹
1802 2200 1988 2271 Super

288 2306 378 2347 me
408 2292 573 2347 debet
602 2306 720 2348 esse
751 2291 846 2346 cui
881 2305 968 2347 me
998 2290 1353 2346 committere
1384 2304 1541 2359 paro.
1588 2310 1609 2337 ι

360 2380 439 2435 De
469 2379 638 2449 cujus
671 2380 864 2448 itaque
908 2386 1062 2434 statu
1109 2378 1344 2433 omnino
1387 2377 1652 2448 ambigis,
1686 2376 1855 2433 talem
1888 2391 1983 2447 pe-

289 2476 405 2524 tere
427 2482 615 2523 nonne
646 2466 833 2522 insani
869 2480 1107 2535 prorsus
1137 2471 1221 2520 est
1251 2464 1490 2534 capitis?
1534 2473 1589 2519 et
1619 2478 1791 2535 quem
1820 2464 1983 2535 igno-

290 2570 384 2612 ras
427 2565 625 2612 utrum
681 2555 884 2610 melior
931 2562 982 2610 te
1031 2553 1121 2619 sit,
1159 2567 1342 2623 quare
1388 2552 1643 2622 postulas
1692 2561 1755 2609 ut
1814 2566 1987 2622 penes

290 2647 471 2700 Deum
497 2659 596 2713 pro
619 2652 670 2699 te
700 2643 813 2698 sit?
857 2642 1000 2697 Vide
1048 2642 1355 2696 Dominum
1416 2655 1601 2711 usque
1633 2642 1702 2697 ad
1735 2641 1987 2696 transla-

290 2732 501 2787 tionem
560 2731 771 2786 montis
836 2730 963 2785 fidei
1020 2741 1291 2784 meritum
1348 2729 1862 2796 commendantem,
1930 2732 1988 2783 et

289 2818 704 2875 hzesitationem
738 2817 926 2873 cordis
974 2824 1168 2887 aperte
1222 2824 1510 2873 vetantem
1551 2817 1792 2887 (Matth.
1857 2830 1981 2884 XXI,

288 2910 397 2974 2t).
453 2908 535 2963 Ac
590 2906 636 2962 si
689 2906 948 2961 diceret:
1009 2905 1065 2961 Si
1122 2904 1263 2975 quid
1313 2919 1588 2976 magnum
1649 2906 1982 2976 proponitis,

2093 529 2279 585 catius
2297 536 2401 591 est,
2430 529 2531 584 etsi
2568 530 2735 584 tacite
2767 542 3094 598 possumus,
3146 528 3488 599 neutiquam
3514 542 3651 584 vero
3683 541 3794 597 ap-

2097 616 2339 686 probare
2368 616 2649 673 valemus.

2162 702 2325 760 Ratio
2354 704 2523 773 plane
2556 704 2751 774 procul
2781 704 2962 760 dubio
2994 703 3231 759 evidens
3263 704 3514 769 videtur,
3550 710 3613 759 ut
3644 717 3789 759 cum

2095 791 2278 847 multa
2313 807 2801 863 quorumcunque
2846 801 3178 848 sanctorum
3208 806 3451 862 corpora
3501 806 3634 848 cum
3665 792 3801 861 ejus

2095 880 2244 936 Filio
2285 884 2663 937 resurrexisse
2708 882 3041 948 credantur,
3094 882 3211 945 illa,
3276 880 3448 951 cujus
3502 894 3635 938 caro
3672 895 3800 935 non

2094 968 2272 1024 altera
2316 983 2491 1039 quam
2527 969 2652 1024 Filii
2701 976 2801 1030 est.
2855 969 3167 1038 praesertim
3205 982 3337 1038 qua
3389 967 3551 1023 nulla
3605 968 3800 1023 Patris

2095 1058 2203 1112 nisi
2233 1058 2354 1113 sola
2384 1052 2589 1113 sancti'
2619 1056 2868 1126 Spiritus
2929 1056 2989 1112 in
3018 1064 3299 1126 conceptu
3356 1055 3482 1126 ejus
3536 1056 3798 1112 fomenta

2094 1145 2446 1215 cognoverit,
2487 1146 2773 1215 quomodo
2803 1145 2913 1200 sub
2964 1144 3190 1214 legibus
3240 1143 3496 1212 antiquae
3544 1142 3799 1198 maledi-

2095 1233 2297 1288 ctionis
2345 1233 2403 1287 in
2449 1233 2687 1303 pulvere
2740 1240 2904 1288 terrae
2964 1231 3254 1299 resederit,
3307 1245 3439 1301 quae
3493 1233 3796 1286 auctorem

2096 1321 2505 1377 benedictionis
2580 1321 2953 1390 singulariter
3011 1320 3191 1377 electa
3273 1319 3577 1389 protulerit
3653 1332 3795 1373 cum

2096 1408 2218 1464 sine
2244 1409 2609 1475 detrimento,
2640 1409 2685 1464 si
2712 1409 2899 1464 dicere
2951 1409 3217 1475 audeam,
3269 1407 3463 1463 carnis
3512 1406 3638 1462 Filii
3669 1419 3797 1461 esse

2097 1512 2211 1551 non
2258 1497 2449 1566 possit,
2500 1498 2546 1552 si
2610 1497 2808 1552 Matris
2866 1510 3100 1552 carnem
3146 1496 3255 1551 sub
3303 1496 3600 1551 communi
3640 1502 3795 1550 sorte

2095 1584 2394 1649 dimiserit,
2424 1592 2479 1640 et
2508 1584 2873 1655 privilegium
2905 1584 3220 1655 peregrina;
3248 1583 3410 1639 carni
3458 1582 3794 1649 contulerit,

2095 1673 2249 1741 quod
2282 1673 2444 1728 Matri
2476 1688 2596 1730 suae
2630 1673 2805 1742 ipsius
2837 1688 2986 1729 verae
3041 1672 3221 1739 carni,
3282 1672 3628 1743 negaverit?
3675 1672 3791 1726 La-

2096 1765 2279 1818 tenter
2319 1763 2553 1832 quidem
2587 1763 2640 1818 id
2682 1762 2918 1817 minime
2948 1762 3157 1817 sentire
3212 1769 3498 1827 vetamur,
3540 1762 3682 1830 quia
3715 1769 3794 1815 ta-

2095 1865 2225 1905 men
2257 1851 2577 1906 testimonia
2617 1864 2730 1906 non
2777 1850 3060 1920 adjacent,
3093 1863 3346 1905 asserere
3395 1849 3790 1918 prohibemur.

2162 1939 2405 1992 Recusat
2432 1940 2633 1992 auctor
2656 1936 2882 1994 incerta
2913 1940 3086 2008 alque
3112 1936 3405 2009 incognita
3455 1939 3792 1990 sanctorum

2093 2030 2229 2079 acta
2256 2024 2627 2080 conscribere.
2661 2056 2730 2065 —
2763 2024 2820 2081 Si
2849 2026 2917 2080 de
2950 2026 3047 2081 illa
3074 2024 3245 2095 cujus
3301 2025 3541 2095 gloriam
3601 2023 3790 2080 metiri

2094 2114 2283 2169 omnis
2306 2121 2572 2170 creatura
2598 2128 2712 2169 non
2746 2113 3030 2183 praevalet.
3070 2126 3140 2168 ea
3169 2126 3299 2182 quin
3333 2113 3629 2182 praemissa
3652 2118 3794 2167 sunt

2095 2203 2297 2258 docere
2340 2216 2453 2257 non
2498 2216 2825 2271 possumus,
2872 2201 2940 2257 de
2972 2201 3039 2256 iis
3086 2214 3336 2271 quorum
3368 2200 3526 2255 salus
3576 2206 3633 2255 et
3663 2213 3791 2268 per-

2095 2289 2232 2346 ditio
2262 2290 2480 2346 incerta
2508 2300 2664 2358 sunt,
2700 2290 2843 2360 quid
2884 2289 2994 2344 nisi
3026 2288 3318 2344 silentium
3371 2288 3791 2357 sempiternum

2094 2377 2375 2447 imperare
2393 2378 2667 2434 debemus
2690 2377 2718 2431 ?
2750 2379 2925 2433 Porro
2948 2385 3083 2432 sunt
3107 2376 3373 2447 quaedam
3397 2377 3469 2431 de
3489 2375 3789 2445 aliquibus

2093 2468 2327 2535 scripta,
2362 2480 2493 2536 qua;
2523 2466 2703 2521 multo
2743 2465 3024 2521 deteriora
3064 2464 3248 2520 neniis
3297 2478 3369 2520 ne
3407 2464 3791 2520 suboli-orum

2094 2554 2330 2624 quidem
2355 2561 2543 2609 essent
2584 2552 2829 2608 auribus
2869 2552 3185 2607 inferenda.
3218 2550 3381 2608 Certe
3419 2565 3553 2607 cum
3593 2551 3794 2622 plures

2095 2641 2308 2697 sanctis
2349 2641 2471 2697 suis
2517 2654 2775 2697 summas
2834 2640 3211 2710 antiquitates
3259 2639 3604 2706 attribuant,
3661 2652 3789 2693 mo-

2094 2729 2271 2785 derno
2302 2737 2552 2799 tempore
2579 2743 2779 2785 eorum
2808 2729 2980 2784 scribi
3014 2728 3159 2784 vitas
3186 2728 3574 2798 expostulant.
3626 2726 3793 2793 Quod

2094 2832 2128 2873 a
2178 2833 2266 2874 me
2296 2818 2546 2888 profecto
2596 2833 2745 2888 saepe
2780 2818 3018 2888 petitum
3057 2825 3156 2873 est.
3206 2817 3329 2887 Ego
3375 2824 3568 2873 autem
3610 2816 3666 2869 in
3703 2816 3795 2869 his

2096 2919 2226 2974 qua
2252 2904 2550 2961 obtutibus
2576 2906 2897 2974 subjacent.
2936 2903 3131 2972 fallor;
3155 2912 3210 2958 et
3242 2903 3313 2958 de
3352 2902 3421 2957 iis
3459 2916 3590 2972 qua:
3622 2915 3791 2957 nemo

290 3004 818 3067 quantumcunque
870 2993 1010 3049 illud
1051 3001 1155 3054 est.
1199 2994 1245 3048 si
1292 2992 1381 3048 vel
1438 3007 1641 3063 parum
1689 2994 1980 3061 haesitatis,
2026 3008 2068 3064 ο
2096 3006 2356 3063 unquam
2383 2993 2604 3061 viderit,
2647 2992 2785 3063 quid
2811 2994 2927 3048 veri
2963 2990 3269 3061 proﬁteor?
3300 2989 3355 3046 Si
3380 2989 3622 3046 dicerem
3655 3004 3792 3059 qua

290 3084 572 3150 amittitis,
624 3092 676 3138 et
734 3081 914 3138 multo
963 3081 1320 3137 tolerabilius
1366 3091 1448 3137 est
1503 3081 1571 3137 de
1618 3096 1723 3137 suo
1790 3081 1989 3137 merito

291 3187 587 3243 quemque
617 3170 874 3226 difﬁdere
898 3184 1073 3240 quam
1109 3170 1177 3225 de
1205 3184 1270 3225 eo
1302 3169 1357 3223 in
1392 3184 1508 3240 quo
1537 3184 1666 3239 spes
1691 3178 1791 3226 tua
1822 3184 1990 3239 penes

291 3260 473 3315 Deum
518 3260 871 3328 pependerit,
930 3267 1171 3328 patrono
1199 3265 1299 3313 tuo
1331 3258 1609 3324 videlicet,
1665 3258 1986 3327 desperare.

290 3347 435 3415 Quia
483 3348 636 3402 enim
700 3346 891 3401 minus
933 3345 1032 3401 tibi
1078 3346 1364 3409 attribuis,
1422 3345 1583 3400 illum
1633 3347 1745 3401 adh
1774 3346 1892 3413 bes,
1934 3353 1989 3401 et

290 3444 441 3493 certe
474 3436 621 3490 nosti
650 3434 791 3503 quia
822 3435 865 3489 si
903 3435 1186 3504 interpres
1233 3442 1371 3490 tuus
1400 3433 1661 3489 falsitatis
1695 3434 1986 3504 arguitur,

290 3523 578 3595 quidquid
609 3523 912 3592 impetrare
932 3530 1221 3592 potueras,
1259 3522 1476 3592 perdes.

359 3611 591 3684 Aper/is
615 3610 971 3682 argumentis
989 3626 1199 3682 corpus
1223 3611 1289 3664 Β.
1323 3609 1584 3682 Virginis
1598 3609 1987 3683 glori/iculum

289 3701 475 3757 assert
493 3717 611 3757 non
656 3703 885 3770 potest;
923 3699 1219 3763 nefarium
1248 3703 1441 3754 tamen
1474 3703 1559 3754 est
1580 3702 1813 3754 credere
1837 3698 1988 3754 illud

288 3787 643 3861 corruptiom'
666 3787 999 3854 obnoxium,
1022 3786 1324 3859 reliquisse
1351 3787 1579 3842 Filium.
1599 3788 1765 3843 Ratio
1782 3789 1989 3844 suadet

287 3879 351 3933 in
380 3879 582 3935 caelum
596 3875 792 3947 fuisse
819 3878 1197 3946 assumptum.
1232 3906 1298 3916 —
1329 3875 1435 3932 Sed
1481 3877 1622 3946 quid
1657 3877 1713 3931 in
1764 3877 1831 3932 iis
1885 3875 1986 3932 diu

293 3982 488 4023 versor
529 3980 664 4022 cuin
721 3973 881 4020 tanta
909 3966 981 4020 sit
1022 3965 1077 4018 in
1125 3966 1299 4020 totius
1327 3973 1538 4020 sanctae
1597 3964 1857 4021 Ecclesiae
1889 3978 1987 4021 ore

290 4055 568 4125 pudicitia
594 4052 683 4124 (ιο)
720 4060 780 4108 ut
830 4054 999 4107 etiam
1037 4053 1233 4108 Matris
1281 4052 1592 4108 Dominicze
1632 4066 1842 4123 corpus
1891 4067 1984 4108 re-

294 4141 647 4198 surrectione
699 4140 1081 4212 gloriﬁcatum
1111 4140 1298 4196 dicere
1328 4156 1443 4196 non
1474 4141 1704 4207 audeat,
1767 4141 1839 4195 ob
1879 4140 1987 4196 hoc

293 4230 555 4285 videlicet
599 4229 753 4299 quod
813 4230 1144 4284 necessariis
1204 4228 1561 4299 argumentis
1614 4228 1986 4298 comprobare

294 4332 410 4373 non
444 4316 668 4373 valeat?
702 4318 770 4372 Et
816 4332 949 4373 cum
996 4331 1101 4372 vas
1149 4317 1289 4372 illud
1338 4317 1495 4373 omni
1542 4326 1810 4372 creatura
1864 4326 1981 4387 post

294 4406 504 4462 Filium
541 4406 893 4475 praeclarius,
947 4405 1099 4475 quod
1144 4406 1446 4460 Dominum
1495 4406 1807 4474 majestatis
1860 4406 1987 4460 uni-

290 4508 591 4550 versorum
618 4493 881 4559 contulit,
914 4492 1071 4563 quod
1123 4506 1429 4563 nunquam
1468 4493 1570 4547 ulli
1608 4508 1677 4547 ne
1710 4493 1982 4564 angelicae

293 4582 523 4652 quidem
550 4589 774 4637 naturas
812 4581 1056 4648 licuerit,
1110 4580 1616 4648 irremuneratum,
1667 4580 1986 4637 inhonora-

293 4676 491 4725 tumve
520 4669 799 4725 dimisisse
859 4669 931 4723 ad
974 4667 1388 4737 experientiam
1451 4668 1831 4738 corruptionis
1859 4685 1981 4726 cre-

290 4758 424 4814 dere
462 4758 749 4813 nefarium
778 4759 850 4811 sit
884 4757 1224 4825 (praesertim
1273 4770 1404 4811 cum
1441 4757 1591 4827 quod
1624 4757 1849 4828 corpori
1876 4774 1982 4814 suo

293 4844 667 4918 gloriﬁcando
692 4844 972 4911 debuerit,
1012 4852 1269 4899 materno
1325 4844 1569 4913 corpori,
1628 4859 1698 4901 ex
1753 4860 1869 4915 quo
1898 4855 1983 4903 est

291 4934 448 5006 quod
480 4942 584 4999 est,
629 4932 926 4988 redhibere
962 4930 1248 4987 obnoxius
1276 4930 1396 5001 sit),
1439 4933 1843 4989 resuscitatum
1876 4948 1981 4990 ne-

290 5036 589 5093 quaquam
620 5020 807 5076 dicere
848 5020 1207 5089 audeamus;
1236 5035 1340 5075 nec
1384 5020 1457 5075 ob
1502 5019 1660 5076 aliud
1710 5021 1977 5090 profecto,

289 5110 400 5167 nisi
450 5109 605 5180 quod
650 5108 1045 5178 probabilibus
1102 5108 1327 5163 indiciis
1382 5108 1437 5163 id
1500 5121 1827 5164 asseverare
1866 5122 1981 5163 non

290 5211 618 5268 possumus.
653 5197 772 5252 Etsi
803 5196 957 5252 enim
1009 5196 1149 5251 alias
1180 5197 1234 5250 in
1268 5196 1604 5251 dissertione
1649 5209 1826 5253 sacrze
1872 5210 1981 5266 pa-

293 5287 442 5357 ginae
471 5286 615 5341 ratio
644 5284 947 5354 aliquoties
976 5283 1094 5338 sola
1122 5282 1443 5347 conveniat,
1472 5284 1748 5338 tationem
1785 5293 1977 5340 autem

293 5371 550 5428 adhibita
619 5372 1047 5441 Scripturarum
1104 5370 1161 5425 in
1217 5385 1275 5425 se
1329 5370 1592 5439 exempla
1629 5371 1974 5439 contineant,

294 5460 389 5516 hic
420 5468 608 5515 tamen
652 5459 757 5515 etsi
788 5459 932 5514 ratio
975 5472 1103 5513 eam
1156 5459 1224 5513 ad
1264 5457 1552 5528 integrum
1609 5472 1843 5528 corpore
1889 5474 1977 5516 re-

292 5547 567 5603 suscitato
616 5546 986 5601 clariﬁcatam
1043 5544 1532 5615 opportunissima
1590 5548 1980 5619 undecunque

290 5641 624 5703 comportet,
675 5646 877 5687 verum
921 5633 1063 5701 quia
1110 5632 1396 5689 evidentia
1435 5634 1813 5703 probamenta
1867 5649 1982 5690 non

2099 3081 2210 3136 dici
2266 3081 2484 3148 audivi,
2518 3088 2573 3137 et
2617 3082 2787 3137 etiam
2836 3094 2963 3136 sum
3016 3086 3254 3150 rogatus
3289 3085 3353 3134 ut
3406 3091 3580 3148 super
3620 3077 3793 3133 laude

2099 3169 2307 3226 horum
2341 3178 2452 3225 tam
2512 3169 2848 3240 ignobilium
2883 3169 3150 3236 dicerem,
3186 3168 3331 3236 quin
3375 3167 3545 3223 etiam
3577 3166 3647 3221 ad
3702 3179 3796 3235 po-

2096 3258 2299 3327 pulum
2330 3257 2741 3326 declamarem;
2787 3264 2843 3313 et
2877 3271 3002 3327 ego,
3051 3257 3098 3311 si
3154 3257 3397 3326 quaesita
3424 3254 3693 3322 dicerem,
3735 3262 3793 3311 et

2097 3345 2197 3411 illi,
2246 3345 2349 3415 qui
2407 3344 2543 3401 talia
2590 3346 2976 3416 suggerebant
3030 3342 3534 3414 dicere,'publico
3578 3344 3794 3413 pariter

2096 3434 2352 3489 cauterio
2382 3433 2543 3504 digni
2572 3440 2777 3489 essent.

2168 3520 2196 3591 §
2220 3522 2291 3576 ll.
2329 3521 2418 3575 De
2441 3525 2773 3578 sanctorum
2800 3521 3065 3593 reliquiis
3094 3537 3339 3594 quarum
3372 3520 3598 3575 nultum
3624 3536 3792 3592 pror-

2094 3626 2192 3667 sus
2206 3616 2295 3667 est
2312 3610 2567 3666 dubium.
2600 3611 2894 3667 Constanti
2900 3612 3073 3682 nopot
3080 3612 3228 3667 itani
3246 3614 3300 3665 et
3331 3610 3793 3681 Anqeriacenae:

2094 3698 2367 3755 monachi
2398 3702 2574 3771 caput
2595 3700 2651 3756 S.
2683 3698 2926 3755 Joannis
2948 3698 3216 3771 Baptistae
3242 3700 3451 3753 habere
3478 3701 3791 3754 testantur.

2094 3818 2163 3827 —
2189 3787 2295 3843 Sed
2318 3788 2407 3854 iis,
2453 3802 2598 3859 quos
2626 3789 2721 3844 sui
2769 3787 3023 3857 ipsorum
3064 3786 3375 3844 auctoritas
3420 3795 3785 3854 exauctorat,

2094 3876 2338 3941 omissis,
2405 3891 2520 3944 eos,
2566 3890 2712 3947 quos
2754 3877 3039 3933 certitudo
3074 3876 3198 3931 ﬁdei
3230 3877 3571 3945 exsequitur
3611 3876 3789 3931 attin-

2095 3978 2318 4035 gamus.
2377 3964 2539 4021 Certe
2596 3972 2651 4021 et
2711 3965 2845 4034 ipsis
2909 3970 3057 4019 336
3138 3977 3300 4020 error
3357 3972 3441 4020 est
3503 3962 3787 4032 inlinitus,

2096 4060 2197 4107 aut
2248 4052 2307 4107 hi
2351 4051 2534 4118 illum,
2584 4060 2639 4109 et
2680 4053 2948 4108 eumdem
3000 4053 3097 4108 alii
3154 4052 3437 4107 habct'ese
3494 4059 3784 4117 asserunt,

2092 4139 2252 4195 verbi
2293 4140 2479 4210 gratia
2508 4140 2619 4210 ('1),
2649 4148 2825 4210 caput
2859 4140 3120 4210 Baptistae
3155 4138 3433 4195 Dominici
3466 4152 3596 4194 cum
3628 4138 3787 4193 Con-

2096 4227 2594 4298 stantinopolitani
2673 4228 2883 4284 habere
2940 4243 2999 4283 se
3064 4228 3276 4293 dii-ant,
3337 4227 3786 4297 Angeriacenses

2096 4315 2364 4371 monachi
2396 4315 2539 4372 idem
2566 4330 2624 4371 se
2656 4317 2862 4372 habere
2893 4324 3190 4371 testantur.
3255 4314 3397 4381 Quid
3431 4329 3573 4391 ergo.
3599 4316 3786 4382 magis

2092 4404 2404 4461 ridiculum
2438 4419 2613 4475 super
2637 4413 2794 4461 tanto
2831 4405 3058 4460 homine
3110 4404 3467 4474 praedicetur,
3501 4416 3677 4473 quam
3732 4402 3783 4457 si

2093 4492 2285 4562 biceps
2313 4507 2432 4549 esse
2455 4493 2528 4549 ab
2564 4495 2822 4564 utrisque
2853 4494 3121 4549 dicatur?
3150 4493 3254 4549 Sed
3302 4490 3592 4562 abrogatis
3622 4490 3784 4547 ludi-

2092 4582 2205 4637 cris
2232 4581 2381 4637 seria
2426 4583 2811 4638 attendamus.
2862 4581 3006 4638 Cum
3054 4595 3195 4651 ergo
3235 4589 3451 4636 constet
3510 4580 3566 4635 id
3622 4578 3783 4648 quod

2093 4683 2382 4739 nusquam
2426 4670 2704 4740 geminari
2753 4670 2998 4739 potuerit
3064 4678 3371 4725 aitertitros
3418 4668 3621 4723 habere
3665 4680 3784 4721 non

2091 4770 2272 4825 posse,
2310 4756 2674 4825 perspicuum
2700 4765 2782 4811 est
2810 4757 2931 4824 hos,
2964 4755 3053 4812 vel
3079 4755 3221 4822 illos,
3255 4756 3519 4825 plurimae
3547 4753 3782 4810 falsitati

2091 4844 2486 4899 succumbere.
2556 4842 2718 4910 Quod
2769 4844 2817 4899 si
2871 4845 2928 4899 in
2982 4845 3089 4900 hac
3141 4858 3201 4900 re
3246 4858 3376 4913 qum
3429 4851 3541 4899 tota
3588 4842 3782 4912 pietati

2090 4931 2444 4998 commilitat,
2494 4941 2700 4987 mutua
2728 4933 2798 4988 ad
2824 4947 2884 4988 se
2913 4946 3142 4989 versum
3175 4932 3511 5003 arrogantia
3544 4929 3783 4986 menda-

2091 5020 2294 5089 cioque
2341 5019 2684 5091 conﬂigunt,
2732 5034 2834 5090 pro
2880 5020 3094 5076 divinis
3165 5020 3522 5077 demoniaca
3573 5027 3782 5090 agunt.

2090 5109 2361 5172 Alterutri
2399 5122 2534 5178 ergo
2582 5109 2681 5178 qui
2710 5109 3081 5178 decipiuntur
3126 5117 3301 5179 atque
3344 5109 3658 5178 decipiunt,
3698 5108 3785 5163 id—

2092 5196 2275 5265 ipsum
2339 5196 2587 5265 profecto
2634 5211 2749 5267 quo
2806 5210 2865 5253 se
2906 5197 3190 5267 jactitant.
3258 5196 3507 5253 indebite
3560 5196 3785 5252 colunt.

2088 5283 2245 5351 Quod
2280 5285 2324 5339 si
2355 5283 2659 5354 indignum
2690 5285 2908 5355 aliquid
2942 5286 3015 5341 ab
3043 5286 3126 5341 eis
3158 5285 3386 5351 colitur,
3402 5298 3531 5340 ecce
3562 5292 3785 5353 quanto

2086 5371 2401 5428 discrimini
2443 5372 2617 5428 series
2660 5373 2711 5427 ei
2761 5373 3197 5443 obsequentium
3256 5386 3523 5428 universa
3566 5370 3784 5427 addici-

2088 5468 2204 5515 tur.
2252 5459 2417 5523 Quod
2479 5460 2527 5515 si
2579 5461 2818 5516 Joannis
2869 5461 3137 5531 Baptistae
3188 5476 3300 5516 nou
3367 5471 3471 5528 est,
3534 5458 3787 5530 alicujus

2086 5561 2224 5604 vero
2254 5550 2434 5604 sancti
2470 5557 2572 5617 est,
2623 5564 2737 5605 non
2786 5550 3069 5608 mediocre
3102 5558 3292 5607 tamen
3323 5548 3609 5605 mendacii
3655 5562 3786 5605 ma-

2088 5634 2210 5691 lum
2239 5642 2343 5692 est.
