3914 6094
178 132 306 186 6‘25

1278 134 1372 189 DE
1414 133 1835 193 PIGNOBIBUS
1873 137 2310 197 SANCTORUM.
2334 172 2402 182 -—
2435 142 2563 198 LIB.
2606 146 2650 199 Ι.

3608 158 3710 211 626

267 261 913 357 Nullam—decorporzs
1034 264 1286 357 Firmius:
1323 265 1627 322 existentia
1662 267 1903 357 ἰηγΑφη-
1943 271 1990 324 Α
2015 273 2268 337 accessit,
2325 289 2631 347 nunquam
2687 276 2939 334 fortassis
2993 280 3247 338 desitnra
3299 285 3562 355 contagio
3617 286 3704 357 (ω)

181 349 475 405 biauemi
504 350 786 417 Ecclesia,
808 353 913 408 sed
948 351 1007 405 in
1047 353 1401 424 Dionysiano
1420 356 1769 411 monaslerio
1788 356 1904 412 evi-

178 437 349 493 dens
388 437 776 494 (alimonium
815 439 1119 510 reperitur.
1170 442 1316 508 Quid
1356 443 1425 498 de
1460 444 1643 512 capite
1672 446 1910 502 Joannis

183 541 336 599 ago,
371 528 475 599 qui
506 528 574 583 de
607 529 927 585 innumeris
965 538 1296 586 sanctorum
1335 532 1676 601 corporibus
1716 534 1909 590 itidem

184 617 257 674 in
292 617 422 673 dies
451 616 666 672 audio?
697 618 788 685 (ι’)
823 618 996 674 Plane
1027 618 1289 674 decessor
1319 633 1481 676 meus
1512 620 1913 678 Ambianensis

186 704 536 775 episcopus.
570 719 700 761 cum
731 720 939 775 corpus
970 706 1208 762 Firmini
1238 707 1528 775 martyris,
1554 716 1616 764 ut
1648 709 1906 778 putabat,

188 801 503 864 quatenus
547 794 615 850 de
659 795 823 850 theca
865 810 920 850 in
961 795 1185 852 thecam
1221 795 1465 863 efferret,
1508 797 1734 852 nullum
1770 798 1911 856 inibi

190 882 509 952 ptacium,
570 896 641 937 ne
685 883 862 938 unius
930 884 1165 954 quidem
1219 884 1420 940 littera
1493 886 1905 952 testimonium,

192 970 350 1038 quis
380 970 588 1026 ibidem
612 971 847 1041 jaireret,
884 971 1122 1027 invenit.
1157 973 1243 1029 Ab
1286 973 1664 1042 Atrebatensi,
1704 982 1759 1030 et
1789 975 1909 1043 ipso

188 1057 580 1115 Ambianensi
628 1059 926 1128 episcopis,
972 1060 1169 1115 audivi
1221 1061 1374 1131 quod
1426 1062 1625 1118 refero.
1677 1064 1805 1132 Qua
1841 1063 1910 1119 de

191 1158 268 1202 re
306 1146 469 1202 urbis
492 1146 792 1216 episcopus
843 1148 1124 1217 plumbea
1164 1148 1390 1206 lamina
1424 1164 1557 1206 mox
1596 1151 1906 1221 inscripsit,

195 1235 368 1305 quod
412 1233 526 1289 illic
571 1236 959 1292 conderetur:
1007 1236 1293 1292 Firminus
1323 1240 1555 1310 martyr
1586 1238 1909 1294 Ambiano—

193 1339 339 1378 rum
362 1323 682 1396 episcopus.
715 1324 831 1380 Nec
870 1339 1030 1380 mora
1071 1327 1127 1381 in
1171 1327 1513 1383 monasterio
1552 1327 1739 1383 Sancti
1773 1328 1910 1383 Dio-

192 1413 356 1483 nysii
426 1412 573 1469 idem
623 1421 913 1469 actitatur.
987 1415 1191 1469 Parata
1247 1415 1320 1470 ab
1368 1417 1577 1471 abbate
1630 1416 1907 1472 ornatiori

195 1512 388 1569 capsa
416 1500 555 1556 dum
591 1499 721 1555 inde
750 1500 1069 1564 extollitur,
1102 1501 1240 1556 dum
1270 1514 1405 1557 cum
1435 1502 1708 1557 membris
1732 1509 1907 1572 caput

2019 360 2200 417 Tanta
2231 362 2642 421 indissimiliter
2672 367 2819 423 facta
2850 368 3068 438 ubique
3100 370 3210 426 loci
3237 373 3525 429 memoria
3574 388 3711 430 mea

2018 462 2139 505 sese
2168 451 2509 521 subjiciunt,
2543 461 2607 509 ut
2647 455 2719 510 ad
2765 456 3127 517 referendum
3175 461 3401 528 tempus
3441 462 3712 530 viresque

2018 536 2302 601 deficiant.
2361 553 2491 596 cum
2550 556 2666 597 non
2715 543 2784 598 de
2837 545 3072 614 integris
3119 559 3319 602 eorum
3372 549 3713 618 corporibus

2020 631 2211 693 tanta,
2271 636 2503 697 quanta
2551 630 2619 683 de
2677 631 2945 686 membris
2992 639 3048 687 et
3093 633 3485 688 membrorum
3534 635 3709 704 parti-

2018 714 2164 769 culis
2195 714 2424 770 fraudes
2461 716 2599 771 [iant
2633 717 2748 787 (⁸⁸),
2793 717 2929 772 dum
2963 733 3089 774 ossa
3122 719 3392 789 vulgaria
3444 734 3545 789 pro
3576 736 3710 777 san-

2019 810 2240 858 ctorum
2310 804 2645 873 pignoribus
2710 806 3099 861 venundanda
3156 807 3512 877 dispertiant.
3596 811 3713 866 Hoc

2018 887 2186 957 plane
2238 889 2299 945 fit
2336 905 2435 960 per
2471 906 2567 949 eos
2613 893 2734 962 qui,
2781 893 2954 963 juxta
3002 895 3337 963 Apostolum
3372 912 3385 950 :
3415 896 3711 963 Quastum

2018 977 2351 1033 existimant
2376 980 2637 1048 pietatem
2666 982 2721 1046 (l
2766 981 2912 1036 Tim.
2946 998 3021 1050 v1,
3055 986 3124 1050 5),
3171 984 3311 1039 dum
3360 986 3511 1054 quod
3545 995 3708 1053 esset,

2018 1065 2066 1120 si
2112 1075 2395 1136 saperent,
2444 1082 2684 1125 suarum
2729 1070 3086 1127 conducibile
3131 1071 3305 1128 saluti
3358 1073 3708 1143 animarum,

2020 1153 2127 1210 hoc
2155 1164 2521 1213 excrementa
2548 1157 2798 1214 efficiant
2823 1172 3256 1216 crumenarum.

2682 1298 2907 1356 CAPUT
2948 1300 3043 1356 IV.

2090 1409 2118 1480 ἓ
2174 1411 2218 1466 Ι.
2266 1411 2546 1468 Defuncta
2589 1416 2919 1467 sanctorum
2958 1430 3202 1485 corpora
3252 1430 3367 1470 non
3409 1432 3552 1471 auro
3609 1421 3712 1472 aut

2014 1500 2251 1570 argento
2280 1498 2505 1554 includi
2524 1498 2746 1554 debent.
2780 1530 2853 1542 —
2880 1502 2986 1558 Sed
3028 1503 3149 1559 hac
3177 1504 3372 1559 omnia
3401 1517 3435 1558 a
3476 1519 3712 1574 perver-

193 1587 517 1654 evolvitur,
568 1587 972 1644 membranula
1018 1588 1075 1644 in
1126 1588 1397 1660 martyris
1447 1590 1687 1645 naribus
1745 1562 1902 1659 repc-
1943 1562 2175 1643 Bsitate
2231 1588 2439 1643 radicis
2482 1597 2803 1661 emergunt,
2868 1605 3000 1661 qua
3055 1606 3168 1646 non
3218 1599 3302 1647 est
3354 1562 3494 1646 alia.
3531 1607 3707 1663 quam

195 1676 381 1743 ritur,
452 1675 509 1731 in
558 1689 677 1746 qua
717 1676 875 1746 quod
938 1684 1082 1734 esset
1150 1677 1444 1734 Firminus
1507 1677 1909 1733 Ambianensis

197 1768 437 1834 martyr
463 1764 840 1835 expromitur.

275 1851 470 1924 Igitur
512 1852 996 1909 Ambianensibus
1045 1868 1178 1909 cum
1228 1854 1309 1909 nil
1359 1853 1418 1909 in
1464 1860 1622 1910 tanto
1681 1854 1907 1925 astipu-

200 1941 365 1997 letur
395 1941 643 2012 negotio,
678 1940 805 1996 aliis
850 1949 1042 1997 autem
1085 1955 1116 1997 e
1154 1940 1387 2011 regione
1415 1955 1549 1998 cum
1591 1942 1679 1998 vel
1710 1956 1907 1999 vocem

199 2030 536 2087 testimonia
568 2028 1011 2099 qualiacunque
1041 2030 1427 2099 suppeditent,
1473 2030 1639 2099 ratio,
1689 2045 1905 2102 quaso,

200 2118 520 2189 cujuslibet
550 2118 836 2189 judicium
880 2118 1102 2174 factura
1134 2119 1482 2174 consedeat?
1512 2118 1807 2190 Quidquid
1844 2120 1904 2175 in

206 2207 489 2277 plumbea
536 2220 571 2262 a
623 2207 862 2263 Domino
896 2206 1159 2276 episcopo
1212 2207 1490 2277 scriptum
1548 2215 1633 2263 est
1692 2208 1907 2264 lamina

202 2309 400 2353 nonne
439 2296 572 2367 jure
618 2296 960 2357 cassabitur,
1010 2295 1103 2351 cui
1147 2296 1203 2350 in
1252 2296 1670 2365 conscriptione
1696 2297 1792 2352 illa
1825 2298 1904 2354 nil

203 2399 446 2455 prorsus
488 2384 862 2440 testiﬁcatur?
901 2385 972 2439 Et
1001 2392 1151 2440 certe
1190 2384 1589 2453 Dionysienses
1630 2385 1707 2440 illi
1752 2400 1906 2456 quo—

201 2474 613 2543 modocunque
658 2472 745 2528 vel
776 2473 1069 2540 1nntiunt,
1103 2474 1205 2543 qui
1249 2473 1445 2528 saltem
1506 2474 1770 2530 litterulis
1814 2481 1905 2530 ut-

202 2576 441 2632 cunque
487 2561 723 2618 subnixi
772 2569 925 2617 sunt.
986 2561 1093 2628 Qui
1146 2575 1283 2633 ergo
1332 2571 1686 2619 venerantur
1749 2563 1905 2633 quod

202 2652 490 2716 nesciunt,
548 2650 649 2707 etsi
702 2658 966 2706 sanctum
1016 2650 1156 2720 quid
1205 2650 1295 2717 sit,
1351 2665 1657 2722 nunquam
1713 2660 1905 2725 tamen

201 2742 328 2797 sine
355 2753 566 2811 magno
606 2739 859 2808 periculo
886 2746 1044 2795 sunt.
1086 2738 1139 2795 Si
1171 2738 1333 2807 alias,
1364 2739 1423 2794 in
1471 2741 1693 2796 enormi
1747 2740 1905 2797 mul-

2015 1676 2167 1746 quod
2187 1676 2399 1732 eisdem
2430 1676 2705 1733 adimitur
2733 1679 2888 1748 quod
2918 1680 3208 1735 communi
3250 1686 3400 1735 sorte
3431 1680 3712 1741 debuerat

2013 1763 2199 1820 omnis
2251 1766 2586 1820 commereri
2647 1766 2903 1821 humana
2962 1776 3195 1822 natura.
3250 1766 3307 1823 Si
3358 1768 3513 1824 enim
3552 1776 3707 1825 certo

1964 1872 1968 1875 ι
2013 1853 2224 1908 certius
2250 1852 2320 1907 de
2344 1858 2497 1907 terra
2530 1853 2779 1908 hominis
2806 1854 2967 1924 origo
3001 1854 3281 1921 consistit,
3313 1861 3368 1910 et
3417 1855 3707 1925 persoluto

2015 1941 2212 1996 mortis
2270 1940 2458 1996 debito
2510 1939 2569 1996 in
2624 1941 2885 1997 eamdem
2929 1956 3002 1997 ex
3063 1941 3264 2011 prima
3318 1942 3709 2000 damnationis

2014 2029 2239 2099 legibus
2288 2028 2505 2096 recidit,
2555 2029 2865 2099 prasertim
2916 2030 3012 2085 cui
3073 2030 3291 2085 dictum
3336 2038 3464 2086 est:
3523 2031 3708 2086 Terra

2011 2134 2091 2185 es,
2125 2120 2181 2171 el
2211 2116 2273 2171 in
2302 2119 2517 2171 terram
2546 2116 2657 2171 ibi:
2682 2135 2698 2171 :
2733 2118 2904 2183 Deus,
2940 2131 3064 2173 mea
3088 2118 3388 2184 sententia,
3421 2133 3526 2174 nec
3555 2134 3706 2189 pra—

2010 2206 2175 2273 senti,
2224 2220 2332 2261 nec
2377 2214 2647 2262 secuturo
2697 2207 2951 2275 cuipiam
2993 2207 3178 2263 dixit:
3233 2211 3459 2261 Aurum
3496 2208 3587 2262 vel
3614 2225 3706 2262 ar-

2006 2297 2240 2367 gentum
2264 2312 2345 2360 es,
2375 2294 2439 2348 in
2466 2311 2674 2349 aurum
2697 2294 2788 2349 vel
2804 2298 3108 2368 argentum
3127 2293 3254 2350 ibis.
3295 2297 3360 2352 Ut
3391 2295 3553 2366 quid,
3578 2310 3705 2366 pre-

2011 2396 2127 2452 cor,
2160 2384 2327 2439 homo
2358 2397 2393 2439 a
2435 2398 2541 2439 sua
2579 2393 2810 2451 natura,
2852 2388 2964 2439 imo
2990 2398 3023 2439 a
3054 2384 3146 2440 Dei
3191 2384 3432 2454 imperio
3456 2385 3702 2451 eruitur,

2011 2480 2076 2528 ut
2120 2473 2278 2543 quod
2326 2472 2782 2528 conditionaliter
2832 2472 2977 2528 nulli
3020 2473 3310 2542 competit,
3370 2471 3562 2528 aureis
3613 2472 3703 2528 vel

1968 2592 1973 2598 α
2011 2561 2298 2632 argenteis
2319 2561 2617 2617 conchulis
2637 2559 2956 2617 inseratur!

2083 2651 2138 2705 Si
2189 2651 2277 2706 vir
2334 2650 2561 2720 sapiens
2612 2650 2725 2704 alia
2779 2657 2984 2718 prater
3045 2657 3254 2704 terram
3309 2649 3703 2705 humanorum

2013 2744 2156 2793 387
2209 2753 2515 2808 corporum
2589 2737 2758 2794 sciret
2807 2739 3189 2807 receptacula,
3261 2752 3378 2793 non
3443 2737 3701 2793 diceret:

203 2835 331 2886 tum
364 2827 684 2899 sacrilegio.
731 2826 876 2892 Quid
915 2827 1069 2883 enim
1106 2827 1290 2896 magis
1327 2827 1669 2899 sacrilegum
1720 2844 1898 2899 quam
1938 2859 1978 2913 ρ
2011 2827 2172 2895 Quod
2216 2843 2397 2899 grave
2439 2833 2652 2899 jugum
2694 2843 2869 2898 super
2898 2826 3061 2900 ﬁlios
3111 2827 3253 2882 Atla
3287 2844 3326 2882 a
3375 2826 3469 2880 die
3519 2825 3705 2881 exitus

204 2931 310 2988 pro
338 2916 534 2971 divino
563 2915 823 2972 excolere
852 2930 967 2971 non
998 2915 1303 2972 divinum?
1334 2915 1472 2982 Qua
1501 2931 1755 2987 namque
1784 2919 1900 2975 Deo

205 3004 493 3074 pertinent
560 3002 761 3059 divina
820 3010 975 3058 sunt.
1035 3004 1106 3059 Et
1168 3004 1307 3073 quid
1375 3005 1489 3060 Deo
1553 3007 1902 3075 pertinacius

203 3105 383 3162 quam
417 3091 491 3146 illi
517 3091 619 3162 qui
648 3094 757 3148 Deo
788 3092 1161 3162 unicorpores
1192 3092 1365 3148 sunt?

277 3179 432 3252 §llI.
486 3182 545 3237 S.
593 3178 876 3251 Exuperii
921 3181 1066 3247 loco,
1118 3180 1401 3243 Exuperii
1450 3182 1654 3245 mlici
1694 3199 1901 3255 corpus

200 3268 576 3336 eubinferlur.
608 3299 677 3309 —-
708 3269 857 3325 Audi
896 3270 1052 3339 quod
1095 3270 1488 3339 querimonias
1517 3279 1741 3327 nostras
1769 3272 1898 3329 elu-

202 3357 369 3423 cidet,
426 3366 481 3413 et
528 3357 598 3413 de
648 3357 715 3414 iis
764 3372 898 3427 qua
954 3366 1092 3413 sunt
1147 3358 1383 3428 pralata
1431 3359 1724 3429 dijudicet.
1778 3360 1899 3417 Odo

203 3446 440 3515 quidam
464 3445 792 3515 Bajocensis
820 3445 1138 3515 episcopus,
1175 3447 1403 3503 Boberti
1434 3448 1655 3503 comitis
1680 3447 1897 3503 North-

200 3546 548 3590 mannorum
610 3533 892 3589 naturalis
953 3533 1126 3599 filius,
1193 3542 1249 3589 et
1315 3533 1580 3590 Guilelmi
1659 3535 1898 3591 senioris

202 3622 521 3694 Anglorum
556 3622 706 3693 regis
747 3622 1087 3679 naturaliter
1119 3622 1314 3689 frater,
1359 3631 1622 3679 sanctum
1658 3625 1896 3694 Exupe-

200 3711 351 3769 rium
418 3711 887 3781 pradecessorem
945 3725 1118 3767 suum
1167 3719 1356 3767 castro
1417 3712 1686 3768 Curboilo
1733 3712 1897 3768 cultu

199 3801 553 3870 permaximo
603 3801 947 3856 honoratum
988 3800 1508 3857 desiderantissime
1541 3800 1891 3871 requirebat.

201 3887 458 3960 Cumque
486 3888 751 3944 Ecclesia
782 3887 876 3944 cui
917 3888 1104 3944 inerat
1145 3888 1424 3945 adituum
1451 3896 1681 3945 centum
1711 3889 1894 3945 dena-

205 3977 418 4033 riorum
451 3976 616 4033 libris
644 3982 1026 4043 numerasset,
1058 3984 1124 4033 ut
1171 3977 1434 4033 eumdem
1477 3978 1549 4033 ab
1599 3977 1720 4047 ipso
1745 3977 1893 4034 reci-

206 4073 375 4136 peret,
411 4064 501 4121 ille
535 4064 681 4120 male
729 4073 972 4135 argutus
1017 4074 1303 4135 aucupato
1346 4066 1649 4137 cujusdam
1693 4066 1888 4123 rustici

2008 2916 2077 2972 de
2139 2919 2334 2970 venire
2385 2915 2591 2970 matris
2648 2931 2862 2984 eorum,
2922 2932 3100 2986 usque
3136 2916 3273 2970 dum
3336 2915 3577 2969 redeant
3639 2915 3702 2969 in

2006 3009 2255 3059 matrem
2300 3002 2553 3058 omnium
2608 3004 2818 3073 (Eccli.
2875 3018 2968 3067 XL,
3024 3008 3090 3073 l).
3146 3008 3285 3060 Nota
3342 3017 3521 3075 quam
3572 3018 3705 3059 con-

2007 3093 2176 3148 cinne
2228 3093 2447 3149 dictum
2504 3095 2594 3161 sit,
2640 3101 2880 3149 matrem
2926 3107 3125 3149 eorum
3175 3099 3228 3148 et
3280 3099 3518 3147 matrem
3578 3098 3700 3147 om-

2007 3183 2189 3237 nium.
2223 3180 2278 3237 Si
2328 3190 2511 3237 mater
2550 3180 2691 3236 mihi
2730 3181 2962 3250 dicitur,
3001 3195 3132 3251 qua
3167 3181 3386 3237 ventris
3418 3180 3695 3248 loculum,

2005 3277 2061 3326 et
2121 3269 2277 3325 hunc
2345 3270 2781 3338 immutabilem,
2836 3269 2937 3340 qui
3016 3268 3181 3325 altari
3248 3284 3363 3325 non
3428 3268 3696 3339 potuerit,

2006 3358 2271 3428 prabuit,
2302 3358 2750 3428 consequentius
2783 3367 2837 3414 et
2881 3367 3063 3414 mater
3108 3358 3230 3427 ipsa
3264 3366 3367 3425 est,
3416 3372 3548 3427 qua
3586 3371 3701 3411 ma-

2004 3446 2205 3503 teriam
2234 3447 2457 3501 essendi
2492 3448 2833 3502 mortalibus
2862 3447 3035 3513 dedit,
3066 3454 3120 3502 et
3152 3447 3460 3516 plusquam
3516 3453 3698 3501 mater

2001 3543 2086 3590 est
2126 3535 2307 3605 plane,
2353 3536 2514 3604 quia,
2563 3536 2717 3603 quod
2765 3534 3032 3590 secundis
3059 3549 3172 3589 non
3209 3534 3337 3589 licet
3388 3534 3690 3600 matribus,

2002 3622 2203 3678 iterato
2250 3637 2352 3678 nos
2392 3622 2609 3692 recipit.
2651 3622 3009 3692 Quocumque
3046 3622 3198 3678 enim
3243 3629 3529 3691 apparatu
3577 3635 3696 3677 sar-

2002 3711 2395 3783 cophagornm
2446 3710 2673 3766 amoliri
2728 3725 2762 3765 a
2812 3718 2864 3765 te
2920 3717 3134 3767 tactum
3195 3716 3360 3765 terra
3415 3709 3690 3777 volueris,

2002 3799 2143 3855 velis
2173 3800 2341 3864 nolis,
2378 3807 2529 3855 terra
2572 3798 2653 3854 iis.
2702 3799 2772 3853 Et
2816 3814 2947 3868 qua
2984 3798 3235 3868 dignitas
3282 3806 3345 3852 ut
3371 3799 3503 3868 quis
3546 3811 3690 3853 auro

2000 3895 2312 3959 argentove
2339 3888 2667 3954 claudatur,
2716 3900 2847 3944 cum
2880 3887 2977 3942 Dei
3014 3886 3189 3942 Filius
3217 3900 3367 3953 ,saxo
3412 3885 3690 3941 vilissimo

1999 3976 2380 4033 obstruatur?
2406 3977 2562 4041 Quod
2606 3977 2677 4031 ad
2715 3976 3057 4032 saeulorum
3096 3974 3424 4044 primordiis
3473 3989 3544 4030 ne
3588 3988 3689 4029 su-

2001 4066 2349 4135 perbissimis
2401 4065 2632 4135 quidem
2686 4065 2920 4136 regibus
2960 4072 3183 4121 constat
3240 4063 3525 4129 inolitum,
3585 4078 3691 4118 nec

205 4154 478 4224 Exuperii
514 4153 746 4209 nomine
774 4153 1002 4210 tumulo
1031 4154 1199 4222 eruit,
1240 4161 1295 4210 et
1326 4156 1399 4210 ad
1428 4155 1759 4225 episcopum
1792 4155 1887 4211 de-
1928 4138 1972 4192 D
2005 4155 2238 4211 unicum
2290 4154 2575 4210 memoria
2624 4170 2761 4210 mea
2805 4153 3206 4224 suppeditatur
3231 4152 3562 4223 exemplum
3590 4172 3605 4220 ;
3635 4161 3690 4208 et

209 4241 351 4299 tulit.
413 4242 733 4312 Interrogat
778 4241 1082 4312 episcopus
1130 4249 1329 4297 utrum
1380 4241 1563 4298 sancti
1619 4242 1895 4312 Exuperii

209 4329 358 4400 quod
387 4328 659 4385 intulerat
685 4337 851 4396 esset,
884 4343 1082 4397 necne,
1102 4330 1243 4399 quin
1265 4329 1435 4385 etiam
1467 4339 1893 4387 sacramentum

210 4419 280 4475 ab
314 4432 380 4474 eo
419 4418 618 4489 exigit.
663 4418 800 4482 Hoc,
852 4418 1063 4488 inquit,
1099 4418 1483 4490 jurejurando
1522 4419 1622 4476 tibi
1668 4433 1895 4476 asseve—

210 4507 362 4574 rabo,
396 4506 552 4577 quod
582 4521 791 4576 corpus
819 4505 1102 4576 Exuperii
1139 4506 1230 4575 sit,
1273 4507 1342 4562 de
1375 4508 1676 4563 sanctitate
1701 4515 1894 4564 autem

211 4595 697 4666 nunquam,‘quia
728 4594 924 4651 multis
955 4595 1008 4650 id
1040 4608 1369 4664 pranomen
1394 4595 1721 4663 aseribitur,
1749 4611 1893 4666 quo-

211 4696 335 4740 rum
378 4682 659 4738 sententia
704 4683 874 4753 longe
918 4682 1322 4754 peregrinatur
1364 4697 1398 4739 a
1446 4691 1662 4740 sancto.
1711 4684 1897 4755 Igitur

213 4771 316 4827 hoc
363 4771 530 4827 modo
586 4771 888 4842 episcopus
948 4770 1347 4842 aquivocatus
1390 4786 1424 4827 a
1474 4772 1600 4828 fure
1651 4773 1893 4843 quievit.

212 4859 514 4930 Oppidanis
538 4868 732 4917 autem
758 4860 1196 4917 mercimonium
1227 4861 1296 4917 de
1325 4869 1563 4930 patrono
1610 4875 1715 4917 suo
1740 4863 1897 4932 quod

215 4946 413 5003 fecerat
466 4934 658 5004 custos
714 4947 1003 5004 inclaruit.
1064 4946 1173 5015 Qui
1229 4955 1545 5004 conventus
1604 4948 1676 5004 ab
1736 4948 1892 5019 ipsis,

214 5036 533 5107 respondit:
582 5037 830 5094 Revisite
868 5038 1036 5108 signa
1084 5036 1277 5094 feretrl
1325 5035 1471 5107 ejus,
1521 5043 1577 5093 et
1624 5037 1730 5092 nisi
1778 5036 1896 5093 illi-

214 5125 340 5181 bata
365 5124 641 5192 videritis,
671 5125 828 5181 luam
861 5139 1078 5196 panas.

279 5216 419 5272 Ecce
447 5224 734 5286 quantum
778 5217 955 5271 totius
1000 5213 1295 5285 religionis
1332 5213 1580 5269 dedecus
1621 5213 1898 5283 coemptio

218 5302 537 5374 episcopalis
562 5301 799 5370 evaluit,
845 5301 1005 5366 dum,
1055 5308 1314 5372 promoto
1344 5308 1462 5357 tam
1507 5300 1740 5371 profane
1791 5316 1897 5358 ru-

220 5391 347 5449 stico
386 5390 700 5462 Exuperio,
743 5405 907 5447 sacro
958 5390 1056 5446 Dei
1102 5404 1219 5461 quo
1267 5389 1526 5446 intrnsus
1564 5397 1648 5446 est
1695 5389 1898 5447 altario

2001 4257 2136 4299 cum
2167 4241 2422 4298 infinitas
2450 4242 2851 4298 thesaurorum
2901 4242 3091 4312 copias
3136 4240 3415 4312 sepulcris
3466 4241 3694 4296 immer-

2003 4338 2223 4403 gerent,
2273 4332 2364 4401 (ιδ)
2416 4344 2721 4401 nunquam
2770 4330 2973 4402 legisse
3002 4344 3093 4386 me
3129 4330 3363 4386 memini
3416 4328 3574 4399 quod
3603 4327 3691 4383 lo-

2001 4420 2148 4475 culis
2174 4418 2365 4475 aureis
2396 4433 2500 4474 seu
2547 4420 2833 4491 argenteis
2869 4432 3159 4475 marmora
3186 4431 3335 4487 pura
3375 4424 3685 4471 mutarent.

2001 4509 2138 4572 Qua
2190 4508 2288 4563 Dei
2335 4506 2626 4563 amulatio
2682 4515 2787 4574 est,
2837 4508 2933 4562 sed
2987 4520 3101 4561 non
3142 4504 3463 4561 secundum
3517 4502 3694 4559 scien-

2000 4595 2139 4652 tiam
2194 4598 2372 4663 (Rom.
2407 4610 2464 4663 x,
2512 4594 2588 4667 2),
2650 4604 2713 4652 ut
2769 4595 2908 4651 ﬁdes
2970 4594 3197 4650 nullum
3247 4592 3501 4648 fructum
3566 4589 3695 4647 affe-

2003 4698 2153 4750 rens,
2185 4683 2282 4739 sed
2323 4698 2455 4753 qua
2489 4683 2737 4739 multum
2788 4682 2977 4752 pariat
3004 4681 3293 4747 indecens,
3334 4687 3528 4735 nostro
3559 4686 3694 4735 tem-

2001 4788 2134 4844 pore
2190 4779 2622 4835 commentetur,
2681 4772 2835 4843 quod
2888 4770 3036 4826 nulli
3092 4783 3357 4841 unquam
3405 4766 3690 4839 religioni,

2002 4861 2181 4918 nullis
2227 4874 2477 4931 usquam
2517 4860 2734 4917 divitiis
2777 4858 3103 4915 exhibitum
3147 4872 3181 4913 a
3227 4856 3436 4914 saculo
3477 4871 3696 4926 compe-

2003 4956 2205 5007 rimus.
3514 4954 3533 4965 ‘

2073 5040 2132 5094 E
2174 5037 2412 5094 tumulis
2456 5038 2577 5093 erui
2620 5053 2863 5109 corpora
2906 5039 3233 5092 sanctorum
3280 5033 3550 5090 Guiberlo
3582 5050 3698 5089 non

1999 5125 2296 5197 probatur.
2354 5154 2425 5166 —-
2472 5124 2569 5195 (⁸⁸)
2617 5129 2779 5182 Certe
2818 5124 2865 5180 si
2913 5130 3257 5183 sanctorum.
3290 5135 3527 5191 corpora
3566 5135 3693 5187 sua,

2000 5216 2172 5285 juxta
2199 5223 2424 5271 natura
2459 5214 2737 5278 debitum,
2773 5213 2915 5280 loca,
2970 5211 3025 5267 id
3054 5219 3139 5268 est
3173 5211 3440 5282 sepulcra
3467 5224 3697 5267 servas-

2004 5311 2150 5370 sent,
2208 5302 2538 5375 hujusmodi
2599 5316 2744 5373 quos
2792 5300 3052 5357 recensui
3105 5314 3326 5357 errores
3379 5307 3694 5355 vaeassent.

2006 5391 2111 5448 Per
2154 5392 2260 5448 hoc
2314 5392 2467 5448 enim
2498 5391 2652 5462 quod
2703 5403 2734 5445 e
2789 5388 3027 5446 tumulis
3068 5396 3379 5457 eruuntur,
3415 5388 3699 5444 membra-
