3914 6094
182 119 288 173 627
379 192 401 204 ὀ

1084 117 1146 170 ν.
1189 115 1519 172 GUIBERTI
1559 114 1844 172 ABBATIS
1882 114 1939 172 S.
1985 116 2225 172 MARI/E
2266 115 2359 170 DE
2397 114 2797 172 NOVIGENTO

3585 118 3729 173 628

186 247 285 305 tim
319 247 435 304 huc
483 246 738 318 illucque
777 246 1065 312 feruntur,
1105 253 1160 300 et
1188 260 1323 301 cum
1351 245 1577 313 pietatis
1609 245 1877 307 obtentus
1914 248 1959 301 Α
1987 245 2095 302 bus
2126 245 2550 316 pollinctorum,
2591 253 2646 302 et
2692 244 3075 315 vespillonum
3123 244 3469 318 generaliter
3515 246 3734 302 obse—

186 337 406 394 occasio
459 334 912 395 circumlationis
962 334 1261 400 exstiterit,
1317 336 1388 389 ad
1438 335 1544 390 hoc
1595 335 1881 390 subeunte

189 425 449 497 nequitia
479 425 803 493 detorqueri
835 433 1020 491 coepta
1067 430 1152 477 est
1198 422 1530 478 intentionis
1575 423 1875 487 rectitudo,

190 523 255 571 ut
287 528 428 584 pene
457 528 588 583 quze
625 511 961 581 simpliciter
1005 510 1126 566 ﬁeri
1165 521 1586 566 consueverant
1626 525 1883 566 corrum-

187 610 348 673 peret
396 600 667 656 universa
713 599 941 668 cupido.
1002 598 1054 653 Si
1107 598 1251 653 tanti
1298 598 1419 654 loco
1463 599 1647 654 meriti
1692 598 1882 655 Tobiae

187 697 548 746 mortuorum
599 687 901 757 sepultura
944 686 1277 753 ascribitur,
1336 694 1401 742 ut
1459 687 1605 742 inter
1660 696 1886 743 caetera-

188 792 319 833 rum
376 774 650 831 beneﬁcia
704 776 1132 830 humauitatum
1204 774 1511 843 Rapbaelis
1565 774 1887 843 specialiter

188 864 303 921 fere
332 864 651 920 testimonio
681 863 1060 930 collaudetur,
1094 871 1149 919 et
1194 870 1327 918 ante
1374 864 1466 917 Dei
1500 865 1697 919 oculos
1726 873 1888 935 grate

189 953 499 1008 admodum
550 952 738 1008 delata
791 952 1018 1008 dicatur
1060 952 1219 1020 (Tob.
1278 966 1370 1011 xu.
1445 955 1522 1011 l2,
1576 957 1686 1021 t3),
1746 953 1888 1023 quid

191 1040 498 1111 impietatis
546 1049 600 1096 et
630 1041 812 1110 culpa
855 1048 1129 1110 putamus
1171 1039 1444 1106 obtineat,
1500 1040 1602 1109 qui
1651 1055 1890 1110 corpora

190 1129 443 1184 naturali
483 1129 672 1184 debito
719 1130 954 1198 privans
1004 1128 1215 1197 quavis
1260 1126 1371 1182 levi
1423 1127 1718 1183 occasione
1765 1143 1888 1184 mo-

191 1217 392 1274 lestat‘?
416 1218 485 1273 Et
515 1232 646 1288 quae
676 1232 792 1272 non
823 1217 948 1272 dico
975 1217 1170 1282 levior,
1198 1217 1291 1271 sed
1322 1215 1708 1285 importunior
1722 1232 1891 1272 occa-

193 1306 275 1361 sio
322 1319 498 1375 quam
550 1312 614 1361 ut
661 1304 983 1374 discipulus
1030 1311 1396 1372 praeponatur
1442 1304 1751 1373 magistro?
1799 1304 1893 1360 ille

194 1392 371 1464 lapidi
430 1393 782 1460 intrudatur,
838 1393 932 1447 hic
1002 1406 1146 1447 auro
1211 1391 1567 1447 claudatur?
1628 1392 1722 1448 ille
1791 1408 1895 1448 nec

193 1497 337 1553 pene
366 1482 563 1538 subtili
594 1482 833 1537 sindone
874 1480 1243 1547 obvolvatur,
1286 1480 1381 1536 hic
1411 1480 1599 1550 palliis
1634 1489 1735 1536 aut
1762 1483 1897 1537 seri-

196 1571 296 1636 cis,
329 1583 546 1626 aurove
573 1568 758 1624 textili
788 1568 1207 1638 subcingatur?

267 1658 358 1728 (ίτ)
392 1657 557 1728 Apud
604 1655 1129 1726 splendidissimum
1181 1670 1388 1726 papam
1426 1656 1788 1729 Gregorium,
1838 1656 1894 1713 hi

199 1746 303 1817 qui
346 1759 585 1815 corpora
626 1745 790 1801 Pauli
844 1744 1106 1815 apostoli,
1167 1746 1575 1817 Laurentiique
1625 1746 1896 1816 martyris

196 1835 361 1890 inscii
412 1848 762 1904 conspexere
814 1833 1154 1904 gravissime
1188 1840 1323 1889 sunt
1376 1835 1583 1903 puniti.
1636 1834 1783 1902 Quid
1828 1834 1898 1889 de

197 1923 266 1978 iis
289 1921 496 1993 judicii
527 1922 868 1991 proferetur,
904 1922 1121 1992 quibus
1154 1922 1401 1978 avaritia
1449 1923 1569 1979 sola
1622 1923 1681 1977 in
1721 1937 1897 1978 causa

195 2019 297 2077 est,
357 2018 412 2066 et
454 2018 787 2067 sanctorum
856 2024 1098 2080 corpora
1160 2010 1380 2067 faciunt
1447 2011 1762 2082 irrequieta
1820 2012 1900 2066 di-

197 2097 407 2169 spergi,
456 2098 591 2164 imo,
656 2106 719 2154 ut
769 2098 851 2154 sic
917 2098 1126 2166 dicam,
1210 2112 1311 2167 pro
1364 2099 1484 2154 sola
1536 2099 1899 2155 oblationum

196 2186 452 2243 iilatione
504 2187 842 2257 quotidiana
890 2186 1135 2243 ostentui
1182 2186 1422 2244 haberi?
1486 2187 1675 2244 Solent
1729 2202 1897 2244 nam-

196 2290 311 2346 que
355 2275 667 2346 pyxidibus
711 2275 982 2332 eburneis
1025 2284 1125 2331 aut
1156 2277 1445 2347 argenteis
1474 2278 1633 2331 nuda
1671 2286 1899 2333 sancto-

198 2377 328 2419 rum
361 2376 490 2419 ossa
535 2368 856 2435 contegere,
892 2372 949 2420 et
996 2365 1068 2420 ad
1111 2373 1338 2436 tempus
1383 2374 1438 2423 et
1480 2367 1681 2422 horam
1721 2365 1902 2435 pretio

196 2466 316 2508 sese
365 2453 659 2522 ingerente
704 2460 976 2523 relegere.
1025 2452 1271 2523 Spiritus
1318 2454 1617 2517 Samuelis,
1669 2454 1791 2522 qui,
1840 2460 1903 2509 ut

196 2539 432 2609 spiritus
473 2540 720 2597 naturali
754 2540 1045 2597 alacritate
1072 2541 1327 2612 vigebat,
1363 2556 1462 2611 per
1510 2542 1665 2613 Pyth:
1692 2542 1902 2599 nissam

200 2628 512 2698 inquietari
573 2642 632 2684 se
688 2629 829 2700 quia
898 2631 1268 2691 evocabatur,
1344 2631 1613 2701 queritur
1657 2633 1702 2697 (1
1763 2630 1901 2703 Reg.

202 2730 401 2779 xxvui,
469 2717 574 2783 15),
629 2724 683 2771 et
736 2730 862 2772 ossa
934 2718 1251 2773 materialna
1303 2733 1435 2788 quae
1493 2719 1598 2774 hac
1662 2719 1906 2788 illacque

1989 335 2324 405 quebantur
2375 334 2582 401 ofﬁcia,
2631 344 2686 391 et
2732 334 2991 405 vulgaris
3037 335 3370 405 sandapilae,
3428 343 3485 392 et
3532 343 3730 391 certe

1990 438 2245 492 quorum
2297 438 2442 494 spes,
2496 424 2819 480 intereunte
2867 438 3121 493 corpore,
3148 425 3363 492 pariter
3392 422 3729 488 interibat,

1990 520 2045 566 et
2079 526 2181 567 nos
2210 526 2414 568 eorum
2449 513 2618 568 busta
2649 511 3013 579 suﬁ'odimus,
3047 514 3306 568 membra
3348 512 3724 577 dividimus,

1992 614 2138 670 quos
2186 614 2323 656 sane
2362 600 2626 670 plurimis
2666 600 3024 657 documentis
3064 614 3241 670 super
3287 602 3395 657 hac
3442 600 3734 656 motione

1994 688 2155 744 irasci
2186 689 2599 758 comperimus!

2066 777 2237 833 Plane
2279 777 2588 848 Gregorius
2636 778 2737 845 (lib
2788 792 2941 844 χχχι,
2983 776 3150 848 epist.
3202 777 3312 846 30),
3362 791 3497 832 cum
3527 774 3727 832 Pauli

1994 864 2227 932 apostoli
2259 868 2434 934 caput
2476 864 2549 920 ab
2578 868 2858 935 Augusta,
2900 863 3008 919 nisi
3049 863 3233 930 fallor,
3277 863 3486 918 Tiberii
3533 871 3729 932 pete—

1995 960 2175 1021 retur,
2220 952 2306 1021 (ιθ)
2351 968 2411 1009 se
2458 967 2694 1023 prorsus
2744 954 2798 1008 id
2838 968 2953 1008 non
2993 954 3207 1009 audere
3246 952 3553 1022 respondit,
3605 950 3731 1006 illa

1999 1057 2176 1113 quam
2203 1043 2473 1111 superius
2503 1043 2626 1098 dixi
2659 1057 2833 1112 super
2861 1044 2990 1114 ejus
3021 1042 3410 1112 repertoribus
3440 1039 3729 1096 animad-

1998 1132 2258 1187 versione
2320 1141 2616 1200 praetensa.
2656 1132 3035 1188 Eadmundus
3091 1131 3244 1201 apud
3299 1130 3519 1200 Anglos
3576 1143 3723 1183 non

2001 1219 2271 1290 ignobilis
2301 1219 2496 1290 gloria)
2533 1233 2635 1274 rex
2674 1227 2730 1276 et
2778 1228 2998 1289 martyr
3047 1219 3261 1285 existit,
3303 1219 3473 1289 cujus
3519 1217 3575 1272 in
3610 1216 3727 1271 sui

2003 1309 2240 1364 tuitione
2294 1309 2553 1378 corporis
2578 1308 2766 1364 zelum
2818 1309 3021 1364 vellem
3065 1308 3247 1364 sancti
3285 1306 3731 1363 aemularentur

2004 1397 2211 1463 caeteri,
2248 1398 2351 1467 qui
2391 1397 2449 1452 in
2486 1405 2638 1453 statu
2678 1397 2984 1453 dormienti
3028 1397 3317 1453 simillimo
3362 1397 3476 1452 huc
3515 1408 3729 1465 usque

2005 1486 2308 1555 persistens
2357 1500 2391 1541 a
2438 1486 2666 1542 nemine
2721 1486 2899 1542 videri
2945 1500 3004 1542 se
3055 1487 3336 1557 dignatur
3373 1492 3476 1541 aut
3520 1482 3723 1553 tangi.

2003 1574 2207 1631 Nostra
2256 1575 2409 1631 enim
2451 1584 2637 1644 aetate,
2673 1585 2735 1631 ut
2776 1589 2846 1631 ea
2881 1589 3013 1646 qua;
3051 1575 3109 1630 in
3151 1576 3280 1646 ejus
3325 1573 3588 1644 passione
3626 1572 3727 1627 le-

2006 1671 2229 1734 guntur
2284 1671 2524 1729 taceam,
2588 1663 2682 1735 (3°)
2731 1664 2884 1720 abba
2935 1664 3178 1734 quidam
3233 1663 3361 1734 ejus
3413 1661 3521 1718 loci
3576 1660 3729 1730 plus

2005 1766 2173 1822 aequo
2218 1753 2498 1815 curiosus,
2538 1763 2759 1821 utrum,
2808 1752 2889 1809 uti
2942 1752 3320 1824 vulgabatur,
3367 1758 3546 1820 caput
3581 1750 3728 1819 ejus

2008 1849 2134 1912 post
2193 1840 2599 1898 abscissionem
2656 1842 2881 1910 corpori
2940 1849 3086 1897 esset
3139 1841 3391 1905 unitum,
3451 1840 3727 1909 praemis-

2007 1930 2084 1986 sis
2101 1929 2341 2000 jejuniis
2368 1945 2499 1985 cum
2531 1935 2679 1986 888
2706 1930 2960 2000 quodam
2981 1944 3087 1986 suo
3114 1928 3397 1985 monacho
3413 1927 3729 1982 adnitente

2008 2018 2281 2085 tentavit;
2352 2018 2448 2074 sed
2506 2019 2873 2074 tentationem
2947 2017 3105 2073 illam
3175 2020 3338 2071 tanta
3401 2014 3719 2071 confestim

2013 2104 2238 2175 punivit
2273 2105 2577 2162 inﬁrmitas
2604 2113 2666 2162 ut
2705 2105 2762 2161 in
2813 2115 3018 2163 neutro
3054 2105 3173 2162 ulla
3212 2104 3479 2174 deinceps
3521 2115 3728 2160 rema-

2015 2200 2174 2249 neret
2206 2207 2489 2249 manuum
2523 2193 2756 2248 utilitas.

2083 2281 2135 2336 Si
2180 2281 2263 2337 sic
2307 2281 2570 2352 quietum
2613 2282 2733 2337 suis
2781 2280 3020 2338 tumulis
3066 2279 3186 2336 fore
3233 2293 3539 2350 quemque
3570 2278 3726 2334 lice—

2012 2377 2116 2435 ret,
2161 2384 2334 2440 super
2389 2383 2719 2441 corporum,
2759 2370 3143 2439 pignorumve
3181 2382 3478 2424 sacrorum
3526 2376 3721 2422 muta-

2014 2461 2165 2518 tione
2196 2459 2319 2515 sine
2375 2460 2708 2516 concambio
2761 2458 3056 2514 altercatio
3108 2465 3225 2513 tota
3267 2457 3477 2524 sileret,
3508 2471 3617 2511 nec
3681 2456 3721 2511 ii

2016 2550 2200 2615 illum,
2252 2548 2332 2604 illi
2373 2548 2637 2604 eumdem
2699 2547 2907 2603 habere
2953 2561 3011 2601 se
3054 2545 3328 2608 dicerent,
3387 2544 3433 2599 si
3488 2543 3726 2599 illibata

2018 2638 2445 2701 universorum,
2496 2644 2561 2692 ut
2602 2636 2826 2706 justum
2866 2643 3030 2700 esset,
3081 2643 3453 2688 monumenta
3510 2645 3719 2687 mane-

2016 2736 2164 2795 rent,
2221 2735 2275 2781 et
2306 2726 2443 2781 dum
2489 2740 2686 2780 omnes
2725 2724 2779 2779 in
2817 2723 2921 2778 sibi
2970 2721 3249 2778 attributa
3301 2730 3450 2777 terra
3493 2718 3718 2775 immoti

202 2804 540 2872 dispersioni
596 2812 810 2874 patent,
867 2805 913 2860 si
965 2805 1181 2875 possint
1228 2806 1546 2877 justissiine
1592 2821 1703 2861 non
1755 2822 1903 2877 que-
1945 2815 2393 2886 Cquiescerent.
2468 2814 2717 2873 fraudes,
2793 2826 2943 2880 quas
3025 2809 3476 2880 praelibavimus,
3537 2821 3722 2877 super

203 2892 450 2949 rantur?
494 2893 668 2949 Iacob
709 2900 764 2949 et
825 2894 1029 2963 Ioseph
1100 2902 1394 2965 tantopere
1450 2896 1518 2950 de
1589 2894 1904 2965 sepulturis

205 2982 486 3038 mandant
538 2983 757 3050 (Gener.
804 2996 981 3049 xnvu,
1027 2985 1128 3051 30;
1182 2998 1234 3049 ι,
1287 2983 1400 3052 24).
1447 2991 1501 3039 et
1547 2998 1746 3039 omnes
1774 2998 1904 3039 san-

203 3070 280 3127 cti
310 3071 574 3142 sepulcra
603 3070 711 3126 sibi
757 3078 1106 3140 praeparant,
1147 3072 1216 3128 de
1245 3072 1602 3141 reportandis
1648 3072 1719 3128 ad
1753 3071 1907 3142 geni-

201 3159 317 3216 tale
364 3159 549 3215 solum
598 3159 824 3215 ossibus
866 3173 1098 3228 operam
1141 3167 1371 3231 gerunt,
1437 3161 1491 3215 in
1549 3162 1719 3216 domo
1773 3173 1900 3226 sua,

206 3247 263 3302 id
322 3254 405 3302 est
443 3246 503 3302 in
552 3246 866 3317 parentela,
918 3247 1065 3303 inter
1116 3249 1330 3304 scilicet
1377 3249 1726 3305 contribules
1772 3262 1906 3304 suos

205 3348 323 3391 non
370 3334 616 3405 sepeliri,
671 3335 836 3406 quasi
890 3350 1031 3405 pene
1088 3336 1351 3392 damnari
1409 3345 1708 3393 metuunt:
1763 3336 1903 3407 quid

209 3424 368 3479 aliud
422 3423 654 3479 videtur
702 3423 809 3480 nisi
858 3424 1014 3495 quod
1062 3439 1301 3494 corpora
1344 3425 1418 3481 ad
1472 3424 1907 3481 resurrectionis

208 3511 448 3584 gloriam
480 3511 843 3568 immutanda
871 3513 1212 3570 omnimodis
1242 3514 1432 3584 magni
1466 3512 1765 3584 pendunt?

280 3601 335 3657 Si
385 3615 572 3668 nemo,
623 3600 677 3656 id
718 3609 801 3656 est
841 3602 1065 3658 ratione
1116 3618 1177 3659 se
1216 3617 1412 3674 agens,
1459 3615 1692 3657 carnem
1740 3615 1907 3657 suam

208 3690 336 3747 odio
394 3689 597 3746 habuit
648 3688 829 3760 (Eph.
907 3705 963 3755 v,
1024 3693 1135 3761 '29),
1198 3690 1340 3761 quin
1405 3704 1548 3746 escae
1621 3704 1689 3745 ac
1742 3698 1909 3760 potus

208 3779 447 3835 obsonia
478 3778 829 3849 quotidianae
859 3778 1189 3850 indigentiae
1225 3780 1656 3845 comministret,
1691 3785 1909 3849 quanto

211 3867 396 3936 magis
440 3866 602 3934 illud,
650 3866 709 3921 in
743 3881 859 3937 quo
907 3866 1224 3922 necessitati
1270 3867 1508 3922 luxuria
1553 3866 1715 3922 nulla
1746 3880 1907 3920 com-

210 3955 485 4024 municet,
547 3962 610 4010 ut
664 3956 721 4010 in
781 3955 992 4010 haustu
1034 3954 1373 4010 victualium
1420 3954 1723 4024 aliquoties
1768 3968 1911 4009 con-

211 4043 432 4113 tingere
471 4042 628 4109 solet,
672 4042 1215 4112 praecordialiusque
1263 4042 1533 4112 quamvis
1572 4051 1911 4111 sumptuoso

2009 2918 2210 2959 eorum
2253 2900 2535 2957 multiﬁda
2586 2899 2987 2956 distributione
3036 2913 3150 2954 non
3194 2897 3410 2961 tierent,
3466 2909 3570 2950 nec
3623 2896 3720 2949 in-

2011 2992 2170 3058 digni
2207 2990 2516 3059 dignorum
2549 2987 2668 3043 loca
2700 2994 2972 3043 tenerent.

2084 3078 2113 3150 ς
2147 3080 2215 3134 lli
2250 3079 2385 3133 Non
2427 3078 2672 3149 peccant
2705 3074 2805 3147 qui
2847 3072 3132 3145 reliquias
3168 3072 3473 3140 cujusdam
3517 3068 3718 3124 sancti

2010 3183 2120 3238 pro
2150 3167 2275 3222 alio
2299 3168 2645 3221 venerantur
2708 3195 2777 3205 —
2806 3163 3096 3231 Quaeritur
3125 3175 3359 3232 quoque
3402 3160 3474 3215 ab
3510 3159 3562 3215 al
3588 3160 3721 3230 qui-

2012 3256 2123 3312 bus
2159 3263 2357 3311 utrum
2407 3268 2609 3311 eorum
2648 3252 2906 3322 reliquiae
2953 3266 3085 3306 cum
3131 3249 3324 3306 altera;
3376 3262 3476 3317 pro
3520 3247 3720 3303 alteris

2014 3350 2395 3409 honorantur,
2436 3350 2491 3397 et
2538 3356 2654 3397 non
2684 3340 2798 3396 sint
2839 3339 2985 3409 ejus,
3017 3337 3188 3409 cujus
3235 3351 3356 3393 esse
3410 3343 3715 3406 putantur,

2013 3433 2232 3505 aliquid
2289 3432 2673 3502 perniciosum
2728 3428 3047 3484 colentibus
3101 3427 3411 3497 importare
3465 3426 3715 3481 credan—

2016 3531 2131 3580 tur.
2191 3519 2351 3587 Quod
2402 3532 2508 3588 ego
2552 3532 2666 3572 non
2724 3516 2944 3571 aestimo
3005 3529 3018 3569 :
3062 3528 3194 3570 cum
3239 3517 3394 3570 enim
3436 3512 3716 3568 Dominus

2016 3611 2085 3666 de
2113 3610 2195 3665 eis
2224 3607 2395 3672 dicat,
2426 3608 2488 3660 ut
2515 3606 2658 3669 sint,
2694 3604 2906 3673 inquit,
2938 3618 3120 3659 unum
3147 3601 3295 3656 sicut
3324 3605 3379 3656 et
3407 3616 3511 3655 nos
3537 3615 3715 3653 unum

2013 3712 2218 3753 sumus
2272 3693 2457 3761 (Joan.
2516 3707 2654 3761 xvu,
2715 3692 2824 3763 2'2),
2874 3707 3006 3748 cum
3060 3694 3312 3761 ipsorum
3366 3689 3717 3746 universitas

2017 3784 2127 3840 sub
2173 3782 2394 3838 Christo
2437 3782 2621 3852 capite
2667 3780 2740 3836 sit
2783 3781 2950 3851 quasi
2988 3779 3255 3848 quaedam
3288 3776 3557 3832 identitas
3583 3789 3713 3831 cor-

2020 3871 2190 3941 poris,
2224 3878 2280 3926 et
2327 3884 2481 3925 unus
2509 3883 2643 3925 cum
2686 3868 2798 3924 Deo
2832 3867 2904 3923 sit
2939 3867 3176 3937 spiritus
3205 3866 3305 3936 ipsi
3347 3863 3712 3931 adhaerentis,

2021 3961 2168 4016 inter
2197 3972 2399 4015 eorum
2438 3971 2565 4013 ossa
2611 3957 2713 4027 qui
2754 3955 2940 4011 sancti
2983 3963 3138 4019 sunt,
3182 3968 3297 4009 non
3340 3960 3425 4008 est
3473 3964 3628 4006 error
3667 3950 3714 4006 si

2020 4046 2134 4101 alia
2178 4060 2279 4115 pro
2331 4045 2457 4100 aliis
2497 4043 2857 4110 excolantur,
2908 4043 3010 4112 qui
3058 4040 3471 4097 commembrcs
3518 4039 3574 4093 in
3620 4037 3715 4094 sui

215 4130 397 4185 tristis
426 4129 625 4199 hujus,
668 4137 733 4185 ut
783 4130 863 4185 ait
908 4138 1087 4199 poeta,
1136 4130 1435 4187 ministerii
1478 4130 1722 4192 ambitu.
1750 4143 1906 4199 spem
1948 4123 1992 4177 Ῑ)
2020 4134 2271 4190 auctoris
2301 4146 2539 4202 corpore
2564 4130 3008 4200 dignoscuntur.
3038 4131 3084 4185 Α
3114 4144 3230 4200 quo
3259 4142 3431 4183 sensu
3452 4140 3567 4182 non
3592 4125 3712 4182 dis-

216 4217 286 4273 ad
340 4218 590 4273 melioris
622 4217 752 4273 vita:
794 4225 1005 4273 statum
1048 4218 1348 4290 porrigens
1401 4227 1699 4275 exstruere
1723 4218 1908 4283 debet,

219 4306 317 4362 ubi
368 4305 510 4360 liber
557 4306 630 4361 ab
673 4306 859 4362 hieme
906 4307 1191 4375 saeculari,
1243 4316 1299 4363 et
1347 4308 1712 4377 praesentium
1751 4313 1913 4363 tutus

217 4395 288 4450 ab
332 4394 513 4450 imbre
564 4394 888 4459 turbarum,
931 4410 1125 4451 vocem
1169 4395 1501 4467 archangeli
1548 4408 1788 4466 surgere
1823 4396 1915 4465 ju-

217 4483 401 4539 bentis
455 4485 781 4553 exspectet?
858 4482 915 4539 Si
987 4483 1321 4554 hujusmodi
1382 4490 1548 4540 vocat
1612 4484 1914 4553 Apostolus

216 4571 564 4627 dormientes
595 4571 649 4642 (ι
712 4572 905 4627 Thess.
970 4588 1045 4638 iv,
1105 4572 1212 4641 t2),
1269 4587 1375 4645 ego
1454 4572 1595 4628 tales
1649 4570 1912 4627 existimo

218 4659 539 4731 inquietare
599 4660 904 4727 nefarium,
964 4660 1276 4730 praesertim
1337 4674 1468 4716 cum
1524 4660 1582 4716 in
1636 4660 1745 4716 hac
1788 4659 1914 4727 ipsa

216 4749 408 4819 quiete
484 4747 770 4805 neminem
831 4749 931 4819 qui
1002 4748 1278 4821 evigilare
1352 4749 1655 4818 compellat
1731 4747 1912 4804 alium

218 4836 635 4906 praestolamur,
686 4836 795 4893 nisi
849 4851 983 4893 eum
1014 4839 1117 4909 qui
1169 4836 1343 4895 faciat
1380 4838 1450 4894 de
1482 4837 1724 4894 mortuis
1761 4835 1914 4894 vivi-

214 4934 454 4984 scentes.

284 5015 450 5072 Dicat
476 5012 726 5083 quisque
772 5014 926 5084 quod
957 5014 1147 5082 sentit,
1181 5029 1421 5073 securus
1446 5003 1616 5086 plane
1664 5025 1772 5083 ego
1816 5010 1911 5066 in-

215 5102 416 5169 teram,
467 5100 561 5173 (¹⁸)
616 5116 732 5158 non
792 5102 925 5167 Deo,
973 5117 1087 5159 non
1164 5103 1378 5160 sanctis
1446 5101 1582 5171 ipsis
1644 5112 1911 5170 unquam

215 5189 390 5246 fuisse
421 5190 695 5260 placitum
727 5198 790 5247 ut
828 5205 1028 5248 eorum
1069 5192 1394 5263 cujuspiam
1443 5189 1705 5245 debuerit
1754 5202 1909 5243 rese-

215 5278 336 5334 rari
364 5277 714 5348 sepulcrum,
747 5287 849 5336 aut
885 5280 1077 5337 dirimi
1109 5294 1207 5349 per
1255 5280 1436 5336 frusta
1474 5277 1904 5348 corpusculum.

214 5365 386 5436 Apud
423 5365 663 5437 gentiles
707 5376 971 5439 respectu
1018 5369 1395 5426 humanitatis
1441 5366 1679 5423 omnino
1717 5364 1905 5437 inopi-

2018 4235 2255 4292 crepare
2302 4221 2548 4286 videtur,
2600 4218 2755 4290 quod
2803 4226 3056 4288 quatuor
3107 4224 3510 4271 coronatorum
3572 4213 3714 4268 festi-

2022 4313 2170 4367 vitas
2198 4309 2306 4365 sub
2336 4309 2582 4364 aliorum
2624 4308 2886 4377 quinque
2932 4312 3252 4373 martyrum
3285 4300 3614 4357 nominibus
3638 4315 3712 4356 ex

2023 4402 2278 4457 Romana
2304 4398 2642 4453 auctoritate
2672 4393 2945 4450 recolitur
2972 4392 3087 4464 (die
3114 4390 3150 4445 8
3176 4386 3500 4458 Novemb.).

2093 4483 2200 4551 Qui
2248 4487 2401 4539 certe
2444 4485 2713 4538 sanctum
2759 4479 3070 4544 existimat,
3132 4477 3397 4548 colitque,
3454 4474 3711 4547 quamvis

2024 4572 2163 4627 talis
2187 4588 2303 4627 non
2323 4571 2420 4639 sit,
2445 4571 2715 4641 fructum
2754 4567 2961 4640 recipit
3001 4565 3286 4622 orationi:
3312 4564 3469 4636 apud
3511 4565 3705 4618 Deum.

2018 4689 2091 4702 —
2134 4660 2239 4717 Sed
2287 4660 2359 4716 ad
2411 4661 2530 4716 haec
2587 4659 2823 4715 forsitan
2876 4656 3071 4727 quivis
3125 4668 3256 4725 quae
3316 4662 3512 4709 utrum
3567 4652 3711 4708 Deus

2020 4748 2302 4817 simplices
2331 4762 2593 4818 quosque
2620 4746 2919 4811 exaudiat,
2967 4759 3100 4800 cum
3153 4757 3251 4813 per
3288 4757 3384 4797 eos
3415 4742 3709 4796 invocatur

2020 4850 2166 4906 quos
2194 4849 2315 4891 esse
2362 4844 2588 4892 sanctos
2634 4849 2751 4890 non
2792 4840 3033 4890 constat.
3077 4831 3179 4889 Cui
3231 4828 3703 4901 respondendum,

2019 4924 2159 4995 quia
2207 4922 2355 4980 sicut
2402 4924 2604 4991 Deum,
2660 4923 2763 4994 qui
2806 4936 2962 4989 eum,
3014 4921 3084 4977 de
3140 4935 3257 4991 quo
3315 4926 3401 4974 est
3460 4918 3706 4974 incertus

2018 5008 2293 5079 exposcit,
2326 5009 2545 5079 irritat;
2582 5008 2662 5064 ita
2707 5023 2844 5066 eum
2877 5007 2924 5063 si
2972 5007 3212 5063 ﬁdeliter
3256 5014 3520 5061 sanctum
3549 5004 3702 5060 illum

2017 5097 2272 5159 credens,
2324 5096 2428 5167 qui
2474 5110 2590 5152 non
2631 5103 2717 5152 est
2750 5103 2985 5153 sanctus
3024 5097 3240 5160 exoret,
3295 5092 3502 5162 placat.
3539 5090 3703 5148 Verbi

2020 5187 2226 5258 gratia,
2286 5200 2570 5256 ponamus
2621 5185 2876 5256 aliquem
2930 5183 3033 5255 qui
3085 5185 3507 5251 elecmosynam
3552 5188 3702 5249 putet

2017 5288 2138 5331 esse
2202 5280 2546 5345 peccatum:
2614 5273 2659 5329 si
2719 5286 2857 5343 ergo
2904 5270 2954 5328 is
2990 5271 3234 5329 scienter
3290 5269 3698 5338 eleemosynatn

2018 5363 2208 5431 faciat,
2258 5373 2461 5418 revera
2506 5359 2757 5430 profecto
2791 5372 2864 5415 ex
2907 5357 3268 5415 conscientiae
3314 5355 3534 5413 intuitu
3573 5369 3698 5426 pec-
