3914 6094
173 191 276 243 629

1246 185 1333 239 DE
1374 185 1798 241 PIGNORIBUS
1834 184 2274 240 SANCTORUM.
2314 214 2378 225 —-
2404 182 2534 239 LIB.
2577 185 2647 239 lI.

3572 187 3677 240 630

169 324 281 383 cat,
310 332 443 373 cum
475 324 667 372 tamen
704 315 980 371 aliorsum
1009 329 1143 371 vere
1194 316 1267 371 sit
1317 316 1528 371 bonum
1572 316 1724 385 quod
1776 316 1864 370 fa—
1901 318 1949 369 Α
1978 329 2105 370 men
2133 316 2420 381 exhibeat,
2450 322 2512 371 tu
2558 314 2843 384 propheta
2881 322 2983 370 aut
3019 314 3161 384 justi
3212 313 3482 371 meritum
3522 330 3675 384 pra-

170 406 304 460 ciat.
341 406 429 460 Ita
465 405 633 474 plane
657 403 700 457 si
732 412 995 460 sanctum
1030 404 1162 474 quis
1204 403 1465 469 astimet,
1509 418 1682 473 quem
1734 418 1865 459 san-

168 502 329 549 ctum
379 493 611 564 quidem
665 493 777 547 dici
820 492 1036 558 audiat,
1083 500 1349 548 sanctum
1395 507 1526 548 vero
1573 507 1694 547 esse
1752 507 1867 547 non

170 589 410 649 constet,
461 581 509 637 si
554 595 688 637 eum
734 580 1197 650 pracordialiter,
1239 588 1294 635 et
1332 580 1651 637 secundum
1699 581 1863 636 fidem

170 670 511 740 interpellet,
574 670 728 739 apud
778 670 978 734 Deum,
1035 670 1138 740 qui
1187 684 1361 725 causa
1405 679 1459 725 et
1511 670 1732 726 fructus
1784 679 1868 726 est

169 761 463 825 orationis,
512 759 749 813 intentio
806 759 1166 826 deprecantis
1215 766 1330 813 tota
1377 758 1666 828 deﬁgitur,
1730 774 1868 829 quo-

169 861 406 917 cunque
439 847 603 902 modo
652 846 882 902 animus
934 860 1036 916 per
1081 846 1500 916 simplicitatem
1547 860 1720 915 super
1761 861 1866 902 suo

169 936 542 992 intercessore
587 948 782 991 errare
830 934 1116 998 videatur,
1159 941 1214 990 et
1263 934 1414 1004 quod
1458 934 1569 989 sub
1600 949 1695 1004 spe
1730 935 1864 991 boni

170 1025 511 1094 honoratur,
561 1036 867 1094 nunquam
933 1036 967 1078 a
1022 1021 1156 1078 boni
1216 1023 1680 1078 remuneratione
1746 1038 1867 1079 cas-

169 1120 353 1169 satur.

239 1199 295 1256 Si
323 1202 476 1256 enim
504 1199 746 1270 recipias
782 1200 1119 1271 prophetam
1164 1200 1222 1255 in
1277 1200 1509 1257 nomine
1546 1202 1862 1271 propheta,

166 1288 223 1345 id
247 1296 333 1344 est
372 1288 474 1360 qui
505 1289 714 1357 solum,
736 1289 857 1344 sine
883 1302 961 1357 re,
993 1296 1095 1344 aut
1120 1287 1263 1358 justi
1292 1296 1393 1344 aut
1439 1289 1724 1359 propheta
1762 1304 1865 1344 no-

1978 404 2275 474 miumque
2309 403 2530 459 sortiris
2574 404 2808 471 (Matth.
2844 418 2901 470 x,
2943 404 3023 471 4),
3071 397 3191 473 (μισ
3238 403 3331 459 ille
3374 405 3569 473 justus
3608 419 3678 459 ac

1978 495 2251 562 propheta
2303 493 2625 559 fraudatur,
2675 493 2777 563 qui
2837 493 3024 548 solum
3080 493 3408 549 utriuslibet
3464 507 3675 548 nomen

1977 581 2357 651 habitumque
2392 582 2706 652 pratendit.
2756 582 2824 636 Et
2867 589 3017 637 certe
3063 581 3226 636 multi
3280 594 3483 650 parum
3532 581 3676 635 litte-

1977 671 2086 725 rati
2134 670 2191 725 in
2252 671 2371 726 suis
2427 671 2770 726 creberrime
2829 670 3093 739 precibus
3153 670 3532 735 mentiuntur,
3575 669 3673 724 sed

1976 760 2135 814 auris
2169 759 2362 815 divina
2396 759 2733 815 intentiones
2772 759 2960 828 potius
2991 773 3167 829 quam
3202 759 3377 813 verba
3416 758 3668 813 metitur.

1976 845 2031 902 Si
2079 847 2254 915 enim,
2314 862 2449 903 cum
2501 848 2705 902 debeas
2734 847 2965 903 dicere:
3011 846 3206 916 Adsit,
3257 846 3460 902 dicas:
3504 843 3674 898 Absit

1974 935 2140 991 nobis
2172 935 2430 1002 Domine,
2454 936 2643 991 virtus
2668 934 2925 1006 Spiritus
2960 934 3169 1002 sancti,
3198 936 3242 990 si
3272 949 3402 990 cum
3444 932 3671 1003 singul-

1976 1022 2130 1079 tibus
2159 1039 2303 1092 ores,
2336 1039 2449 1080 non
2502 1025 2602 1080 tibi
2633 1023 2827 1079 ofﬁcit.
2869 1024 2993 1079 Non
3038 1031 3122 1079 est
3168 1024 3317 1079 Deus
3374 1034 3671 1092 gramma-

1975 1112 2099 1166 tica
2148 1114 2448 1183 curiosus;
2492 1127 2610 1169 vox
2647 1127 2780 1169 eum
2834 1112 2997 1168 nulla
3030 1117 3303 1182 penetrat,
3337 1118 3535 1181 pectus
3582 1109 3668 1164 in-

1973 1202 2175 1257 tendit.

1520 1430 1801 1475 EXPLICIT
1843 1431 2022 1477 LIBER
2070 1432 2319 1477 PRIMUS.

1391 1656 1735 1742 LIBER
1792 1634 2417 1743 SECUNDUS.

478 1817 580 1881 DE
629 1816 991 1883 CORPORE
1039 1814 1321 1882 DOMINI
1370 1815 1839 1893 BIPERTITO,
1891 1816 2354 1882 PRINCIPALI
2407 1818 2765 1887 SCILICET
2814 1819 2916 1885 AC
2964 1819 3336 1886 MYSTICO.

716 2077 946 2135 CAPUT
989 2078 1293 2135 PRIMUM.

228 2166 418 2238 Igitur
442 2166 527 2235 iis,
576 2181 642 2222 ac
672 2166 717 2222 si
771 2166 1042 2236 prooemio
1088 2167 1298 2222 futura
1343 2171 1550 2220 nostra
1590 2164 1856 2234 disputa-

153 2246 349 2323 tionis,
406 2255 710 2325 explicitis,
754 2256 825 2310 ad
883 2255 1323 2311 fundamentum
1370 2253 1524 2323 quod
1572 2253 1632 2308 in
1683 2253 1857 2309 initiis

147 2343 420 2415 jecimus,
457 2344 728 2413 pretiosos
761 2344 940 2399 ﬁdelis
971 2343 1183 2414 eloquii
1222 2342 1439 2410 lapides
1468 2354 1851 2411 apponamus,

150 2440 207 2488 et
234 2432 509 2488 nui-leum
548 2433 901 2488 difﬁcillima
933 2440 988 2488 et
1036 2446 1070 2486 a
1120 2431 1318 2487 multis
1359 2429 1501 2485 mibi
1554 2429 1854 2500 proposita

152 2521 490 2591 quastionis
550 2521 803 2589 terendo,
854 2531 909 2577 et
967 2520 1134 2590 quasi
1192 2519 1460 2576 dentibus
1500 2517 1853 2589 eﬁringendo

151 2622 506 2679 quaramus.
581 2609 665 2664 0b
738 2610 847 2665 hoc
913 2623 1115 2678 nempe
1180 2607 1520 2663 densissima
1574 2611 1854 2662 tractatus

153 2697 423 2768 praeteriti
489 2698 663 2754 veluti
714 2698 927 2754 rudera
1003 2699 1404 2764 exhausimus,
1467 2702 1533 2752 ut
1586 2694 1851 2751 licentius

150 2785 305 2842 circa
332 2785 568 2853 nodum,
612 2787 831 2842 utinam
881 2786 993 2843 Deo
1022 2786 1266 2853 favente,
1310 2784 1633 2853 solubilem,
1665 2784 1851 2840 elabo-

150 2888 284 2931 rare
319 2889 632 2944 possemus.

220 2964 363 3019 Cum
423 2964 654 3033 quidem
714 2976 888 3032 super
958 2971 1290 3019 sanctorum
1348 2960 1627 3032 reliquiis,
1707 2962 1848 3033 quid

149 3051 543 3122 cogitandum,
568 3051 707 3121 quid
741 3052 1029 3122 agendum
1056 3052 1126 3106 sit
1160 3051 1463 3121 hucusque
1506 3050 1844 3116 dixerimus,

149 3139 293 3195 illud
329 3139 682 3207 dispositioni
725 3148 934 3196 nostra
974 3139 1303 3195 omnimodo
1333 3138 1650 3208 supersedit
1692 3138 1845 3208 quod

146 3231 376 3287 dentem
405 3230 740 3295 Salvatoris,
774 3245 946 3302 quem
1001 3230 1281 3287 novennis
1313 3230 1549 3286 forsitan
1580 3230 1845 3301 exigente

145 3328 361 3376 natura
391 3322 643 3376 emisisse
677 3320 941 3390 potuerit,
975 3318 1211 3390 quidam
1241 3319 1295 3374 in
1320 3319 1532 3374 vicinia
1561 3328 1759 3374 nostra
1784 3333 1843 3374 se

149 3407 361 3465 habere
417 3408 793 3464 contendunt.
854 3408 967 3464 Nec
1016 3407 1226 3464 desunt
1272 3407 1364 3462 alii
1420 3406 1520 3478 qui
1585 3407 1840 3462 umbilici

144 3497 540 3566 surperﬂuum
570 3497 725 3568 quod
757 3510 943 3566 nuper
972 3496 1123 3551 natis
1162 3495 1539 3560 abscinditur,
1574 3502 1708 3550 sunt
1740 3494 1842 3565 qui

142 3586 466 3642 circumcisi
505 3585 846 3655 praputium
894 3585 1072 3653 ipsius
1126 3584 1349 3640 Domini
1400 3583 1609 3638 habere
1647 3597 1704 3638 se
1751 3597 1839 3638 as-

142 3681 365 3739 serunt,
399 3673 468 3728 de
499 3688 613 3744 quo
648 3687 893 3742 magnus
921 3672 1214 3744 Origenes,
1252 3694 1273 3720 α
1311 3672 1508 3738 Fuere,
1560 3670 1657 3733 ait,
1705 3672 1843 3741 qui-

142 3762 279 3816 dam
310 3761 411 3831 qui
442 3761 511 3816 de
543 3762 664 3830 ipsa
707 3761 929 3816 Domini
963 3760 1397 3817 circumcisione
1429 3774 1544 3816 non
1586 3759 1843 3815 erubue-

142 3857 284 3905 runt
316 3849 489 3904 libros
519 3849 787 3904 scribere.
816 3870 835 3895 ι

220 3944 367 3992 339
405 3938 643 3995 Duobus
690 3952 826 4007 ergo
893 3937 1269 4009 sequentibus
1331 3936 1574 4003 omissis,
1658 3935 1843 4006 primo

143 4027 394 4097 capitulo
450 4028 604 4097 quod
656 4041 759 4083 nos
805 4027 1192 4098 propinquius
1258 4034 1426 4096 urget
1500 4026 1839 4080 hareamus.

144 4114 265 4169 Hoc
306 4114 458 4170 enim
511 4114 805 4185 abrogato,
857 4112 1132 4184 liquidius
1176 4111 1586 4168 exinanientur
1635 4118 1691 4166 et
1733 4124 1842 4166 ca-

145 4211 286 4259 tera.
320 4202 441 4259 Etsi
478 4202 702 4273 probari
754 4210 935 4272 potest
982 4203 1087 4258 hoc
1139 4202 1193 4256 in
1248 4209 1401 4257 terra
1457 4201 1730 4256 resedisse
1774 4200 1844 4256 de

143 4291 274 4362 ejus
313 4292 563 4360 proprio,
619 4292 795 4346 miror
832 4305 1010 4361 quam
1051 4290 1497 4347 vicissitudinem
1539 4288 1702 4345 nobis
1733 4303 1842 4343 no-

142 4379 318 4435 luerit
360 4380 644 4436 dimittere
695 4379 751 4434 in
809 4392 1049 4446 corpore
1110 4379 1376 4449 ﬁgurato,
1435 4378 1700 4449 ﬁgurato,
1754 4377 1842 4430 in-

143 4480 346 4538 quam,
377 4467 531 4539 quod
561 4467 642 4523 sic
670 4467 881 4523 umbra
910 4465 974 4522 fit
1004 4468 1319 4522 secundum
1354 4466 1597 4536 speciem
1625 4472 1687 4520 ut
1727 4478 1842 4519 non

142 4557 425 4624 discrepet
456 4568 489 4610 a
521 4554 753 4611 virtutis
777 4554 1032 4611 eflicacia
1060 4555 1380 4610 secundum
1430 4553 1838 4624 pracedentem

1892 2080 1933 2134 B
1962 2078 2145 2147 alteri,
2178 2080 2333 2151 quod
2354 2080 2427 2135 ad
2455 2080 2689 2150 ejus,‘ut
2720 2080 2802 2136 sic
2831 2079 3038 2149 dicam,
3076 2081 3352 2138 vicariam
3391 2082 3663 2139 identita-

1965 2175 2078 2224 tem
2108 2170 2217 2224 sub
2244 2170 2369 2240 ejus
2398 2169 2661 2239 exemplo
2691 2169 2983 2225 successit.

2035 2257 2171 2313 lnde
2200 2272 2234 2312 a
2279 2270 2367 2313 me
2409 2257 2769 2327 potissimum
2811 2257 2952 2314 illud
2993 2257 3244 2327 primum
3295 2260 3510 2315 veritas
3555 2272 3660 2328 ap-

1963 2345 2227 2416 pellatur,
2260 2346 2330 2401 de
2360 2361 2475 2416 quo
2522 2346 2629 2402 ista
2678 2360 2809 2417 qua
2853 2345 3081 2417 agimus
3128 2347 3450 2403 tractabilia
3495 2347 3660 2403 nobis

1961 2441 2319 2490 sacramenta
2361 2442 2692 2501 manarunt,
2734 2435 2872 2504 quia
2919 2434 3385 2505 qualemcunque
3424 2434 3660 2504 recipiat

1958 2521 2258 2577 veritatem
2294 2521 2433 2579 illud
2466 2523 2620 2591 quod
2662 2536 2695 2577 a
2728 2523 2912 2591 primo
2957 2522 3066 2577 sub
3100 2522 3288 2593 ﬁgura
3313 2521 3651 2588 demittitur,

1955 2606 2212 2680 primum
2246 2618 2436 2666 tamen
2493 2611 2884 2682 principaliter
2926 2625 3127 2666 verum
3173 2619 3276 2679 est,
3310 2612 3463 2682 quod
3517 2625 3655 2667 cau-

1958 2710 2079 2752 sam
2123 2697 2523 2753 subministrat
2578 2698 2679 2764 illi,
2728 2698 2882 2768 quod
2934 2698 3007 2754 ab
3060 2714 3125 2755 eo
3164 2698 3490 2755 derivatum
3547 2705 3651 2753 est.

1958 2785 2104 2840 Illud
2149 2787 2300 2841 enim
2337 2786 2533 2856 procul
2572 2786 2748 2843 dubio
2776 2788 2988 2843 veritas
3022 2786 3353 2857 principalis
3383 2794 3439 2842 et
3474 2793 3560 2842 est
3602 2793 3658 2841 et
3688 2852 3695 2859 1

1957 2873 2069 2929 dici
2102 2882 2301 2944 potest,
2338 2876 2396 2930 in
2440 2889 2557 2945 quo
2594 2875 2675 2930 nil
2711 2875 2870 2931 aliud
2902 2875 3288 2932 adumbratur
3324 2890 3502 2945 quam
3530 2876 3653 2943 capi

1956 2960 2304 3018 intuentium
2353 2970 2526 3032 atque
2581 2964 2946 3020 tractantium
2990 2973 3107 3020 tam
3157 2964 3420 3021 sensibus
3476 2978 3653 3035 quam

1957 3052 2337 3109 intellectibus
2381 3052 2554 3108 valet.
2599 3052 2666 3107 In
2697 3052 2874 3108 altero
2905 3060 3117 3121 autem,
3145 3061 3200 3110 et
3244 3053 3288 3109 si
3321 3052 3506 3109 omnis
3547 3052 3653 3108 ha-

1956 3140 2143 3197 benda
2175 3141 2383 3196 veritas
2436 3149 2538 3208 est,
2596 3142 2909 3211 principale
2956 3150 3146 3197 tamen
3182 3156 3297 3197 non
3349 3148 3452 3208 est,
3513 3142 3653 3211 quia

1954 3243 1989 3285 a
2019 3229 2321 3299 principali
2353 3230 2664 3286 inﬂectitur
2689 3230 2844 3301 quod
2876 3239 2979 3298 est,
3012 3239 3067 3287 et
3091 3231 3161 3286 ad
3204 3230 3258 3287 id
3308 3231 3651 3301 reciprocari

1953 3318 2057 3373 sibi
2089 3332 2313 3387 semper
2334 3318 2621 3385 convenit,
2655 3319 2827 3389 cujus
2855 3319 3070 3389 species
3097 3333 3163 3375 ac
3194 3318 3499 3375 relativum
3543 3325 3646 3374 est.

2023 3406 2277 3477 Speciem
2309 3421 2442 3462 vero
2486 3422 2599 3462 non
2654 3408 3184 3476 particularitatem,
3234 3407 3331 3462 sed
3378 3406 3646 3477 ﬁguram,

1951 3509 2131 3565 quam
2161 3510 2303 3551 usus
2330 3496 2582 3551 exterior
2614 3496 2931 3565 praetendit,
2967 3496 3205 3565 accipio,
3251 3510 3384 3551 cum
3417 3495 3488 3549 sit
3540 3494 3648 3549 hoc

1951 3591 2136 3639 totum
2168 3583 2321 3653 quod
2353 3592 2432 3638 est
2469 3584 2791 3652 praredens
2812 3598 3004 3639 suum.
3036 3584 3196 3640 Unde
3225 3592 3279 3638 et
3326 3583 3381 3637 in
3432 3581 3646 3651 psalmo

1950 3673 2193 3742 Spiritus
2225 3671 2557 3741 principalis
2615 3672 2780 3727 Pater
2823 3671 3146 3741 appellatur
3203 3670 3388 3738 (Psal.
3436 3685 3486 3735 L,
3533 3670 3642 3737 14),

1949 3774 2063 3816 non
2090 3760 2244 3829 quod
2274 3760 2591 3815 secundum
2623 3759 2878 3815 divinam
2919 3758 3219 3814 essentiam
3260 3758 3398 3814 Filio
3427 3758 3478 3813 ei
3520 3770 3646 3812 san-

1950 3855 2038 3903 cto
2086 3846 2323 3917 Spiritui
2378 3846 2754 3915 principetur,
2808 3846 2906 3901 sed
2972 3844 3125 3915 quod
3187 3844 3311 3901 Filii
3342 3857 3408 3900 ac
3463 3843 3644 3899 sancti

1949 3936 2194 4005 Spiritus
2223 3935 2295 3991 ab
2326 3935 2446 4003 ipso
2474 3936 2633 4005 origo
2663 3934 2983 3991 deducitur.
3020 3933 3181 3990 Unde
3211 3933 3310 4004 qui
3343 3934 3398 3988 in
3430 3932 3645 4002 psalmo

1952 4024 2284 4094 principalis
2324 4023 2552 4087 dicitur,
2605 4037 2980 4092 personarum
3027 4031 3214 4079 tamen
3260 4022 3498 4078 ultimus
3536 4035 3645 4077 no-

1950 4113 2226 4176 minatur,
2252 4127 2385 4167 cum
2409 4127 2482 4168 ex
2515 4112 2694 4181 ipsius
2720 4127 2815 4168 ore
2858 4112 2980 4168 Filii
3031 4112 3089 4167 in
3125 4112 3308 4168 tribus
3347 4109 3645 4167 vocabulis

1948 4201 2130 4271 primo
2163 4208 2426 4271 ponatur,
2454 4208 2515 4256 ut
2546 4215 2580 4256 a
2603 4201 2877 4270 propheta
2907 4200 3199 4256 evidenter
3246 4201 3544 4265 innuatur,
3584 4200 3643 4254 in

1948 4297 2159 4345 natura
2203 4289 2296 4344 illa
2330 4288 2484 4359 quod
2542 4288 2621 4343 nil
2665 4288 2845 4358 prius,
2898 4288 2977 4343 nil
3012 4288 3289 4358 posterius
3339 4287 3639 4353 habeatur,

1948 4377 2077 4433 licet
2106 4384 2271 4449 grata
2299 4377 2500 4432 levitas
2537 4376 2873 4433 substantiis
2915 4377 3413 4433 subsistentiarum
3475 4374 3643 4444 quasi

1951 4465 2198 4537 origines
2252 4479 2571 4534 supponere
2624 4466 3008 4533 machinetur,
3055 4480 3188 4520 cum
3250 4472 3522 4520 neutrum
3582 4462 3640 4517 in

1949 4554 2150 4610 divina
2185 4554 2429 4610 essentia
2472 4554 2594 4623 capi
2626 4568 2786 4624 posse
2815 4553 3101 4621 videatur,
3144 4567 3276 4608 cum
3305 4551 3425 4606 sola
3450 4564 3641 4606 essen-

142 4644 467 4701 veritatem.
522 4643 852 4699 Praecedens
914 4653 1128 4709 autem,
1182 4643 1303 4712 ipsa
1361 4650 1444 4698 est
1530 4639 1842 4709 personalis
1878 4666 1923 4720 ι)
1953 4643 2052 4711 tia,
2084 4643 2224 4698 dum
2246 4643 2315 4697 de
2346 4642 2556 4698 divinis
2586 4642 2834 4713 agimus,
2877 4642 2987 4697 dici
3019 4640 3453 4696 convenientius
3483 4638 3642 4694 asti-

139 4733 377 4799 veritas,
412 4730 469 4786 in
518 4745 696 4801 quam
739 4730 987 4786 refertur
1020 4739 1074 4786 et
1123 4730 1511 4786 identiﬁcatur
1549 4728 1837 4801 signiﬁca-

142 4830 294 4877 tum.
321 4818 482 4887 Quod
516 4820 671 4876 enim
705 4818 777 4875 ob
817 4819 907 4874 sui
962 4820 1293 4874 memoriam
1343 4818 1576 4873 tradidit
1621 4817 1834 4873 facien—

142 4908 309 4971 dum.
354 4906 654 4963 indubiam
686 4922 806 4963 sua
857 4906 1217 4977 proprietatis
1242 4907 1601 4977 prasentiam
1646 4905 1834 4962 refert.

142 4997 286 5065 Qua
316 5003 505 5052 tamen
542 4997 633 5053 hic
673 4996 994 5068 prasentia,
1040 4996 1086 5051 si
1136 4995 1294 5051 aliud
1327 5003 1471 5052 esset
1506 5010 1683 5066 quam
1717 4995 1840 5063 ipsa

145 5085 489 5155 proprietas,
524 5100 637 5141 non
671 5086 855 5157 major
883 5093 1027 5141 esset
1057 5099 1234 5155 quam
1265 5086 1468 5141 annuli
1520 5084 1841 5155 conjugalis

144 5188 323 5244 penes
371 5187 609 5230 uxorem
654 5175 1003 5245 prastantia.
1055 5173 1135 5229 Ad
1180 5176 1380 5231 uxoris
1424 5174 1577 5229 enim
1625 5187 1840 5228 memo-

145 5263 317 5330 riam,
352 5262 609 5319 annulus
639 5262 972 5319 vicissitudo
1001 5261 1157 5318 fieret
1182 5261 1391 5317 mariti.
1424 5261 1683 5316 Alterum
1705 5273 1842 5331 ergo

144 5351 299 5407 sicut
340 5350 626 5407 nascendo
677 5351 746 5407 de
796 5351 1051 5422 Virgine,
1103 5348 1365 5419 patiendo
1407 5348 1464 5403 in
1520 5361 1690 5405 cruce
1732 5349 1842 5405 ali-

148 5439 441 5511 quantula
490 5446 814 5510 temporum
875 5452 1035 5495 mora
1086 5436 1371 5508 pracesit,
1425 5436 1579 5492 dedit
1639 5450 1845 5493 causas

1949 4739 2157 4788 metur.
2215 4733 2357 4788 Cum
2397 4732 2549 4787 enim
2597 4730 2967 4786 subsistentia
3027 4730 3100 4785 ab
3158 4728 3454 4798 aliquibus
3502 4726 3638 4781 sub-

1947 4818 2173 4877 stantia
2204 4819 2367 4887 origo
2398 4819 2645 4885 dicatur,
2678 4818 2781 4889 qui
2811 4817 3011 4888 vigilat
3039 4816 3341 4888 diligenter
3387 4815 3640 4871 attendat

1948 4907 2234 4979 quomodo
2259 4908 2317 4962 in
2350 4908 2533 4963 Deum
2567 4908 2826 4963 substare
2856 4920 2922 4961 ac
2942 4905 3252 4961 subsnstere
3290 4903 3474 4969 cadat,
3506 4916 3638 4958 cum

1948 4995 2187 5052 humani
2216 4997 2504 5067 capacitas
2538 4996 2770 5068 ingenii,
2797 5003 2852 5050 et
2875 4994 3087 5065 lingua
3118 4993 3387 5048 humanae
3413 4992 3641 5048 licentia

1949 5084 2031 5140 nil
2062 5093 2269 5155 prater
2304 5085 2610 5142 essentiam
2636 5086 2704 5140 de
2731 5085 2842 5138 Deo
2869 5083 3118 5139 habilius
3147 5081 3317 5137 dicat.

2618 5171 2848 5230 CAPUT
2888 5171 2957 5227 II.

2022 5259 2051 5332 §
2082 5261 2127 5317 Ι.
2188 5262 2288 5317 His
2344 5276 2446 5332 per
2474 5275 2787 5318 excursum
2835 5260 3017 5329 dictis,
3054 5259 3283 5318 tandem
3316 5266 3641 5329 repetamus

1951 5350 2180 5406 omissa.
2214 5349 2358 5405 Illud
2399 5348 2595 5418 itaque
2626 5349 2941 5420 principale
2977 5362 3201 5419 corpus,
3250 5348 3406 5418 quod
3455 5356 3639 5402 mate—

1954 5439 2098 5494 riam
2125 5438 2500 5507 sequentibus
2529 5437 2789 5506 prastitit
2826 5437 3218 5505 sacramentis,
3270 5438 3315 5494 si
3368 5437 3454 5492 sui
3493 5435 3638 5491 resi—
