3914 6094
264 281 363 335 631

1154 277 1221 331 v.
1268 230 1595 331 GUIBER'l’I
1627 272 1915 330 ABBATIS
1951 274 2009 330 s.
2051 273 2290 330 MARIAE
2333 275 2422 330 DE
2464 273 2860 330 NOVIGENTO

3667 273 3802 329 632

250 412 435 469 duum
466 410 527 467 in
561 416 713 467 terra
761 407 991 475 dimisit,
1048 414 1209 477 parte
1245 413 1514 476 provecta
1561 406 1633 461 ad
1686 419 1944 475 superos,
1983 406 2033 460 Α
2058 405 2418 472 umbilicum,
2452 419 2554 461 seu
2585 404 2739 475 quod
2781 403 2993 475 legitur
3037 403 3580 469 circumcisumfsibi
3608 416 3801 460 arro-

253 513 386 571 quae
415 498 719 554 necessitas
768 497 875 552 fuit
923 510 1036 550 non
1081 496 1251 565 quasi
1294 495 1532 550 alterius
1573 494 1831 564 corporis
1893 495 1951 548 in

252 588 362 644 hac
417 587 533 641 vita
586 584 968 654 oppignerare
1017 584 1304 653 mysterio,
1360 598 1492 638 cum
1532 586 1670 638 satis
1718 582 1952 637 omnino

250 682 396 731 esset
444 673 514 728 de
563 670 808 742 propriae
855 672 1049 727 carnis
1103 671 1231 741 ejus
1281 672 1534 742 gaudere
1585 671 1852 726 residuo?
1885 670 1955 725 Et

250 769 402 818 certe
429 762 550 816 sine
613 759 730 816 ullo
777 760 1288 816 intellectualitatis
1342 759 1628 827 acumine,
1663 759 1785 814 sine
1839 758 1956 815 ulla

249 849 607 920 experientia
671 848 1128 918 contemplandi,
1170 847 1363 903 carnis
1409 855 1617 902 nostra:
1659 846 1957 916 adjacebat

246 937 564 1004 obtutibus,
621 935 937 992 Dominicae
969 936 1163 992 carnis
1213 949 1362 1006 quas
1413 935 1650 1005 prtedixi
1711 936 1959 1004 particu-

249 1027 335 1083 las
383 1027 617 1093 intueri,
672 1036 729 1080 et
779 1024 974 1095 digitis
1024 1033 1329 1080 attrectare
1379 1039 1478 1078 nec
1522 1038 1666 1093 opus
1702 1031 1826 1078 erat
1856 1037 1958 1092 per

252 1113 375 1170 vini
419 1112 701 1183 panisque
750 1112 1070 1179 materiam,
1119 1126 1313 1168 rerum
1364 1111 1622 1167 videlicet
1674 1126 1957 1181 apparen-

251 1202 423 1268 tium,
479 1202 629 1266 ﬁdei,
680 1202 851 1271 juxta
903 1201 1262 1271 Apostolum,
1313 1210 1521 1255 nostrae
1574 1200 1956 1256 substantiam

252 1303 521 1346 exercere
572 1289 778 1359 (Hebr.
838 1304 918 1357 x1,
986 1290 1060 1358 l).
1125 1289 1447 1344 Plurimum
1505 1289 1657 1344 enim
1726 1289 1959 1344 animus

202 1421 205 1423 ›
250 1386 574 1445 exercetur,
631 1385 686 1433 et
744 1378 910 1447 quasi
954 1386 1121 1432 extra
1170 1391 1290 1432 suae
1349 1377 1718 1433 habitationis
1773 1386 1959 1431 castra

251 1464 568 1536 egreditur,
618 1478 752 1519 cum
800 1479 872 1519 ex
922 1464 1236 1520 intentione
1270 1464 1581 1520 visibilium
1647 1464 1960 1522 invisibilia

254 1553 537 1623 speculari
589 1553 847 1607 docetur.
907 1552 1233 1608 Gratiosum
1267 1553 1435 1621 plane
1473 1561 1576 1617 est,
1627 1560 1682 1607 et
1736 1554 1960 1608 cunctis

256 1638 672 1696 desideriorum
711 1641 948 1696 aestibus
977 1639 1388 1707 aﬁ‘ectandum,
1419 1654 1539 1696 rem
1580 1655 1711 1710 quae
1739 1649 1822 1696 est
1850 1654 1958 1696 ex-

256 1728 493 1785 colenda
523 1728 703 1797 ipsam
741 1728 864 1784 sine
903 1728 1070 1798 typis,
1098 1730 1222 1785 sine
1274 1728 1596 1799 ﬁgurarum
1658 1728 1962 1785 velamini-

259 1817 390 1884 bus,
444 1830 564 1887 prie
607 1815 825 1872 visibus
863 1817 1093 1885 habere,
1144 1817 1347 1873 ardere
1401 1817 1746 1887 praecordiis,
1811 1817 1965 1873 ulnis

257 1905 444 1960 cordis
465 1904 800 1975 astringere.
836 1905 906 1959 Et
936 1918 1068 1960 cum
1101 1905 1282 1961 Deum
1325 1919 1436 1959 non
1490 1904 1663 1961 lateat
1711 1919 1964 1960 amorem

257 2001 460 2044 eorum
490 2002 621 2057 qua:
654 1987 923 2044 videntur
949 1997 1004 2044 et
1050 1988 1313 2044 sensibus
1343 1988 1628 2057 adjacent,
1683 1987 1965 2044 ail‘ectuo-

258 2076 379 2131 sius
405 2075 462 2130 in
496 2075 795 2131 hominum
826 2075 1022 2131 sedere
1051 2089 1118 2130 ac
1136 2076 1349 2132 hzerere
1366 2076 1607 2146 judicio,
1658 2091 1965 2147 nunquam

260 2166 451 2222 decuit
473 2173 536 2221 ut
564 2166 665 2237 qui
700 2165 758 2220 in
787 2165 915 2236 ejus
944 2178 1167 2234 semper
1199 2178 1502 2234 possumus
1532 2165 1798 2220 delectari
1832 2179 1964 2235 pro-

261 2255 385 2324 prie
417 2254 663 2324 proprio,
697 2253 1113 2323 impenetrabili
1162 2253 1357 2309 multis
1386 2253 1699 2309 subtilitate
1759 2253 1965 2325 fatige—

262 2355 397 2397 mur
425 2341 612 2411 potius
641 2356 818 2414 quam
838 2341 1234 2412 jucundemur
1265 2341 1607 2397 umbratico.
1831 2403 1836 2408 ,

332 2429 478 2486 Cum
505 2443 641 2500 ergo
667 2428 957 2486 sufﬁceret
988 2429 1280 2485 tantillum
1318 2429 1463 2485 illud
1506 2429 1737 2493 residui,
1780 2430 1825 2486 si
1875 2439 1961 2485 ta-

262 2531 392 2574 men
425 2518 714 2574 tantillum
748 2518 856 2573 dici
884 2525 1083 2591 potest,
1112 2518 1269 2587 quod
1297 2518 1398 2574 toti
1448 2519 1663 2574 mundo
1703 2533 1964 2588 praepon-

264 2606 445 2672 derat,
478 2606 550 2660 ad
580 2607 781 2677 gaudii
832 2606 1178 2662 universalis
1208 2606 1455 2677 ﬁdeique
1500 2614 1774 2675 tenorem,
1825 2607 1966 2677 quid

263 2695 429 2750 Jesus
476 2694 756 2750 Dominus
804 2695 863 2749 in
920 2693 1170 2765 ﬁgurata
1231 2708 1436 2750 rursus
1490 2694 1675 2750 hostia
1734 2709 1965 2751 carnem

265 2795 434 2838 suam
464 2781 805 2838 mortalibus
833 2782 931 2837 dat
969 2782 1263 2837 obsidem?
1292 2782 1452 2838 Certe
1497 2796 1737 2838 securus
1756 2783 1963 2852 dicam,

267 2869 408 2940 quia
439 2869 656 2925 frustra
698 2870 770 2925 ad
811 2869 902 2926 sui
950 2870 1372 2926 monimentum
1414 2871 1697 2926 vicarium
1753 2871 1968 2929 dimisit

2061 502 2177 565 gat,
2236 507 2663 564 usquequaque
2709 494 3005 549 mentitur.
3056 491 3217 559 Quod
3260 491 3414 547 enim
3456 492 3614 560 dicit,
3652 508 3792 558 me,

2061 581 2347 651 quidquid
2379 582 2720 637 humanitus
2740 594 3004 651 unquam
3037 580 3166 646 fuit,
3197 580 3617 650 complectitur.

2131 669 2290 736 Quod
2323 669 2370 725 si
2422 669 2734 740 particulas
2785 669 2909 724 illas
2950 669 3110 725 illum
3141 683 3262 725 esse
3294 682 3489 738 negas,
3536 676 3791 739 partem

2065 772 2166 828 pro
2198 767 2329 825 toto,
2375 767 2429 814 et
2486 766 2664 814 totum
2722 772 2826 828 pro
2889 766 3046 828 parte
3099 758 3231 828 poni
3299 772 3461 828 posse
3521 757 3797 813 forsitan

2064 848 2315 918 ignoras,
2346 847 2751 917 synechcliice
2786 860 2985 916 nempe
3015 861 3130 902 non
3175 846 3361 902 solum
3396 846 3553 916 loqui
3601 846 3798 901 Scri-

2064 944 2282 1005 pturas,
2314 936 2410 991 sed
2441 944 2496 991 et
2524 937 2675 1005 ipsos
2706 949 2969 1005 quosque
3014 933 3335 990 illitteratus
3388 942 3442 989 et
3490 934 3797 1004 vulgares

2064 1023 2174 1079 hac
2205 1024 2394 1094 ﬁgura
2420 1037 2751 1079 sermonum
2785 1024 2887 1090 uti,
2922 1022 3065 1077 nulli
3098 1036 3211 1077 non
3264 1022 3661 1092 perspicuum.
3719 1020 3791 1076 Si

2062 1113 2216 1167 enim
2249 1113 2347 1175 tibi
2371 1125 2509 1167 casu
2538 1112 2794 1181 quolibet
2826 1110 3044 1180 pedem,
3079 1124 3316 1165 manum
3359 1110 3445 1165 vel
3494 1110 3789 1166 ultimum

2064 1213 2323 1270 unguem
2356 1206 2584 1265 atteras,
2630 1205 2685 1254 et
2718 1197 3085 1268 interrogeris
3114 1196 3256 1267 quid
3297 1196 3530 1263 habeas,
3573 1211 3790 1252 nonne

2067 1286 2217 1343 illico
2250 1287 2425 1343 infers
2456 1303 2469 1340 :
2506 1287 2645 1342 Lassi
2680 1300 2788 1353 me,
2813 1285 3057 1356 inquis?
3092 1286 3357 1354 thuota
3386 1298 3518 1354 pars
3548 1283 3785 1355 unguis

2067 1375 2139 1430 ad
2163 1374 2382 1431 totum?
2415 1373 2469 1430 Si
2501 1381 2554 1430 te
2577 1373 2778 1430 laesum
2812 1388 2926 1429 non
2957 1371 3222 1428 difﬁteris
3253 1387 3385 1427 cum
3417 1371 3783 1441 perminima

2067 1464 2151 1520 tui
2197 1462 2480 1532 particula
2535 1461 2817 1532 quatitur,
2866 1460 3007 1517 illud
3062 1476 3155 1514 me
3204 1460 3359 1530 quod
3412 1474 3637 1529 semper
3695 1460 3781 1515 ab

2069 1552 2206 1622 ipsis
2239 1551 2432 1606 haberi
2456 1564 2571 1605 non
2600 1563 2758 1619 posse
2807 1550 3019 1605 fatetur
3056 1549 3179 1618 pari
3226 1562 3402 1604 sensu
3452 1547 3777 1604 tenebitur.

2001 1677 2043 1731 Β
2072 1640 2124 1696 Si
2153 1638 2386 1705 amicos,
2419 1638 2747 1693 animarum
2787 1647 3118 1693 nostrarum
3170 1636 3495 1700 dimidium,
3526 1643 3583 1691 et
3626 1649 3781 1705 pro-

2074 1729 2323 1799 pinquos
2352 1726 2677 1798 sanguinis,
2704 1739 2937 1782 carnem
2989 1732 3245 1780 nostram
3285 1723 3578 1794 appellare
3618 1724 3781 1779 sole-

2074 1832 2224 1885 mus,
2281 1830 2413 1872 cum
2467 1815 2682 1886 singuli
2724 1815 2969 1870 dicimus
3020 1829 3131 1881 me,
3183 1812 3326 1883 quid
3374 1812 3532 1868 aliud
3585 1826 3782 1882 quam

2074 1912 2254 1960 totum
2295 1903 2451 1974 quod
2483 1910 2567 1958 est
2619 1904 2677 1958 in
2726 1902 2889 1957 nobis
2917 1909 2972 1958 et
3021 1913 3095 1956 ex
3140 1901 3303 1957 nobis
3341 1899 3782 1970 exprimimus?

2072 1991 2238 2048 Certe
2264 1991 2310 2047 si
2339 1991 2683 2062 sanguinem
2717 1991 2967 2055 minuas,
3007 1988 3284 2060 capillum
3313 1988 3568 2055 tondeas,
3612 2002 3786 2044 rese-

2073 2094 2165 2136 ces
2191 2092 2470 2150 unguem,
2501 2086 2555 2135 et
2578 2078 2849 2149 rogitaret
2878 2078 3011 2148 quis
3046 2076 3218 2148 cujus
3259 2084 3447 2133 essent
3480 2077 3620 2142 haec,
3670 2084 3786 2132 aut

2076 2175 2177 2224 tua
2203 2181 2343 2234 esse,
2374 2173 2475 2222 aut
2517 2166 2587 2222 de
2617 2174 2669 2223 te
2716 2166 3107 2237 reSponderes.
3150 2164 3208 2221 Si
3246 2164 3316 2221 de
3354 2178 3493 2235 agro
3531 2171 3633 2221 aut
3671 2178 3783 2220 co-

2074 2257 2159 2312 rio
2188 2255 2347 2311 ﬁeret
2374 2254 2755 2320 subcisivum,
2790 2269 2904 2310 non
2926 2254 3050 2310 ideo
3081 2268 3197 2310 non
3226 2268 3347 2310 esse
3376 2252 3445 2309 de
3477 2266 3617 2324 agro
3671 2260 3782 2308 aut

2075 2344 2226 2400 corio
2258 2343 2413 2414 quod
2433 2344 2691 2400 excisum
2726 2342 2922 2412 fuerit,
2948 2342 3059 2398 nisi
3086 2343 3330 2401 insanus
3359 2350 3588 2399 asseret.

2146 2431 2172 2503 §
2205 2433 2274 2488 II.
2304 2433 2467 2498 Quod
2506 2432 2573 2489 in
2614 2431 2939 2503 sumptione
2991 2430 3249 2502 corporis
3287 2430 3509 2486 Christi
3547 2428 3785 2500 efﬁciat

2074 2522 2409 2577 meritorum
2434 2521 2818 2593 inaequalitas.
2848 2550 2917 2561 —
2944 2521 3095 2576 Audi
3121 2520 3316 2576 adhuc
3344 2528 3660 2590 antequam
3703 2519 3781 2573 ad

2074 2613 2320 2669 arctiora
2347 2620 2548 2669 contra
2577 2619 2629 2667 te
2652 2610 3110 2681 progrediamur,
3143 2609 3299 2680 quod
3344 2615 3563 2679 partem
3609 2615 3783 2664 tuam

2076 2708 2318 2772 premat,
2362 2700 2435 2756 ab
2462 2714 2527 2757 eo
2571 2700 2692 2770 ipso
2719 2699 2954 2754 Domino
2984 2699 3120 2754 alibi
3154 2698 3368 2753 dicitur
3406 2713 3418 2752 :
3461 2696 3567 2763 Qui
3604 2711 3781 2751 man-

2075 2790 2252 2847 ducat
2292 2805 2386 2844 me
2411 2786 2544 2843 vivit
2571 2790 2811 2859 prapter
2836 2803 2930 2841 me
2953 2786 3150 2856 (Joan.
3172 2802 3228 2849 v,
3276 2787 3386 2855 58).
3418 2786 3582 2847 Ecce,
3622 2785 3785 2841 sicut

2075 2878 2341 2948 superius
2369 2877 2661 2932 diximus:
2687 2879 2805 2947 Ego
2838 2872 3122 2929 vobiscum
3149 2890 3278 2928 sum
3313 2873 3547 2941 (Matth.
3570 2886 3778 2941 xxvm,

268 2972 499 3028 corpus,
536 2957 638 3028 qui
670 2965 750 3014 tot
773 2957 1121 3027 portionum,
1155 2972 1288 3028 quae
1313 2959 1401 3014 sui
1426 2958 1756 3015 sufﬁcerent
1786 2959 1969 3016 facere
2008 2947 2049 3003 (ἶ
2077 2947 2185 3036 20).
2223 2967 2291 3022 Ει
2322 2982 2335 3020 :
2370 2967 2466 3019 Me
2491 2981 2604 3019 non
2641 2980 2868 3035 semper
2903 2962 3182 3018 habebitis
3223 2966 3410 3034 (Joan.
3446 2977 3524 3029 χι,
3556 2961 3630 3031 8),
3679 2961 3785 3016 di-

272 3047 644 3112 mentionem,
678 3047 733 3102 in
768 3054 919 3102 terra
946 3047 1245 3117 reliquerit
1294 3062 1525 3103 munus.
1561 3050 1705 3116 Haec,
1755 3049 1966 3118 inquit,

276 3133 719 3207 quotiescunque
775 3133 1048 3205 feceritis,
1106 3135 1170 3189 in
1222 3133 1336 3189 mei
1359 3134 1697 3190 memoriam
1737 3134 1969 3200 facietis

274 3225 328 3293 (1
357 3223 491 3278 Cor.
517 3238 580 3289 ιι,
612 3225 729 3295 25).

340 3311 495 3369 Scire
520 3312 690 3368 velim
720 3325 898 3383 quam
931 3312 1002 3368 de
1031 3326 1091 3369 se
1126 3312 1325 3368 haberi
1354 3314 1683 3370 memoriam
1724 3314 1968 3380 aﬁ‘ectat,

269 3406 325 3457 et
354 3414 462 3457 cur
490 3401 624 3468 alia,
657 3400 874 3472 quibus
902 3400 1089 3473 magis
1125 3400 1272 3457 inter
1308 3416 1443 3457 suos
1489 3402 1829 3468 celebretur,
1876 3405 1969 3460 in-

270 3489 464 3557 ducat,
511 3503 645 3546 cum
693 3504 808 3546 non
856 3489 983 3546 dico
1033 3496 1114 3546 tot
1162 3503 1229 3545 ac
1271 3498 1445 3546 tantae
1497 3500 1704 3561 partes,
1755 3493 1852 3548 sed
1896 3494 1970 3550 ad

270 3576 446 3633 totius
515 3577 719 3634 mundi
771 3591 1120 3634 concursum
1176 3578 1432 3647 corporis
1495 3579 1640 3650 ejus,
1701 3581 1857 3651 quod
1900 3581 1970 3637 de

268 3672 464 3722 sancto
494 3665 711 3736 Spiritu
762 3665 937 3737 Virgo
983 3666 1327 3735 conceperit,
1380 3666 1626 3724 minutia
1674 3668 1732 3724 in
1796 3672 2011 3727 atomi

270 3753 507 3810 modum
546 3754 635 3810 vel
666 3768 785 3811 una
813 3753 1081 3810 sufﬁciat.
1118 3753 1360 3810 Videtur
1388 3763 1583 3811 autem
1619 3757 1761 3813 mihi
1802 3758 1970 3828 quasi

271 3841 587 3898 sitdicere:
623 3841 767 3898 Cum
812 3841 956 3897 nihil
1007 3840 1066 3896 in
1117 3849 1271 3898 terra
1316 3843 1579 3910 resideat,
1635 3845 1789 3902 unde
1848 3861 1972 3903 mea

271 3931 425 4000 apud
443 3945 544 3986 vos
566 3930 842 3986 memoria
870 3930 1196 3998 recalescat,
1236 3931 1331 3986 ubi
1362 3932 1515 3987 enim
1544 3933 1686 3988 nihil
1726 3948 1970 3990 sensua-

270 4017 414 4074 litati
479 4022 686 4074 vestrae
734 4025 983 4087 praestat,
1056 4019 1213 4089 quod
1271 4024 1422 4073 340
1497 4020 1970 4080 intellectualitati

270 4106 630 4176 praesentiam
674 4120 859 4162 meam
904 4106 1234 4162 innovando
1263 4107 1552 4174 exhibeat,
1598 4110 1840 4179 dignum
1887 4121 1971 4167 est

273 4201 337 4250 ut
363 4194 473 4250 tale
502 4194 643 4264 quid
673 4195 835 4251 vobis
864 4209 899 4251 a
930 4209 1018 4251 me
1049 4195 1166 4256 ﬁat.
1201 4196 1357 4252 unde
1405 4211 1495 4252 me
1527 4197 1687 4253 vobis
1728 4213 1828 4267 pro
1876 4214 1968 4255 me

2078 3070 2241 3112 versa
2280 3067 2505 3119 sonare,
2540 3053 2618 3109 ita
2666 3055 2914 3123 primum
2960 3052 3099 3107 illud
3143 3068 3232 3105 me
3272 3050 3432 3106 aliud
3486 3048 3782 3120 signiﬁcat

2078 3158 2255 3215 quam
2311 3142 2651 3198 secundum.
2716 3142 2814 3197 Est
2880 3141 3033 3197 enim
3080 3140 3314 3196 dicere:
3365 3138 3475 3206 Qui
3517 3136 3782 3194 exterius

2079 3246 2292 3297 meum,
2324 3244 2558 3286 carnem
2603 3228 2861 3285 videlicet
2902 3237 2957 3285 et
3014 3229 3380 3298 sanguinem,
3437 3226 3776 3293 manducat,

2081 3321 2223 3379 vivit
2246 3335 2315 3375 ex
2343 3334 2408 3374 eo
2457 3318 2579 3389 ipso
2632 3318 2785 3388 quod
2828 3318 3154 3373 interiorem
3213 3316 3502 3373 hominem
3550 3314 3778 3370 illumi-

2079 3408 2271 3464 nando
2304 3407 2575 3463 viviﬁcat.
2609 3405 2753 3462 Cum
2782 3420 2919 3477 ergo
2962 3405 3085 3462 ﬁeri
3136 3420 3249 3460 non
3280 3404 3456 3475 possit
3497 3403 3567 3458 ad
3617 3401 3779 3457 litte—

2077 3509 2222 3562 ram,
2253 3501 2314 3549 ut
2333 3500 2485 3549 totus
2507 3492 2579 3548 ab
2601 3492 2797 3562 aliquo
2822 3492 3225 3560 manducetur,
3251 3491 3358 3547 nisi
3381 3504 3512 3560 pars
3535 3503 3635 3560 pro
3654 3497 3775 3545 toto

2079 3583 2413 3653 accipiatur,
2437 3580 2757 3637 secundum
2789 3582 3117 3637 interiorem
3147 3595 3379 3636 sensum
3405 3579 3781 3635 indilﬁculter

2080 3672 2136 3728 id
2166 3671 2379 3742 agitur,
2414 3668 2726 3738 praesertim
2759 3683 2893 3725 cum
2929 3669 3066 3726 ﬁdes
3085 3669 3344 3739 corporis
3374 3670 3454 3724 ita
3492 3668 3785 3725 habeatur

2080 3768 2145 3817 ut
2177 3758 2330 3830 quod
2363 3757 2691 3815 minutatim
2732 3759 3068 3830 porrigitur,
3122 3767 3303 3816 totum
3342 3759 3400 3815 in
3450 3760 3540 3815 sui
3586 3758 3780 3814 minu-

2080 3848 2174 3903 tiis
2206 3852 2485 3903 teneatur.
2515 3844 2672 3901 Sicut
2696 3846 2851 3901 enim
2883 3846 2953 3901 de
2982 3860 3198 3902 manna
3238 3846 3295 3900 in
3327 3847 3528 3902 Exodo
3564 3847 3784 3917 legitur

2080 3933 2255 4003 quia:
2289 3931 2395 4000 Qui
2411 3933 2544 4005 plus
2572 3933 2899 4006 collegerat.
2930 3933 3308 4004 nonamptius
3336 3933 3566 3997 habuit;
3603 3936 3659 3987 et
3677 3934 3785 4005 qui

2077 4021 2270 4077 minus
2304 4025 2636 4094 paraverat,
2680 4021 2830 4076 nihil
2857 4022 3049 4076 minus
3099 4021 3308 4093 (Exod.
3343 4036 3462 4089 xvr,
3501 4022 3610 4087 l8);
3677 4021 3779 4076 sed

2078 4110 2290 4181 cuique
2322 4117 2495 4180 prout
2522 4110 2688 4167 edere
2718 4118 2938 4181 poterat
2967 4117 3051 4166 est
3082 4110 3426 4179 impensum,
3453 4109 3528 4164 ita
3564 4108 3779 4178 hujus-

2081 4199 2229 4255 modi
2253 4205 2699 4265 sacramentum,
2735 4205 2904 4268 prout
2945 4199 3005 4253 in
3057 4212 3292 4268 quoque
3332 4211 3453 4252 sese
3490 4197 3641 4266 capit
3680 4196 3775 4252 in-

271 4282 588 4349 restituam,
646 4291 701 4339 et
747 4283 817 4340 de
874 4284 982 4340 mei
1040 4284 1196 4354 apud
1260 4298 1359 4341 vos
1424 4285 1725 4354 praesentia
1787 4301 1965 4356 quam
2006 4267 2050 4322 Ῑ)
2081 4289 2355 4355 tellectus,
2386 4294 2487 4343 aut
2514 4267 2817 4353 minuitur,
2850 4293 2951 4343 aut
2976 4267 3251 4342 excrescit
3283 4300 3296 4339 :
3330 4284 3632 4351 minuitur,
3685 4298 3779 4341 se-

269 4370 506 4426 amastis
532 4380 587 4426 et
629 4371 821 4428 adhuc
855 4372 1206 4437 desideratis,
1238 4372 1381 4428 nihil
1416 4373 1778 4430 imminuam.
1820 4375 1966 4442 Quid

269 4456 427 4515 aliud
455 4458 786 4528 prmlibatus
814 4474 1019 4529 sermo,
1054 4461 1098 4515 si
1134 4460 1443 4531 vigilanter
1471 4462 1750 4524 attendas,
1813 4477 1964 4520 reso-

270 4561 410 4603 nare
448 4547 779 4604 videbitur?

339 4634 464 4690 Duo
492 4648 629 4706 ergo
657 4643 829 4691 erunt
854 4650 1097 4706 corpora
1138 4637 1300 4693 nobis
1337 4637 1407 4692 ad
1452 4637 1600 4693 hanc
1634 4640 1966 4695 memoriam

270 4721 672 4778 inculcandam
706 4723 1064 4793 praestituta?
1089 4725 1291 4781 Nonne
1320 4727 1608 4795 apostolis,
1637 4727 1731 4783 sed
1769 4736 1967 4785 contra

268 4811 498 4866 solumJ
510 4811 679 4867 udam
710 4824 907 4882 agens,
942 4812 1230 4883 loquitur:
1273 4817 1559 4886 Pauperes
1607 4832 1839 4887 semper
1863 4819 1964 4872 ha-

269 4898 411 4953 betis
465 4897 771 4966 vobiscum,
813 4916 905 4954 me
960 4905 1153 4955 autem
1206 4919 1321 4957 non
1369 4919 1596 4974 semper
1640 4904 1966 4960 habebitis?

270 4985 463 5054 (Joan.
520 5003 619 5054 xu,
667 4986 745 5055 8.)
798 4988 902 5043 Sed
958 5004 1030 5045 ne
1079 4991 1184 5046 hoc
1231 4993 1588 5048 contrarium
1644 4996 1967 5050 aestimetur

270 5077 346 5131 illi
395 5078 715 5146 promisso:
770 5077 897 5149 Ego
957 5081 1151 5133 autem
1192 5078 1479 5135 vobiscum
1523 5098 1652 5135 sum
1705 5082 1966 5137 omnibus

266 5163 464 5219 diebus
514 5181 690 5236 usque
740 5165 819 5219 ad
867 5167 1415 5224 consummationem
1482 5169 1676 5226 saeculi
1724 5171 1957 5241 (Matth.

267 5266 465 5320 xxvut,
496 5254 606 5323 20),
638 5254 936 5312 sciendum
981 5256 1177 5326 procul
1213 5257 1391 5314 dubio
1421 5258 1561 5328 quia
1600 5259 1706 5315 hoc
1748 5259 1961 5314 intelli-

268 5340 521 5411 gendum
550 5349 635 5399 est
669 5343 737 5399 de
766 5343 964 5409 tutela,
999 5344 1058 5400 in
1101 5353 1388 5416 quantum
1434 5347 1584 5404 Deus
1627 5356 1730 5415 est,
1788 5346 1962 5418 spiri—

268 5428 432 5498 tuali,
464 5429 606 5487 illud
640 5430 709 5486 de
748 5434 1051 5502 prtesentia
1094 5434 1397 5505 corporali.
1432 5436 1591 5503 Quod
1620 5437 1665 5493 si
1711 5436 1780 5493 de
1814 5450 1960 5508 prte-

265 5517 453 5574 sentia
506 5517 616 5574 hac
673 5519 887 5590 agitur.
945 5521 1193 5592 profecto
1233 5523 1335 5594 qui
1378 5524 1607 5582 dentem
1662 5527 1810 5598 ejus,
1869 5524 1959 5581 vel

2076 4377 2332 4433 cundum
2382 4376 2623 4445 propriae
2676 4374 3065 4432 obscuriorem
3123 4373 3559 4443 intelligentiam
3619 4372 3769 4442 ﬁdei,

2076 4466 2176 4523 ubi
2210 4473 2397 4521 tamen
2430 4464 2617 4520 minor
2647 4479 2761 4520 non
2789 4472 2874 4520 est
2898 4462 3118 4519 utilitas
3151 4462 3526 4531 sacramenti;
3572 4475 3769 4518 excre-

2074 4552 2179 4609 scit
2226 4560 2437 4618 autem,
2501 4551 2820 4607 secundum
2868 4550 3240 4619 capacitatem
3292 4548 3473 4604 ﬁdelis
3534 4548 3767 4618 ingenii,

2074 4641 2135 4697 in
2167 4655 2282 4710 quo
2314 4640 2510 4695 eadem
2555 4653 2686 4708 quae
2727 4639 2780 4693 in
2825 4637 3179 4707 simplicibus
3227 4646 3419 4693 manet
3473 4637 3771 4706 aequalitas

2075 4729 2144 4784 ad
2184 4728 2426 4783 salutem
2449 4725 2595 4782 sacri
2624 4726 2757 4792 cibi,
2793 4726 3084 4790 omnibus,
3122 4727 3286 4794 juxta
3342 4726 3565 4795 pietatis
3593 4740 3627 4780 a
3658 4726 3769 4782 Deo

2075 4816 2311 4872 indultae
2353 4828 2702 4879 mensuram,
2752 4814 2809 4870 in
2857 4814 3018 4869 nullo
3056 4814 3264 4869 clauda
3297 4822 3385 4869 est
3429 4813 3769 4870 sufﬁcientia

2075 4904 2218 4961 tanti
2249 4903 2405 4959 doni.

2144 4994 2205 5048 In
2238 4991 2394 5047 omni
2425 4998 2615 5046 autem
2645 4990 2927 5047 materiali
2958 5005 3019 5046 re
3049 4990 3342 5061 tnajoritas
3379 4998 3435 5046 et
3472 4989 3767 5048 minoritas

2071 5081 2198 5138 ideo
2227 5094 2348 5136 esse
2384 5079 2762 5150 dignoscitur,
2795 5080 2947 5149 quod
3006 5093 3374 5150 quorumque
3416 5080 3472 5134 in
3522 5079 3766 5148 quibus-

2071 5184 2186 5241 que
2215 5168 2439 5225 naturis
2464 5168 2815 5239 quantitates
2835 5182 3139 5237 corporum
3177 5182 3376 5237 aequas
3412 5167 3764 5238 magnitudi-

2071 5273 2173 5315 nes
2219 5258 2428 5314 habere
2471 5271 2587 5313 non
2632 5256 2869 5327 possint,
2909 5265 2963 5312 et
3009 5256 3162 5326 quod
3209 5257 3265 5311 in
3313 5257 3600 5326 majorum
3655 5270 3765 5311 mo-

2071 5347 2214 5404 lium
2257 5346 2477 5402 enormi
2528 5345 2910 5402 crassitudine
2957 5345 3307 5410 continetur,
3370 5344 3425 5399 in
3477 5344 3762 5401 minorum

2071 5435 2350 5492 tenuitate
2376 5433 2716 5503 neutiquam
2762 5433 3046 5503 capiatur.
3085 5434 3152 5489 In
3205 5432 3383 5504 hujus
3416 5446 3551 5488 vero
3598 5433 3762 5490 sacri-

2072 5523 2185 5580 ﬁcii
2212 5522 2449 5594 mystico
2479 5530 2764 5593 apparatu
2807 5521 2976 5594 longe
3019 5521 3183 5578 aliter
3220 5536 3279 5577 se
3321 5522 3528 5577 modus
3574 5520 3755 5591 habet,
