3928 6070
155 321 267 376 633

1231 317 1323 374 DE
1362 315 1784 373 PIGNOHIBUS
1823 312 2267 371 SANCTORUM.
2300 341 2357 352 ——
2392 312 2527 369 LIB.
2568 314 2639 368 ll.

3565 314 3671 369 634

155 455 480 527 praesertim
518 468 652 511 cum
690 453 749 509 in
794 452 890 509 illa
938 451 1350 522 dispertitione,
1408 450 1536 507 licet
1575 464 1690 506 non
1734 448 1849 505 dis-
1887 448 1935 502 Α
1960 454 2183 504 nostros
2207 460 2353 504 usus
2381 446 2684 517 praebitum
2729 446 3055 513 induceret;
3104 454 3159 503 et
3200 447 3372 518 juxta
3402 446 3559 518 quod
3608 447 3670 502 in

152 543 367 600 similis
397 542 526 598 aliis
545 542 972 613 quantitatihus
997 539 1304 610 disparitas
1326 540 1625 604 habeatur,
1655 552 1863 594 secun-

154 632 302 688 dum
334 639 527 691 tamen
558 630 844 687 interioris
874 629 1024 685 oculi
1059 642 1319 697 pensum,
1363 642 1478 682 non
1521 627 1650 697 plus
1692 625 1863 683 refert

153 720 232 776 ab
263 718 433 776 altari
472 718 573 789 qui
606 726 788 774 totum
841 717 1127 786 quidquid
1171 715 1475 771 conﬁcitur
1502 715 1637 771 inibi
1686 714 1863 771 sumit

154 820 342 878 quam
408 808 509 876 qui
568 804 996 876 portiunculam
1051 803 1283 858 omnino
1330 802 1752 872 perminimam.
1805 801 1861 857 Si

150 894 315 951 enim
371 892 579 950 multos
632 893 690 949 in
746 906 848 949 ara
899 904 1183 961 proponas
1232 904 1426 961 panes,
1488 900 1657 960 putas
1704 889 1861 961 quod

152 980 379 1052 singuli
406 981 483 1037 illi
528 981 761 1052 singula
797 980 1092 1035 Dominica
1120 992 1363 1049 corpora
1394 978 1628 1045 faciant,
1657 985 1712 1034 et
1746 992 1861 1033 non

152 1068 348 1139 magis
390 1068 772 1124 numerositas
818 1075 1274 1137 quantacunque
1318 1066 1491 1122 fuerit
1542 1066 1859 1121 hostiarum

154 1156 233 1211 ad
285 1170 465 1212 unam
508 1156 749 1212 internae
813 1155 1305 1225 contemplationis
1369 1154 1668 1225 redigatur
1730 1153 1859 1208 efﬁ-

155 1243 313 1314 giem
328 1242 356 1298 ?

233 1332 426 1387 Panes
451 1330 555 1403 qui
600 1331 664 1386 in
704 1330 913 1402 pyxide
934 1329 1116 1385 inscio
1149 1330 1446 1385 sacerdote
1471 1345 1651 1401 super
1679 1328 1863 1384 altari

152 1423 584 1489 remanserunt,
602 1436 718 1475 non
742 1436 865 1474 esse
890 1422 1167 1482 sacratos,
1201 1418 1347 1490 quia
1374 1418 1689 1489 requiritur
1717 1416 1860 1486 ofe-

153 1506 344 1561 renti:
381 1506 643 1563 intentio.
692 1538 755 1548 —
797 1508 863 1563 In
903 1522 1019 1578 quo
1048 1508 1219 1563 etiam
1253 1505 1391 1563 illud
1442 1506 1856 1570 adnotandum,

155 1594 291 1652 licet
322 1595 609 1666 proposito
641 1596 832 1652 minus
853 1596 1176 1662 conveniat,
1213 1596 1353 1665 quia
1396 1595 1625 1665 aliquos
1662 1594 1721 1648 in
1756 1594 1861 1648 hoc

1972 537 2221 593 Levilico
2253 541 2463 609 legitur
2494 553 2507 590 :
2542 534 2753 590 Anima
2781 535 2935 590 enim
2963 534 3150 589 omnis
3203 534 3400 589 carnis
3444 534 3506 589 in
3528 551 3669 589 san-

1966 627 2141 698 guine
2169 632 2255 684 est
2279 626 2480 694 (Leuit.
2509 641 2649 693 xvu,
2683 626 2795 695 14),
2825 639 2925 695 per
2966 625 3307 694 sanguinem
3342 639 3515 679 suum
3548 623 3671 678 ani-

1971 731 2198 774 marum
2230 727 2561 774 nostrarum
2594 716 2819 770 interna
2851 715 3139 768 lustraret.

2041 806 2201 873 Quod
2256 808 2383 863 luce
2420 803 2746 861 evidentius
2775 802 3038 868 ostendit,
3071 802 3208 857 dum
3260 800 3328 855 ad
3361 799 3673 856 exhibitio-

1971 909 2102 950 nem
2132 897 2388 966 corporis
2433 894 2512 950 nil
2544 892 2701 948 aliud
2739 891 2931 958 infert,
2959 891 3066 946 nisi
3099 905 3110 943 :
3169 891 3299 945 Hoc
3340 892 3425 943 est
3467 905 3674 960 corpus

1966 998 2159 1037 meum
2186 984 2337 1056 qnod
2363 998 2470 1055 pro
2505 979 2661 1037 vobis
2691 979 2954 1034 tradetur
2994 980 3053 1046 (I
3096 979 3227 1031 Cor.
3258 992 3335 1043 x1,
3369 977 3483 1045 24).
3512 976 3672 1042 Quod

1971 1078 2160 1127 tamen
2214 1081 2270 1127 et
2328 1072 2515 1141 ipsum
2564 1068 2962 1124 addimentum
3013 1065 3252 1137 apostoli
3325 1065 3487 1121 Pauli
3557 1071 3662 1120 est.

1969 1159 2056 1215 Ad
2104 1160 2449 1231 sanguinem
2487 1165 2699 1223 autem,
2742 1164 2899 1211 tanto
2948 1154 3141 1211 laxius
3187 1161 3411 1215 tractat.
3451 1161 3673 1224 quanto

1968 1247 2222 1304 animam
2252 1261 2489 1318 corpore
2526 1243 2914 1315 pretiosiorem
2962 1242 3274 1299 existimat.
3319 1243 3488 1298 Hunc
3514 1241 3671 1297 enim

1968 1346 2024 1392 et
2053 1350 2152 1406 pro
2180 1336 2261 1393 eis
2290 1336 2507 1406 quibus
2542 1332 2905 1404 loquebatur,
2931 1340 2985 1387 et
3005 1348 3109 1402 pro
3141 1330 3341 1385 multis
3368 1329 3672 1385 effunden-

1971 1425 2110 1480 dum
2159 1424 2419 1494 perhibet
2461 1422 2528 1478 in
2576 1419 2971 1476 remissionem
3028 1427 3392 1491 peccatorum
3440 1418 3670 1485 (Matth.

1970 1528 2125 1571 xxvn.
2170 1513 2279 1583 28).
2330 1512 2383 1568 Si
2432 1525 2568 1582 ergo
2611 1510 2851 1579 sanguis
2888 1509 2960 1563 ad
3006 1507 3309 1563 diluendas
3347 1522 3383 1561 a
3429 1506 3675 1576 peccatis

1969 1600 2194 1657 animas
2258 1600 2591 1670 exponitur,
2676 1596 2928 1667 profecto
3015 1604 3272 1665 patenter
3333 1592 3671 1658 ostenditur,

155 1684 283 1754 ipso
326 1697 546 1742 errasse
590 1685 857 1757 cognovi,
903 1684 1058 1754 quod
1109 1684 1585 1740 sacramentarios
1610 1683 1734 1738 illos
1761 1696 1858 1752 pa-
1898 1727 1940 1783 Β
1969 1690 2199 1745 nullum
2226 1688 2534 1744 animabus
2556 1687 2736 1742 inesse
2761 1692 3075 1754 peccatum,
3099 1684 3202 1739 nisi
3231 1682 3384 1753 quod
3420 1683 3676 1751 ipsarum

153 1786 261 1829 nes
292 1786 465 1843 super
497 1786 679 1839 oram,
730 1773 871 1829 dum
910 1772 1188 1829 solemnia
1226 1779 1507 1843 aguntur,
1542 1772 1598 1826 in
1651 1770 1860 1840 pyxnde

155 1861 315 1931 quis,
376 1862 676 1933 ignorante
733 1861 1043 1928 sacerdote,
1104 1860 1402 1928 dimiserit,
1462 1868 1518 1916 et
1558 1859 1756 1915 divina
1800 1872 1861 1914 re

154 1958 365 2006 exacta
403 1950 742 2006 remansisse
793 1950 1154 2019 compererit.
1215 1949 1394 2004 Casus
1450 1948 1543 2004 ille
1598 1949 1671 2004 ad
1723 1947 1860 2003 cieri

152 2037 465 2109 judicium,
499 2038 598 2109 qui
653 2037 735 2094 illi
773 2037 1038 2093 Ecclesiae
1077 2036 1379 2104 serviebat,
1421 2036 1662 2102 delatus,
1705 2033 1861 2091 hunc

159 2126 369 2183 habuit
394 2139 653 2183 censuras
702 2126 891 2192 tinem,
942 2124 1098 2195 quod
1131 2124 1391 2180 videlicet
1420 2124 1708 2194 quidquid
1737 2131 1862 2179 erat

158 2214 222 2270 in
268 2214 499 2284 pyxide,
551 2228 683 2285 quae
729 2226 904 2283 super
950 2226 1133 2279 aram,
1164 2212 1303 2268 dum
1338 2213 1538 2268 ﬁerent
1566 2225 1748 2275 sacra,
1782 2225 1864 2267 re-

158 2302 408 2368 sederat,
445 2316 549 2372 pro
574 2302 829 2359 confecto
857 2308 1217 2357 sacramento
1246 2301 1578 2368 haberetur,
1618 2308 1673 2356 et
1700 2314 1861 2355 com-

159 2390 549 2447 municaturis
578 2405 678 2461 pro
705 2389 1056 2447 eucharistia
1083 2390 1454 2460 praeberetur.
1481 2388 1641 2456 Quod
1662 2388 1863 2444 absur-

158 2478 394 2535 dissime
438 2479 671 2547 factum,
726 2480 898 2535 hebes
943 2487 1028 2535 est
1086 2478 1188 2548 qui
1239 2477 1486 2533 dubitat.
1541 2476 1664 2544 Quo
1707 2475 1858 2531 enim

157 2563 382 2619 orantis
436 2564 697 2629 intentio,
743 2563 856 2619 imo
904 2564 1180 2618 memoria
1223 2569 1324 2618 aut
1372 2560 1574 2617 notitia
1625 2560 1860 2631 quidem

159 2652 326 2708 nulla
360 2653 693 2723 porrigitur,
731 2665 850 2722 qua
889 2651 1110 2706 ratione
1140 2651 1357 2706 sacrari
1388 2664 1545 2719 posse
1571 2650 1861 2704 creditur?

232 2737 395 2797 Certe
437 2740 483 2795 si
526 2739 631 2809 ipsi
672 2739 835 2809 pallae
879 2738 1156 2808 corporali
1186 2738 1477 2793 sacerdote
1524 2736 1697 2792 inscio
1716 2736 1861 2793 sub-

154 2826 453 2896 jiceretur,
501 2835 604 2884 aut
647 2829 706 2884 in
755 2827 965 2898 quavis
1007 2834 1167 2897 parte
1206 2826 1399 2883 calicis
1438 2833 1621 2897 gutta,
1655 2835 1862 2895 praeter

162 2914 220 2969 id
269 2916 426 2986 quod
473 2918 545 2973 ab
593 2916 716 2987 ipso
766 2916 1118 2986 propositum
1172 2923 1274 2976 est,
1332 2920 1469 2969 3.“
1530 2915 1860 2984 pependisse

165 3007 291 3069 post
332 3008 600 3057 exactum
650 2999 988 3070 mysterium
1046 2998 1358 3066 videretur,
1415 2999 1556 3053 nihil
1611 2998 1860 3069 profecto
1892 2999 1933 3055 C

162 3086 308 3143 inibi
368 3089 439 3144 ad
494 3096 919 3144 sacramentum
973 3086 1321 3157 pertinensa
1365 3086 1616 3157 sapiente
1662 3087 1859 3157 aliquo

160 3177 494 3233 sentiretur.
526 3176 617 3234 Nil
648 3176 800 3232 enim
828 3175 903 3232 ibi
936 3175 1016 3243 fit,
1059 3175 1170 3231 nisi
1197 3175 1254 3230 in
1283 3189 1350 3232 eo
1381 3175 1535 3245 quod
1569 3175 1711 3232 tines
1748 3190 1856 3231 ex-

163 3263 506 3335 postulantis
542 3265 793 3337 attingit,
840 3278 944 3320 nec
974 3263 1272 3333 quidpiam
1317 3263 1470 3333 quod
1501 3277 1729 3320 sacrum
1762 3263 1860 3320 fiat

162 3352 399 3409 aliunde
425 3353 807 3419 contrahitur,
840 3351 953 3407 nisi
979 3351 1035 3406 id
1065 3351 1250 3406 solum
1282 3350 1378 3406 cui
1404 3351 1643 3408 verbum
1670 3351 1859 3407 Domi-

164 3441 385 3510 nicum,
455 3442 614 3513 quod
681 3440 1039 3497 solummodo
1120 3448 1546 3496 sacramentum
1611 3440 1857 3508 coniicit,

163 3537 483 3599 coaptatur.
537 3527 698 3596 Quod
756 3527 890 3583 facit
944 3525 1189 3583 infidelis
1257 3534 1359 3582 aut
1410 3527 1861 3584 catechumenus

161 3623 288 3687 post
318 3615 696 3687 Evangelium
727 3615 785 3670 in
826 3614 1083 3682 ecclesia,
1120 3615 1227 3669 hoc
1272 3613 1407 3670 facit
1448 3615 1614 3684 panis
1655 3615 1862 3684 impro-

160 3704 294 3759 vide
335 3705 645 3775 appositus,
688 3710 790 3759 aut
840 3703 898 3759 in
941 3702 1139 3773 aliqua
1190 3710 1348 3773 parte
1391 3701 1584 3758 calicis
1628 3703 1861 3760 fortuito

160 3792 314 3848 stilla
341 3792 669 3863 dependens
688 3792 835 3848 inter
855 3805 1040 3847 sacra.

232 3880 339 3948 Qui
366 3880 801 3938 Eucharistiam
830 3880 1021 3949 sumit,
1072 3882 1251 3935 totum
1293 3880 1605 3947 Christum,
1644 3879 1746 3934 hoc
1775 3882 1863 3935 est

158 3968 447 4024 hominem
465 3972 522 4024 et
544 3973 738 4036 Deum,
760 3969 1092 4024 manducat.
1119 4000 1183 4009 —
1210 3969 1315 4024 Sed
1341 3970 1409 4025 iis
1428 3968 1676 4035 semotis,
1702 3968 1773 4024 ad
1794 3982 1862 4025 ea

160 4071 297 4129 quae
350 4072 633 4127 coeperam
676 4058 1056 4115 redeundum.
1118 4058 1227 4124 Qui
1276 4057 1486 4127 inquit,
1546 4058 1862 4113 manducat

159 4160 272 4213 me,
303 4144 463 4213 vivit,
483 4148 718 4219 propter
742 4162 835 4200 me
859 4145 1057 4215 (Joan.
1082 4161 1157 4213 v1,
1181 4146 1288 4217 58).
1322 4148 1379 4202 δι
1412 4160 1549 4216 ergo
1569 4146 1860 4203 Christum

162 4233 243 4289 ita
273 4236 609 4290 manducari
641 4234 946 4305 intelligas,
980 4241 1043 4290 ut
1074 4234 1133 4289 in
1164 4234 1572 4290 distributione
1617 4235 1716 4291 illa
1762 4249 1862 4305 per

162 4322 440 4390 membra,
474 4323 983 4392 membrorumque
1011 4332 1306 4393 segmenta
1333 4322 1393 4378 in
1416 4337 1517 4379 ora
1548 4323 1861 4393 suscipien-

166 4413 309 4468 tium
366 4411 563 4467 cedere
604 4412 827 4479 credas,
876 4411 1033 4467 verbi
1077 4414 1284 4482 gratia,
1344 4420 1405 4467 ut
1456 4412 1560 4468 iste
1590 4412 1855 4483 digitum,

164 4500 259 4556 ille
286 4499 448 4572 digiti
484 4507 698 4569 partem
731 4500 1026 4570 percipiat,
1073 4499 1271 4569 sicque
1302 4514 1402 4569 per
1431 4501 1689 4572 singulas
1722 4514 1857 4571 par-

162 4595 246 4644 tes
278 4587 551 4658 corporis,
584 4595 640 4643 et
682 4588 812 4642 item
855 4587 1109 4657 partium
1153 4587 1340 4644 frusta
1382 4591 1669 4659 procedat,
1724 4603 1859 4659 pro-

161 4675 307 4732 fecto
367 4677 503 4732 huic
558 4676 752 4731 sensui
806 4676 1046 4732 verbum
1117 4676 1324 4733 Christi
1382 4692 1496 4732 non
1561 4684 1854 4733 consonat.

160 4763 322 4832 Quod
350 4779 488 4835 ergo
530 4764 687 4827 dicit,
721 4781 833 4829 me,
865 4764 1297 4820 universitatem
1342 4766 1693 4833 substantiae,
1727 4781 1858 4837 qua;

159 4860 303 4910 tunc
346 4861 492 4921 erat,
538 4852 845 4925 significat,
894 4853 1007 4908 imo
1046 4852 1103 4908 id
1154 4853 1309 4923 quod
1349 4867 1422 4909 ex
1459 4862 1709 4925 utraque
1746 4868 1857 4911 na-

160 4950 292 4998 tura
318 4949 460 4997 erat.
489 4944 571 4999 Ac
599 4942 646 4998 si
675 4942 922 4998 diceret:
956 4940 1064 5009 Qui
1114 4941 1425 4997 manducat
1460 4956 1550 4998 me
1582 4943 1636 4998 in
1668 4957 1855 5013 quan-

160 5037 282 5088 tum
341 5031 512 5087 homo
566 5045 716 5096 sum,
779 5031 921 5086 vivit
995 5040 1227 5100 propter
1293 5044 1381 5085 me
1452 5031 1511 5086 in
1568 5040 1855 5102 quantum

161 5121 311 5176 Deus
353 5133 502 5175 sum.
537 5119 683 5176 Cum
725 5120 877 5175 enim
923 5119 995 5175 sit
1026 5117 1189 5175 Deus'
1217 5118 1276 5174 in
1320 5120 1550 5176 duabus
1588 5134 1661 5176 ex
1708 5120 1852 5177 dua-
1902 5174 1907 5179 .

159 5208 383 5279 basque
404 5206 649 5275 naturis,
680 5222 753 5263 ex
796 5208 975 5264 altera
1012 5215 1273 5263 nostrum
1316 5208 1554 5263 mortale
1581 5208 1853 5277 viviﬁcat,

157 5311 228 5353 ex
272 5296 453 5353 altera
497 5305 759 5352 nostrum
808 5296 981 5351 vitale
1032 5295 1331 5351 clariﬁcat.
1383 5297 1526 5352 Hinc
1571 5304 1657 5353 est
1698 5298 1855 5368 quod

159 5399 365 5454 corpus
414 5393 469 5441 et
510 5385 875 5456 sanguinem,
917 5385 1190 5455 quodque
1237 5385 1609 5455 singulariter
1661 5387 1850 5455 tradit,

158 5482 221 5531 ut
280 5474 435 5544 quod
491 5474 747 5544 corporis
804 5473 981 5529 nostri
1041 5473 1352 5530 humilitati
1400 5474 1718 5531 eximendae
1779 5475 1853 5533 ab

155 5558 430 5616 aerumnis
480 5558 851 5616 naturalibus
879 5558 1179 5627 attinebat,
1223 5573 1322 5631 per
1352 5574 1525 5617 suum
1554 5574 1765 5631 corpus
1794 5561 1852 5617 in

1972 1778 2300 1833 animarum
2359 1777 2621 1847 appetitu
2675 1788 2744 1830 ac
2793 1787 3079 1829 consensu
3128 1773 3461 1841 peragitur;
3528 1769 3676 1825 sicut

1969 1868 2119 1922 enim
2168 1865 2545 1921 manubrium
2594 1863 2717 1918 sine
2767 1864 2915 1918 ferro
2954 1861 3031 1915 nil
3059 1860 3332 1929 explicat,
3360 1858 3438 1914 ita
3464 1872 3676 1929 corpus

1969 1955 2092 2010 sine
2112 1955 2319 2009 animae
2344 1953 2637 2010 voluntate
2662 1960 2868 2021 praeter
2896 1948 3175 2020 originale
3204 1963 3317 2003 non
3348 1955 3564 2016 peccat.

2041 2042 2096 2097 Si
2156 2042 2347 2099 adhuc
2402 2041 2669 2112 exempla
2721 2039 2955 2109 rogitas,
3010 2044 3213 2106 praesto
3271 2036 3436 2104 plane
3496 2042 3669 2091 erunt

1968 2129 2275 2186 simillima.
2327 2129 2470 2186 Cum
2527 2128 2680 2185 enim
2731 2127 2969 2182 dixisset
3022 2126 3319 2182 Joannes:
3381 2122 3548 2179 Multi
3606 2140 3675 2178 ea:

1965 2217 2188 2272 Judaei:
2204 2217 2563 2273 crediderunt
2590 2216 2653 2271 in
2676 2234 2828 2281 eum,
2862 2214 3068 2285 adjecit
3096 2230 3110 2268 :
3142 2215 3317 2268 Jesus
3344 2217 3539 2267 autem
3558 2228 3673 2267 non

1966 2306 2228 2361 credebat
2245 2324 2308 2361 se
2340 2308 2425 2361 eis
2450 2308 2639 2375 (Joan.
2675 2321 2734 2372 ιι,
2766 2307 2855 2367 23,
2886 2305 2998 2373 24).
3043 2304 3221 2359 Juxta
3246 2304 3478 2357 beatum
3503 2316 3673 2358 nam—

1971 2410 2085 2466 que
2130 2397 2545 2467 Augustinum,
2597 2409 2713 2449 non
2765 2408 2822 2448 se
2862 2393 2943 2447 eis
2981 2391 3181 2458 credit,
3225 2391 3384 2460 quia,
3412 2389 3515 2446 etsi
3546 2404 3673 2446 cre-

1971 2484 2087 2551 dat,
2122 2499 2234 2540 non
2275 2484 2383 2539 nisi
2437 2492 2627 2538 tamen
2662 2482 2944 2551 baptizata
2978 2479 3385 2536 eucharistiam
3418 2479 3674 2549 corporis

1972 2573 2059 2630 sui
2091 2571 2410 2628 committit.
2465 2571 2609 2627 Dicit
2637 2578 2692 2626 et
2737 2570 2881 2625 alias
2914 2584 2926 2622 :
2973 2569 3078 2635 Οαι
3105 2566 3285 2621 credit
3321 2566 3381 2620 in
3417 2583 3528 2633 me,
3558 2583 3673 2619 non

1970 2660 2151 2715 credit
2180 2660 2244 2715 in
2271 2677 2382 2725 me,
2407 2660 2506 2715 sed
2538 2658 2602 2716 in
2623 2676 2752 2713 eum
2776 2657 2875 2730 qui
2896 2657 3053 2711 misit
3072 2674 3162 2710 me
3192 2656 3387 2725 (Joan.
3413 2669 3514 2721 xu,
3537 2654 3627 2724 44)
3653 2668 3666 2708 :

1970 2748 2129 2804 Alias
2177 2756 2346 2804 etiam
2385 2763 2398 2802 :
2434 2746 2572 2803 Nisi
2610 2742 3092 2801 manducaveritis
3132 2759 3367 2798 carnem
3403 2740 3526 2814 ﬁlii
3563 2741 3667 2795 ho-

1974 2837 2167 2906 minis,
2197 2840 2253 2891 et
2281 2836 2537 2892 biberitis
2560 2836 2683 2905 (eius
2700 2833 3041 2909 sanguinem
3073 2834 3269 2904 (Joan.
3306 2846 3381 2896 γι,
3416 2829 3524 2901 54),
3560 2835 3667 2886 etc.

2637 2975 2865 3033 CAPUT
2904 2974 2998 3030 lli.

2043 3096 2072 3167 §
2106 3096 2151 3151 Ι.
2184 3095 2271 3151 Ab
2291 3095 2509 3151 altaris
2544 3097 2907 3150 sacramento
2952 3095 3195 3148 manant
3228 3094 3430 3146 cetera
3465 3105 3671 3144 sacra-

1966 3191 2177 3241 menta.
2225 3215 2295 3225 —
2326 3184 2473 3251 Quia
2505 3184 2685 3256 igitur
2722 3184 2791 3239 de
2836 3182 3101 3253 bipertito
3147 3195 3379 3250 corpore
3418 3178 3666 3245 Domini,

1965 3288 2105 3332 vero
2162 3273 2419 3329 videlicet
2471 3272 2648 3344 (quod
2701 3273 2968 3341 superius
3026 3269 3340 3340 principale
3389 3267 3666 3334 diximus,

1968 3363 2123 3420 unde
2172 3362 2294 3417 haec
2322 3362 2626 3431 sequentia
2672 3367 3031 3415 sacramenta
3072 3356 3404 3426 manarunt)
3446 3370 3512 3411 ac
3554 3370 3671 3425 my-

1968 3452 2130 3518 stico,
2159 3450 2316 3520 quod
2349 3449 2663 3519 figuratum
2693 3461 2872 3517 supra
2902 3446 3341 3516 appellavimus,
3364 3459 3480 3515 quo
3512 3443 3670 3500 omni

1970 3537 2099 3593 luce
2132 3536 2330 3607 purior
2360 3536 2585 3593 Veritas
2612 3536 2719 3590 sub
2760 3535 2928 3605 panis
2956 3548 3023 3589 ac
3052 3535 3169 3588 vini
3205 3533 3410 3588 umbra
3433 3531 3670 3587 confici—

1967 3634 2085 3690 tur,
2120 3625 2277 3694 loqui
2302 3624 2602 3694 coepimus,
2647 3630 2962 3693 antequam
2991 3622 3060 3677 de
3097 3621 3287 3687 dente,
3322 3628 3377 3675 et
3407 3618 3669 3689 reliquiis

1967 3712 2277 3767 Salvatoris
2336 3712 2613 3766 disserere
2678 3709 3032 3774 adoriamur,
3094 3708 3441 3778 quaestiones
3534 3720 3669 3776 qua

1966 3799 2175 3856 exinde
2204 3799 2325 3856 ﬁeri
2368 3799 2551 3855 solent
2586 3799 2696 3855 sub
2738 3797 3047 3869 praemissis
3088 3793 3429 3851 testimoniis
3476 3792 3666 3848 venti-

1966 3888 2085 3945 lare
2131 3888 2365 3959 quidem
2412 3888 2715 3958 volumus;
2763 3887 2952 3942 nescio
2983 3893 3174 3941 tamen
3216 3884 3262 3938 si
3298 3882 3537 3938 delinire
3572 3895 3668 3951 po-

1968 3977 2228 4034 terimus.

2039 4063 2333 4130 Quaeritur
2379 4071 2581 4120 utrum
2619 4076 2829 4133 corpus
2862 4061 3025 4127 illud,
3059 4060 3214 4132 quod
3245 4059 3316 4116 ab
3362 4058 3531 4113 altari
3564 4071 3669 4113 su-

1968 4151 2167 4219 mitur,
2213 4153 2456 4221 speciem
2514 4151 2762 4208 viventis
2810 4150 3036 4206 Domini
3077 4156 3178 4205 aut
3222 4147 3436 4204 mortui
3485 4153 3666 4218 gerat.

1969 4240 2269 4298 Viventem
2301 4249 2491 4297 autem
2523 4254 2656 4296 eum
2688 4240 2921 4305 scimus,
2975 4251 3201 4307 semper
3245 4235 3669 4292 cohabitantem

1968 4327 2027 4383 in
2059 4342 2118 4383 se
2147 4327 2418 4384 habuisse
2468 4326 2842 4396 personaliter
2898 4327 3106 4391 Deum;
3154 4338 3361 4380 nomen
3401 4336 3537 4378 vero
3572 4321 3669 4377 Dei

1966 4416 2115 4485 Filii,
2148 4424 2367 4473 etcum
2415 4416 2645 4472 nomine
2693 4416 2876 4486 ipsam
2922 4429 3042 4471 rem
3080 4428 3192 4469 non
3238 4413 3514 4478 amisisse,
3569 4424 3667 4465 ne-

1969 4505 2202 4574 quidem
2236 4513 2549 4561 mortuum.
2598 4505 2743 4561 Cum
2791 4518 2930 4574 ergo
2981 4518 3040 4558 se
3086 4502 3287 4557 asserit
3316 4500 3670 4556 manducan-

1966 4593 2129 4660 dum,
2160 4593 2454 4649 ostendere
2485 4592 2662 4665 plane
2711 4591 2941 4647 videtur
2969 4606 3089 4646 suae
3120 4588 3542 4659 personalitatis
3573 4586 3669 4641 in-

1965 4681 2005 4740 d
2033 4682 2296 4737 viduum.
2353 4680 2733 4737 Personaliter
2785 4687 2977 4736 autem
3030 4679 3181 4734 Deus
3212 4691 3279 4733 ac
3326 4677 3497 4732 homo
3540 4682 3663 4742 est;

1967 4771 2148 4826 Deum
2193 4785 2331 4841 ergo
2368 4778 2423 4826 et
2468 4771 2757 4825 hominem
2802 4766 3174 4824 mandibilem
3223 4765 3342 4821 fieri
3385 4779 3516 4835 quae
3540 4777 3667 4834 per-

1963 4853 2150 4910 mittet
2200 4852 2387 4909 ratio?
2434 4853 2500 4908 In
2547 4867 2613 4908 eo
2661 4853 2814 4908 enim
2885 4850 3058 4908 verbo
3106 4864 3225 4921 quo
3269 4848 3482 4904 dicitur
3514 4862 3526 4901 :
3559 4844 3671 4912 Qui

1960 4942 2275 4998 manducat
2303 4958 2395 4995 me
2439 4941 2635 5012 (Joan.
2675 4955 2753 5005 γι,
2798 4942 2911 5008 58),
2962 4939 3043 4996 sic
3073 4937 3390 4995 necessario
3423 4936 3668 5007 intelligi

1962 5031 2167 5087 debere
2230 5030 2475 5086 videtur.
2549 5028 2986 5097 Temperantius
3054 5035 3248 5083 autem
3326 5026 3483 5082 illic:
3555 5025 3668 5096 (mi

1962 5118 2275 5173 manducat
2311 5134 2546 5173 carnem
2592 5134 2800 5183 meam,
2832 5120 2887 5171 et
2915 5116 3053 5171 bibit
3080 5115 3418 5188 sanguinem
3446 5130 3660 5184 meum,

1961 5206 2023 5261 in
2053 5224 2143 5261 me
2167 5212 2362 5261 manet
2393 5205 2578 5278 (ibid,
2627 5208 2732 5274 57).
2781 5204 2919 5272 Quae
2971 5206 3165 5276 itaque
3192 5205 3486 5261 altercatio
3518 5206 3668 5262 inter

1963 5295 2088 5351 sani
2110 5296 2313 5366 capitis
2348 5296 2604 5351 homines
2633 5307 2706 5350 ex
2739 5293 2845 5349 hoc
2876 5294 3093 5348 versari
3124 5292 3329 5349 debet?
3355 5292 3408 5348 Si
3454 5292 3665 5350 Christi

1962 5383 2157 5439 anima
2224 5385 2404 5440 Deum
2470 5383 2579 5440 sibi
2638 5382 2841 5439 habuit
2900 5383 3254 5447 insessorem,
3325 5382 3662 5451 mysterium

1963 5471 2105 5528 illud
2166 5472 2441 5543 simplicis
2499 5480 2799 5540 creaturae,
2851 5471 3006 5542 quod
3060 5485 3204 5543 pure
3236 5470 3413 5527 sacris
3461 5471 3665 5530 ofﬁciis

1960 5559 2284 5629 adhibetur,
2309 5560 2461 5631 ,quis
2503 5560 2739 5617 audebit
2796 5561 2983 5618 dicere
3032 5561 3176 5632 quin
3230 5562 3409 5617 Deum
3455 5560 3667 5617 habeat
