3914 6094
301 218 406 271 635

1244 217 1303 269 ν.
1346 216 1671 273 GUIBERTI
1708 217 1999 272 ABBATIS
2036 215 2095 271 S.
2136 215 2375 272 ΜΑΒΙᾸΞ
2417 216 2505 271 DE
2542 214 2939 272 NOVIGENTO

3728 216 3851 268 636

302 342 757 399 viviﬁcatorem‘?
787 342 895 410 Qui
935 344 1087 397 enim
1118 344 1188 398 de
1224 352 1420 399 sancto
1466 344 1676 414 Spiritu
1714 350 1768 401 et
1810 345 1995 416 virgi-
2031 347 2077 398 A
2102 337 2444 416 cipientibus
2474 346 2667 413 datur,
2711 345 2754 401 si
2787 345 2858 401 ad
2900 344 3177 417 gehenna
3208 344 3537 401 incendium
3588 344 3851 400 irrecu-

301 447 407 488 nec
471 432 753 502 sanguine
800 438 1011 498 cretus,
1060 430 1422 487 individuam
1481 434 1573 488 Dei
1626 448 1692 488 ac
1749 434 1995 490 hominis

304 532 607 589 personam
636 517 920 585 exhibuit,
952 518 1112 587 panis
1142 532 1209 574 ac
1252 519 1371 575 vini
1411 521 1745 578 substantiae
1791 523 1859 578 ad
1905 522 1993 578 sui

302 607 465 662 nobis
494 606 1052 674 reprasentationem
1103 607 1608 665 affluentissimum
1655 611 1826 667 totius
1854 611 1997 667 divi-

301 694 496 750 nitatis
520 693 787 763 illapsnm
819 694 1168 751 inviscerare
1197 711 1313 752 non
1342 698 1582 753 debuit?

370 782 806 836 Sacramentum
821 783 969 838 illud
991 784 1186 838 omnia
1200 784 1351 839 delet
1368 790 1626 856 peccata.
1657 817 1724 828 —
1753 787 1807 843 Si
1841 801 1997 858 aqua

300 871 658 940 baptismatis
715 885 829 926 non
889 872 1057 926 modo
1115 872 1345 928 vivifica
1396 887 1498 943 per
1543 874 1843 944 Spiritum,
1897 876 1994 931 sed

299 958 600 1016 vivificans
626 958 967 1029 appellatur,
1020 960 1100 1015 illi
1149 967 1393 1028 natura,
1449 976 1580 1031 qua
1632 963 1687 1016 in
1730 961 1994 1019 divinum

300 1048 574 1103 universa
622 1056 902 1111 mutatur,
948 1062 983 1102 a
1027 1063 1279 1118 superna
1314 1050 1635 1118 prasentia,
1673 1065 1704 1105 a
1751 1051 1996 1120 perfecta

301 1133 398 1190 Dei
430 1134 843 1191 inhabitatione
871 1136 1201 1192 exanimata
1233 1136 1535 1193 credetur?
1560 1138 1663 1193 Illa
1706 1153 1808 1209 per
1850 1138 1996 1195 cloa-

302 1236 399 1278 cas
445 1224 695 1291 ruitura,
744 1223 959 1294 Spiritu
1002 1224 1363 1293 fecundante,
1408 1225 1816 1283 diluendorum
1863 1235 1996 1283 tem-

303 1310 576 1380 poralem,
629 1312 742 1367 imo
785 1312 1071 1367 borariam
1122 1313 1329 1383 accipit
1373 1314 1682 1384 potentiam
1732 1324 1994 1386 peccato-

303 1412 455 1466 rum,
486 1400 606 1455 hac
636 1400 839 1466 hostia,
887 1400 1007 1456 sive
1051 1401 1122 1456 ad
1170 1402 1414 1457 salutem
1459 1403 1707 1459 hostium
1741 1413 1991 1474 sumpta,

301 1486 422 1542 sive
451 1500 485 1542 a
512 1488 908 1557 peccatoribus
937 1497 991 1545 et
1042 1490 1295 1561 indignis
1326 1500 1695 1561 prasumpta,
1730 1492 1802 1547 ad
1835 1494 1994 1549 thro-

301 1588 443 1629 num
479 1575 674 1646 gloria
704 1590 930 1646 semper
960 1577 1223 1645 refertur,
1261 1593 1561 1648 nunquam
1587 1580 1843 1636 desitura
1872 1595 1993 1650 pro-

299 1660 551 1728 vehitur,
596 1666 743 1715 θείς
808 1662 1047 1720 ﬁdenter
1085 1663 1230 1731 dico,
1281 1664 1340 1720 in
1379 1664 1506 1735 ejus
1543 1679 1779 1735 corpore
1811 1680 1845 1721 a
1874 1682 1991 1738 quo

300 1748 530 1818 prodiit,
580 1750 771 1806 nullas
822 1765 1085 1822 unquam
1131 1752 1519 1824 indignitates,
1568 1768 1682 1809 non
1723 1754 1990 1826 indignas

299 1837 650 1895 humilitates
686 1854 934 1911 usquam
984 1841 1056 1897 ab
1092 1841 1364 1911 improbis
1409 1842 1702 1912 perlatura
1741 1845 1986 1914 suscipi-

297 1933 415 1983 tur.
448 1925 503 1981 Si
535 1927 687 1982 enim
717 1941 750 1982 a
780 1928 1033 1997 quolibet
1062 1929 1234 2000 digne
1265 1930 1632 1999 percipietur,
1659 1931 1799 2002 quid
1832 1933 1989 1989 aliud

298 2028 477 2087 quam
504 2029 728 2072 summo
759 2016 838 2071 illi
884 2017 1066 2087 Capiti
1107 2018 1519 2074 cohaerentium
1552 2033 1650 2088 per
1687 2021 1777 2075 sui
1808 2021 1992 2090 ipsius

298 2118 474 2175 quam
516 2105 753 2174 suscipit
791 2119 1023 2161 carnem
1075 2106 1224 2163 illico
1262 2108 1665 2164 commembris
1706 2109 1990 2166 efficitur?

295 2190 418 2260 Quo
468 2206 721 2263 namque
768 2194 952 2263 magis
995 2195 1163 2251 modo
1207 2195 1267 2250 in
1314 2211 1524 2265 corpus
1559 2199 1690 2253 Jesu
1741 2198 1992 2269 quisque

295 2280 600 2351 trajicitur,
635 2296 811 2353 quam
840 2283 887 2339 si
916 2283 1395 2340 communicando
1424 2285 1559 2341 huic
1587 2286 1746 2341 carni
1764 2300 1832 2342 ac
1850 2300 1990 2343 san-

296 2369 460 2440 guini
486 2370 820 2428 intimetur?

363 2458 452 2513 Ab
470 2457 726 2532 indignis
743 2459 1186 2532 suscipientibus
1198 2460 1287 2515 nil
1306 2461 1552 2518 laesionis
1562 2462 1775 2535 accipit
1822 2464 1991 2520 Chri-

292 2548 432 2601 stus.
476 2577 547 2589 —
594 2548 765 2604 Porro
816 2549 865 2605 si
914 2549 1211 2620 improbus
1262 2550 1399 2607 illud
1454 2566 1671 2617 sumas,
1720 2553 1985 2623 teipsum,

295 2635 434 2707 quia
476 2650 640 2693 sacra
695 2638 969 2709 sacrilege
1026 2640 1289 2708 suscipis,
1325 2638 1573 2709 profecto
1620 2643 1986 2710 condemnas,

292 2733 347 2779 et
376 2724 431 2778 in
479 2739 546 2780 eo
576 2726 728 2796 quod
773 2740 981 2795 corpus
1025 2727 1245 2782 Domini
1288 2742 1659 2798 nequaquam
1707 2727 1992 2797 dijudicas

293 2812 351 2880 (ι
379 2812 508 2867 Cor.
540 2827 618 2880 x1,
651 2814 765 2881 29),
812 2815 1059 2885 idipsum
1106 2816 1362 2885 quidem,
1400 2824 1686 2885 quantum
1728 2816 1826 2870 tibi
1859 2817 1991 2872 atti-

2029 1628 2070 1683 B

2102 436 2428 505 perahiliter
2449 434 2845 507 praparatur?

2173 524 2228 580 Si
2262 524 2424 581 bona
2458 524 2585 581 fidei
2615 524 3062 580 catechumenus
3105 523 3208 594 qui
3256 521 3512 579 nondum
3546 520 3849 591 baptiza-

2101 618 2195 667 tus
2230 620 2331 677 est,
2381 613 2593 669 divinis
2638 612 2933 669 sacrificiis
2976 613 3214 683 jubetur
3260 612 3553 677 absistere,
3597 611 3661 666 ei
3727 613 3843 680 qui

2103 703 2407 759 infideliter
2432 704 2937 773 aut-impudenter
2987 702 3203 758 accedit
3242 702 3311 756 ad
3355 703 3477 766 ista,
3514 699 3846 770 quomodo

2102 794 2307 862 poterit
2338 793 2620 863 prodesse,
2657 794 2768 847 imo
2814 806 2927 846 non
2968 792 3036 846 ad
3082 790 3385 846 cumulum
3416 786 3847 845 damnationis

2101 880 2334 936 obesse?
2390 880 2534 936 Cum
2583 880 3109 950 evangelizantibus
3165 879 3452 934 diceretur
3497 885 3565 933 ut
3620 875 3845 945 hospi-

2102 970 2276 1024 taturi
2308 969 2560 1023 dicerent
2592 984 2604 1023 :
2642 971 2765 1023 Pax
2802 968 2932 1023 huic
2961 967 3172 1035 domui,
3206 966 3550 1038 adjungitur
3582 981 3595 1019 :
3639 965 3719 1020 Si
3752 964 3842 1018 ibi

2099 1057 2277 1118 fuerit
2291 1056 2458 1127 ﬁlius
2484 1056 2649 1129 pacis
2673 1058 2992 1129 requiescet
3022 1074 3197 1128 super
3233 1055 3401 1110 illum
3434 1071 3554 1125 pan:
3588 1057 3834 1109 vestra.

2099 1146 2205 1201 Sin
2233 1149 2449 1213 autem,
2476 1147 2669 1201 adeo:
2690 1149 3004 1202 revertetur
3026 1147 3180 1214 (Luc.
3214 1160 3273 1212 Χ,
3310 1148 3362 1212 5,
3394 1144 3468 1215 6).
3502 1143 3557 1200 Si
3594 1143 3835 1214 pradi-

2100 1235 2309 1291 catoris
2348 1236 2713 1302 beneficium,
2749 1236 3007 1305 reprobis
3056 1234 3409 1291 infructuose
3440 1232 3835 1304 dilargitum,

2101 1323 2172 1379 ad
2206 1322 2389 1393 ipsum
2424 1322 2814 1391 reciprocatur
2840 1323 3011 1393 cujus
3047 1330 3130 1377 est
3163 1322 3452 1390 meritum,
3474 1319 3534 1375 in
3567 1335 3835 1390 corpore

2103 1411 2289 1481 inepte
2338 1412 2925 1481 irrationabiliterque
2981 1410 3346 1480 suscipientis
3391 1416 3446 1465 et
3499 1410 3558 1464 in
3612 1409 3836 1464 anima

2099 1499 2326 1555 sordide
2374 1502 2690 1567 tractantis,
2741 1510 2908 1571 putas
2946 1507 3172 1556 tantum
3212 1513 3427 1555 munus
3481 1506 3602 1555 tam
3671 1497 3832 1553 foedo

2099 1601 2324 1645 carcere
2366 1589 2689 1655 ciaudetur,
2740 1589 3140 1659 squalentibus
3189 1588 3330 1643 adeo
3388 1585 3525 1643 locis
3582 1586 3831 1641 indebi-

2099 1676 2266 1734 tum?
2310 1678 2363 1735 Si
2407 1679 2653 1749 Spiritus
2689 1686 2924 1735 sanctus
2972 1677 3287 1748 disciplina
3332 1676 3537 1747 effugit
3583 1675 3824 1742 ﬁctum,

2099 1781 2205 1823 nec
2233 1768 2454 1825 habitat
2505 1769 2564 1824 in
2610 1782 2845 1837 corpore
2885 1766 3115 1823 subdito
3160 1766 3424 1837 peccatis,
3478 1765 3595 1821 imo
3637 1765 3828 1820 corri-

2097 1854 2255 1924 pitur
2296 1870 2330 1912 a
2371 1856 2818 1925 superveniente
2865 1854 3168 1925 iniquitate
3203 1854 3359 1925 (Sap.
3391 1869 3429 1920 l,
3482 1851 3558 1923 5),
3604 1852 3826 1908 divina

2100 1945 2206 2000 ista
2233 1945 2580 2010 substantia,
2634 1959 2767 2015 qua
2800 1944 2924 2000 Filii
2981 1943 3081 1999 Dei
3111 1956 3342 2013 corpus,
3396 1956 3495 2011 per
3541 1940 3823 2012 ejusdem

2098 2032 2344 2102 Spiritus
2386 2033 2803 2103 plenitudinem
2842 2040 2898 2089 et
2946 2032 3072 2087 Filii
3105 2045 3361 2102 persona
3392 2029 3821 2085 identificatio-

2099 2136 2250 2188 nem,
2287 2121 2562 2191 efficitur;
2624 2122 2699 2177 illi
2748 2121 3119 2190 spurcissimo
3169 2119 3326 2175 cordi
3390 2133 3450 2173 se
3505 2117 3816 2188 quomodo

2100 2210 2319 2278 inferet,
2354 2211 2523 2281 cujus
2550 2210 2896 2266 sanctusille
2934 2208 3181 2279 Spiritus
3215 2206 3591 2263 habitationis
3622 2206 3818 2275 impa-

2100 2299 2245 2355 tiens
2270 2300 2465 2356 sordes
2496 2300 2640 2355 ferre
2672 2314 2785 2353 non
2822 2296 3134 2368 pravalet?

2171 2388 2199 2460 ε
2234 2390 2324 2445 ΙΙΙ.
2358 2389 2608 2459 Objectio
2636 2392 2687 2443 2.
2712 2420 2780 2428 —
2812 2388 2914 2445 Sed
2945 2387 3081 2442 dicit
3103 2385 3392 2457 quispiam
3418 2399 3430 2439 :
3460 2383 3617 2456 Ergo
3653 2383 3705 2439 si
3722 2396 3815 2438 sa-

2099 2488 2458 2535 cramentnm
2529 2493 2643 2534 non
2706 2487 2809 2545 est,
2884 2491 2988 2533 nec
3056 2491 3173 2531 rem
3233 2474 3577 2530 sacramenti
3637 2474 3815 2529 habet

2100 2567 2367 2636 quisquis
2391 2575 2475 2623 est
2505 2568 2603 2636 qui
2641 2565 2749 2622 tale
2780 2566 2920 2634 quid
2951 2563 3211 2633 suscipit,
3236 2576 3415 2631 quare
3444 2560 3815 2616 damnationi

2098 2654 2394 2725 subjacet?
2419 2655 2502 2710 Ad
2554 2655 2710 2724 quod
2740 2668 2845 2724 ego
2877 2652 3117 2708 inferam
3154 2664 3167 2704 :
3224 2649 3278 2705 Si
3328 2649 3491 2717 panis
3534 2647 3629 2700 ille
3664 2644 3811 2700 nihil

2100 2739 2159 2795 in
2190 2756 2249 2796 se
2278 2755 2505 2797 sacrum
2539 2750 2745 2810 prater
2768 2755 2943 2810 quam
2976 2738 3140 2808 panis
3169 2738 3492 2792 communis
3541 2734 3808 2797 haberet,
3870 2782 3885 2803 ,

2100 2827 2193 2884 ille
2241 2837 2430 2884 tamen
2480 2829 2581 2899 qui
2640 2829 2692 2883 id
2746 2829 2923 2884 sutnit
2988 2840 3196 2895 corpus
3250 2840 3371 2880 esse
3429 2823 3808 2879 Dominicum

293 2908 410 2966 net,
454 2899 761 2970 vilipendis
801 2909 978 2971 atque
1022 2902 1350 2967 dedecoras,
1398 2903 1493 2957 sed
1529 2917 1563 2958 a
1611 2902 1725 2958 tuis
1763 2904 1838 2973 inj

2259 2925 2424 2983 taret,
2473 2925 2528 2972 et
2585 2916 2657 2971 ad
2711 2916 2765 2971 id
2816 2914 3180 2984 impudenter
3231 2912 3632 2981 accipiendum
3687 2924 3805 2967 sese

292 3002 577 3044 summam
622 2989 778 3045 illam
825 2989 1225 3046 excellentiam
1276 2990 1723 3062 impenetrabilis
1767 3006 1986 3062 usque-

291 3091 526 3147 quaque
554 3085 747 3133 tuetur
778 3076 1131 3135 immunitas.

361 3164 471 3236 §l[.
498 3166 753 3234 Objectio
777 3169 825 3220 1.
847 3167 1145 3222 Christum
1158 3167 1231 3221 ab
1253 3167 1456 3222 iisdem
1473 3184 1585 3221 non
1596 3168 1815 3239 suscipi
1833 3169 1989 3231 falso

288 3254 556 3309 nonnulli
580 3255 863 3327 putabant
891 3272 909 3309 :
931 3272 1071 3327 quos
1094 3255 1257 3325 infra
1284 3256 1542 3325 confutat
1569 3256 1892 3313 Guiberlus.
1917 3289 1986 3298 —

292 3343 398 3399 Sed
464 3358 630 3400 nemo
696 3359 849 3415 agre
917 3346 1080 3411 ferat,
1135 3345 1182 3399 si
1244 3360 1315 3400 ex
1379 3359 1618 3415 persona
1681 3347 1986 3417 cujusdam

292 3432 458 3488 aliter
506 3432 801 3488 sentientis
835 3433 1005 3503 paulo
1037 3433 1265 3504 longius
1294 3434 1493 3489 videar
1526 3434 1839 3503 disputare.
1879 3435 1987 3491 Pro

290 3520 418 3588 fide,
473 3520 736 3592 inquam,
792 3530 895 3578 aut
949 3521 1183 3591 perfidia
1230 3521 1665 3591 suscipientium
1722 3531 1986 3579 constare

290 3616 548 3680 putatur,
590 3616 692 3665 aut
729 3610 896 3680 quasi
935 3611 1172 3666 deiicere
1218 3619 1665 3676 sacramentum,
1701 3610 1802 3682 qui
1850 3610 1985 3666 infi-

288 3697 506 3764 deliter,
543 3706 643 3754 aut
671 3698 1022 3768 contemptui
1046 3699 1262 3754 ducens
1294 3698 1433 3754 illud
1472 3701 1666 3766 sumit,
1704 3699 1760 3754 in
1788 3713 1983 3769 quan-

289 3793 412 3842 tum
458 3802 572 3842 non
620 3797 932 3852 reveretur,
982 3801 1086 3843 nec
1135 3787 1490 3850 honorificat,
1550 3787 1597 3843 si
1639 3787 1819 3843 fidelis
1876 3794 1980 3854 est,

289 3874 348 3929 in
380 3884 665 3945 quantum
698 3876 986 3941 discredit,
1038 3876 1085 3931 si
1125 3876 1196 3932 sit
1232 3875 1495 3941 infidelis,
1524 3885 1578 3932 et
1609 3884 1795 3932 mente
1827 3875 1981 3932 refu-

288 3970 372 4018 tat
396 3978 606 4033 corpus
649 3965 885 4019 Domini.
918 3965 1070 4035 Ergo
1096 3980 1267 4021 sensu
1312 3980 1433 4021 meo
1479 3980 1591 4020 non
1633 3966 1796 4020 video
1828 3980 1982 4035 quo-

288 4050 458 4105 modo
486 4050 791 4105 animabus
831 4059 928 4105 aut
959 4052 1297 4120 corporibus
1327 4052 1526 4108 talium
1568 4051 1741 4122 possit
1773 4053 1977 4122 aptari.

290 4136 345 4193 Si
394 4137 543 4193 enim
602 4137 660 4192 in
707 4138 990 4194 sacrativo
1047 4154 1263 4195 canone
1318 4154 1421 4210 pro
1475 4140 1543 4195 iis
1584 4141 1768 4195 solum
1799 4141 1981 4196 oratio

286 4224 681 4293 pratenditur,
707 4225 808 4295 qui
840 4226 1165 4289 orthodoxi,
1196 4228 1293 4298 qui
1321 4206 1575 4283 cultores
1621 4227 1748 4283 fidei
1778 4227 1980 4283 catho—
2018 4206 2063 4260 Ῑ)

289 4313 411 4369 lica
433 4320 587 4380 sunt,
620 4322 675 4370 et
707 4316 956 4371 maxime
988 4316 1088 4386 qui
1120 4316 1320 4371 famuli
1345 4331 1413 4371 ac
1436 4315 1663 4372 famula
1692 4316 1789 4372 Dei
1820 4322 1979 4384 sunt,

289 4402 441 4473 quod
478 4403 743 4459 meritum
776 4405 1005 4460 obtendi
1048 4405 1353 4471 sufficeret,
1404 4405 1613 4460 nedum
1646 4418 1777 4460 cum
1827 4404 1984 4460 addi-

291 4492 716 4561 turzouorum,
760 4493 969 4564 inquit,
1017 4494 1121 4548 tibi
1155 4494 1298 4557 ﬁdes
1332 4497 1417 4547 est
1455 4492 1706 4564 cognita,
1752 4494 1809 4546 et
1844 4496 1983 4547 nota

286 4580 525 4649 devotio,
556 4582 657 4652 qui
711 4582 803 4638 hic
844 4583 1010 4638 habet
1046 4581 1312 4648 infidelis,
1345 4581 1485 4653 quid
1518 4582 1794 4651 reprobus
1823 4580 1985 4638 Chri-

287 4668 547 4725 stianus?
577 4669 632 4726 Si
685 4685 786 4740 pro
842 4671 1023 4735 vobis,
1076 4685 1108 4726 ο
1148 4671 1405 4740 apostoli,
1463 4678 1518 4725 et
1564 4670 1748 4726 caeteri
1801 4670 1982 4726 sancti

287 4756 576 4827 discipuli,
608 4766 663 4814 et
694 4773 796 4828 pro
829 4757 1025 4814 multis
1053 4757 1375 4815 effunditur
1405 4757 1645 4829 sanguis
1682 4758 1777 4814 ille
1804 4758 1858 4812 in
1888 4771 1984 4813 re-

288 4845 612 4902 missionem
663 4855 1049 4917 peccatorum,
1098 4847 1293 4903 inultis
1347 4846 1628 4915 videlicet,
1691 4861 1808 4902 non
1856 4844 1985 4901 aliis

289 4948 464 5004 quam
501 4934 713 5000 electis,
742 4935 955 4991 habent
984 4949 1418 5007 quamcunque,
1450 4935 1557 4989 sibi
1590 4943 1780 4990 tamen
1818 4933 1986 5003 pessi-

292 5036 441 5078 mam
492 5022 659 5093 pravi
712 5023 954 5094 quilibet
1015 5023 1338 5079 facultatem
1390 5022 1645 5079 exterius
1696 5023 1986 5091 suscipere

291 5119 734 5179 sacramentum,
771 5112 866 5168 sed
907 5126 1028 5168 rem
1066 5112 1408 5169 sacramenti
1453 5125 1568 5167 non
1608 5111 1836 5167 habent.
1871 5108 1986 5167 Su-

292 5199 541 5268 scipiunt
569 5200 803 5270 quidem
830 5201 984 5271 quod
1020 5199 1244 5257 visibile
1273 5201 1457 5257 solum
1480 5208 1583 5268 est,
1617 5199 1714 5256 sed
1744 5197 1885 5270 quia
1912 5198 1985 5254 ad

293 5286 470 5343 vitam
501 5302 870 5359 nequaquam
903 5290 1249 5346 nutriuntur
1274 5303 1347 5345 ex
1371 5303 1437 5345 eo
1484 5296 1838 5359 perpetuam,
1876 5286 1987 5342 illis

294 5373 629 5431 cxinanitur
659 5377 812 5447 quod
865 5377 1152 5435 invisibile
1195 5386 1248 5433 et
1287 5379 1426 5435 utile
1451 5386 1553 5434 est.
1599 5377 1669 5432 Et
1698 5374 1985 5447 quomodo

297 5463 375 5520 illi
401 5470 558 5518 tanta
594 5478 681 5520 res
707 5465 1037 5536 adaptatur,
1092 5481 1225 5538 qua
1259 5466 1317 5523 in
1362 5467 1539 5523 vitam
1564 5473 1838 5522 aternam
1870 5477 1987 5534 per-

2099 3005 2402 3074 ingereret,
2436 3019 2552 3059 non
2587 3003 2792 3060 minori
2844 3002 3041 3073 procul
3075 3002 3250 3057 dubio
3276 2999 3494 3070 judicio
3524 3012 3803 3053 succum-

2100 3092 2255 3150 beret
2294 3098 2469 3164 qnam
2521 3095 2564 3150 si
2598 3094 2735 3149 Iesu
2784 3091 3149 3148 verissimum
3194 3103 3406 3158 corpus
3434 3096 3601 3142 esset.
3630 3086 3806 3141 Vide—

2096 3186 2195 3235 tnr
2218 3195 2356 3250 ergo
2388 3182 2523 3237 mihi
2567 3180 2777 3236 sentire
2829 3178 3155 3250 profanum,
3210 3185 3274 3233 ut
3322 3183 3481 3230 tanta
3522 3175 3800 3245 dignitas.

2095 3282 2227 3337 qua
2261 3268 2379 3323 loco
2427 3269 2676 3325 indebito
2707 3267 2846 3323 nihil
2890 3267 3173 3331 utilitatis,
3231 3267 3341 3322 imo
3384 3263 3617 3319 nefaria
3668 3263 3804 3318 huic

2095 3357 2402 3429 proditioni
2495 3371 2700 3413 causas
2771 3355 2942 3412 totius
3019 3353 3431 3410 maledictionis
3502 3352 3799 3421 importat,

2093 3446 2190 3503 tali
2245 3445 2563 3503 intrusione
2603 3446 2932 3502 damnetur.
2980 3444 3065 3500 Ad
3096 3443 3267 3513 cujus
3312 3443 3585 3499 honorem
3638 3438 3802 3494 nullo

2094 3534 2259 3590 modo
2304 3533 2564 3604 pertinet,
2613 3533 2658 3589 si
2687 3533 2875 3604 gratia
2929 3532 3069 3599 hac,
3118 3545 3248 3601 qua
3283 3529 3454 3584 totius
3495 3526 3801 3582 munditia

2092 3624 2291 3679 nutrix
2323 3629 2425 3689 est,
2460 3622 2648 3690 turpis
2681 3620 3041 3678 conscientia
3091 3618 3370 3688 contagiis
3400 3615 3713 3683 obruatur,
3747 3624 3799 3671 et

2090 3712 2264 3767 miser
2295 3712 2461 3767 homo
2490 3711 2597 3766 sub
2632 3711 2737 3766 hac
2765 3710 3208 3779 prasumptione
3242 3705 3567 3761 mulctetur.

2163 3797 2191 3869 ς
2219 3798 2313 3855 IV.
2345 3796 2596 3867 Objectio
2615 3800 2665 3853 3.
2691 3828 2759 3837 —
2791 3797 3036 3852 Putasne
3061 3795 3235 3866 quod,
3266 3795 3310 3849 si
3336 3792 3627 3864 quispiam
3656 3791 3795 3846 infi-

2090 3886 2230 3942 delis
2259 3886 2314 3941 id
2362 3894 2634 3951 sumeret,
2678 3899 2883 3954 corpus
2916 3883 3141 3939 Domini
3189 3882 3377 3937 esset?
3406 3880 3476 3934 Et
3502 3878 3795 3948 quomodo

2089 3975 2340 4031 irrisorie
2386 3982 2488 4029 aut
2512 3974 2844 4043 ignoranter
2887 3970 3134 4027 sumenti
3174 3982 3383 4038 corpus
3413 3964 3640 4022 Domini
3684 3973 3788 4029 est,

2088 4063 2184 4118 cui
2214 4076 2389 4131 super
2419 4062 2541 4131 ipso
2571 4061 2839 4132 mysterio
2873 4060 3034 4116 nulla
3074 4058 3211 4113 lidcs
3249 4056 3380 4113 est?
3425 4055 3543 4110 Etsi
3584 4069 3618 4109 a
3661 4068 3792 4123 pue-

2038 4190 2058 4218 ι
2088 4148 2218 4204 rulo
2249 4156 2348 4203 aut
2374 4147 2628 4218 quolibet
2662 4147 2966 4213 insensato,
3000 4145 3097 4215 qui
3130 4152 3325 4199 utrum
3358 4142 3428 4197 sit
3456 4154 3790 4197 sacramen—

2092 4246 2213 4295 tum
2267 4237 2590 4293 discernere
2644 4236 2880 4300 nesciat,
2936 4240 3345 4304 prasumatur,
3403 4230 3615 4286 huicne
3666 4229 3783 4292 tali,

2091 4325 2247 4397 quod
2292 4338 2505 4394 corpus
2552 4323 2777 4379 Domini
2830 4322 3135 4377 insolenter
3175 4319 3504 4388 susceperit,
3539 4316 3788 4387 imputa-

2091 4413 2232 4469 tur?
2273 4411 2609 4467 nullatenus
2646 4409 2941 4466 assentior.
2982 4411 3199 4469 Dicam.
3234 4408 3328 4465 sed
3358 4408 3479 4463 sine
3527 4405 3789 4477 prajudi-

2091 4499 2178 4557 cio
2228 4498 2474 4553 melioris
2519 4497 2835 4564 sententia,
2883 4497 3025 4552 nulli
3078 4496 3349 4566 imputari
3397 4494 3600 4549 debere
3651 4494 3786 4549 bene

2090 4593 2389 4655 sumptum
2423 4592 2524 4639 aut
2559 4584 2706 4639 male
2737 4584 2843 4639 hoc
2874 4598 3099 4654 corpus,
3132 4583 3238 4638 nisi
3272 4582 3372 4652 qui
3411 4595 3659 4651 primum
3692 4596 3783 4651 po-

2093 4674 2268 4730 tuerit
2300 4672 2386 4728 vel
2418 4686 2490 4728 ex
2527 4679 2687 4742 parte
2714 4685 3023 4743 agnoscere
3057 4671 3221 4726 fidem
3253 4672 3397 4738 ejus.
3430 4668 3591 4725 Certe
3621 4677 3784 4726 natu-

2093 4759 2288 4816 raliter
2342 4757 2535 4825 fatuis,
2588 4766 2644 4815 et
2709 4758 3018 4814 amentiam
3078 4756 3510 4813 incurrentibus
3562 4764 3785 4826 peccata

2091 4846 2261 4901 etiam
2312 4844 2675 4916 gravissima,
2724 4858 2855 4915 qua
2903 4844 3191 4899 dementia
3217 4850 3271 4898 et
3319 4841 3581 4897 fatuitate
3624 4855 3782 4897 com-

2094 4933 2350 5002 mittunt,
2405 4933 2477 4988 ad
2527 4932 2955 4989 damnationem
3008 4932 3298 5001 imputare
3344 4929 3543 4986 nullus
3593 4930 3780 4998 audet,

2093 5036 2199 5078 nec
2241 5035 2374 5077 eum
2423 5021 2684 5078 addicere
2736 5029 2961 5092 peccato
3012 5022 3145 5091 quis
3175 5021 3359 5088 debet,
3405 5020 3506 5091 qui
3550 5020 3782 5089 malum,

2091 5109 2434 5165 conscientia
2464 5089 2839 5174 discernente:
2873 5123 2985 5163 non
3017 5089 3318 5179 perpetret.

2165 5199 2339 5253 Plane
2387 5198 2693 5253 indubium
2738 5205 2793 5254 et
2845 5199 3180 5254 innumeros
3225 5194 3559 5267 episcopalis
3612 5204 3668 5252 et
3698 5210 3781 5253 se-

2094 5287 2271 5344 cundi
2299 5287 2519 5342 ordinis
2550 5287 2833 5343 exstitisse
2864 5288 3035 5354 viros,
3060 5286 3163 5357 qui
3198 5294 3253 5341 et
3289 5289 3435 5339 343
3477 5285 3597 5341 hac
3625 5299 3779 5342 sacra

2095 5376 2322 5446 populis
2366 5376 2739 5441 celebrarent,
2799 5383 2853 5431 et
2912 5374 3079 5431 fidem
3127 5375 3381 5430 veritatis
3422 5374 3657 5431 interna
3698 5390 3776 5431 sa-

2095 5477 2327 5519 crorum
2357 5464 2691 5520 earumdem
2722 5464 3056 5521 nullatenus
3100 5463 3395 5519 haberent.
3447 5461 3621 5519 Putas
3653 5478 3777 5535 ergo
