3920 6080
124 225 255 279 637

1223 222 1316 279 DE
1358 222 1768 281 PIGNORIBUS
1805 221 2253 281 SANCTORUM.
2284 253 2355 262 —
2384 221 2515 278 LIB.
2559 223 2628 278 II.

3546 227 3657 281 638

120 373 275 416 cum
305 360 415 417 ista
444 367 727 432 gererent,
761 373 867 416 nec
888 358 1136 430 pretium
1165 373 1365 417 eorum
1396 375 1527 431 quae
1569 359 1826 415 exterius
1862 362 1910 414 Α
1938 372 1972 413 a
1997 359 2211 429 quibus
2236 359 2541 416 Simoniaci
2568 358 2927 426 nesciuutur,
2958 372 3195 415 sacrum
3219 358 3517 429 quidpiam
3545 373 3649 429 per

124 446 499 505 videbantur
532 447 770 503 actitare
818 454 1097 514 tenerent,
1140 448 1315 517 quod,
1365 455 1651 518 quantum
1685 448 1754 503 ad
1786 461 1843 503 se

129 536 490 606 pertinebat,
545 535 767 606 aliquid
826 535 1050 591 caeleste
1099 536 1484 591 conﬁcerent?
1530 536 1764 592 Minime
1825 551 1837 589 :

123 639 247 681 nec
276 624 447 695 panis
479 638 547 679 ac
572 624 694 681 vini
721 638 892 693 penes
934 624 1082 693 ipsos
1108 624 1433 680 substantia
1481 623 1838 691 mutabatur,

128 712 287 784 quia
318 712 754 769 Dominicorum
771 712 1105 779 verborum,
1139 727 1238 782 per
1261 727 1391 781 quze
1425 713 1693 781 mysteria
1715 726 1844 767 cou-

128 808 537 869 summantur,
571 809 766 857 actum
791 815 992 856 eorum
1022 802 1358 857 exteriorem
1393 802 1531 857 ﬁdes
1561 799 1841 856 mentium

130 889 313 945 nulla
362 889 757 958 consequitur,
819 903 952 961 qua}
981 889 1297 958 spiritualis
1330 886 1846 945 transformationis

132 991 430 1033 arcanum
454 975 574 1031 sola
599 975 917 1046 specialiter
941 984 1316 1045 promeretur.

216 1071 245 1128 §
274 1064 345 1121 V.
379 1063 637 1132 Objectio
661 1065 713 1118 4.
745 1092 817 1105 -
850 1063 955 1119 Sed
987 1064 1057 1118 ad
1098 1064 1239 1130 haec,
1273 1064 1331 1120 in
1372 1079 1490 1135 quo
1523 1063 1610 1119 vel
1643 1063 1845 1132 praeci-

138 1168 263 1223 pue
296 1152 500 1208 divina
544 1153 734 1208 virtus
766 1152 997 1219 eminet,
1029 1153 1216 1223 gratia
1246 1152 1370 1219 ista,
1405 1166 1535 1223 quae
1569 1152 1725 1207 ﬁctos
1762 1165 1848 1207 sa-

137 1241 411 1298 cerdotes
429 1240 650 1312 eﬁ'ugit,
682 1240 874 1296 ﬁdeles
930 1241 1189 1311 populos,
1241 1241 1457 1311 quibus
1491 1241 1594 1296 ista
1629 1255 1848 1311 gerun-

139 1333 270 1391 tur,
297 1340 412 1382 non
445 1327 670 1395 deserit,
728 1329 867 1384 dum
924 1343 1135 1399 corpus
1191 1330 1358 1393 idem.
1393 1330 1548 1401 quod
1598 1345 1712 1385 non
1765 1337 1848 1385 est

139 1427 365 1484 corpus
418 1416 573 1486 apud
614 1416 738 1472 illos
781 1416 884 1487 qui
919 1417 971 1472 id
1033 1420 1218 1487 ipsum
1254 1418 1562 1473 inﬁdeliter
1593 1418 1846 1474 admini-

136 1509 354 1570 strant,
395 1505 467 1559 sit
513 1513 937 1562 sacramentum
991 1513 1047 1560 et
1103 1521 1193 1561 res
1231 1507 1575 1562 sacramenti
1628 1507 1695 1561 iis
1723 1507 1845 1576 qui,

140 1589 280 1647 licet
312 1591 548 1661 inﬁdeli,
606 1593 844 1650 ﬁdeliter
876 1602 1065 1649 tamen
1110 1602 1320 1661 astant,
1356 1597 1514 1651 verbi
1561 1596 1767 1665 gratia,
1802 1596 1846 1651 si

139 1678 503 1750 baptismum
546 1682 749 1738 subeat
806 1683 1044 1738 Judaaus
1074 1684 1382 1754 quispiam,
1434 1684 1589 1753 quod
1647 1683 1848 1739 crebro

138 1768 431 1839 contingit
457 1778 644 1825 mente
674 1770 908 1839 perﬁda,
936 1770 1079 1827 lucri
1112 1785 1307 1839 causa,
1345 1772 1612 1842 nunquid
1642 1772 1848 1828 immu-

138 1858 387 1914 nitatem
438 1868 800 1928 peccatorum
859 1859 1229 1930 assequitur?
1288 1862 1354 1916 Et
1396 1860 1499 1931 qui
1530 1861 1601 1915 ad
1629 1868 1847 1916 tantam

139 1950 458 2015 puritatem
495 1947 662 2003 ﬁctus
702 1947 1140 2018 malevolusque
1173 1950 1443 2018 procedit,
1484 1950 1529 2004 is
1577 1950 1690 2018 ipse
1723 1948 1845 2019 Spi-

141 2033 300 2089 ritus
319 2042 573 2103 sanctus,
604 2036 775 2106 cujus
807 2037 1073 2106 potentiae
1124 2038 1234 2092 fuit
1266 2036 1625 2093 sanctiﬁcare
1657 2038 1847 2107 bapti-

140 2136 362 2191 smum,
426 2124 584 2179 nullo
617 2125 782 2180 modo
845 2126 1147 2195 praevaluit
1204 2125 1506 2197 indulgere
1548 2137 1847 2195 peccatum

141 2212 573 2283 qualecunque,
621 2213 709 2268 vel
744 2213 1259 2283 minimum;quod
1295 2215 1528 2285 quidem
1556 2216 1598 2269 si
1634 2215 1847 2283 potuis-

144 2308 253 2366 set,
302 2314 418 2355 nou
481 2301 729 2371 potentia
779 2300 1050 2371 profecto,
1086 2303 1183 2358 sed
1238 2303 1596 2372 impotentia,
1645 2311 1700 2358 et
1729 2304 1851 2359 haec

146 2388 371 2459 injusta
404 2389 620 2445 fuisset.
665 2392 812 2445 Sane
843 2391 1067 2446 vecordi
1111 2399 1166 2447 et
1215 2392 1588 2459 impleuitenti
1632 2391 1849 2447 condo-

147 2491 296 2533 nare
324 2486 569 2543 reatum,
603 2478 745 2534 nihil
775 2478 933 2534 aliud
986 2487 1090 2541 est,
1129 2488 1188 2535 ut
1217 2480 1351 2534 mihi
1398 2480 1642 2549 videtur,
1671 2494 1848 2550 quam

149 2566 478 2622 criminosis
507 2574 682 2637 atque
710 2567 977 2635 superbis
1010 2566 1262 2623 favorem
1317 2568 1669 2635 indulgendo
1699 2582 1848 2636 pree-

149 2661 307 2710 stare
336 2655 676 2726 malignum.
726 2656 792 2710 Et
837 2656 1125 2726 quomodo
1188 2656 1334 2711 Deus
1387 2655 1513 2715 erit.
1547 2657 1593 2711 si
1636 2658 1849 2712 Scelera

150 2756 260 2798 sua
296 2742 797 2813 perseverantibus
839 2743 898 2798 in
941 2745 1023 2798 eis
1064 2757 1298 2812 impune
1348 2743 1625 2798 remittit?
1680 2744 1845 2799 ﬁctus

150 2838 305 2888 certe
343 2831 628 2901 baptisma
650 2832 844 2898 subiit,
878 2842 932 2887 et
986 2832 1127 2887 illud
1174 2846 1371 2901 nempe
1420 2833 1575 2902 quod
1616 2841 1850 2888 sanctus

1947 462 2147 503 eorum
2203 462 2412 503 manus
2473 448 2894 517 impositionem
2950 448 3245 516 accipitur,
3305 462 3405 516 per
3475 447 3642 504 ﬁdem

1918 535 2332 605 suscipientis,
2359 544 2411 591 et
2443 544 2655 606 pestem
2692 536 2846 590 illam
2883 536 3218 605 ignorantis,
3264 537 3428 591 virus
3467 537 3643 592 totius

1951 622 2107 679 illius
2135 624 2411 679 hzereseos
2443 632 2740 691 vacuetur,
2765 625 2821 678 in
2842 632 3065 678 tantum
3090 624 3328 692 utquod
3363 624 3641 679 Simonia-

1951 726 2054 767 cus
2085 711 2200 780 ipse
2230 727 2345 767 non
2387 712 2573 779 habet,
2607 727 2738 767 cum
2771 712 3058 767 videbitur
3086 712 3257 767 etiam
3302 727 3415 766 non
3449 712 3643 768 habita

1954 799 2301 869 praestitisse,
2342 808 2533 855 ratum
2564 814 2634 855 ex
2686 800 2808 856 sola
2858 799 3188 869 accipientis
3243 800 3349 855 ﬁde
3403 808 3639 856 constet.

1952 886 2242 943 Ponamus
2272 902 2504 957 quoque
2532 902 2563 943 e
2592 888 2824 959 regione
2866 896 3130 943 sanctqu
3186 888 3438 957 aliquem
3473 888 3647 942 totius

1954 974 2288 1031 Simonaciae
2319 975 2499 1032 cladis
2529 984 2840 1046 expertem,
2874 976 3043 1046 cujus
3070 976 3417 1043 secundarii,
3451 976 3647 1031 archi-

1955 1064 2178 1119 diaconi
2232 1064 2465 1129 scilicet,
2513 1073 2613 1120 aut
2660 1064 2859 1119 decaui
2893 1064 3208 1120 Simoniace
3258 1063 3522 1120 conducti
3575 1063 3647 1119 ad

1954 1166 2087 1207 eum
2131 1152 2481 1207 ordinandus
2536 1152 2835 1218 inducant,
2897 1166 2932 1207 a
2983 1161 3178 1208 sancto
3238 1152 3471 1221 quidem
3527 1152 3644 1217 illo,

1956 1240 2385 1311 quantumlibet
2427 1249 2690 1296 sanctum
2748 1241 3187 1311 legitimumque
3234 1241 3306 1297 sit
3336 1240 3489 1310 quod
3529 1240 3645 1308 dat,

1955 1330 2100 1385 nihil
2169 1330 2479 1400 accipiunt.
2532 1330 2629 1385 sed
2678 1337 2959 1399 tanquam
3018 1330 3312 1386 exanimes
3357 1330 3426 1384 ad
3470 1327 3647 1384 solem

1957 1432 2061 1474 nec
2084 1418 2298 1479 vident,
2332 1432 2434 1473 nec
2464 1417 2742 1473 sentiunt.

2030 1505 2083 1562 Si
2120 1506 2238 1561 htec
2283 1505 2354 1561 ad
2404 1505 2671 1561 sacrificii
2733 1505 2919 1561 divini
2978 1506 3463 1575 comparationem
3516 1520 3652 1575 per-

1959 1595 2199 1649 minima
2226 1594 2298 1649 ob
2332 1594 2507 1650 unius
2538 1593 2749 1664 peccati
2796 1594 3207 1650 immanitatem
3250 1603 3305 1649 et
3336 1594 3652 1649 detrahun-

1890 1656 1930 1709 Β
1959 1691 2055 1738 tur
2097 1691 2152 1738 et
2183 1684 2416 1750 dantur,
2465 1656 2769 1738 etdivinze
2815 1697 2917 1752 pro
2967 1683 3155 1753 gratia
3212 1682 3651 1752 suscipientium

1957 1786 2218 1828 censurae
2276 1779 2600 1835 mutantur,
2634 1771 2691 1826 in
2755 1771 2849 1825 illo
2878 1771 3253 1826 ’sacrosancto
3307 1770 3571 1840 mysterio
3618 1785 3653 1825 a

1957 1860 2243 1915 damnatis
2285 1859 2480 1930 justus
2532 1873 2647 1914 non
2686 1858 3073 1915 discernitur?
3128 1860 3254 1915 Scio
3307 1873 3412 1915 nec
3462 1859 3521 1914 in
3580 1857 3650 1914 iis

1960 1949 2124 2004 beato
2154 1947 2412 2019 gentium
2461 1948 2685 2002 Doctori
2738 1962 2829 2002 me
2864 1948 3098 2002 obvium
3137 1948 3359 2017 przebeo
3391 1947 3599 2003 dicenti
3635 1961 3648 2000 :

1965 2059 1985 2085 ‹
2009 2036 2116 2103 Qui
2152 2036 2463 2092 manducat
2492 2044 2547 2091 et
2563 2035 2707 2091 bibit
2737 2035 2995 2106 indigne,
3026 2035 3310 2105 judicium
3344 2035 3450 2090 sibi
3483 2048 3654 2090 man-

1960 2128 2132 2182 ducat
2152 2134 2206 2182 et
2250 2126 2393 2181 bibit
2423 2127 2479 2196 (I
2514 2127 2638 2183 Cor.
2688 2141 2747 2193 ιι,
2779 2126 2890 2196 29),
2930 2147 2951 2173 ι
2998 2124 3139 2195 quia
3185 2125 3283 2194 qui
3330 2124 3398 2180 de
3455 2123 3652 2178 Domi-

1960 2216 2072 2270 nici
2145 2216 2397 2284 corporis
2463 2216 2702 2270 veritate
2773 2228 2886 2268 non
2936 2213 3181 2280 dubitat,
3238 2221 3293 2269 et
3353 2214 3407 2268 id
3462 2214 3654 2283 ipsum

1960 2304 2167 2361 atrocis
2193 2311 2293 2359 aut
2326 2303 2593 2373 ﬁagitiosi
2629 2302 2805 2357 animi
2839 2301 3222 2371 improbitate,
3258 2310 3318 2357 ut
3349 2301 3430 2356 sic
3464 2300 3653 2355 dicam

1958 2390 2336 2447 ecclesiastico
2390 2390 2585 2457 verbo,
2622 2391 3032 2453 communicat,
3066 2388 3123 2443 in
3156 2403 3272 2456 quo
3315 2396 3488 2443 tantae
3522 2401 3653 2456 per-

1960 2479 2243 2534 sonalitati
2278 2493 2388 2533 non
2418 2478 2613 2542 defert,
2650 2491 2813 2537 nosse
2866 2477 3034 2531 velim
3084 2476 3224 2546 quid
3286 2476 3456 2543 sacri,
3509 2474 3651 2546 quid

1964 2567 2118 2624 utilis
2150 2568 2222 2623 ab
2255 2567 2422 2622 altari
2456 2565 2660 2622 refert?
2692 2565 2825 2621 Esto
2861 2580 2873 2618 :
2906 2565 3047 2619 Ecce
3084 2563 3170 2618 Vel
3203 2573 3651 2630 sacramentum,

1960 2659 2062 2713 etsi
2093 2656 2399 2711 insolenter
2429 2662 2483 2710 et
2522 2654 2740 2719 stolde,
2788 2668 2904 2707 non
2960 2662 3075 2707 tam
3128 2660 3425 2722 sumptum
3476 2665 3654 2721 quam

1964 2751 2398 2815 praesumptum.
2449 2743 2566 2797 Etsi
2608 2741 2713 2797 hoc
2761 2750 2910 2797 certe
2961 2742 3311 2807 conceditur,
3366 2740 3655 2810 quomodo

1964 2843 2150 2889 tamen
2206 2847 2320 2888 rem
2353 2830 2697 2887 sacramenti
2758 2829 2888 2885 inde
2947 2829 3174 2892 referat,
3211 2844 3326 2884 non
3381 2829 3650 2884 videtur:

151 2917 403 2988 Spiritus
440 2919 508 2974 ad
572 2919 1044 2989 imprecationem
1100 2918 1505 2989 cujuscunque
1536 2920 1847 2975 sacerdotis
1889 2941 1930 2995 ρ
1962 2923 2114 2992 quod
2168 2921 2215 2977 si
2278 2936 2366 2976 res
2399 2919 2743 2975 sacramenti
2797 2918 2966 2979 deest,
3000 2926 3427 2974 sacramentum
3482 2931 3649 2973 sum-

150 3005 388 3063 indubie
442 3007 647 3063 imbuit
687 3014 742 3062 et
795 3006 1000 3061 efﬁcax
1063 3008 1209 3073 fecit,
1248 3016 1312 3071 et
1345 3020 1531 3063 tamen
1581 3007 1850 3063 inefﬁcax

148 3096 382 3165 reperit,
412 3096 512 3166 qui
547 3096 713 3151 ﬁctus
745 3095 1001 3151 accessit.

224 3185 369 3240 Ecce
413 3184 542 3240 luce
571 3183 788 3239 clarius
847 3183 907 3239 ﬁt
933 3183 1169 3239 evidens
1197 3183 1352 3253 quod
1386 3183 1485 3239 ubi
1545 3183 1682 3239 ﬁdes
1733 3199 1846 3239 non

144 3280 250 3339 est,
284 3279 710 3328 sacramentum
742 3272 915 3327 etiam
952 3271 1013 3326 tit
1046 3274 1345 3341 impotens.
1376 3271 1492 3328 Nec
1540 3272 1680 3328 mihi
1715 3272 1850 3342 quis

147 3360 383 3430 obiiciat
412 3360 570 3431 quod
607 3360 782 3417 etiam
829 3360 1095 3416 ethnicus
1125 3360 1551 3430 hzereticusque
1582 3361 1847 3431 baptizat,

146 3448 288 3520 quia
314 3449 429 3505 alia
463 3454 776 3506 auctoritas
802 3456 888 3505 est
938 3438 995 3504 in
1039 3448 1228 3504 dando
1256 3462 1431 3518 quam
1477 3448 1850 3505 confessionis

144 3537 331 3593 divini
362 3536 612 3594 nominis
663 3537 720 3593 in
753 3536 1137 3607 suscipiendo.
1195 3537 1281 3592 Ad
1327 3538 1558 3592 dantem
1591 3538 1744 3594 enim
1795 3546 1849 3594 et

144 3622 564 3681 sacriﬁcantem
634 3624 1018 3680 ministerium
1090 3624 1348 3680 exterius
1423 3624 1688 3693 refertur,
1776 3625 1848 3681 ad

148 3712 444 3769 Christum
469 3727 602 3769 vero
629 3713 934 3769 efﬁcientia
965 3721 1313 3783 reportatur,
1349 3714 1463 3781 cui,
1521 3714 1670 3770 sicut
1715 3715 1850 3770 dici-

148 3809 247 3858 tur
279 3815 293 3855 :
332 3824 353 3851 ι
390 3801 494 3857 Hic
516 3810 600 3857 est
628 3802 731 3872 qui
781 3801 1028 3871 baptizat
1054 3803 1253 3871 (Joan.
1281 3817 1317 3869 i,
1368 3804 1479 3870 33).
1517 3823 1545 3851 »
1579 3803 1844 3872 perhibe-

150 3898 249 3947 tur
277 3891 470 3958 etiam,
526 3890 665 3961 quia
717 3891 873 3947 solus
902 3891 1206 3947 sacriﬁcat.
1270 3890 1325 3946 Si
1375 3905 1511 3960 ergo
1540 3892 1757 3957 dantes,
1793 3891 1848 3948 id

147 3986 233 4036 est
285 3979 594 4046 ministros,
641 3979 976 4051 singularis,
1037 3980 1180 4050 quia
1235 3993 1361 4034 eam
1412 3978 1521 4035 sibi
1582 3979 1842 4049 retinuit,

153 4067 360 4124 Christi
393 4068 756 4124 commendat
803 4068 1138 4134 auctoritas,
1173 4069 1229 4122 in
1259 4067 1684 4124 confcssoribus
1727 4070 1844 4124 uti-

150 4171 267 4228 que
319 4156 725 4221 discernendis,
771 4157 911 4212 dum
971 4158 1029 4211 in
1106 4157 1212 4212 hoc
1270 4171 1576 4213 versamur
1605 4157 1840 4225 saeculo,

1961 3014 2135 3081 psisse
2157 3009 2295 3080 quid
2331 3009 2555 3079 prodest
2577 3007 2604 3061 ?

2028 3100 2462 3155 Sacr-amcitiam
2499 3096 2797 3152 trifariam
2826 3098 3160 3167 usurpatur.
3190 3124 3262 3137 —
3309 3096 3653 3152 Sacramen—

1954 3195 2080 3246 tum
2138 3197 2327 3243 autem
2371 3186 2649 3242 trifariam
2708 3185 3010 3240 dividitur.
3094 3185 3200 3241 Pro
3268 3183 3652 3257 jurejurando

1958 3291 2209 3347 namque
2243 3275 2495 3345 ponitur.
2536 3280 2591 3329 et
2625 3287 2722 3343 pro
2754 3288 2814 3328 re
2835 3287 3069 3343 quoque
3097 3282 3320 3329 sacrata
3349 3273 3459 3328 dici
3487 3272 3647 3341 solet,

1955 3380 2060 3437 pro
2121 3365 2385 3436 mysterio
2425 3364 2597 3420 etiam
2636 3362 2930 3431 accipitur.
2989 3362 3069 3419 Sit
3123 3378 3261 3434 ergo
3319 3376 3409 3418 res
3466 3375 3647 3429 sacra,

1954 3456 2145 3526 sitque
2206 3454 2566 3524 mysterium,
2607 3452 2712 3507 hoc
2769 3460 2951 3508 totum
2985 3451 3045 3507 ﬁt
3098 3452 3325 3507 sublata
3357 3466 3415 3507 re
3458 3465 3650 3506 sacra-

1955 3544 2150 3611 menti,
2217 3542 2453 3612 indiguo
2495 3541 2860 3611 supplicium.
2916 3540 3182 3596 Dicemus
3229 3539 3425 3610 itaque
3495 3538 3650 3608 quod

1954 3632 2133 3703 hujus
2159 3630 2301 3686 tanti
2352 3629 2609 3685 muneris
2642 3628 2783 3684 coelo
2830 3642 2898 3683 ac
2929 3637 3093 3683 terrae
3131 3628 3426 3682 adoranda
3469 3627 3650 3697 maje-

1955 3728 2071 3777 stas
2126 3718 2523 3789 putentissimo
2575 3716 2785 3786 pectori
2841 3717 3056 3772 scelesti
3087 3716 3411 3786 cujuspiam
3470 3729 3530 3770 se
3578 3713 3650 3769 li-

1955 3809 2155 3865 benter
2198 3808 2519 3876 immergat,
2583 3806 2654 3861 ob
2708 3805 2815 3860 hoc
2861 3805 3074 3861 scilicet
3122 3804 3330 3868 solum,
3366 3811 3429 3859 ut
3481 3804 3651 3858 dam-

1956 3896 2133 3952 nandi
2166 3894 2413 3951 hominis
2461 3893 2739 3950 tniserum
2770 3898 2917 3948 344
2946 3908 3044 3948 cor
3067 3892 3318 3948 exurat?
3348 3892 3513 3947 Absit
3546 3891 3653 3947 hoc

1955 4000 1990 4043 a
2021 3986 2273 4056 piissima
2324 3982 2556 4054 benigni
2604 3984 2735 4038 Jesu
2783 3980 3017 4038 animal
3053 3983 3234 4038 Corde
3259 3982 3428 4037 credo
3460 3994 3528 4036 ac
3554 3995 3652 4037 ore

1954 4075 2227 4137 conﬁteor
2265 4072 2419 4143 quod
2464 4072 2533 4126 ad
2585 4071 2707 4127 haec
2739 4080 2937 4127 sancta
2969 4074 3322 4140 przrsumpta
3377 4070 3653 4125 accedens

1954 4162 2288 4234 dignissime
2344 4160 2642 4230 puniatur,
2694 4160 2789 4215 sed
2849 4159 3183 4215 nullatenus
3240 4157 3493 4228 proﬁteri
3538 4171 3651 4213 au-

148 4251 367 4301 coustat
427 4245 608 4301 multa
663 4244 945 4302 dubietas.
1004 4245 1159 4299 Unde
1193 4244 1492 4315 psalmus:
1534 4268 1554 4295 ι
1614 4246 1839 4312 Statuit,
1877 4237 1922 4291 D
1954 4253 2118 4307 deam
2154 4250 2308 4319 quod
2338 4257 2512 4304 tanta;
2544 4247 2803 4303 veritatis
2854 4247 3108 4319 dignitas
3151 4245 3286 4301 locis
3338 4244 3652 4309 infamibus

153 4331 360 4403 inquit,
392 4346 577 4404 aquas
606 4334 773 4403 quasi
821 4332 880 4388 in
916 4341 1045 4388 utre
1081 4333 1271 4403 (Psal.
1308 4348 1518 4400 Lxxvu,
1558 4334 1663 4404 l3).
1724 4356 1752 4385 n
1787 4335 1843 4391 Si

152 4434 320 4491 aquae
343 4421 667 4491 spiritualia
700 4421 853 4477 dona
882 4429 1038 4490 sunt,
1068 4421 1137 4477 de
1170 4423 1386 4492 quibus
1416 4422 1552 4479 alibi
1585 4424 1800 4479 dicitur
1829 4439 1841 4479 :

158 4530 179 4557 α
216 4507 455 4565 Flumen
477 4508 578 4565 Dei
605 4509 887 4579 repletum
917 4517 1002 4566 est
1032 4510 1204 4580 aquis
1248 4511 1433 4581 (Ρεαι.
1466 4526 1616 4577 wa,
1654 4512 1763 4580 l0),
1814 4533 1841 4560 »ι

150 4597 240 4652 vel
273 4597 445 4654 etiam
476 4598 594 4668 ipse
624 4597 964 4668 baptismus,
1016 4598 1138 4654 haec
1168 4599 1261 4654 cui
1296 4599 1419 4654 vult
1448 4599 1600 4654 Deus
1646 4599 1842 4655 infun-

150 4685 252 4752 dit,
283 4686 517 4741 cuivult
546 4686 792 4753 obserat,
834 4700 935 4757 pro
959 4685 1271 4743 intentione
1306 4686 1569 4744 videlicet
1615 4701 1681 4743 ac
1725 4701 1841 4744 me-

146 4773 257 4830 rito
287 4772 626 4841 accedentis,
648 4782 702 4830 et
733 4774 979 4843 cohibet,
1012 4782 1068 4831 et
1088 4775 1204 4830 dat.

217 4863 245 4930 §
274 4861 365 4918 VI.
399 4861 654 4932 Objectio
691 4865 743 4917 5.
777 4893 845 4903 —-
869 4863 968 4919 His
1008 4862 1181 4919 etiam
1211 4862 1452 4933 aliquid,
1481 4879 1597 4920 non
1650 4863 1844 4921 minus

149 4964 324 5023 quam
391 4952 709 5022 superiora,
747 4952 952 5022 poterit
1001 4951 1195 5007 valere
1241 4952 1585 5022 subjectum.
1621 4953 1843 5010 Scimus

149 5047 205 5096 et
230 5052 302 5095 ex
343 5038 646 5109 multiplici
687 5053 907 5096 canone
935 5048 1196 5097 tenemus
1243 5039 1560 5097 Simoniace
1605 5042 1843 5098 ordina-

149 5137 233 5185 tos
262 5128 382 5184 sive
414 5127 690 5198 praesules
721 5129 842 5186 sive
862 5128 1243 5199 presbyteros,
1275 5128 1422 5186 nihil
1451 5142 1485 5184 a
1542 5143 1647 5185 suo
1682 5129 1840 5185 ordi-

150 5223 346 5273 natore
391 5215 667 5287 recipere,
700 5216 797 5273 sed
840 5223 896 5273 et
939 5231 1073 5273 cum
1103 5217 1244 5273 alios
1275 5218 1399 5274 ideo
1422 5219 1839 5286 ordinaverint,

151 5311 251 5361 aut
278 5303 752 5373 sacriﬁcaverint,
801 5304 955 5376 quod
987 5318 1021 5360 a
1077 5305 1306 5361 nemine
1347 5307 1687 5377 acceperint,
1738 5319 1840 5363 seu

151 5395 353 5460 facere,
404 5407 506 5448 seu
535 5392 674 5449 dare
703 5406 819 5448 non
850 5406 1030 5463 posse.
1067 5392 1215 5449 Huic
1261 5402 1455 5451 tamen
1514 5405 1627 5452 tam
1661 5410 1840 5467 nego-

148 5482 290 5539 tioso
313 5480 567 5551 periculo
597 5479 847 5537 conditio
871 5480 1070 5539 divina
1097 5496 1157 5537 se
1188 5483 1416 5555 ingerit,
1440 5490 1503 5541 ut
1532 5484 1579 5541 si
1608 5484 1681 5542 ab
1705 5484 1837 5556 illis,

1953 4347 2235 4395 teneatur.
2294 4359 2315 4384 ι
2353 4335 2464 4390 Etsi
2495 4336 2784 4402 novimus,
2829 4335 2910 4389 ait
2952 4333 3281 4403 Apostolus,
3313 4333 3506 4388 .iesum
3556 4346 3652 4387 se-

1952 4425 2209 4480 cundum
2240 4437 2492 4490 carnem,
2529 4423 2625 4478 sed
2658 4424 2952 4492 nuncjam
2978 4436 3090 4476 non
3117 4421 3388 4477 novimus
3412 4421 3507 4489 (Il
3529 4420 3649 4476 Cor.

1953 4529 2008 4581 v,
2046 4512 2156 4585 l6).
2198 4533 2218 4561 ι
2281 4511 2405 4567 Jam
2453 4525 2590 4582 ergo
2624 4512 2679 4566 in
2713 4520 2964 4580 paternae
3013 4509 3425 4580 coaequalitatis
3457 4522 3652 4578 prove~

1951 4610 2080 4657 ctus
2129 4614 2376 4666 assessu,
2428 4599 2501 4654 ad
2551 4599 2927 4655 contumelias
2951 4598 3277 4654 tolerandas
3308 4599 3513 4652 iterum
3555 4610 3651 4651 re-

1952 4691 2202 4761 digetur,
2236 4696 2301 4744 ut
2332 4687 2554 4754 vitioso,
2588 4688 2691 4758 qui
2716 4686 3009 4757 quondam
3042 4700 3159 4756 quo
3186 4694 3359 4755 caput
3416 4684 3651 4739 reclina-

1951 4786 2037 4834 ret
2085 4792 2200 4833 non
2258 4776 2461 4832 habuit
2517 4774 2675 4847 (Luc.
2731 4791 2813 4842 rx,
2876 4774 2989 4845 58),
3065 4773 3418 4830 obsolescere
3480 4772 3649 4828 modo

1949 4874 2192 4937 cogatur
2224 4864 2513 4934 hospitio?
2566 4864 2762 4920 Audeo
2792 4872 2847 4919 et
2896 4863 3101 4918 bonam
3154 4864 3320 4918 ﬁdem
3364 4863 3433 4916 ad
3467 4862 3648 4916 Deum

1951 4955 2153 5011 habeo.
2188 4953 2348 5011 Unde
2380 4959 2433 5008 et
2462 4953 2641 5008 tutius
2667 4951 2792 5008 dico
2829 4952 3024 5007 Iesum
3075 4949 3383 5006 Dominum
3415 4962 3647 5005 crucem

1950 5042 2199 5114 potuisse
2243 5047 2468 5111 portare
2517 5040 2738 5096 facilius
2784 5054 2961 5110 quam
2993 5038 3310 5095 humanam
3337 5050 3649 5094 conversa-

1950 5133 2161 5189 tionem
2192 5130 2434 5187 tolerare
2456 5128 2618 5185 fcedis
2642 5130 2698 5184 in
2720 5116 2996 5185 moribus.
3034 5129 3117 5185 Ad
3153 5129 3259 5184 hoc
3303 5128 3481 5199 igitur
3511 5140 3644 5183 eum

1949 5220 2298 5291 reciprocata
2328 5219 2557 5275 miseria
2608 5218 2834 5285 referat,
2871 5226 2936 5274 ut
2988 5218 3059 5273 ad
3095 5217 3415 5274 referendos
3465 5216 3687 5279 nostri,

1949 5310 2176 5379 generis
2201 5322 2406 5364 rursus
2437 5321 2662 5363 errores
2710 5307 2896 5363 redire
2930 5307 3181 5363 invideat
3203 5306 3230 5359 Τ
3270 5306 3643 5377 Impossibili-

1948 5402 2124 5451 tatem
2167 5409 2334 5467 suam
2377 5394 2520 5451 forte
2564 5394 2802 5462 fastidit,
2834 5402 2889 5450 et
2946 5394 3018 5449 ad
3060 5394 3318 5450 consueti
3350 5394 3646 5464 quondam

1946 5485 2203 5561 corporis
2232 5484 2516 5542 molestias
2544 5482 2754 5556 quietis
2790 5483 3096 5561 impatiens
3140 5483 3410 5549 decedere
3446 5483 3640 5565 gestit!
