3920 6080
357 250 460 304 639

1245 249 1303 300 V.
1344 246 1671 303 GUIBERTI
1711 247 2000 304 ABBATIS
2037 245 2092 301 S.
2137 246 2379 302 MARIE
2420 247 2510 302 DE
2552 244 2955 303 NOVIGENTO

3742 246 3847 300 640

428 381 736 439 Addiscere
784 382 954 439 velim
996 382 1069 438 ab
1116 381 1332 452 aliquo,
1382 382 1525 452 quid
1556 381 1664 438 sit:
1719 380 1826 449 Qui
1876 395 2048 437 man—
2084 384 2131 436 Α
2161 388 2224 437 ut
2272 388 2413 437 tunc
2460 381 2733 452 temporis
2792 382 2966 437 moris
3013 380 3217 447 fuerat,
3269 380 3513 437 linteolis
3569 380 3848 437 extulisse

358 471 526 527 ducat
560 486 668 537 me,
706 471 845 526 vivit
889 478 1121 541 propter
1166 485 1254 527 me
1299 471 1496 541 (Joun.
1549 485 1627 535 vr,
1683 473 1787 536 58).
1829 493 1848 519 ι
1899 470 2045 535 Quid

357 568 441 615 est
491 559 860 624 manducare,
914 561 1054 630 quid
1093 568 1178 614 est
1221 564 1353 614 me?
1399 559 1805 630 Amphibolum
1857 568 1958 626 est,
1992 567 2046 615 et
2064 572 2099 596 ἰ

357 647 499 702 bene
554 661 621 702 ac
674 646 818 703 male
845 648 1183 703 manducari
1219 656 1401 718 potest
1446 649 1724 704 Dominus
1762 648 2041 716 absolute,

354 735 658 803 Apostolus
685 736 1144 793 conditionaliter
1190 737 1368 806 ponit.
1422 736 1527 792 Sed
1561 737 1702 807 quid
1725 738 2042 792 manduca-

353 822 488 877 tur?
518 845 534 871 ι
584 823 772 890 Panis,
810 824 1019 895 inquit,
1078 838 1250 895 quem
1306 839 1410 894 ego
1459 824 1687 890 dedero,
1744 839 1877 880 caro
1921 839 2046 880 mea

353 916 436 964 est
462 907 637 979 (ibid.,
675 911 785 978 52),
820 936 845 959 ιι
880 920 934 967 et
966 913 1261 982 psalmus:
1303 934 1323 960 ι
1359 913 1590 978 Panem,
1626 912 1833 981 inquit,
1868 927 2043 984 ange-

354 997 539 1054 lorum
582 1000 956 1057 manducavit
983 1002 1152 1057 homo
1185 1000 1371 1073 (Psal.
1407 1015 1625 1066 Lxxvn,
1670 1001 1780 1071 25).
1836 1021 1858 1049 ι
1890 1002 2045 1057 Man-

352 1086 565 1142 ducare
593 1088 729 1142 mihi
762 1089 904 1144 nihil
967 1089 1124 1145 aliud
1179 1088 1426 1156 videtur,
1460 1103 1638 1158 quam
1678 1089 1747 1143 ad
1790 1087 2051 1157 seipsum’

349 1175 484 1231 Jesu
540 1176 716 1232 vitam
770 1177 1215 1247 exempliﬁcare,
1283 1186 1339 1234 et
1388 1178 1495 1233 hoc
1549 1185 1633 1232 est
1690 1176 1844 1247 quod
1907 1176 2044 1232 dicit

358 1284 379 1311 ι
415 1278 524 1332 me,
558 1288 583 1310 »ι
634 1278 702 1320 ac
741 1264 788 1320 si
836 1265 1091 1322 diceret:
1134 1289 1154 1315 ι
1205 1267 1291 1322 Me
1342 1288 1370 1314 ››
1414 1280 1527 1321 non
1577 1265 1907 1332 manducat,
1940 1265 2043 1335 qui

350 1366 464 1406 non
486 1366 545 1406 se
576 1353 716 1407 mihi
746 1354 993 1409 uniendo
1016 1362 1413 1424 concorporat.
1444 1354 1580 1409 Mihi
1608 1367 1720 1407 non
1753 1353 2039 1421 credatur,

351 1438 460 1495 nisi
523 1440 701 1496 verba
779 1443 1075 1498 Dominica
1142 1444 1283 1499 meis
1343 1455 1659 1499 consonare
1706 1441 2038 1511 probentur.

351 1547 379 1575 ‹‹
410 1528 640 1596 Panem,
674 1530 772 1597 ait,
828 1540 1089 1587 nostrum
1120 1532 1522 1602 quotidianum
1579 1530 1651 1585 da
1684 1528 1846 1583 nobis
1879 1529 2042 1585 hodie

350 1617 505 1686 (Luc.
536 1631 616 1686 x1,
652 1621 734 1688 3).
777 1641 805 1668 »
841 1621 927 1675 Ex
957 1634 1208 1691 quorum
1242 1634 1483 1690 persona
1512 1619 1566 1674 id
1595 1616 1897 1688 loquitur?
1930 1618 2038 1673 Eo-

348 1718 478 1760 rum
522 1705 691 1775 plane
729 1706 831 1777 qui
875 1707 1097 1774 dicunt,
1146 1716 1202 1763 et
1230 1708 1416 1763 dicere
1472 1714 1755 1777 possunt:
1794 1726 1820 1753 α
1872 1704 2040 1762 Pater

348 1796 559 1859 noster,
594 1794 693 1864 qui
728 1810 789 1850 es
809 1796 865 1851 in
884 1796 1041 1852 ccelis
1072 1798 1307 1865 (Malm.
1330 1811 1406 1862 v1,
1439 1798 1517 1861 9).
1563 1817 1591 1843 »
1624 1796 1901 1861 Quorum,
1940 1809 2040 1864 pu-

347 1885 454 1948 tas,
488 1882 700 1938 Pater?
740 1884 941 1954 utique
966 1886 1295 1952 electorum,
1322 1885 1423 1955 qui
1452 1884 1543 1940 Dei
1577 1882 1757 1938 Patris
1783 1884 2041 1939 moribus

346 1970 655 2026 assimilari
680 1973 1057 2029 contendunt.
1088 1995 1114 2021 «
1146 1974 1337 2029 Estote
1365 1974 1567 2039 sancti,
1601 1974 1700 2039 ait,
1733 1972 1881 2028 sicut
1908 1973 2036 2046 [al.,

347 2057 509 2127 quia]
561 2072 665 2129 ego
711 2068 946 2116 sanctus
995 2075 1125 2117 sum
1153 2062 1309 2132 (Leu.
1340 2077 1398 2129 ιι,
1436 2062 1526 2130 44)
1551 2084 1579 2111 ››
1613 2078 1625 2117 :
1679 2065 1765 2131 Hi,
1796 2063 2039 2134 inquam

348 2144 447 2200 ﬁlii
482 2146 735 2203 clamant
768 2163 781 2203 :
815 2170 842 2197 ‹‹
893 2150 1103 2206 Panem
1149 2159 1430 2218 nostrum,
1489 2173 1517 2199 ››
1567 2166 1633 2207 ac
1662 2152 1709 2208 si
1739 2154 1991 2208 dicerent
2021 2166 2034 2205 :

343 2232 421 2289 Te
458 2248 626 2304 opere
673 2249 740 2291 ac
782 2238 1023 2294 veritate
1069 2238 1316 2294 fatemur
1362 2240 1584 2295 Patrem
1641 2249 1922 2307 nostrum,
1966 2240 2039 2295 da

342 2321 510 2378 nobis
541 2336 767 2392 panem,
795 2339 911 2380 non
959 2333 1315 2394 exterarum,
1353 2327 1450 2383 sed
1484 2330 1711 2398 proprie
1754 2339 2035 2398 nostrum,

342 2410 524 2481 Cujus
552 2420 635 2468 est
675 2412 798 2469 haec
826 2414 1047 2469 oratio?
1076 2414 1316 2471 Indubie
1362 2416 1799 2483 salvandorum,
1838 2417 2039 2473 dicunt

341 2499 530 2556 enim:
567 2522 595 2549 ‹‹
648 2503 931 2559 Adveniat
976 2517 1221 2573 regnum
1268 2512 1429 2559 tuum
1475 2504 1708 2575 (Matth.
1747 2521 1822 2569 γι,
1864 2508 1975 2576 10),
2008 2530 2036 2557 ››

343 2587 401 2644 id
448 2596 551 2657 est,
604 2590 882 2648 coalescat
933 2600 1132 2647 sancta
1179 2592 1449 2657 Ecclesia,
1494 2608 1626 2663 quae
1674 2595 1916 2664 speciale
1940 2596 2037 2650 Dei

344 2691 588 2747 regnum
628 2687 732 2746 est,
766 2680 920 2749 quod
946 2680 1089 2735 alias
1114 2679 1253 2736 dicit
1277 2695 1395 2737 non
1424 2696 1542 2738 esse
1571 2683 1640 2738 de
1672 2683 1777 2739 hoc
1800 2684 2033 2739 mundo.

342 2761 399 2819 Si
427 2764 580 2820 enim
639 2766 707 2822 de
755 2768 969 2823 mundo
1018 2776 1181 2836 esset,
1235 2770 1490 2826 mundus
1545 2785 1717 2827 suum
1774 2772 2038 2843 diligeret

345 2850 543 2923 (Joan.
591 2869 686 2921 xv,
719 2857 828 2925 19).
884 2856 1036 2926 Ergo
1075 2857 1239 2925 panis
1280 2858 1380 2914 iste
1409 2859 1510 2928 qui
1536 2866 1591 2914 et
1620 2859 1834 2916 dicitur
1863 2875 2038 2931 ange'

2156 469 2391 525 domum
2420 477 2475 526 et
2504 469 2651 526 arcis
2693 469 2814 526 suis
2839 469 3109 526 indidisse
3138 470 3509 525 servandum.
3542 469 3656 525 Nec
3686 482 3849 525 mora

2154 572 2286 613 cum
2318 558 2372 613 id
2404 558 2751 614 sumendum
2783 557 3113 626 reviserent,
3156 560 3213 612 in
3248 557 3469 612 favillas
3517 571 3584 613 ac
3628 559 3849 613 cineres

2155 659 2416 715 reperere
2447 647 2763 702 redactum.
2796 645 3069 702 Pusiones
3110 647 3281 701 etiam
3314 645 3421 716 ipsi
3454 645 3557 715 qui
3605 645 3845 716 genitri-

2153 749 2285 790 cum
2330 734 2483 790 ulnis
2531 735 2601 789 ad
2660 734 3081 790 Eucharistiam
3134 733 3487 799 ferebantur,
3541 744 3848 804 postquam

2153 823 2332 892 ipsam
2380 823 2448 878 de
2477 823 2795 878 sacerdotis
2843 836 3021 878 manu
3069 837 3167 878 ore
3206 831 3600 892 susceperant,
3668 821 3850 876 tussi-

2152 918 2337 967 tantes
2394 912 2748 981 rejiciebant,
2801 912 2847 966 si
2909 919 3102 967 tamen
3159 919 3213 967 et
3270 912 3375 981 ipsi
3428 911 3731 982 quidpiam
3779 911 3849 965 de

2152 1001 2523 1057 iminolaticio
2579 1015 2785 1056 cruore
2814 1002 3177 1057 sorbuerant.
3221 1000 3368 1067 Quid
3424 1001 3603 1072 igitur
3632 1014 3848 1069 corpus

2156 1089 2376 1145 Domini
2408 1090 2480 1144 ad
2533 1089 2835 1144 favillam?
2875 1088 3011 1155 Quae
3064 1102 3240 1145 causa
3291 1089 3342 1145 ei
3376 1089 3674 1159 proprium
3734 1102 3851 1157 pu-

2152 1176 2344 1233 niendi
2377 1192 2606 1247 corpus,
2651 1193 2781 1233 cum
2822 1192 2919 1233 eos
2948 1177 3049 1248 qui
3096 1192 3129 1233 a
3155 1192 3393 1247 corpore
3436 1192 3541 1233 suo
3584 1177 3850 1233 descive-

2152 1273 2302 1334 rant,
2341 1268 2531 1336 potius
2580 1265 2766 1322 ultum
2816 1267 2886 1322 iri
2928 1266 3245 1322 debuerat?
3280 1266 3441 1323 Certe
3469 1266 3570 1337 qui
3617 1273 3849 1321 tantum

2150 1368 2254 1409 suo
2284 1355 2507 1425 corpori
2541 1353 2984 1411 honoriﬁcentia;
3013 1356 3156 1411 alias
3186 1368 3253 1410 ac
3282 1355 3552 1411 humana:
3586 1353 3850 1410 tuitionis

2151 1443 2434 1510 attribuit,
2469 1456 2773 1513 nunquam
2805 1443 2853 1499 si
2881 1458 3093 1513 corpus
3138 1458 3309 1500 suum
3337 1451 3504 1512 esset,
3538 1443 3597 1499 in
3626 1443 3848 1499 cineres

2151 1531 2333 1603 redigi
2369 1531 2694 1601 permittere
2724 1531 2940 1587 debuit.

2222 1620 2321 1675 DIC
2347 1620 2508 1684 mihi,
2543 1620 2754 1690 quivis,
2789 1634 2970 1690 quare
2995 1619 3274 1675 Dominus
3289 1620 3556 1675 abiturus
3577 1632 3608 1674 e
3630 1618 3847 1675 mundo

2150 1707 2428 1764 vicarium
2457 1723 2572 1778 quo
2606 1708 2931 1765 frueremur
2962 1708 3194 1764 interim
3223 1709 3387 1764 nobis
3415 1721 3626 1778 corpus
3652 1706 3849 1763 effece-

2147 1795 2259 1852 rit?
2316 1796 2489 1852 Plane
2558 1797 2822 1859 inferam,
2891 1804 3117 1867 propter
3190 1810 3499 1853 commune
3546 1795 3844 1863 solatium,

2147 1885 2354 1955 suique
2412 1887 2763 1953 memoriam,
2824 1885 2990 1941 fidem
3047 1899 3279 1955 quoque
3333 1884 3736 1941 exercendam.
3791 1884 3843 1940 Si

2146 1986 2283 2043 ergo
2324 1974 2433 2028 tria
2483 1973 2603 2029 hzec
2647 1988 2825 2029 causa
2868 1973 3155 2041 videntur,
3191 1974 3287 2029 ubi
3320 1974 3443 2029 haec
3472 1973 3595 2043 ipsa
3652 1972 3844 2029 deesse

2149 2062 2490 2130 probantur,
2535 2062 2688 2118 vices
2735 2062 2875 2118 inibi
2929 2061 3192 2118 Christus
3219 2062 3454 2117 omnino
3497 2075 3691 2117 cassas
3744 2061 3841 2117 ba-

2150 2150 2282 2206 bere
2331 2157 2589 2219 putatur,
2639 2151 2956 2220 praesertim
2997 2151 3097 2208 ubi
3152 2151 3350 2207 solatio
3386 2150 3527 2207 nulli
3581 2158 3687 2217 est,
3728 2164 3842 2205 me-

2147 2238 2328 2294 moria
2356 2239 2517 2305 desit,
2569 2240 2739 2309 cujus
2786 2239 2921 2295 ﬁdes
2951 2240 3207 2295 exerceri
3236 2239 3458 2305 debeat,
3520 2237 3637 2293 imo
3685 2237 3839 2303 velit,

2145 2341 2259 2383 non
2328 2327 2589 2384 habetur.
2642 2328 2759 2383 Hoc
2830 2342 2945 2383 non
2993 2329 3159 2384 modo
3209 2328 3267 2383 in
3317 2327 3583 2394 ethnicis,
3629 2326 3730 2382 sed
3789 2327 3841 2381 in

2145 2416 2412 2472 aversisa
2442 2416 2555 2472 Deo
2584 2416 2920 2472 Christianis
2949 2416 3283 2486 aspicimus,
3313 2416 3467 2487 quod
3510 2415 3845 2471 infidelibus

2144 2503 2451 2561 deteriores
2497 2513 2662 2560 vocat
2712 2504 3003 2574 apostolus
3058 2504 3115 2575 (ι
3155 2504 3299 2560 Tim.
3350 2520 3405 2572 v,
3439 2506 3518 2573 8).
3567 2504 3674 2560 Ubi
3705 2517 3846 2574 ergo

2147 2592 2284 2647 fides
2320 2607 2433 2647 non
2462 2599 2544 2648 est
2594 2607 2725 2662 quae
2769 2593 3100 2663 adjuvetur,
3132 2601 3187 2648 et
3230 2592 3453 2648 devotio
3479 2607 3612 2663 quae
3643 2591 3699 2646 id
3731 2591 3849 2646 exi-

2146 2689 2262 2750 gat,
2290 2681 2476 2737 nescio
2507 2696 2655 2751 quas
2684 2681 2893 2737 ibidem
2925 2681 3078 2737 vices
3107 2681 3313 2736 Christi
3358 2695 3568 2751 corpus
3598 2680 3840 2737 efficiat.

2146 2769 2281 2825 Vide
2335 2770 2529 2838 itaque
2574 2769 2713 2839 quia
2764 2769 2899 2824 solis
2959 2769 3241 2835 fidelibus,
3298 2777 3353 2825 et
3407 2769 3515 2824 hoc
3572 2769 3644 2824 ad
3690 2773 3845 2822 345

2144 2866 2365 2927 partem
2395 2857 2808 2913 salvandorum
2846 2858 3269 2928 pertinentibus
3312 2858 3646 2927 mysterium
3690 2856 3847 2911 istud

340 2938 527 2997 lorum
576 2940 761 3013 (Psal.
795 2958 1001 3009 Lxxvu,
1047 2947 1160 3012 25),
1214 2946 1347 3016 quis
1389 2947 1602 3003 audeat
1644 2946 1831 3004 dicere
1881 2949 2036 3018 quod
2075 2963 2115 3019 ε
2145 2946 2403 3002 attineat.
2443 2945 2724 3002 Caeterum
2769 2946 2871 3017 qui
2915 2947 3230 3015 procaciter
3275 2946 3327 3000 id
3380 2952 3640 3015 usurpat,
3678 2944 3846 2999 bonis

338 3029 512 3086 alicui
555 3033 832 3100 pertineat
874 3031 1295 3103 reproborum?
1328 3034 1439 3091 Soli
1480 3036 1676 3106 itaque
1725 3037 1862 3091 sorti
1894 3051 2032 3092 con-

336 3115 560 3174 ceditur
586 3118 918 3173 electornm.
966 3140 994 3167 ‹‹
1029 3119 1132 3186 Qui
1180 3120 1358 3191 igitur
1392 3123 1703 3179 manducat
1756 3138 1864 3191 me,
1887 3123 2033 3180 vivit

338 3212 571 3274 propter
627 3220 713 3261 me
745 3208 941 3275 (Joan.
976 3222 1054 3275 xx,
1112 3210 1201 3275 58)
1231 3224 1247 3277 ;
1286 3229 1309 3261 ι
1345 3210 1401 3266 id
1455 3218 1559 3277 est,
1594 3225 1759 3267 nemo
1793 3212 1953 3267 carni
1978 3219 2033 3268 et

338 3294 610 3364 sanguini
672 3309 796 3351 meo
846 3297 1255 3366 communicat,
1303 3297 1413 3353 nisi
1483 3313 1659 3369 quem
1738 3300 2033 3370 inspiratio

338 3381 451 3437 mei
481 3383 707 3447 interna
739 3384 1014 3439 viviﬁcat.

407 3470 611 3538 Pensa,
643 3471 691 3527 si
719 3472 822 3539 vis,
882 3473 1021 3543 quid
1067 3473 1234 3530 homo
1264 3474 1629 3531 damnandus
1659 3475 1752 3531 hic
1803 3476 2030 3543 habeat,

337 3572 512 3629 quem
552 3561 657 3617 sibi
691 3560 954 3618 diabolus
985 3562 1057 3617 ad
1095 3563 1420 3633 gehennam
1450 3563 1604 3620 vitiis
1659 3565 2030 3621 innutriendo

336 3648 685 3705 mortificat?
728 3649 872 3706 Nam
921 3650 1253 3721 hujusmodi
1302 3652 1609 3721 hominem,
1645 3654 1800 3724 quod
1842 3661 2032 3710 tamen

333 3735 433 3792 Dei
460 3736 637 3793 solius
682 3737 1002 3795 discernere
1047 3741 1138 3806 sit,
1178 3755 1310 3796 cum
1358 3739 1431 3796 sit
1452 3742 1716 3810 provisus
1763 3742 1836 3798 ad
1870 3754 2031 3799 mor-

334 3828 468 3889 tem,
517 3823 805 3893 quomodo
856 3824 943 3879 vel
974 3826 1143 3881 semel
1193 3828 1250 3881 in
1294 3829 1431 3893 vita,
1487 3826 1662 3898 digne
1710 3829 1888 3884 sacris
1919 3829 2031 3885 illis

335 3910 681 3980 participare
722 3913 933 3979 valeat,
998 3914 1329 3970 nullatenus
1387 3915 1570 3971 video.
1630 3915 1808 3984 Quem
1873 3918 2028 3973 enim

334 3998 469 4067 pani
501 3999 621 4069 (qui
648 4000 706 4055 in
728 4001 905 4056 vitam
935 4001 1109 4057 datur
1131 4012 1425 4071 aeternam,
1468 4012 1522 4059 et
1552 4004 1652 4073 qui
1685 4006 1896 4076 pignus
1939 4019 2030 4060 sa-

337 4085 475 4142 lutis
503 4095 730 4144 aeternae
763 4091 1024 4160 vocatur)
1077 4098 1298 4146 constat
1328 4092 1525 4161 procul
1556 4092 1732 4148 dubio
1766 4093 1887 4149 fieri
1914 4088 2031 4149 non

337 4188 500 4245 posse
546 4190 975 4246 concorporcm,
1023 4186 1251 4235 tantum
1311 4193 1440 4235 reor
1482 4180 1542 4235 in
1591 4180 1697 4236 hoc
1745 4182 1952 4237 saeculo
1998 4196 2033 4238 a

2138 3035 2294 3089 enim
2342 3048 2410 3090 ac
2466 3035 2631 3090 malis
2708 3034 2941 3091 interim
2991 3034 3236 3091 facultas
3326 3035 3432 3089 ista
3485 3032 3842 3103 suppeditat,

2139 3121 2329 3177 nescio
2362 3129 2633 3178 utrumne
2674 3122 2761 3177 vel
2794 3121 2985 3191 ipsum
3014 3129 3440 3178 sacramentum
3462 3128 3689 3184 sumat;
3722 3120 3844 3175 scio

2140 3217 2329 3266 tamen
2359 3210 2533 3280 quod,
2566 3224 2640 3266 ex
2681 3224 2746 3265 eo
2770 3210 2927 3282 quod
2958 3212 3202 3266 aestimat
3236 3218 3661 3265 sacramentum
3689 3222 3840 3274 esse,

2139 3312 2199 3353 se
2225 3298 2479 3353 damnat.

2208 3388 2236 3453 §
2269 3386 2411 3442 VIll.
2449 3384 2700 3454 Obiectio
2730 3391 2782 3440 7.
2812 3414 2884 3427 —
2921 3384 3067 3453 Quid
3100 3385 3255 3456 quod
3293 3399 3326 3441 a
3353 3385 3639 3450 muribus,
3671 3383 3838 3439 cani—

2139 3474 2366 3544 busque
2436 3474 2811 3543 absumptum
2859 3473 3215 3537 audivimus,
3275 3472 3431 3543 quod
3484 3472 3841 3543 negligentia

2137 3562 2441 3619 custodum
2476 3570 2639 3633 putre
2659 3570 2760 3618 aut
2792 3562 3086 3617 mucidum
3130 3561 3388 3631 disperit,
3419 3562 3572 3630 quod
3605 3560 3839 3616 casibus

2135 3651 2378 3708 diversis
2408 3651 2715 3713 addicitur.
2765 3650 2921 3722 quod
2968 3650 3221 3721 denique
3246 3650 3495 3705 flammis
3524 3648 3838 3705 aduritur?

2136 3739 2226 3795 An
2256 3740 2479 3808 corpori
2514 3746 2878 3795 sacrosancto
2909 3738 3063 3810 quod
3092 3752 3285 3794 mures
3310 3738 3650 3804 abroserint,
3676 3737 3842 3807 quod

2134 3840 2307 3884 canes
2357 3827 2829 3897 prolambuerint,
2879 3826 3281 3897 applicabitnr,
3317 3826 3560 3897 utquod
3591 3825 3662 3881 ad
3710 3825 3842 3881 ani-

2137 3929 2245 3971 ma“:
2293 3916 2485 3986 potius
2534 3929 2711 3985 quam
2761 3916 3018 3985 corporis
3074 3929 3241 3970 usum
3301 3914 3430 3970 ﬁdei
3474 3922 3682 3970 nostrae
3736 3914 3843 3969 vix

2135 4004 2587 4075 magnanimitas
2644 4012 2951 4065 emeretur.
2990 4004 3099 4059 hoc
3130 4004 3384 4075 gratuito
3436 4003 3692 4059 murium
3742 4017 3842 4058 ca—

2136 4107 2397 4163 numque
2444 4092 2715 4148 dentibus
2773 4092 3125 4162 apparetur?
3185 4094 3448 4148 Dicemus
3491 4106 3625 4163 ergo
3676 4093 3839 4161 quod

2135 4180 2341 4237 vilium
2394 4181 2763 4237 bestiolarum
2816 4180 3013 4236 dentes
3075 4181 3315 4235 fortuitu
3371 4179 3606 4245 molant,
3676 4179 3839 4249 quod

336 4263 456 4318 veri
504 4266 848 4321 sacramenti
906 4268 1236 4323 omnimoda
1284 4268 1640 4338 susceptione
1687 4268 2023 4339 discordem,
2064 4259 2109 4313 D
2141 4271 2311 4327 tantis
2368 4268 2669 4326 affectibus
2746 4276 2943 4339 totque
3010 4284 3141 4325 cum
3202 4269 3472 4339 lacrymis
3519 4267 3838 4325 Christiani

337 4364 624 4422 quantum
682 4354 739 4409 in
794 4354 990 4411 futuro
1038 4356 1111 4412 ab
1168 4356 1343 4425 ipsius
1396 4370 1457 4412 re
1519 4359 1864 4415 sacramenti
1909 4374 2028 4416 esse

336 4441 619 4497 constabit
660 4450 969 4499 extorrem.
1017 4445 1153 4500 Dico
1192 4459 1465 4516 namque,
1499 4459 1605 4501 nec
1650 4460 1857 4502 sanum
1895 4448 2028 4518 quis

335 4527 564 4598 sapiens
595 4530 828 4587 difﬁteri
877 4533 1103 4603 poterit,
1137 4533 1292 4603 quod
1342 4534 1443 4603 qui
1473 4535 1647 4590 semel
1686 4534 1828 4590 illud
1859 4536 2030 4608 digne

336 4618 669 4687 susceperit,
699 4620 816 4675 ullo
850 4622 1012 4677 modo
1042 4635 1241 4676 exsors
1260 4621 1333 4676 ab
1365 4629 1597 4690 aeterna,
1632 4623 1801 4694 cujus
1828 4625 2030 4681 certis-

336 4706 549 4761 simum
606 4706 818 4778 pignus
872 4717 976 4773 est,
1035 4709 1219 4763 salute
1286 4723 1403 4764 non
1434 4711 1561 4766 erit.
1605 4711 1777 4769 Vides
1837 4712 2029 4783 itaque

335 4795 525 4865 cujus,
554 4807 627 4850 ex
658 4804 794 4864 toto,
830 4798 957 4853 usui
992 4797 1269 4867 pertineat
1299 4812 1431 4854 esus
1463 4799 1583 4854 iste.

405 4883 585 4951 §VII.
620 4882 871 4952 Objeclio
914 4888 967 4939 6.
1008 4915 1075 4925 —
1108 4884 1162 4942 Si
1215 4886 1472 4942 animum
1511 4888 1843 4945 insolentem
1897 4902 2029 4944 am—

337 4971 589 5044 biguitas
631 4973 825 5028 adhuc
868 4973 985 5029 ulla
1034 4972 1338 5041 remordet,
1385 4974 1507 5046 lege
1552 4976 1703 5032 beati
1757 4977 2030 5047 Cypriani

338 5060 551 5117 librum
587 5060 665 5117 De
696 5059 888 5131 lapsis.
922 5060 1063 5127 Illic,
1093 5062 1205 5118 nisi
1253 5061 1439 5131 fallor,
1491 5063 1750 5120 invenies
1779 5065 2028 5136 aliquos,

339 5149 440 5220 qui
506 5149 566 5204 in
636 5150 1028 5219 persecutione
1086 5151 1457 5207 conciderant
1527 5158 1582 5207 et
1630 5152 1700 5208 de
1765 5154 2032 5210 sacriﬁcii

340 5248 543 5294 cruore
580 5240 903 5308 gustarant,
944 5246 1191 5309 tempore
1239 5239 1395 5309 pacis
1425 5238 1659 5295 indultae
1691 5253 1758 5296 ac
1787 5241 1832 5297 si
1863 5242 2030 5298 inno-

340 5332 530 5381 centes
559 5325 823 5382 Ecclesiis
853 5340 912 5381 se
950 5326 1327 5383 immiscuisse
1358 5326 1633 5382 ﬁdelium:
1666 5341 1735 5383 ac
1764 5343 1930 5399 aeque
1968 5337 2034 5386 ut

338 5421 571 5468 caeteros
631 5413 778 5471 idem
839 5415 1115 5470 Dominici
1171 5417 1426 5485 corporis
1472 5417 1782 5486 suscepisse
1832 5432 2029 5474 sacra-

342 5509 620 5570 mentum,
655 5503 884 5574 aliquos
931 5503 1121 5559 nescio
1154 5517 1344 5560 mares
1390 5512 1492 5560 aut
1540 5503 1781 5562 feminas
1812 5506 2028 5574 nitidis,

2136 4358 2429 4428 praesules,
2458 4372 2592 4414 cum
2635 4358 2740 4429 piis
2780 4358 3069 4430 gregibus,
3089 4357 3311 4414 Christo
3352 4365 3541 4412 tamen
3568 4369 3839 4426 praepon-

2134 4446 2405 4515 tiﬁcante,
2449 4446 2788 4503 immolant?
2846 4447 2981 4513 Hoc,
3034 4460 3249 4516 quaeso,
3298 4445 3566 4501 omnibus
3614 4446 3837 4501 sanctis

2134 4537 2368 4591 omnino
2405 4534 2767 4591 oblitteretur
2798 4549 2831 4590 a
2860 4535 3143 4591 sensibus.

2206 4623 2481 4693 Superius
2538 4630 2762 4679 constat
2821 4631 3118 4692 utcunque
3173 4622 3498 4693 probatum,
3555 4620 3626 4675 ad
3699 4620 3835 4676 fidei

2135 4726 2288 4769 verae
2330 4712 2653 4768 subsidium
2699 4712 2806 4767 hoc
2851 4711 3108 4767 muneris
3136 4725 3170 4766 a
3213 4712 3326 4766 Deo
3378 4710 3726 4779 praestitum;
3778 4716 3839 4765 et

2136 4801 2291 4872 quod
2324 4801 2500 4857 solius
2531 4800 2662 4856 ﬁdei
2705 4799 2906 4855 merito
2935 4798 3295 4865 attribuitur,
3341 4796 3504 4854 nulla
3542 4803 3837 4853 creatura.

2138 4888 2247 4944 nisi
2305 4902 2437 4944 vere
2497 4888 2678 4944 ﬁdelis
2726 4887 2859 4944 hinc
2912 4888 3181 4957 pascitur.
3228 4887 3460 4942 Etcum
3515 4885 3621 4941 hoc
3660 4886 3840 4943 unico

2137 4976 2262 5033 cibo
2296 4990 2430 5032 vera
2455 4990 2825 5047 quorumque
2876 4975 3013 5030 ﬁdes
3045 4974 3256 5041 alatur,
3309 4972 3645 5029 nullatenus
3687 4986 3838 5029 con-

2138 5072 2249 5121 stat
2276 5078 2396 5121 BSSB
2443 5072 2891 5132 sacramentum,
2944 5063 3156 5119 ῐιθᾶιιηι
3184 5069 3455 5133 praestare
3486 5074 3604 5117 rem
3637 5074 3835 5117 sacra-

2137 5154 2333 5222 menti,
2405 5160 2708 5223 postquam
2758 5152 2832 5208 ad
2890 5152 3096 5222 impias
3149 5152 3374 5208 animas
3421 5157 3478 5206 et
3552 5149 3835 5206 animalia

2136 5242 2309 5299 bruta
2351 5241 2713 5313 transigitur.
2756 5240 2920 5306 Quod
2967 5242 3012 5296 si
3047 5241 3156 5296 hoc
3202 5240 3473 5310 mysterio
3503 5246 3715 5295 nostra:
3751 5253 3838 5295 re-

2138 5330 2480 5400 demptionis
2537 5329 2860 5393 ascribitur,
2900 5342 2992 5384 res
3038 5337 3248 5385 nostrae
3308 5327 3671 5385 credulitatis
3740 5328 3840 5384 ad-

2137 5418 2409 5475 versariis
2437 5419 2603 5474 valde
2647 5418 2890 5474 ridicula
2934 5425 3324 5487 promovetur.
3376 5416 3427 5473 Si
3459 5416 3614 5472 enim
3636 5430 3841 5473 occen-

2137 5507 2249 5565 tari
2297 5515 2536 5578 possunt
2578 5507 2678 5578 qui
2722 5520 2898 5577 super
2947 5505 3245 5563 Dominico
3297 5519 3535 5576 corpore
3589 5504 3840 5563 libenter
