  <div class='ocr_page' id='page_1' title='image "/cluster/home/n/w/nwhite01/storage/ocr_20150623/156/hvd.32044054760145/326.png"; bbox 0 0 3920 6080; ppageno 0'>
   <div class='ocr_carea' id='block_1_1' title="bbox 133 226 243 281">
    <p class='ocr_par' dir='ltr' id='par_1_1' title="bbox 133 226 243 281">
     <span class='ocr_line' id='line_1_1' title="bbox 133 226 243 281; baseline -0.009 0"><span class='ocrx_word' id='word_1_1' title='bbox 133 226 243 281; x_wconf 75' lang='grc'><strong>641</strong></span> 
     </span>
    </p>
   </div>
   <div class='ocr_carea' id='block_1_2' title="bbox 1209 219 2604 278">
    <p class='ocr_par' dir='ltr' id='par_1_2' title="bbox 1209 219 2604 278">
     <span class='ocr_line' id='line_1_2' title="bbox 1209 219 2604 278; baseline 0.001 -4"><span class='ocrx_word' id='word_1_2' title='bbox 1209 221 1301 276; x_wconf 85' lang='lat' dir='ltr'><strong>DE</strong></span> <span class='ocrx_word' id='word_1_3' title='bbox 1345 220 1769 278; x_wconf 77' lang='lat' dir='ltr'><strong>PIGNOBIBUS</strong></span> <span class='ocrx_word' id='word_1_4' title='bbox 1809 219 2337 277; x_wconf 79' lang='lat' dir='ltr'><strong>SANCTORUM.—</strong></span> <span class='ocrx_word' id='word_1_5' title='bbox 2367 221 2491 276; x_wconf 87' lang='lat' dir='ltr'><strong>LIB.</strong></span> <span class='ocrx_word' id='word_1_6' title='bbox 2535 222 2604 276; x_wconf 87' lang='lat' dir='ltr'><strong>II.</strong></span> 
     </span>
    </p>
   </div>
   <div class='ocr_carea' id='block_1_3' title="bbox 3549 223 3652 277">
    <p class='ocr_par' dir='ltr' id='par_1_3' title="bbox 3549 223 3652 277">
     <span class='ocr_line' id='line_1_3' title="bbox 3549 223 3652 277; baseline 0.01 -1"><span class='ocrx_word' id='word_1_7' title='bbox 3549 223 3652 277; x_wconf 76' lang='grc'><strong>642</strong></span> 
     </span>
    </p>
   </div>
   <div class='ocr_carea' id='block_1_4' title="bbox 126 350 3648 426">
    <p class='ocr_par' dir='ltr' id='par_1_4' title="bbox 126 350 3648 426">
     <span class='ocr_line' id='line_1_4' title="bbox 126 350 3648 426; baseline -0.001 -14"><span class='ocrx_word' id='word_1_8' title='bbox 126 356 463 426; x_wconf 76' lang='lat' dir='ltr'><strong>disputant,</strong></span> <span class='ocrx_word' id='word_1_9' title='bbox 491 360 546 408; x_wconf 90' lang='lat' dir='ltr'><strong>et</strong></span> <span class='ocrx_word' id='word_1_10' title='bbox 578 353 632 407; x_wconf 90' lang='lat' dir='ltr'><strong>id</strong></span> <span class='ocrx_word' id='word_1_11' title='bbox 666 352 936 421; x_wconf 86' lang='lat' dir='ltr'><strong>ﬁguram,</strong></span> <span class='ocrx_word' id='word_1_12' title='bbox 972 365 1088 406; x_wconf 90' lang='lat' dir='ltr'><strong>non</strong></span> <span class='ocrx_word' id='word_1_13' title='bbox 1125 352 1426 406; x_wconf 82' lang='lat' dir='ltr'><strong>veritatem</strong></span> <span class='ocrx_word' id='word_1_14' title='bbox 1455 365 1575 407; x_wconf 89' lang='lat' dir='ltr'><strong>esse</strong></span> <span class='ocrx_word' id='word_1_15' title='bbox 1618 350 1840 419; x_wconf 88' lang='lat' dir='ltr'><strong>volunt,</strong></span> <span class='ocrx_word' id='word_1_16' title='bbox 1882 356 1929 407; x_wconf 86' lang='lat' dir='ltr'><strong>A</strong></span> <span class='ocrx_word' id='word_1_17' title='bbox 1954 358 2049 407; x_wconf 92' lang='lat' dir='ltr'><strong>tur</strong></span> <span class='ocrx_word' id='word_1_18' title='bbox 2069 351 2207 408; x_wconf 91' lang='lat' dir='ltr'><strong>dum</strong></span> <span class='ocrx_word' id='word_1_19' title='bbox 2236 352 2389 422; x_wconf 87' lang='lat' dir='ltr'><strong>quod</strong></span> <span class='ocrx_word' id='word_1_20' title='bbox 2413 352 2503 406; x_wconf 90' lang='lat' dir='ltr'><strong>isti</strong></span> <span class='ocrx_word' id='word_1_21' title='bbox 2535 351 2703 422; x_wconf 91' lang='lat' dir='ltr'><strong>quasi</strong></span> <span class='ocrx_word' id='word_1_22' title='bbox 2732 365 2838 422; x_wconf 92' lang='lat' dir='ltr'><strong>pro</strong></span> <span class='ocrx_word' id='word_1_23' title='bbox 2858 365 2966 407; x_wconf 90' lang='lat' dir='ltr'><strong>sua</strong></span> <span class='ocrx_word' id='word_1_24' title='bbox 2995 351 3274 422; x_wconf 84' lang='lat' dir='ltr'><strong>dignitate</strong></span> <span class='ocrx_word' id='word_1_25' title='bbox 3295 352 3516 422; x_wconf 91' lang='lat' dir='ltr'><strong>aliquid</strong></span> <span class='ocrx_word' id='word_1_26' title='bbox 3544 360 3648 421; x_wconf 90' lang='lat' dir='ltr'><strong>est,</strong></span> 
     </span>
    </p>
   </div>
   <div class='ocr_carea' id='block_1_5' title="bbox 127 439 1841 515">
    <p class='ocr_par' dir='ltr' id='par_1_5' title="bbox 127 439 1841 515">
     <span class='ocr_line' id='line_1_5' title="bbox 127 439 1841 515; baseline -0.005 -15"><span class='ocrx_word' id='word_1_27' title='bbox 127 444 301 515; x_wconf 91' lang='lat' dir='ltr'><strong>quod</strong></span> <span class='ocrx_word' id='word_1_28' title='bbox 334 442 527 499; x_wconf 86' lang='lat' dir='ltr'><strong>bestiis</strong></span> <span class='ocrx_word' id='word_1_29' title='bbox 562 449 618 497; x_wconf 91' lang='lat' dir='ltr'><strong>et</strong></span> <span class='ocrx_word' id='word_1_30' title='bbox 662 439 998 495; x_wconf 89' lang='lat' dir='ltr'><strong>hominibus</strong></span> <span class='ocrx_word' id='word_1_31' title='bbox 1026 453 1332 494; x_wconf 88' lang='lat' dir='ltr'>commune</span> <span class='ocrx_word' id='word_1_32' title='bbox 1361 440 1433 495; x_wconf 91' lang='lat' dir='ltr'><strong>sit</strong></span> <span class='ocrx_word' id='word_1_33' title='bbox 1472 439 1644 506; x_wconf 90' lang='lat' dir='ltr'><strong>idem,</strong></span> <span class='ocrx_word' id='word_1_34' title='bbox 1691 439 1841 495; x_wconf 95' lang='lat' dir='ltr'><strong>facili</strong></span> 
     </span>
    </p>
   </div>
   <div class='ocr_carea' id='block_1_6' title="bbox 1958 439 3651 511">
    <p class='ocr_par' dir='ltr' id='par_1_6' title="bbox 1958 439 3651 511">
     <span class='ocr_line' id='line_1_6' title="bbox 1958 439 3651 511; baseline 0.001 -16"><span class='ocrx_word' id='word_1_35' title='bbox 1958 440 2045 495; x_wconf 87' lang='lat' dir='ltr'><strong>isti</strong></span> <span class='ocrx_word' id='word_1_36' title='bbox 2080 454 2182 509; x_wconf 91' lang='lat' dir='ltr'><strong>pro</strong></span> <span class='ocrx_word' id='word_1_37' title='bbox 2207 440 2547 511; x_wconf 84' lang='lat' dir='ltr'><strong>indignitate</strong></span> <span class='ocrx_word' id='word_1_38' title='bbox 2575 454 2681 495; x_wconf 88' lang='lat' dir='ltr'><strong>sua</strong></span> <span class='ocrx_word' id='word_1_39' title='bbox 2708 440 2852 495; x_wconf 87' lang='lat' dir='ltr'><strong>nihil</strong></span> <span class='ocrx_word' id='word_1_40' title='bbox 2884 439 3032 495; x_wconf 90' lang='lat' dir='ltr'><strong>illico</strong></span> <span class='ocrx_word' id='word_1_41' title='bbox 3072 440 3188 505; x_wconf 92' lang='lat' dir='ltr'><strong>ﬁat,</strong></span> <span class='ocrx_word' id='word_1_42' title='bbox 3228 447 3283 495; x_wconf 87' lang='lat' dir='ltr'><strong>et</strong></span> <span class='ocrx_word' id='word_1_43' title='bbox 3320 447 3492 496; x_wconf 84' lang='lat' dir='ltr'><strong>tanta</strong></span> <span class='ocrx_word' id='word_1_44' title='bbox 3530 454 3651 496; x_wconf 89' lang='lat' dir='ltr'><strong>ma-</strong></span> 
     </span>
    </p>
   </div>
   <div class='ocr_carea' id='block_1_7' title="bbox 123 527 3654 604">
    <p class='ocr_par' dir='ltr' id='par_1_7' title="bbox 123 527 3654 604">
     <span class='ocr_line' id='line_1_7' title="bbox 123 527 3654 604; baseline -0.001 -16"><span class='ocrx_word' id='word_1_45' title='bbox 123 530 646 604; x_wconf 85' lang='lat' dir='ltr'><strong>argumentalione</strong></span> <span class='ocrx_word' id='word_1_46' title='bbox 705 542 810 584; x_wconf 92' lang='lat' dir='ltr'><strong>nos</strong></span> <span class='ocrx_word' id='word_1_47' title='bbox 876 528 1168 599; x_wconf 80' lang='lat' dir='ltr'><strong>subigent,</strong></span> <span class='ocrx_word' id='word_1_48' title='bbox 1227 535 1281 583; x_wconf 93' lang='lat' dir='ltr'><strong>et</strong></span> <span class='ocrx_word' id='word_1_49' title='bbox 1327 541 1399 583; x_wconf 84' lang='lat' dir='ltr'><strong>ex</strong></span> <span class='ocrx_word' id='word_1_50' title='bbox 1449 529 1568 584; x_wconf 90' lang='lat' dir='ltr'><strong>solo</strong></span> <span class='ocrx_word' id='word_1_51' title='bbox 1629 529 1845 597; x_wconf 87' lang='lat' dir='ltr'><strong>pudore</strong></span> <span class='ocrx_word' id='word_1_52' title='bbox 1947 528 2168 599; x_wconf 86' lang='lat' dir='ltr'><strong>jestatis</strong></span> <span class='ocrx_word' id='word_1_53' title='bbox 2204 527 2575 584; x_wconf 86' lang='lat' dir='ltr'><strong>eminentiam</strong></span> <span class='ocrx_word' id='word_1_54' title='bbox 2623 528 2814 584; x_wconf 86' lang='lat' dir='ltr'><strong>miseri</strong></span> <span class='ocrx_word' id='word_1_55' title='bbox 2865 528 3270 584; x_wconf 88' lang='lat' dir='ltr'><strong>homuncionis</strong></span> <span class='ocrx_word' id='word_1_56' title='bbox 3321 528 3654 600; x_wconf 79' lang='lat' dir='ltr'><strong>malignitas</strong></span> 
     </span>
    </p>
   </div>
   <div class='ocr_carea' id='block_1_8' title="bbox 121 615 1843 684">
    <p class='ocr_par' dir='ltr' id='par_1_8' title="bbox 121 615 1843 684">
     <span class='ocr_line' id='line_1_8' title="bbox 121 615 1843 684; baseline -0.005 -6"><span class='ocrx_word' id='word_1_57' title='bbox 121 619 507 678; x_wconf 89' lang='lat' dir='ltr'><strong>hebetudinis</strong></span> <span class='ocrx_word' id='word_1_58' title='bbox 542 624 753 673; x_wconf 85' lang='lat' dir='ltr'><strong>nostra</strong></span> <span class='ocrx_word' id='word_1_59' title='bbox 804 616 1166 684; x_wconf 88' lang='lat' dir='ltr'><strong>convincent,</strong></span> <span class='ocrx_word' id='word_1_60' title='bbox 1220 615 1358 671; x_wconf 88' lang='lat' dir='ltr'><strong>dum</strong></span> <span class='ocrx_word' id='word_1_61' title='bbox 1408 624 1606 671; x_wconf 89' lang='lat' dir='ltr'><strong>nostra</strong></span> <span class='ocrx_word' id='word_1_62' title='bbox 1653 630 1843 671; x_wconf 84' lang='lat' dir='ltr'><strong>sacra-</strong></span> 
     </span>
    </p>
   </div>
   <div class='ocr_carea' id='block_1_9' title="bbox 125 694 1598 766">
    <p class='ocr_par' dir='ltr' id='par_1_9' title="bbox 125 694 1598 766">
     <span class='ocr_line' id='line_1_9' title="bbox 125 694 1598 766; baseline -0.004 0"><span class='ocrx_word' id='word_1_63' title='bbox 125 717 337 766; x_wconf 87' lang='lat' dir='ltr'><strong>menta</strong></span> <span class='ocrx_word' id='word_1_64' title='bbox 354 707 686 763; x_wconf 91' lang='lat' dir='ltr'><strong>hominibus</strong></span> <span class='ocrx_word' id='word_1_65' title='bbox 716 719 784 761; x_wconf 93' lang='lat' dir='ltr'><strong>ac</strong></span> <span class='ocrx_word' id='word_1_66' title='bbox 810 705 1005 761; x_wconf 88' lang='lat' dir='ltr'><strong>bestiis</strong></span> <span class='ocrx_word' id='word_1_67' title='bbox 1037 706 1369 760; x_wconf 88' lang='lat' dir='ltr'><strong>communia</strong></span> <span class='ocrx_word' id='word_1_68' title='bbox 1391 694 1598 760; x_wconf 84' lang='lat' dir='ltr'><strong>dicent.</strong></span> 
     </span>
    </p>
   </div>
   <div class='ocr_carea' id='block_1_10' title="bbox 200 793 1844 866">
    <p class='ocr_par' dir='ltr' id='par_1_10' title="bbox 200 793 1844 866">
     <span class='ocr_line' id='line_1_10' title="bbox 200 793 1844 866; baseline -0.004 -13"><span class='ocrx_word' id='word_1_69' title='bbox 200 798 296 853; x_wconf 76' lang='lat' dir='ltr'><strong>Ad</strong></span> <span class='ocrx_word' id='word_1_70' title='bbox 372 797 540 852; x_wconf 87' lang='lat' dir='ltr'><strong>fidem</strong></span> <span class='ocrx_word' id='word_1_71' title='bbox 595 809 733 866; x_wconf 88' lang='lat' dir='ltr'><strong>ergo</strong></span> <span class='ocrx_word' id='word_1_72' title='bbox 792 795 1034 850; x_wconf 88' lang='lat' dir='ltr'><strong>ubilibet</strong></span> <span class='ocrx_word' id='word_1_73' title='bbox 1092 794 1436 863; x_wconf 85' lang='lat' dir='ltr'><strong>reperiatur,</strong></span> <span class='ocrx_word' id='word_1_74' title='bbox 1499 793 1844 849; x_wconf 83' lang='lat' dir='ltr'><strong>sacramenti</strong></span> 
     </span>
    </p>
   </div>
   <div class='ocr_carea' id='block_1_11' title="bbox 124 882 1846 952">
    <p class='ocr_par' dir='ltr' id='par_1_11' title="bbox 124 882 1846 952">
     <span class='ocr_line' id='line_1_11' title="bbox 124 882 1846 952; baseline -0.004 -10"><span class='ocrx_word' id='word_1_75' title='bbox 124 887 356 942; x_wconf 89' lang='lat' dir='ltr'><strong>veritas</strong></span> <span class='ocrx_word' id='word_1_76' title='bbox 384 886 687 952; x_wconf 88' lang='lat' dir='ltr'><strong>habeatur,</strong></span> <span class='ocrx_word' id='word_1_77' title='bbox 739 883 811 938; x_wconf 91' lang='lat' dir='ltr'><strong>ad</strong></span> <span class='ocrx_word' id='word_1_78' title='bbox 848 883 1160 939; x_wconf 87' lang='lat' dir='ltr'><strong>incidentes</strong></span> <span class='ocrx_word' id='word_1_79' title='bbox 1195 882 1509 938; x_wconf 87' lang='lat' dir='ltr'><strong>bestiarum</strong></span> <span class='ocrx_word' id='word_1_80' title='bbox 1550 896 1649 936; x_wconf 92' lang='lat' dir='ltr'><strong>seu</strong></span> <span class='ocrx_word' id='word_1_81' title='bbox 1694 895 1846 951; x_wconf 89' lang='lat' dir='ltr'><strong>quo-</strong></span> 
     </span>
    </p>
   </div>
   <div class='ocr_carea' id='block_1_12' title="bbox 120 969 1847 1040">
    <p class='ocr_par' dir='ltr' id='par_1_12' title="bbox 120 969 1847 1040">
     <span class='ocr_line' id='line_1_12' title="bbox 120 969 1847 1040; baseline -0.005 -9"><span class='ocrx_word' id='word_1_82' title='bbox 120 974 414 1031; x_wconf 90' lang='lat' dir='ltr'><strong>rumlibet</strong></span> <span class='ocrx_word' id='word_1_83' title='bbox 445 973 696 1028; x_wconf 90' lang='lat' dir='ltr'><strong>aliorum</strong></span> <span class='ocrx_word' id='word_1_84' title='bbox 735 971 1136 1027; x_wconf 87' lang='lat' dir='ltr'><strong>discriminum</strong></span> <span class='ocrx_word' id='word_1_85' title='bbox 1178 983 1366 1037; x_wconf 91' lang='lat' dir='ltr'><strong>casus,</strong></span> <span class='ocrx_word' id='word_1_86' title='bbox 1419 969 1557 1040; x_wconf 86' lang='lat' dir='ltr'><strong>quia</strong></span> <span class='ocrx_word' id='word_1_87' title='bbox 1605 984 1719 1024; x_wconf 91' lang='lat' dir='ltr'><strong>non</strong></span> <span class='ocrx_word' id='word_1_88' title='bbox 1763 975 1847 1023; x_wconf 90' lang='lat' dir='ltr'><strong>est</strong></span> 
     </span>
    </p>
   </div>
   <div class='ocr_carea' id='block_1_13' title="bbox 127 1057 1845 1129">
    <p class='ocr_par' dir='ltr' id='par_1_13' title="bbox 127 1057 1845 1129">
     <span class='ocr_line' id='line_1_13' title="bbox 127 1057 1845 1129; baseline -0.005 -11"><span class='ocrx_word' id='word_1_89' title='bbox 127 1061 281 1118; x_wconf 86' lang='lat' dir='ltr'><strong>ﬁdes</strong></span> <span class='ocrx_word' id='word_1_90' title='bbox 325 1063 416 1118; x_wconf 90' lang='lat' dir='ltr'><strong>cui</strong></span> <span class='ocrx_word' id='word_1_91' title='bbox 462 1061 701 1123; x_wconf 85' lang='lat' dir='ltr'><strong>hareat,</strong></span> <span class='ocrx_word' id='word_1_92' title='bbox 752 1059 1076 1114; x_wconf 87' lang='lat' dir='ltr'><strong>substantia</strong></span> <span class='ocrx_word' id='word_1_93' title='bbox 1114 1072 1246 1129; x_wconf 86' lang='lat' dir='ltr'><strong>qua</strong></span> <span class='ocrx_word' id='word_1_94' title='bbox 1292 1057 1454 1128; x_wconf 90' lang='lat' dir='ltr'><strong>prius</strong></span> <span class='ocrx_word' id='word_1_95' title='bbox 1507 1057 1692 1113; x_wconf 79' lang='lat' dir='ltr'><strong>fuerat</strong></span> <span class='ocrx_word' id='word_1_96' title='bbox 1742 1057 1845 1112; x_wconf 86' lang='lat' dir='ltr'><strong>ha-</strong></span> 
     </span>
    </p>
   </div>
   <div class='ocr_carea' id='block_1_14' title="bbox 125 1142 1843 1216">
    <p class='ocr_par' dir='ltr' id='par_1_14' title="bbox 125 1142 1843 1216">
     <span class='ocr_line' id='line_1_14' title="bbox 125 1142 1843 1216; baseline -0.004 -13"><span class='ocrx_word' id='word_1_97' title='bbox 125 1147 367 1213; x_wconf 87' lang='lat' dir='ltr'><strong>beatur,</strong></span> <span class='ocrx_word' id='word_1_98' title='bbox 412 1146 602 1216; x_wconf 87' lang='lat' dir='ltr'><strong>potius</strong></span> <span class='ocrx_word' id='word_1_99' title='bbox 647 1158 825 1214; x_wconf 90' lang='lat' dir='ltr'><strong>quam</strong></span> <span class='ocrx_word' id='word_1_100' title='bbox 891 1157 1097 1199; x_wconf 87' lang='lat' dir='ltr'><strong>navus</strong></span> <span class='ocrx_word' id='word_1_101' title='bbox 1145 1143 1227 1198; x_wconf 90' lang='lat' dir='ltr'><strong>illi</strong></span> <span class='ocrx_word' id='word_1_102' title='bbox 1273 1144 1459 1198; x_wconf 90' lang='lat' dir='ltr'><strong>unica</strong></span> <span class='ocrx_word' id='word_1_103' title='bbox 1506 1142 1843 1209; x_wconf 90' lang='lat' dir='ltr'><strong>sinceritati,</strong></span> 
     </span>
    </p>
   </div>
   <div class='ocr_carea' id='block_1_15' title="bbox 126 1230 1843 1303">
    <p class='ocr_par' dir='ltr' id='par_1_15' title="bbox 126 1230 1843 1303">
     <span class='ocr_line' id='line_1_15' title="bbox 126 1230 1843 1303; baseline -0.005 -12"><span class='ocrx_word' id='word_1_104' title='bbox 126 1241 318 1291; x_wconf 83' lang='lat' dir='ltr'><strong>tanta</strong></span> <span class='ocrx_word' id='word_1_105' title='bbox 365 1232 746 1303; x_wconf 71' lang='lat' dir='ltr'><strong>turpitudinis</strong></span> <span class='ocrx_word' id='word_1_106' title='bbox 796 1233 1084 1287; x_wconf 90' lang='lat' dir='ltr'><strong>inuratur.</strong></span> <span class='ocrx_word' id='word_1_107' title='bbox 1132 1230 1187 1286; x_wconf 92' lang='lat' dir='ltr'><strong>Si</strong></span> <span class='ocrx_word' id='word_1_108' title='bbox 1236 1231 1411 1297; x_wconf 91' lang='lat' dir='ltr'><strong>enim,</strong></span> <span class='ocrx_word' id='word_1_109' title='bbox 1463 1230 1602 1285; x_wconf 92' lang='lat' dir='ltr'><strong>dum</strong></span> <span class='ocrx_word' id='word_1_110' title='bbox 1632 1231 1843 1297; x_wconf 90' lang='lat' dir='ltr'><strong>uritur,</strong></span> 
     </span>
    </p>
   </div>
   <div class='ocr_carea' id='block_1_16' title="bbox 127 1317 1847 1391">
    <p class='ocr_par' dir='ltr' id='par_1_16' title="bbox 127 1317 1847 1391">
     <span class='ocr_line' id='line_1_16' title="bbox 127 1317 1847 1391; baseline -0.003 -14"><span class='ocrx_word' id='word_1_111' title='bbox 127 1321 279 1378; x_wconf 90' lang='lat' dir='ltr'><strong>dum</strong></span> <span class='ocrx_word' id='word_1_112' title='bbox 305 1320 558 1391; x_wconf 88' lang='lat' dir='ltr'><strong>putreﬁt,</strong></span> <span class='ocrx_word' id='word_1_113' title='bbox 590 1320 729 1376; x_wconf 88' lang='lat' dir='ltr'><strong>dum</strong></span> <span class='ocrx_word' id='word_1_114' title='bbox 762 1319 1003 1385; x_wconf 91' lang='lat' dir='ltr'><strong>roditur,</strong></span> <span class='ocrx_word' id='word_1_115' title='bbox 1039 1317 1449 1387; x_wconf 87' lang='lat' dir='ltr'><strong>lambiturque,</strong></span> <span class='ocrx_word' id='word_1_116' title='bbox 1491 1318 1687 1373; x_wconf 92' lang='lat' dir='ltr'><strong>eadem</strong></span> <span class='ocrx_word' id='word_1_117' title='bbox 1714 1317 1847 1372; x_wconf 92' lang='lat' dir='ltr'><strong>ubi-</strong></span> 
     </span>
    </p>
   </div>
   <div class='ocr_carea' id='block_1_17' title="bbox 130 1406 1847 1481">
    <p class='ocr_par' dir='ltr' id='par_1_17' title="bbox 130 1406 1847 1481">
     <span class='ocr_line' id='line_1_17' title="bbox 130 1406 1847 1481; baseline -0.004 -15"><span class='ocrx_word' id='word_1_118' title='bbox 130 1425 255 1481; x_wconf 87' lang='lat' dir='ltr'><strong>que</strong></span> <span class='ocrx_word' id='word_1_119' title='bbox 305 1410 599 1479; x_wconf 88' lang='lat' dir='ltr'><strong>majestate</strong></span> <span class='ocrx_word' id='word_1_120' title='bbox 640 1407 918 1477; x_wconf 87' lang='lat' dir='ltr'><strong>procedit,</strong></span> <span class='ocrx_word' id='word_1_121' title='bbox 973 1414 1133 1461; x_wconf 89' lang='lat' dir='ltr'><strong>tanta</strong></span> <span class='ocrx_word' id='word_1_122' title='bbox 1180 1406 1365 1476; x_wconf 87' lang='lat' dir='ltr'><strong>gloria</strong></span> <span class='ocrx_word' id='word_1_123' title='bbox 1417 1406 1563 1461; x_wconf 88' lang='lat' dir='ltr'><strong>nulli</strong></span> <span class='ocrx_word' id='word_1_124' title='bbox 1606 1406 1847 1461; x_wconf 88' lang='lat' dir='ltr'><strong>miseria</strong></span> 
     </span>
    </p>
   </div>
   <div class='ocr_carea' id='block_1_18' title="bbox 130 1493 1849 1567">
    <p class='ocr_par' dir='ltr' id='par_1_18' title="bbox 130 1493 1849 1567">
     <span class='ocr_line' id='line_1_18' title="bbox 130 1493 1849 1567; baseline -0.003 -14"><span class='ocrx_word' id='word_1_125' title='bbox 130 1512 259 1554; x_wconf 90' lang='lat' dir='ltr'><strong>non</strong></span> <span class='ocrx_word' id='word_1_126' title='bbox 309 1496 569 1567; x_wconf 90' lang='lat' dir='ltr'><strong>subjecta</strong></span> <span class='ocrx_word' id='word_1_127' title='bbox 617 1496 857 1552; x_wconf 86' lang='lat' dir='ltr'><strong>decedit.</strong></span> <span class='ocrx_word' id='word_1_128' title='bbox 901 1494 970 1549; x_wconf 87' lang='lat' dir='ltr'><strong>Et</strong></span> <span class='ocrx_word' id='word_1_129' title='bbox 1024 1494 1151 1549; x_wconf 91' lang='lat' dir='ltr'><strong>licet</strong></span> <span class='ocrx_word' id='word_1_130' title='bbox 1199 1494 1267 1548; x_wconf 91' lang='lat' dir='ltr'><strong>iis</strong></span> <span class='ocrx_word' id='word_1_131' title='bbox 1306 1493 1569 1549; x_wconf 87' lang='lat' dir='ltr'><strong>videatur</strong></span> <span class='ocrx_word' id='word_1_132' title='bbox 1622 1493 1849 1548; x_wconf 88' lang='lat' dir='ltr'><strong>addicta</strong></span> 
     </span>
    </p>
   </div>
   <div class='ocr_carea' id='block_1_19' title="bbox 132 1582 1849 1656">
    <p class='ocr_par' dir='ltr' id='par_1_19' title="bbox 132 1582 1849 1656">
     <span class='ocr_line' id='line_1_19' title="bbox 132 1582 1849 1656; baseline -0.003 -15"><span class='ocrx_word' id='word_1_133' title='bbox 132 1586 439 1656; x_wconf 88' lang='lat' dir='ltr'><strong>periculis,</strong></span> <span class='ocrx_word' id='word_1_134' title='bbox 478 1599 594 1640; x_wconf 92' lang='lat' dir='ltr'><strong>non</strong></span> <span class='ocrx_word' id='word_1_135' title='bbox 644 1592 837 1640; x_wconf 90' lang='lat' dir='ltr'><strong>tamen</strong></span> <span class='ocrx_word' id='word_1_136' title='bbox 869 1590 1078 1637; x_wconf 89' lang='lat' dir='ltr'><strong>vacant</strong></span> <span class='ocrx_word' id='word_1_137' title='bbox 1127 1596 1160 1636; x_wconf 90' lang='lat' dir='ltr'><strong>a</strong></span> <span class='ocrx_word' id='word_1_138' title='bbox 1193 1582 1471 1652; x_wconf 86' lang='lat' dir='ltr'><strong>gravibus</strong></span> <span class='ocrx_word' id='word_1_139' title='bbox 1518 1582 1849 1636; x_wconf 87' lang='lat' dir='ltr'><strong>animarum</strong></span> 
     </span>
    </p>
   </div>
   <div class='ocr_carea' id='block_1_20' title="bbox 135 1669 1852 1742">
    <p class='ocr_par' dir='ltr' id='par_1_20' title="bbox 135 1669 1852 1742">
     <span class='ocr_line' id='line_1_20' title="bbox 135 1669 1852 1742; baseline -0.004 -11"><span class='ocrx_word' id='word_1_140' title='bbox 135 1688 388 1731; x_wconf 89' lang='lat' dir='ltr'><strong>suarum</strong></span> <span class='ocrx_word' id='word_1_141' title='bbox 438 1673 650 1738; x_wconf 84' lang='lat' dir='ltr'><strong>exitiis,</strong></span> <span class='ocrx_word' id='word_1_142' title='bbox 715 1670 819 1742; x_wconf 89' lang='lat' dir='ltr'><strong>qui</strong></span> <span class='ocrx_word' id='word_1_143' title='bbox 868 1679 1039 1726; x_wconf 86' lang='lat' dir='ltr'><strong>tanta</strong></span> <span class='ocrx_word' id='word_1_144' title='bbox 1082 1670 1161 1726; x_wconf 91' lang='lat' dir='ltr'><strong>rei</strong></span> <span class='ocrx_word' id='word_1_145' title='bbox 1225 1670 1525 1740; x_wconf 87' lang='lat' dir='ltr'><strong>prastituti</strong></span> <span class='ocrx_word' id='word_1_146' title='bbox 1580 1669 1852 1725; x_wconf 91' lang='lat' dir='ltr'><strong>videntur</strong></span> 
     </span>
    </p>
   </div>
   <div class='ocr_carea' id='block_1_21' title="bbox 135 1757 1847 1830">
    <p class='ocr_par' dir='ltr' id='par_1_21' title="bbox 135 1757 1847 1830">
     <span class='ocr_line' id='line_1_21' title="bbox 135 1757 1847 1830; baseline -0.004 -11"><span class='ocrx_word' id='word_1_147' title='bbox 135 1777 265 1819; x_wconf 87' lang='lat' dir='ltr'><strong>esse</strong></span> <span class='ocrx_word' id='word_1_148' title='bbox 316 1762 613 1828; x_wconf 87' lang='lat' dir='ltr'><strong>custodiis,</strong></span> <span class='ocrx_word' id='word_1_149' title='bbox 671 1774 877 1830; x_wconf 91' lang='lat' dir='ltr'><strong>corpus</strong></span> <span class='ocrx_word' id='word_1_150' title='bbox 937 1758 1158 1814; x_wconf 90' lang='lat' dir='ltr'><strong>Domini</strong></span> <span class='ocrx_word' id='word_1_151' title='bbox 1216 1772 1351 1813; x_wconf 85' lang='lat' dir='ltr'><strong>vere</strong></span> <span class='ocrx_word' id='word_1_152' title='bbox 1423 1758 1672 1828; x_wconf 87' lang='lat' dir='ltr'><strong>produnt</strong></span> <span class='ocrx_word' id='word_1_153' title='bbox 1748 1757 1847 1827; x_wconf 91' lang='lat' dir='ltr'><strong>qui</strong></span> 
     </span>
    </p>
   </div>
   <div class='ocr_carea' id='block_1_22' title="bbox 140 1848 1851 1919">
    <p class='ocr_par' dir='ltr' id='par_1_22' title="bbox 140 1848 1851 1919">
     <span class='ocr_line' id='line_1_22' title="bbox 140 1848 1851 1919; baseline -0.004 -13"><span class='ocrx_word' id='word_1_154' title='bbox 140 1851 199 1906; x_wconf 91' lang='lat' dir='ltr'><strong>id</strong></span> <span class='ocrx_word' id='word_1_155' title='bbox 259 1850 630 1906; x_wconf 86' lang='lat' dir='ltr'><strong>observantia</strong></span> <span class='ocrx_word' id='word_1_156' title='bbox 673 1849 849 1919; x_wconf 87' lang='lat' dir='ltr'><strong>digna</strong></span> <span class='ocrx_word' id='word_1_157' title='bbox 889 1848 1227 1903; x_wconf 89' lang='lat' dir='ltr'><strong>destituunt.</strong></span> <span class='ocrx_word' id='word_1_158' title='bbox 1296 1848 1453 1911; x_wconf 87' lang='lat' dir='ltr'><strong>Quod</strong></span> <span class='ocrx_word' id='word_1_159' title='bbox 1502 1855 1692 1901; x_wconf 92' lang='lat' dir='ltr'><strong>tamen</strong></span> <span class='ocrx_word' id='word_1_160' title='bbox 1753 1860 1851 1901; x_wconf 88' lang='lat' dir='ltr'><strong>sa-</strong></span> 
     </span>
    </p>
   </div>
   <div class='ocr_carea' id='block_1_23' title="bbox 140 1934 1848 2003">
    <p class='ocr_par' dir='ltr' id='par_1_23' title="bbox 140 1934 1848 2003">
     <span class='ocr_line' id='line_1_23' title="bbox 140 1934 1848 2003; baseline -0.004 -8"><span class='ocrx_word' id='word_1_161' title='bbox 140 1947 513 1995; x_wconf 90' lang='lat' dir='ltr'><strong>cramentum</strong></span> <span class='ocrx_word' id='word_1_162' title='bbox 543 1952 657 1993; x_wconf 91' lang='lat' dir='ltr'><strong>non</strong></span> <span class='ocrx_word' id='word_1_163' title='bbox 687 1946 791 1999; x_wconf 89' lang='lat' dir='ltr'><strong>est,</strong></span> <span class='ocrx_word' id='word_1_164' title='bbox 825 1936 962 1991; x_wconf 90' lang='lat' dir='ltr'><strong>dum</strong></span> <span class='ocrx_word' id='word_1_165' title='bbox 1011 1935 1215 1991; x_wconf 86' lang='lat' dir='ltr'><strong>transit</strong></span> <span class='ocrx_word' id='word_1_166' title='bbox 1248 1936 1304 1990; x_wconf 92' lang='lat' dir='ltr'><strong>in</strong></span> <span class='ocrx_word' id='word_1_167' title='bbox 1342 1942 1585 1991; x_wconf 87' lang='lat' dir='ltr'><strong>externa</strong></span> <span class='ocrx_word' id='word_1_168' title='bbox 1608 1934 1848 2003; x_wconf 89' lang='lat' dir='ltr'><strong>pabula;</strong></span> 
     </span>
    </p>
   </div>
   <div class='ocr_carea' id='block_1_24' title="bbox 141 2022 1851 2095">
    <p class='ocr_par' dir='ltr' id='par_1_24' title="bbox 141 2022 1851 2095">
     <span class='ocr_line' id='line_1_24' title="bbox 141 2022 1851 2095; baseline -0.003 -13"><span class='ocrx_word' id='word_1_169' title='bbox 141 2027 259 2083; x_wconf 91' lang='lat' dir='ltr'><strong>illis</strong></span> <span class='ocrx_word' id='word_1_170' title='bbox 288 2041 426 2083; x_wconf 91' lang='lat' dir='ltr'><strong>vero</strong></span> <span class='ocrx_word' id='word_1_171' title='bbox 456 2034 539 2082; x_wconf 89' lang='lat' dir='ltr'><strong>est</strong></span> <span class='ocrx_word' id='word_1_172' title='bbox 588 2025 833 2095; x_wconf 88' lang='lat' dir='ltr'><strong>proditio</strong></span> <span class='ocrx_word' id='word_1_173' title='bbox 870 2024 1044 2080; x_wconf 89' lang='lat' dir='ltr'><strong>totius</strong></span> <span class='ocrx_word' id='word_1_174' title='bbox 1080 2024 1205 2079; x_wconf 90' lang='lat' dir='ltr'><strong>veri</strong></span> <span class='ocrx_word' id='word_1_175' title='bbox 1249 2023 1503 2093; x_wconf 87' lang='lat' dir='ltr'><strong>mysterii</strong></span> <span class='ocrx_word' id='word_1_176' title='bbox 1532 2031 1587 2078; x_wconf 93' lang='lat' dir='ltr'><strong>et</strong></span> <span class='ocrx_word' id='word_1_177' title='bbox 1634 2022 1851 2078; x_wconf 90' lang='lat' dir='ltr'><strong>crimen</strong></span> 
     </span>
    </p>
   </div>
   <div class='ocr_carea' id='block_1_25' title="bbox 142 2111 1854 2184">
    <p class='ocr_par' dir='ltr' id='par_1_25' title="bbox 142 2111 1854 2184">
     <span class='ocr_line' id='line_1_25' title="bbox 142 2111 1854 2184; baseline -0.004 -12"><span class='ocrx_word' id='word_1_178' title='bbox 142 2116 489 2172; x_wconf 89' lang='lat' dir='ltr'><strong>desertionis</strong></span> <span class='ocrx_word' id='word_1_179' title='bbox 510 2114 809 2171; x_wconf 87' lang='lat' dir='ltr'><strong>horrenda</strong></span> <span class='ocrx_word' id='word_1_180' title='bbox 841 2112 1058 2184; x_wconf 91' lang='lat' dir='ltr'><strong>quibus</strong></span> <span class='ocrx_word' id='word_1_181' title='bbox 1098 2111 1181 2167; x_wconf 88' lang='lat' dir='ltr'><strong>rei</strong></span> <span class='ocrx_word' id='word_1_182' title='bbox 1209 2111 1389 2182; x_wconf 89' lang='lat' dir='ltr'><strong>hujus</strong></span> <span class='ocrx_word' id='word_1_183' title='bbox 1417 2119 1539 2167; x_wconf 90' lang='lat' dir='ltr'><strong>erat</strong></span> <span class='ocrx_word' id='word_1_184' title='bbox 1573 2111 1854 2167; x_wconf 90' lang='lat' dir='ltr'><strong>attributa</strong></span> 
     </span>
    </p>
   </div>
   <div class='ocr_carea' id='block_1_26' title="bbox 146 2202 471 2274">
    <p class='ocr_par' dir='ltr' id='par_1_26' title="bbox 146 2202 471 2274">
     <span class='ocr_line' id='line_1_26' title="bbox 146 2202 471 2274; baseline -0.006 -15"><span class='ocrx_word' id='word_1_185' title='bbox 146 2202 471 2274; x_wconf 87' lang='lat' dir='ltr'><strong>diligentia.</strong></span> 
     </span>
    </p>
   </div>
   <div class='ocr_carea' id='block_1_27' title="bbox 224 2288 1855 2362">
    <p class='ocr_par' dir='ltr' id='par_1_27' title="bbox 224 2288 1855 2362">
     <span class='ocr_line' id='line_1_27' title="bbox 224 2288 1855 2362; baseline -0.003 -14"><span class='ocrx_word' id='word_1_186' title='bbox 224 2291 254 2362; x_wconf 66' lang='grc' dir='ltr'><strong>ἓ</strong></span> <span class='ocrx_word' id='word_1_187' title='bbox 289 2292 387 2348; x_wconf 85' lang='grc' dir='ltr'><strong>ΙΧ.</strong></span> <span class='ocrx_word' id='word_1_188' title='bbox 412 2291 807 2360; x_wconf 85' lang='lat' dir='ltr'><strong>Objectionum</strong></span> <span class='ocrx_word' id='word_1_189' title='bbox 833 2305 1080 2345; x_wconf 73' lang='lat' dir='ltr'><strong>summa.</strong></span> <span class='ocrx_word' id='word_1_190' title='bbox 1116 2321 1184 2328; x_wconf 97' lang='lat'><strong>—</strong></span> <span class='ocrx_word' id='word_1_191' title='bbox 1224 2289 1325 2343; x_wconf 87' lang='lat' dir='ltr'><strong>His</strong></span> <span class='ocrx_word' id='word_1_192' title='bbox 1356 2288 1509 2344; x_wconf 87' lang='lat' dir='ltr'><strong>ultra</strong></span> <span class='ocrx_word' id='word_1_193' title='bbox 1547 2301 1722 2359; x_wconf 87' lang='lat' dir='ltr'><strong>quam</strong></span> <span class='ocrx_word' id='word_1_194' title='bbox 1752 2302 1855 2356; x_wconf 88' lang='lat' dir='ltr'><strong>pu-</strong></span> 
     </span>
    </p>
   </div>
   <div class='ocr_carea' id='block_1_28' title="bbox 150 2377 1855 2449">
    <p class='ocr_par' dir='ltr' id='par_1_28' title="bbox 150 2377 1855 2449">
     <span class='ocr_line' id='line_1_28' title="bbox 150 2377 1855 2449; baseline -0.003 -12"><span class='ocrx_word' id='word_1_195' title='bbox 150 2388 487 2438; x_wconf 90' lang='lat' dir='ltr'><strong>taveramus</strong></span> <span class='ocrx_word' id='word_1_196' title='bbox 515 2379 886 2449; x_wconf 78' lang='lat' dir='ltr'><strong>digrediendo</strong></span> <span class='ocrx_word' id='word_1_197' title='bbox 935 2377 1210 2444; x_wconf 86' lang='lat' dir='ltr'><strong>tractatis,</strong></span> <span class='ocrx_word' id='word_1_198' title='bbox 1263 2377 1383 2432; x_wconf 89' lang='lat' dir='ltr'><strong>hac</strong></span> <span class='ocrx_word' id='word_1_199' title='bbox 1418 2377 1630 2432; x_wconf 88' lang='lat' dir='ltr'><strong>nostris</strong></span> <span class='ocrx_word' id='word_1_200' title='bbox 1681 2389 1855 2446; x_wconf 88' lang='lat' dir='ltr'><strong>super</strong></span> 
     </span>
    </p>
   </div>
   <div class='ocr_carea' id='block_1_29' title="bbox 148 2463 1857 2535">
    <p class='ocr_par' dir='ltr' id='par_1_29' title="bbox 148 2463 1857 2535">
     <span class='ocr_line' id='line_1_29' title="bbox 148 2463 1857 2535; baseline -0.004 -10"><span class='ocrx_word' id='word_1_201' title='bbox 148 2469 265 2525; x_wconf 88' lang='lat' dir='ltr'><strong>hac</strong></span> <span class='ocrx_word' id='word_1_202' title='bbox 296 2482 357 2524; x_wconf 90' lang='lat' dir='ltr'><strong>re</strong></span> <span class='ocrx_word' id='word_1_203' title='bbox 381 2469 742 2524; x_wconf 89' lang='lat' dir='ltr'><strong>sermonibus</strong></span> <span class='ocrx_word' id='word_1_204' title='bbox 770 2466 1032 2522; x_wconf 88' lang='lat' dir='ltr'><strong>clausula</strong></span> <span class='ocrx_word' id='word_1_205' title='bbox 1063 2475 1445 2535; x_wconf 88' lang='lat' dir='ltr'><strong>supponatur,</strong></span> <span class='ocrx_word' id='word_1_206' title='bbox 1481 2470 1546 2520; x_wconf 89' lang='lat' dir='ltr'><strong>ut</strong></span> <span class='ocrx_word' id='word_1_207' title='bbox 1577 2463 1720 2520; x_wconf 91' lang='lat' dir='ltr'><strong>nulli</strong></span> <span class='ocrx_word' id='word_1_208' title='bbox 1753 2465 1857 2519; x_wconf 89' lang='lat' dir='ltr'><strong>hu-</strong></span> 
     </span>
    </p>
   </div>
   <div class='ocr_carea' id='block_1_30' title="bbox 151 2552 1854 2626">
    <p class='ocr_par' dir='ltr' id='par_1_30' title="bbox 151 2552 1854 2626">
     <span class='ocr_line' id='line_1_30' title="bbox 151 2552 1854 2626; baseline -0.004 -13"><span class='ocrx_word' id='word_1_209' title='bbox 151 2571 364 2624; x_wconf 88' lang='lat' dir='ltr'><strong>mana,</strong></span> <span class='ocrx_word' id='word_1_210' title='bbox 395 2558 508 2612; x_wconf 93' lang='lat' dir='ltr'><strong>imo</strong></span> <span class='ocrx_word' id='word_1_211' title='bbox 537 2556 837 2626; x_wconf 83' lang='lat' dir='ltr'><strong>terrigena</strong></span> <span class='ocrx_word' id='word_1_212' title='bbox 869 2562 1149 2609; x_wconf 89' lang='lat' dir='ltr'><strong>creatura</strong></span> <span class='ocrx_word' id='word_1_213' title='bbox 1198 2553 1363 2608; x_wconf 90' lang='lat' dir='ltr'><strong>cibus</strong></span> <span class='ocrx_word' id='word_1_214' title='bbox 1394 2553 1516 2619; x_wconf 92' lang='lat' dir='ltr'><strong>iste,</strong></span> <span class='ocrx_word' id='word_1_215' title='bbox 1567 2552 1625 2607; x_wconf 91' lang='lat' dir='ltr'><strong>in</strong></span> <span class='ocrx_word' id='word_1_216' title='bbox 1657 2566 1854 2622; x_wconf 90' lang='lat' dir='ltr'><strong>quan-</strong></span> 
     </span>
    </p>
   </div>
   <div class='ocr_carea' id='block_1_31' title="bbox 151 2641 1853 2714">
    <p class='ocr_par' dir='ltr' id='par_1_31' title="bbox 151 2641 1853 2714">
     <span class='ocr_line' id='line_1_31' title="bbox 151 2641 1853 2714; baseline -0.004 -13"><span class='ocrx_word' id='word_1_217' title='bbox 151 2653 280 2701; x_wconf 90' lang='lat' dir='ltr'><strong>tum</strong></span> <span class='ocrx_word' id='word_1_218' title='bbox 331 2643 905 2714; x_wconf 89' lang='lat' dir='ltr'><strong>supersubstantialis</strong></span> <span class='ocrx_word' id='word_1_219' title='bbox 953 2642 1185 2708; x_wconf 89' lang='lat' dir='ltr'><strong>dicitur,</strong></span> <span class='ocrx_word' id='word_1_220' title='bbox 1242 2643 1297 2695; x_wconf 90' lang='lat' dir='ltr'><strong>in</strong></span> <span class='ocrx_word' id='word_1_221' title='bbox 1354 2641 1692 2696; x_wconf 91' lang='lat' dir='ltr'><strong>alimentum</strong></span> <span class='ocrx_word' id='word_1_222' title='bbox 1748 2641 1853 2695; x_wconf 91' lang='lat' dir='ltr'><strong>nisi</strong></span> 
     </span>
    </p>
   </div>
   <div class='ocr_carea' id='block_1_32' title="bbox 151 2730 1855 2800">
    <p class='ocr_par' dir='ltr' id='par_1_32' title="bbox 151 2730 1855 2800">
     <span class='ocr_line' id='line_1_32' title="bbox 151 2730 1855 2800; baseline -0.004 -11"><span class='ocrx_word' id='word_1_223' title='bbox 151 2748 287 2789; x_wconf 85' lang='lat' dir='ltr'><strong>vere</strong></span> <span class='ocrx_word' id='word_1_224' title='bbox 345 2732 619 2798; x_wconf 89' lang='lat' dir='ltr'><strong>ﬁdelium,</strong></span> <span class='ocrx_word' id='word_1_225' title='bbox 652 2740 707 2787; x_wconf 92' lang='lat' dir='ltr'><strong>et</strong></span> <span class='ocrx_word' id='word_1_226' title='bbox 754 2732 825 2787; x_wconf 89' lang='lat' dir='ltr'><strong>ad</strong></span> <span class='ocrx_word' id='word_1_227' title='bbox 874 2731 1054 2787; x_wconf 89' lang='lat' dir='ltr'><strong>vitam</strong></span> <span class='ocrx_word' id='word_1_228' title='bbox 1100 2730 1632 2800; x_wconf 85' lang='lat' dir='ltr'><strong>pradcstinatorum</strong></span> <span class='ocrx_word' id='word_1_229' title='bbox 1685 2737 1855 2783; x_wconf 87' lang='lat' dir='ltr'><strong>ater-</strong></span> 
     </span>
    </p>
   </div>
   <div class='ocr_carea' id='block_1_33' title="bbox 151 2816 1852 2890">
    <p class='ocr_par' dir='ltr' id='par_1_33' title="bbox 151 2816 1852 2890">
     <span class='ocr_line' id='line_1_33' title="bbox 151 2816 1852 2890; baseline -0.003 -12"><span class='ocrx_word' id='word_1_230' title='bbox 151 2836 289 2878; x_wconf 89' lang='lat' dir='ltr'><strong>nam</strong></span> <span class='ocrx_word' id='word_1_231' title='bbox 347 2821 614 2878; x_wconf 90' lang='lat' dir='ltr'><strong>devenire</strong></span> <span class='ocrx_word' id='word_1_232' title='bbox 663 2834 821 2890; x_wconf 89' lang='lat' dir='ltr'><strong>posse</strong></span> <span class='ocrx_word' id='word_1_233' title='bbox 887 2819 1174 2875; x_wconf 88' lang='lat' dir='ltr'><strong>credatur.</strong></span> <span class='ocrx_word' id='word_1_234' title='bbox 1216 2818 1379 2885; x_wconf 88' lang='lat' dir='ltr'><strong>Quod</strong></span> <span class='ocrx_word' id='word_1_235' title='bbox 1427 2817 1474 2873; x_wconf 90' lang='lat' dir='ltr'><strong>si</strong></span> <span class='ocrx_word' id='word_1_236' title='bbox 1538 2816 1852 2883; x_wconf 88' lang='lat' dir='ltr'><strong>devenerit,</strong></span> 
     </span>
    </p>
   </div>
   <div class='ocr_carea' id='block_1_34' title="bbox 150 2891 3775 2979">
    <p class='ocr_par' dir='ltr' id='par_1_34' title="bbox 150 2891 3775 2979">
     <span class='ocr_line' id='line_1_34' title="bbox 150 2891 3775 2979; baseline -0.001 -13"><span class='ocrx_word' id='word_1_237' title='bbox 150 2911 298 2966; x_wconf 88' lang='lat' dir='ltr'><strong>nihil</strong></span> <span class='ocrx_word' id='word_1_238' title='bbox 326 2910 481 2965; x_wconf 90' lang='lat' dir='ltr'><strong>aliud</strong></span> <span class='ocrx_word' id='word_1_239' title='bbox 538 2923 713 2979; x_wconf 90' lang='lat' dir='ltr'><strong>quam</strong></span> <span class='ocrx_word' id='word_1_240' title='bbox 768 2922 913 2978; x_wconf 93' lang='lat' dir='ltr'><strong>pure</strong></span> <span class='ocrx_word' id='word_1_241' title='bbox 955 2908 1118 2977; x_wconf 87' lang='lat' dir='ltr'><strong>panis</strong></span> <span class='ocrx_word' id='word_1_242' title='bbox 1153 2921 1274 2962; x_wconf 92' lang='lat' dir='ltr'><strong>esse</strong></span> <span class='ocrx_word' id='word_1_243' title='bbox 1316 2914 1568 2975; x_wconf 89' lang='lat' dir='ltr'><strong>putetur,</strong></span> <span class='ocrx_word' id='word_1_244' title='bbox 1630 2920 1701 2961; x_wconf 90' lang='lat' dir='ltr'><strong>ne</strong></span> <span class='ocrx_word' id='word_1_245' title='bbox 1751 2905 1856 2960; x_wconf 88' lang='lat' dir='ltr'><strong>hoc</strong></span> <span class='ocrx_word' id='word_1_246' title='bbox 1894 2920 1935 2975; x_wconf 64' lang='grc' dir='ltr'><strong>(ς,</strong></span> <span class='ocrx_word' id='word_1_247' title='bbox 1969 2909 2192 2965; x_wconf 91' lang='lat' dir='ltr'><strong>fructus</strong></span> <span class='ocrx_word' id='word_1_248' title='bbox 2218 2909 2347 2964; x_wconf 91' lang='lat' dir='ltr'><strong>inde</strong></span> <span class='ocrx_word' id='word_1_249' title='bbox 2387 2922 2477 2963; x_wconf 91' lang='lat' dir='ltr'><strong>me</strong></span> <span class='ocrx_word' id='word_1_250' title='bbox 2530 2907 2851 2963; x_wconf 88' lang='lat' dir='ltr'><strong>relaturum</strong></span> <span class='ocrx_word' id='word_1_251' title='bbox 2905 2906 3135 2962; x_wconf 89' lang='lat' dir='ltr'><strong>credere</strong></span> <span class='ocrx_word' id='word_1_252' title='bbox 3185 2913 3398 2975; x_wconf 91' lang='lat' dir='ltr'><strong>potero,</strong></span> <span class='ocrx_word' id='word_1_253' title='bbox 3451 2909 3498 2961; x_wconf 90' lang='lat' dir='ltr'><strong>si</strong></span> <span class='ocrx_word' id='word_1_254' title='bbox 3541 2920 3664 2976; x_wconf 87' lang='lat' dir='ltr'><strong>pro-</strong></span> <span class='ocrx_word' id='word_1_255' title='bbox 3758 2891 3775 2905; x_wconf 79' lang='grc'><em>’</em></span> 
     </span>
    </p>
   </div>
   <div class='ocr_carea' id='block_1_35' title="bbox 152 2991 1855 3066">
    <p class='ocr_par' dir='ltr' id='par_1_35' title="bbox 152 2991 1855 3066">
     <span class='ocr_line' id='line_1_35' title="bbox 152 2991 1855 3066; baseline -0.004 -13"><span class='ocrx_word' id='word_1_256' title='bbox 152 3005 345 3053; x_wconf 89' lang='lat' dir='ltr'><strong>tamen</strong></span> <span class='ocrx_word' id='word_1_257' title='bbox 409 2998 625 3053; x_wconf 90' lang='lat' dir='ltr'><strong>dictum</strong></span> <span class='ocrx_word' id='word_1_258' title='bbox 669 3004 922 3066; x_wconf 90' lang='lat' dir='ltr'><strong>repetere</strong></span> <span class='ocrx_word' id='word_1_259' title='bbox 974 2997 1142 3065; x_wconf 86' lang='lat' dir='ltr'><strong>piget,</strong></span> <span class='ocrx_word' id='word_1_260' title='bbox 1176 2993 1317 3064; x_wconf 91' lang='lat' dir='ltr'><strong>quia</strong></span> <span class='ocrx_word' id='word_1_261' title='bbox 1363 2993 1410 3048; x_wconf 92' lang='lat' dir='ltr'><strong>si</strong></span> <span class='ocrx_word' id='word_1_262' title='bbox 1461 2991 1706 3048; x_wconf 90' lang='lat' dir='ltr'><strong>inﬁdelis</strong></span> <span class='ocrx_word' id='word_1_263' title='bbox 1754 2998 1855 3047; x_wconf 89' lang='lat' dir='ltr'><strong>aut</strong></span> 
     </span>
    </p>
   </div>
   <div class='ocr_carea' id='block_1_36' title="bbox 154 3082 1857 3157">
    <p class='ocr_par' dir='ltr' id='par_1_36' title="bbox 154 3082 1857 3157">
     <span class='ocr_line' id='line_1_36' title="bbox 154 3082 1857 3157; baseline -0.004 -15"><span class='ocrx_word' id='word_1_264' title='bbox 154 3099 393 3157; x_wconf 89' lang='lat' dir='ltr'><strong>prorsus</strong></span> <span class='ocrx_word' id='word_1_265' title='bbox 436 3085 715 3155; x_wconf 88' lang='lat' dir='ltr'><strong>indignus</strong></span> <span class='ocrx_word' id='word_1_266' title='bbox 765 3084 1018 3148; x_wconf 89' lang='lat' dir='ltr'><strong>accedat,</strong></span> <span class='ocrx_word' id='word_1_267' title='bbox 1059 3097 1133 3139; x_wconf 81' lang='lat' dir='ltr'><strong>ex</strong></span> <span class='ocrx_word' id='word_1_268' title='bbox 1188 3096 1254 3138; x_wconf 95' lang='lat' dir='ltr'><strong>eo</strong></span> <span class='ocrx_word' id='word_1_269' title='bbox 1299 3083 1453 3153; x_wconf 92' lang='lat' dir='ltr'><strong>quod</strong></span> <span class='ocrx_word' id='word_1_270' title='bbox 1495 3082 1857 3151; x_wconf 91' lang='lat' dir='ltr'><strong>impudenter</strong></span> 
     </span>
    </p>
   </div>
   <div class='ocr_carea' id='block_1_37' title="bbox 154 3170 1854 3244">
    <p class='ocr_par' dir='ltr' id='par_1_37' title="bbox 154 3170 1854 3244">
     <span class='ocr_line' id='line_1_37' title="bbox 154 3170 1854 3244; baseline -0.004 -14"><span class='ocrx_word' id='word_1_271' title='bbox 154 3175 229 3230; x_wconf 90' lang='lat' dir='ltr'><strong>ad</strong></span> <span class='ocrx_word' id='word_1_272' title='bbox 257 3188 325 3230; x_wconf 92' lang='lat' dir='ltr'><strong>ea</strong></span> <span class='ocrx_word' id='word_1_273' title='bbox 366 3187 497 3244; x_wconf 83' lang='lat' dir='ltr'><strong>qua</strong></span> <span class='ocrx_word' id='word_1_274' title='bbox 525 3173 634 3228; x_wconf 91' lang='lat' dir='ltr'><strong>sibi</strong></span> <span class='ocrx_word' id='word_1_275' title='bbox 686 3187 801 3228; x_wconf 92' lang='lat' dir='ltr'><strong>non</strong></span> <span class='ocrx_word' id='word_1_276' title='bbox 840 3178 1172 3241; x_wconf 89' lang='lat' dir='ltr'><strong>competunt</strong></span> <span class='ocrx_word' id='word_1_277' title='bbox 1212 3185 1271 3226; x_wconf 91' lang='lat' dir='ltr'><strong>se</strong></span> <span class='ocrx_word' id='word_1_278' title='bbox 1320 3170 1549 3241; x_wconf 88' lang='lat' dir='ltr'><strong>ingerit,</strong></span> <span class='ocrx_word' id='word_1_279' title='bbox 1602 3183 1661 3225; x_wconf 91' lang='lat' dir='ltr'><strong>se</strong></span> <span class='ocrx_word' id='word_1_280' title='bbox 1711 3183 1854 3225; x_wconf 91' lang='lat' dir='ltr'><strong>con-</strong></span> 
     </span>
    </p>
   </div>
   <div class='ocr_carea' id='block_1_38' title="bbox 154 3256 1856 3329">
    <p class='ocr_par' dir='ltr' id='par_1_38' title="bbox 154 3256 1856 3329">
     <span class='ocr_line' id='line_1_38' title="bbox 154 3256 1856 3329; baseline -0.004 -11"><span class='ocrx_word' id='word_1_281' title='bbox 154 3272 392 3328; x_wconf 89' lang='lat' dir='ltr'><strong>cremat,</strong></span> <span class='ocrx_word' id='word_1_282' title='bbox 438 3276 541 3317; x_wconf 89' lang='lat' dir='ltr'><strong>nec</strong></span> <span class='ocrx_word' id='word_1_283' title='bbox 590 3269 780 3316; x_wconf 90' lang='lat' dir='ltr'><strong>tamen</strong></span> <span class='ocrx_word' id='word_1_284' title='bbox 833 3260 984 3316; x_wconf 90' lang='lat' dir='ltr'><strong>credi</strong></span> <span class='ocrx_word' id='word_1_285' title='bbox 1027 3259 1153 3315; x_wconf 88' lang='lat' dir='ltr'><strong>licet</strong></span> <span class='ocrx_word' id='word_1_286' title='bbox 1197 3259 1352 3329; x_wconf 92' lang='lat' dir='ltr'><strong>quod</strong></span> <span class='ocrx_word' id='word_1_287' title='bbox 1394 3266 1551 3313; x_wconf 90' lang='lat' dir='ltr'><strong>tanta</strong></span> <span class='ocrx_word' id='word_1_288' title='bbox 1604 3256 1856 3329; x_wconf 88' lang='lat' dir='ltr'><strong>dignitas</strong></span> 
     </span>
    </p>
   </div>
   <div class='ocr_carea' id='block_1_39' title="bbox 154 3345 1854 3415">
    <p class='ocr_par' dir='ltr' id='par_1_39' title="bbox 154 3345 1854 3415">
     <span class='ocr_line' id='line_1_39' title="bbox 154 3345 1854 3415; baseline -0.004 -8"><span class='ocrx_word' id='word_1_289' title='bbox 154 3352 297 3407; x_wconf 82' lang='lat' dir='ltr'><strong>adeo</strong></span> <span class='ocrx_word' id='word_1_290' title='bbox 353 3350 513 3406; x_wconf 81' lang='lat' dir='ltr'><strong>fada</strong></span> <span class='ocrx_word' id='word_1_291' title='bbox 571 3349 904 3405; x_wconf 85' lang='lat' dir='ltr'><strong>habitationi</strong></span> <span class='ocrx_word' id='word_1_292' title='bbox 966 3348 1267 3413; x_wconf 87' lang='lat' dir='ltr'><strong>cohareat,</strong></span> <span class='ocrx_word' id='word_1_293' title='bbox 1317 3347 1411 3401; x_wconf 90' lang='lat' dir='ltr'><strong>sed</strong></span> <span class='ocrx_word' id='word_1_294' title='bbox 1457 3346 1606 3401; x_wconf 88' lang='lat' dir='ltr'><strong>sicut</strong></span> <span class='ocrx_word' id='word_1_295' title='bbox 1665 3345 1854 3415; x_wconf 88' lang='lat' dir='ltr'><strong>bapti-</strong></span> 
     </span>
    </p>
   </div>
   <div class='ocr_carea' id='block_1_40' title="bbox 154 3434 1855 3499">
    <p class='ocr_par' dir='ltr' id='par_1_40' title="bbox 154 3434 1855 3499">
     <span class='ocr_line' id='line_1_40' title="bbox 154 3434 1855 3499; baseline -0.004 -5"><span class='ocrx_word' id='word_1_296' title='bbox 154 3452 317 3494; x_wconf 91' lang='lat' dir='ltr'><strong>smus</strong></span> <span class='ocrx_word' id='word_1_297' title='bbox 344 3444 578 3493; x_wconf 91' lang='lat' dir='ltr'><strong>sanctus</strong></span> <span class='ocrx_word' id='word_1_298' title='bbox 606 3444 688 3493; x_wconf 92' lang='lat' dir='ltr'><strong>est</strong></span> <span class='ocrx_word' id='word_1_299' title='bbox 736 3445 791 3492; x_wconf 91' lang='lat' dir='ltr'><strong>et</strong></span> <span class='ocrx_word' id='word_1_300' title='bbox 816 3436 1121 3492; x_wconf 89' lang='lat' dir='ltr'><strong>benevolos</strong></span> <span class='ocrx_word' id='word_1_301' title='bbox 1152 3441 1380 3489; x_wconf 87' lang='lat' dir='ltr'><strong>sanctos</strong></span> <span class='ocrx_word' id='word_1_302' title='bbox 1409 3434 1559 3499; x_wconf 87' lang='lat' dir='ltr'><strong>facit,</strong></span> <span class='ocrx_word' id='word_1_303' title='bbox 1610 3434 1687 3488; x_wconf 91' lang='lat' dir='ltr'><strong>ita</strong></span> <span class='ocrx_word' id='word_1_304' title='bbox 1727 3447 1855 3488; x_wconf 87' lang='lat' dir='ltr'><strong>ma-</strong></span> 
     </span>
    </p>
   </div>
   <div class='ocr_carea' id='block_1_41' title="bbox 154 3521 1854 3595">
    <p class='ocr_par' dir='ltr' id='par_1_41' title="bbox 154 3521 1854 3595">
     <span class='ocr_line' id='line_1_41' title="bbox 154 3521 1854 3595; baseline -0.004 -14"><span class='ocrx_word' id='word_1_305' title='bbox 154 3526 371 3591; x_wconf 89' lang='lat' dir='ltr'><strong>levolis,</strong></span> <span class='ocrx_word' id='word_1_306' title='bbox 409 3538 523 3595; x_wconf 87' lang='lat' dir='ltr'><strong>pra</strong></span> <span class='ocrx_word' id='word_1_307' title='bbox 550 3539 613 3580; x_wconf 91' lang='lat' dir='ltr'><strong>er</strong></span> <span class='ocrx_word' id='word_1_308' title='bbox 640 3538 760 3579; x_wconf 87' lang='lat' dir='ltr'><strong>sua</strong></span> <span class='ocrx_word' id='word_1_309' title='bbox 806 3523 1027 3578; x_wconf 89' lang='lat' dir='ltr'><strong>fraudis</strong></span> <span class='ocrx_word' id='word_1_310' title='bbox 1059 3521 1296 3588; x_wconf 86' lang='lat' dir='ltr'><strong>crimen,</strong></span> <span class='ocrx_word' id='word_1_311' title='bbox 1331 3521 1407 3576; x_wconf 91' lang='lat' dir='ltr'><strong>nil</strong></span> <span class='ocrx_word' id='word_1_312' title='bbox 1460 3521 1614 3577; x_wconf 89' lang='lat' dir='ltr'><strong>aliud</strong></span> <span class='ocrx_word' id='word_1_313' title='bbox 1676 3534 1854 3591; x_wconf 88' lang='lat' dir='ltr'><strong>quam</strong></span> 
     </span>
    </p>
   </div>
   <div class='ocr_carea' id='block_1_42' title="bbox 155 3608 1851 3686">
    <p class='ocr_par' dir='ltr' id='par_1_42' title="bbox 155 3608 1851 3686">
     <span class='ocr_line' id='line_1_42' title="bbox 155 3608 1851 3686; baseline -0.004 -16"><span class='ocrx_word' id='word_1_314' title='bbox 155 3615 385 3686; x_wconf 89' lang='lat' dir='ltr'><strong>publica</strong></span> <span class='ocrx_word' id='word_1_315' title='bbox 422 3613 578 3668; x_wconf 91' lang='lat' dir='ltr'><strong>unda</strong></span> <span class='ocrx_word' id='word_1_316' title='bbox 631 3611 780 3667; x_wconf 88' lang='lat' dir='ltr'><strong>facit.</strong></span> <span class='ocrx_word' id='word_1_317' title='bbox 825 3611 957 3667; x_wconf 83' lang='lat' dir='ltr'><strong>Hac</strong></span> <span class='ocrx_word' id='word_1_318' title='bbox 998 3625 1099 3680; x_wconf 92' lang='lat' dir='ltr'><strong>pro</strong></span> <span class='ocrx_word' id='word_1_319' title='bbox 1127 3624 1252 3665; x_wconf 90' lang='lat' dir='ltr'><strong>meo</strong></span> <span class='ocrx_word' id='word_1_320' title='bbox 1292 3617 1465 3678; x_wconf 91' lang='lat' dir='ltr'><strong>captu</strong></span> <span class='ocrx_word' id='word_1_321' title='bbox 1498 3608 1643 3670; x_wconf 87' lang='lat' dir='ltr'><strong>dico,</strong></span> <span class='ocrx_word' id='word_1_322' title='bbox 1698 3616 1754 3664; x_wconf 90' lang='lat' dir='ltr'><strong>et</strong></span> <span class='ocrx_word' id='word_1_323' title='bbox 1782 3610 1851 3665; x_wconf 88' lang='lat' dir='ltr'><strong>ad</strong></span> 
     </span>
    </p>
   </div>
   <div class='ocr_carea' id='block_1_43' title="bbox 156 3696 1856 3768">
    <p class='ocr_par' dir='ltr' id='par_1_43' title="bbox 156 3696 1856 3768">
     <span class='ocr_line' id='line_1_43' title="bbox 156 3696 1856 3768; baseline -0.005 -10"><span class='ocrx_word' id='word_1_324' title='bbox 156 3702 344 3764; x_wconf 88' lang='lat' dir='ltr'><strong>ﬁdem,</strong></span> <span class='ocrx_word' id='word_1_325' title='bbox 393 3700 507 3756; x_wconf 84' lang='lat' dir='ltr'><strong>Deo</strong></span> <span class='ocrx_word' id='word_1_326' title='bbox 550 3708 707 3766; x_wconf 90' lang='lat' dir='ltr'><strong>teste,</strong></span> <span class='ocrx_word' id='word_1_327' title='bbox 758 3700 901 3755; x_wconf 88' lang='lat' dir='ltr'><strong>dico.</strong></span> <span class='ocrx_word' id='word_1_328' title='bbox 956 3698 1010 3754; x_wconf 94' lang='lat' dir='ltr'><strong>Si</strong></span> <span class='ocrx_word' id='word_1_329' title='bbox 1053 3700 1186 3768; x_wconf 88' lang='lat' dir='ltr'><strong>quis</strong></span> <span class='ocrx_word' id='word_1_330' title='bbox 1228 3698 1394 3753; x_wconf 87' lang='lat' dir='ltr'><strong>aliter</strong></span> <span class='ocrx_word' id='word_1_331' title='bbox 1440 3696 1667 3762; x_wconf 87' lang='lat' dir='ltr'><strong>sentiat,</strong></span> <span class='ocrx_word' id='word_1_332' title='bbox 1702 3696 1856 3751; x_wconf 89' lang='lat' dir='ltr'><strong>vide-</strong></span> 
     </span>
    </p>
   </div>
   <div class='ocr_carea' id='block_1_44' title="bbox 156 3788 788 3858">
    <p class='ocr_par' dir='ltr' id='par_1_44' title="bbox 156 3788 788 3858">
     <span class='ocr_line' id='line_1_44' title="bbox 156 3788 788 3858; baseline -0.009 -11"><span class='ocrx_word' id='word_1_333' title='bbox 156 3791 231 3847; x_wconf 88' lang='lat' dir='ltr'><strong>rit</strong></span> <span class='ocrx_word' id='word_1_334' title='bbox 268 3798 328 3846; x_wconf 89' lang='lat' dir='ltr'><strong>ut</strong></span> <span class='ocrx_word' id='word_1_335' title='bbox 348 3803 558 3845; x_wconf 90' lang='lat' dir='ltr'><strong>sanum</strong></span> <span class='ocrx_word' id='word_1_336' title='bbox 586 3788 788 3858; x_wconf 85' lang='lat' dir='ltr'><strong>sapiat.</strong></span> 
     </span>
    </p>
   </div>
   <div class='ocr_carea' id='block_1_45' title="bbox 828 3874 1186 3932">
    <p class='ocr_par' dir='ltr' id='par_1_45' title="bbox 828 3874 1186 3932">
     <span class='ocr_line' id='line_1_45' title="bbox 828 3874 1186 3932; baseline -0.014 0"><span class='ocrx_word' id='word_1_337' title='bbox 828 3874 1055 3932; x_wconf 81' lang='lat' dir='ltr'><strong>CAPUT</strong></span> <span class='ocrx_word' id='word_1_338' title='bbox 1088 3874 1186 3929; x_wconf 89' lang='lat' dir='ltr'><strong>IV.</strong></span> 
     </span>
    </p>
   </div>
   <div class='ocr_carea' id='block_1_46' title="bbox 230 3963 1849 4036">
    <p class='ocr_par' dir='ltr' id='par_1_46' title="bbox 230 3963 1849 4036">
     <span class='ocr_line' id='line_1_46' title="bbox 230 3963 1849 4036; baseline -0.004 -15"><span class='ocrx_word' id='word_1_339' title='bbox 230 3965 329 4036; x_wconf 62' lang='grc' dir='ltr'><strong>εἰ.</strong></span> <span class='ocrx_word' id='word_1_340' title='bbox 358 3996 425 4005; x_wconf 90' lang='grc'><strong><em>-</em></strong></span> <span class='ocrx_word' id='word_1_341' title='bbox 469 3964 681 4020; x_wconf 85' lang='lat' dir='ltr'><strong>Contra</strong></span> <span class='ocrx_word' id='word_1_342' title='bbox 729 3964 872 4031; x_wconf 85' lang='lat' dir='ltr'><strong>hac,</strong></span> <span class='ocrx_word' id='word_1_343' title='bbox 921 3963 1114 4018; x_wconf 90' lang='lat' dir='ltr'><strong>minus</strong></span> <span class='ocrx_word' id='word_1_344' title='bbox 1173 3968 1556 4032; x_wconf 89' lang='lat' dir='ltr'><strong>temperanter</strong></span> <span class='ocrx_word' id='word_1_345' title='bbox 1618 3967 1849 4027; x_wconf 91' lang='lat' dir='ltr'><strong>asserta,</strong></span> 
     </span>
    </p>
   </div>
   <div class='ocr_carea' id='block_1_47' title="bbox 161 4049 1853 4122">
    <p class='ocr_par' dir='ltr' id='par_1_47' title="bbox 161 4049 1853 4122">
     <span class='ocr_line' id='line_1_47' title="bbox 161 4049 1853 4122; baseline -0.004 -14"><span class='ocrx_word' id='word_1_346' title='bbox 161 4054 426 4120; x_wconf 89' lang='lat' dir='ltr'><strong>breviori,</strong></span> <span class='ocrx_word' id='word_1_347' title='bbox 475 4051 615 4122; x_wconf 87' lang='lat' dir='ltr'><strong>quia</strong></span> <span class='ocrx_word' id='word_1_348' title='bbox 657 4050 1061 4121; x_wconf 90' lang='lat' dir='ltr'><strong>temperatiori,</strong></span> <span class='ocrx_word' id='word_1_349' title='bbox 1128 4049 1564 4105; x_wconf 89' lang='lat' dir='ltr'><strong>ratiocinatione</strong></span> <span class='ocrx_word' id='word_1_350' title='bbox 1616 4062 1853 4117; x_wconf 75' lang='lat' dir='ltr'><strong>respon-</strong></span> 
     </span>
    </p>
   </div>
   <div class='ocr_carea' id='block_1_48' title="bbox 162 4141 346 4197">
    <p class='ocr_par' dir='ltr' id='par_1_48' title="bbox 162 4141 346 4197">
     <span class='ocr_line' id='line_1_48' title="bbox 162 4141 346 4197; baseline -0.022 0"><span class='ocrx_word' id='word_1_351' title='bbox 162 4141 346 4197; x_wconf 87' lang='lat' dir='ltr'><strong>deam.</strong></span> 
     </span>
    </p>
   </div>
   <div class='ocr_carea' id='block_1_49' title="bbox 1951 616 3648 688">
    <p class='ocr_par' dir='ltr' id='par_1_49' title="bbox 1951 616 3648 688">
     <span class='ocr_line' id='line_1_49' title="bbox 1951 616 3648 688; baseline 0 -16"><span class='ocrx_word' id='word_1_352' title='bbox 1951 625 2181 686; x_wconf 90' lang='lat' dir='ltr'><strong>repente</strong></span> <span class='ocrx_word' id='word_1_353' title='bbox 2210 616 2500 673; x_wconf 90' lang='lat' dir='ltr'><strong>destituat.</strong></span> <span class='ocrx_word' id='word_1_354' title='bbox 2530 616 2629 674; x_wconf 93' lang='lat' dir='ltr'><strong>Ille</strong></span> <span class='ocrx_word' id='word_1_355' title='bbox 2661 619 2873 687; x_wconf 87' lang='lat' dir='ltr'><strong>quippe</strong></span> <span class='ocrx_word' id='word_1_356' title='bbox 2906 617 3033 686; x_wconf 89' lang='lat' dir='ltr'><strong>qui,</strong></span> <span class='ocrx_word' id='word_1_357' title='bbox 3064 618 3120 671; x_wconf 92' lang='lat' dir='ltr'><strong>in</strong></span> <span class='ocrx_word' id='word_1_358' title='bbox 3156 617 3422 686; x_wconf 88' lang='lat' dir='ltr'><strong>prasenti</strong></span> <span class='ocrx_word' id='word_1_359' title='bbox 3451 632 3648 688; x_wconf 87' lang='lat' dir='ltr'><strong>agens,</strong></span> 
     </span>
    </p>
   </div>
   <div class='ocr_carea' id='block_1_50' title="bbox 1952 705 3653 775">
    <p class='ocr_par' dir='ltr' id='par_1_50' title="bbox 1952 705 3653 775">
     <span class='ocr_line' id='line_1_50' title="bbox 1952 705 3653 775; baseline 0.001 -15"><span class='ocrx_word' id='word_1_360' title='bbox 1952 720 2068 760; x_wconf 92' lang='lat' dir='ltr'><strong>non</strong></span> <span class='ocrx_word' id='word_1_361' title='bbox 2099 705 2291 761; x_wconf 90' lang='lat' dir='ltr'><strong>minus</strong></span> <span class='ocrx_word' id='word_1_362' title='bbox 2318 705 2476 761; x_wconf 71' lang='lat' dir='ltr'><strong>inda</strong></span> <span class='ocrx_word' id='word_1_363' title='bbox 2506 706 2743 775; x_wconf 89' lang='lat' dir='ltr'><strong>suisque</strong></span> <span class='ocrx_word' id='word_1_364' title='bbox 2783 705 3247 774; x_wconf 85' lang='lat' dir='ltr'><strong>persecutoribus</strong></span> <span class='ocrx_word' id='word_1_365' title='bbox 3298 719 3473 774; x_wconf 92' lang='lat' dir='ltr'><strong>quam</strong></span> <span class='ocrx_word' id='word_1_366' title='bbox 3528 705 3653 761; x_wconf 89' lang='lat' dir='ltr'><strong>Ma-</strong></span> 
     </span>
    </p>
   </div>
   <div class='ocr_carea' id='block_1_51' title="bbox 1954 792 3651 863">
    <p class='ocr_par' dir='ltr' id='par_1_51' title="bbox 1954 792 3651 863">
     <span class='ocr_line' id='line_1_51' title="bbox 1954 792 3651 863; baseline 0 -16"><span class='ocrx_word' id='word_1_367' title='bbox 1954 792 2053 847; x_wconf 83' lang='lat' dir='ltr'><strong>ria</strong></span> <span class='ocrx_word' id='word_1_368' title='bbox 2083 794 2321 863; x_wconf 88' lang='lat' dir='ltr'><strong>suisque</strong></span> <span class='ocrx_word' id='word_1_369' title='bbox 2343 792 2716 862; x_wconf 91' lang='lat' dir='ltr'><strong>complicibus</strong></span> <span class='ocrx_word' id='word_1_370' title='bbox 2752 806 2811 848; x_wconf 91' lang='lat' dir='ltr'><strong>se</strong></span> <span class='ocrx_word' id='word_1_371' title='bbox 2854 793 3208 848; x_wconf 90' lang='lat' dir='ltr'><strong>tractabilem</strong></span> <span class='ocrx_word' id='word_1_372' title='bbox 3246 792 3510 862; x_wconf 87' lang='lat' dir='ltr'><strong>prabuit,</strong></span> <span class='ocrx_word' id='word_1_373' title='bbox 3552 792 3651 863; x_wconf 91' lang='lat' dir='ltr'><strong>qui</strong></span> 
     </span>
    </p>
   </div>
   <div class='ocr_carea' id='block_1_52' title="bbox 1951 880 3651 952">
    <p class='ocr_par' dir='ltr' id='par_1_52' title="bbox 1951 880 3651 952">
     <span class='ocr_line' id='line_1_52' title="bbox 1951 880 3651 952; baseline -0.001 -17"><span class='ocrx_word' id='word_1_374' title='bbox 1951 880 2124 935; x_wconf 88' lang='lat' dir='ltr'><strong>etiam</strong></span> <span class='ocrx_word' id='word_1_375' title='bbox 2156 888 2307 936; x_wconf 91' lang='lat' dir='ltr'><strong>retro</strong></span> <span class='ocrx_word' id='word_1_376' title='bbox 2338 881 2596 937; x_wconf 88' lang='lat' dir='ltr'><strong>abituros</strong></span> <span class='ocrx_word' id='word_1_377' title='bbox 2626 880 2831 952; x_wconf 80' lang='lat' dir='ltr'><strong>(Marc.</strong></span> <span class='ocrx_word' id='word_1_378' title='bbox 2862 896 2981 947; x_wconf 88' lang='lat' dir='ltr'><strong>vtu,</strong></span> <span class='ocrx_word' id='word_1_379' title='bbox 3019 883 3109 949; x_wconf 90' lang='lat'><strong>33)</strong></span> <span class='ocrx_word' id='word_1_380' title='bbox 3151 881 3219 934; x_wconf 91' lang='lat' dir='ltr'><strong>ad</strong></span> <span class='ocrx_word' id='word_1_381' title='bbox 3264 895 3437 936; x_wconf 90' lang='lat' dir='ltr'><strong>suum</strong></span> <span class='ocrx_word' id='word_1_382' title='bbox 3483 880 3651 935; x_wconf 89' lang='lat' dir='ltr'><strong>disci-</strong></span> 
     </span>
    </p>
   </div>
   <div class='ocr_carea' id='block_1_53' title="bbox 1952 968 3653 1040">
    <p class='ocr_par' dir='ltr' id='par_1_53' title="bbox 1952 968 3653 1040">
     <span class='ocr_line' id='line_1_53' title="bbox 1952 968 3653 1040; baseline 0 -17"><span class='ocrx_word' id='word_1_383' title='bbox 1952 968 2214 1037; x_wconf 89' lang='lat' dir='ltr'><strong>pulatum</strong></span> <span class='ocrx_word' id='word_1_384' title='bbox 2259 969 2568 1040; x_wconf 88' lang='lat' dir='ltr'><strong>dignanter</strong></span> <span class='ocrx_word' id='word_1_385' title='bbox 2622 970 2855 1038; x_wconf 88' lang='lat' dir='ltr'><strong>ascivit;</strong></span> <span class='ocrx_word' id='word_1_386' title='bbox 2908 969 3009 1039; x_wconf 90' lang='lat' dir='ltr'><strong>qui</strong></span> <span class='ocrx_word' id='word_1_387' title='bbox 3062 969 3235 1024; x_wconf 90' lang='lat' dir='ltr'><strong>etiam</strong></span> <span class='ocrx_word' id='word_1_388' title='bbox 3293 983 3453 1023; x_wconf 90' lang='lat' dir='ltr'><strong>nunc</strong></span> <span class='ocrx_word' id='word_1_389' title='bbox 3500 969 3653 1025; x_wconf 85' lang='lat' dir='ltr'><strong>Patri</strong></span> 
     </span>
    </p>
   </div>
   <div class='ocr_carea' id='block_1_54' title="bbox 1954 1056 3651 1127">
    <p class='ocr_par' dir='ltr' id='par_1_54' title="bbox 1954 1056 3651 1127">
     <span class='ocr_line' id='line_1_54' title="bbox 1954 1056 3651 1127; baseline -0.001 -14"><span class='ocrx_word' id='word_1_390' title='bbox 1954 1070 2316 1127; x_wconf 83' lang='lat' dir='ltr'><strong>conregnans</strong></span> <span class='ocrx_word' id='word_1_391' title='bbox 2330 1056 2506 1112; x_wconf 88' lang='lat' dir='ltr'><strong>solem</strong></span> <span class='ocrx_word' id='word_1_392' title='bbox 2541 1071 2712 1113; x_wconf 89' lang='lat' dir='ltr'><strong>suum</strong></span> <span class='ocrx_word' id='word_1_393' title='bbox 2738 1056 2902 1112; x_wconf 90' lang='lat' dir='ltr'><strong>bonis</strong></span> <span class='ocrx_word' id='word_1_394' title='bbox 2927 1071 3093 1127; x_wconf 78' lang='lat' dir='ltr'><strong>aque</strong></span> <span class='ocrx_word' id='word_1_395' title='bbox 3125 1065 3188 1111; x_wconf 94' lang='lat' dir='ltr'><strong>ut</strong></span> <span class='ocrx_word' id='word_1_396' title='bbox 3218 1057 3386 1111; x_wconf 85' lang='lat' dir='ltr'><strong>malis</strong></span> <span class='ocrx_word' id='word_1_397' title='bbox 3437 1056 3651 1126; x_wconf 88' lang='lat' dir='ltr'><strong>imper-</strong></span> 
     </span>
    </p>
   </div>
   <div class='ocr_carea' id='block_1_55' title="bbox 1954 1144 3651 1215">
    <p class='ocr_par' dir='ltr' id='par_1_55' title="bbox 1954 1144 3651 1215">
     <span class='ocr_line' id='line_1_55' title="bbox 1954 1144 3651 1215; baseline -0.001 -14"><span class='ocrx_word' id='word_1_398' title='bbox 1954 1145 2021 1201; x_wconf 89' lang='lat' dir='ltr'><strong>tit</strong></span> <span class='ocrx_word' id='word_1_399' title='bbox 2051 1144 2273 1215; x_wconf 75' lang='lat' dir='ltr'><strong>(Matth.</strong></span> <span class='ocrx_word' id='word_1_400' title='bbox 2307 1160 2364 1210; x_wconf 88' lang='lat' dir='ltr'><strong>v,</strong></span> <span class='ocrx_word' id='word_1_401' title='bbox 2396 1146 2512 1215; x_wconf 65' lang='lat'><strong>45);</strong></span> <span class='ocrx_word' id='word_1_402' title='bbox 2549 1145 2649 1215; x_wconf 92' lang='lat' dir='ltr'><strong>qui</strong></span> <span class='ocrx_word' id='word_1_403' title='bbox 2694 1144 2887 1212; x_wconf 88' lang='lat' dir='ltr'><strong>etiam,</strong></span> <span class='ocrx_word' id='word_1_404' title='bbox 2925 1145 3097 1215; x_wconf 81' lang='lat' dir='ltr'><strong>juxta</strong></span> <span class='ocrx_word' id='word_1_405' title='bbox 3127 1145 3375 1200; x_wconf 91' lang='lat' dir='ltr'><strong>Danielis</strong></span> <span class='ocrx_word' id='word_1_406' title='bbox 3415 1144 3651 1211; x_wconf 91' lang='lat' dir='ltr'><strong>librum,</strong></span> 
     </span>
    </p>
   </div>
   <div class='ocr_carea' id='block_1_56' title="bbox 1954 1233 3656 1304">
    <p class='ocr_par' dir='ltr' id='par_1_56' title="bbox 1954 1233 3656 1304">
     <span class='ocr_line' id='line_1_56' title="bbox 1954 1233 3656 1304; baseline -0.001 -15"><span class='ocrx_word' id='word_1_407' title='bbox 1954 1235 2103 1289; x_wconf 91' lang='lat' dir='ltr'><strong>sicut</strong></span> <span class='ocrx_word' id='word_1_408' title='bbox 2133 1234 2400 1289; x_wconf 81' lang='lat' dir='ltr'><strong>fidelibus</strong></span> <span class='ocrx_word' id='word_1_409' title='bbox 2429 1233 2509 1289; x_wconf 91' lang='lat' dir='ltr'><strong>sic</strong></span> <span class='ocrx_word' id='word_1_410' title='bbox 2557 1233 2790 1302; x_wconf 90' lang='lat' dir='ltr'><strong>perﬁdis</strong></span> <span class='ocrx_word' id='word_1_411' title='bbox 2838 1234 3157 1304; x_wconf 88' lang='lat' dir='ltr'><strong>angelicam</strong></span> <span class='ocrx_word' id='word_1_412' title='bbox 3202 1233 3520 1288; x_wconf 91' lang='lat' dir='ltr'><strong>custodiam</strong></span> <span class='ocrx_word' id='word_1_413' title='bbox 3552 1233 3656 1288; x_wconf 90' lang='lat' dir='ltr'><strong>de-</strong></span> 
     </span>
    </p>
   </div>
   <div class='ocr_carea' id='block_1_57' title="bbox 1956 1320 3651 1394">
    <p class='ocr_par' dir='ltr' id='par_1_57' title="bbox 1956 1320 3651 1394">
     <span class='ocr_line' id='line_1_57' title="bbox 1956 1320 3651 1394; baseline -0.002 -16"><span class='ocrx_word' id='word_1_414' title='bbox 1956 1322 2186 1394; x_wconf 88' lang='lat' dir='ltr'><strong>legavit,</strong></span> <span class='ocrx_word' id='word_1_415' title='bbox 2220 1322 2374 1393; x_wconf 90' lang='lat' dir='ltr'><strong>quod</strong></span> <span class='ocrx_word' id='word_1_416' title='bbox 2408 1322 2465 1376; x_wconf 91' lang='lat' dir='ltr'><strong>in</strong></span> <span class='ocrx_word' id='word_1_417' title='bbox 2502 1321 2775 1377; x_wconf 86' lang='lat' dir='ltr'><strong>Michaele</strong></span> <span class='ocrx_word' id='word_1_418' title='bbox 2821 1320 3190 1376; x_wconf 70' lang='lat' dir='ltr'><strong>Hebraeorum</strong></span> <span class='ocrx_word' id='word_1_419' title='bbox 3242 1322 3517 1390; x_wconf 91' lang='lat' dir='ltr'><strong>principe,</strong></span> <span class='ocrx_word' id='word_1_420' title='bbox 3557 1321 3651 1377; x_wconf 90' lang='lat' dir='ltr'><strong>cui</strong></span> 
     </span>
    </p>
   </div>
   <div class='ocr_carea' id='block_1_58' title="bbox 1954 1409 3653 1479">
    <p class='ocr_par' dir='ltr' id='par_1_58' title="bbox 1954 1409 3653 1479">
     <span class='ocr_line' id='line_1_58' title="bbox 1954 1409 3653 1479; baseline -0.002 -13"><span class='ocrx_word' id='word_1_421' title='bbox 1954 1410 2282 1467; x_wconf 86' lang='lat' dir='ltr'><strong>Gracorum</strong></span> <span class='ocrx_word' id='word_1_422' title='bbox 2332 1409 2598 1479; x_wconf 90' lang='lat' dir='ltr'><strong>princeps</strong></span> <span class='ocrx_word' id='word_1_423' title='bbox 2644 1409 3030 1476; x_wconf 90' lang='lat' dir='ltr'><strong>obnitebatur,</strong></span> <span class='ocrx_word' id='word_1_424' title='bbox 3081 1410 3325 1464; x_wconf 89' lang='lat' dir='ltr'><strong>ostendit</strong></span> <span class='ocrx_word' id='word_1_425' title='bbox 3354 1410 3529 1472; x_wconf 85' lang='lat' dir='ltr'><strong>(Dan.</strong></span> <span class='ocrx_word' id='word_1_426' title='bbox 3576 1423 3653 1474; x_wconf 72' lang='grc' dir='ltr'><strong>χι,</strong></span> 
     </span>
    </p>
   </div>
   <div class='ocr_carea' id='block_1_59' title="bbox 1968 1496 3657 1568">
    <p class='ocr_par' dir='ltr' id='par_1_59' title="bbox 1968 1496 3657 1568">
     <span class='ocr_line' id='line_1_59' title="bbox 1968 1496 3657 1568; baseline 0 -17"><span class='ocrx_word' id='word_1_427' title='bbox 1968 1502 2096 1568; x_wconf 83' lang='grc' dir='ltr'><strong>ι3);</strong></span> <span class='ocrx_word' id='word_1_428' title='bbox 2154 1512 2460 1567; x_wconf 89' lang='lat' dir='ltr'><strong>nunquam</strong></span> <span class='ocrx_word' id='word_1_429' title='bbox 2515 1497 2864 1553; x_wconf 89' lang='lat' dir='ltr'><strong>credendum</strong></span> <span class='ocrx_word' id='word_1_430' title='bbox 2906 1504 3008 1561; x_wconf 91' lang='lat' dir='ltr'><strong>est,</strong></span> <span class='ocrx_word' id='word_1_431' title='bbox 3058 1497 3211 1566; x_wconf 90' lang='lat' dir='ltr'><strong>quod</strong></span> <span class='ocrx_word' id='word_1_432' title='bbox 3261 1496 3320 1551; x_wconf 85' lang='lat' dir='ltr'><strong>in</strong></span> <span class='ocrx_word' id='word_1_433' title='bbox 3369 1498 3472 1551; x_wconf 88' lang='lat' dir='ltr'><strong>hoc</strong></span> <span class='ocrx_word' id='word_1_434' title='bbox 3514 1504 3657 1551; x_wconf 89' lang='lat' dir='ltr'><strong>tem-</strong></span> 
     </span>
    </p>
   </div>
   <div class='ocr_carea' id='block_1_60' title="bbox 1963 1585 3735 1657">
    <p class='ocr_par' dir='ltr' id='par_1_60' title="bbox 1963 1585 3735 1657">
     <span class='ocr_line' id='line_1_60' title="bbox 1963 1585 3735 1657; baseline -0.002 -15"><span class='ocrx_word' id='word_1_435' title='bbox 1963 1601 2096 1656; x_wconf 87' lang='lat' dir='ltr'><strong>pore</strong></span> <span class='ocrx_word' id='word_1_436' title='bbox 2140 1600 2495 1657; x_wconf 89' lang='lat' dir='ltr'><strong>quemquam</strong></span> <span class='ocrx_word' id='word_1_437' title='bbox 2542 1599 2577 1641; x_wconf 89' lang='lat' dir='ltr'><strong>a</strong></span> <span class='ocrx_word' id='word_1_438' title='bbox 2614 1586 2735 1641; x_wconf 90' lang='lat' dir='ltr'><strong>suis</strong></span> <span class='ocrx_word' id='word_1_439' title='bbox 2778 1586 3152 1641; x_wconf 89' lang='lat' dir='ltr'><strong>sacramentis</strong></span> <span class='ocrx_word' id='word_1_440' title='bbox 3183 1585 3454 1654; x_wconf 81' lang='lat' dir='ltr'><strong>excipiat,</strong></span> <span class='ocrx_word' id='word_1_441' title='bbox 3505 1598 3657 1654; x_wconf 86' lang='lat' dir='ltr'><strong>pra-</strong></span> <span class='ocrx_word' id='word_1_442' title='bbox 3724 1612 3735 1623; x_wconf 86' lang='lat'><strong><em>-</em></strong></span> 
     </span>
    </p>
   </div>
   <div class='ocr_carea' id='block_1_61' title="bbox 1961 1672 3658 1744">
    <p class='ocr_par' dir='ltr' id='par_1_61' title="bbox 1961 1672 3658 1744">
     <span class='ocr_line' id='line_1_61' title="bbox 1961 1672 3658 1744; baseline -0.004 -13"><span class='ocrx_word' id='word_1_443' title='bbox 1961 1676 2154 1731; x_wconf 92' lang='lat' dir='ltr'><strong>sertim</strong></span> <span class='ocrx_word' id='word_1_444' title='bbox 2203 1690 2333 1731; x_wconf 91' lang='lat' dir='ltr'><strong>cum</strong></span> <span class='ocrx_word' id='word_1_445' title='bbox 2395 1682 2621 1744; x_wconf 91' lang='lat' dir='ltr'><strong>tempus</strong></span> <span class='ocrx_word' id='word_1_446' title='bbox 2677 1672 2982 1729; x_wconf 90' lang='lat' dir='ltr'><strong>miserendi</strong></span> <span class='ocrx_word' id='word_1_447' title='bbox 3041 1673 3113 1728; x_wconf 91' lang='lat' dir='ltr'><strong>sit</strong></span> <span class='ocrx_word' id='word_1_448' title='bbox 3175 1672 3358 1737; x_wconf 77' lang='grc' dir='ltr'><strong>(Ρεαί.</strong></span> <span class='ocrx_word' id='word_1_449' title='bbox 3414 1687 3487 1741; x_wconf 83' lang='lat' dir='ltr'><strong>Ci,</strong></span> <span class='ocrx_word' id='word_1_450' title='bbox 3546 1673 3658 1741; x_wconf 74' lang='grc'><strong>14),</strong></span> 
     </span>
    </p>
   </div>
   <div class='ocr_carea' id='block_1_62' title="bbox 1961 1763 3300 1834">
    <p class='ocr_par' dir='ltr' id='par_1_62' title="bbox 1961 1763 3300 1834">
     <span class='ocr_line' id='line_1_62' title="bbox 1961 1763 3300 1834; baseline -0.001 -17"><span class='ocrx_word' id='word_1_451' title='bbox 1961 1779 2078 1834; x_wconf 86' lang='lat' dir='ltr'><strong>quo</strong></span> <span class='ocrx_word' id='word_1_452' title='bbox 2110 1764 2395 1819; x_wconf 89' lang='lat' dir='ltr'><strong>neminem</strong></span> <span class='ocrx_word' id='word_1_453' title='bbox 2430 1778 2463 1817; x_wconf 89' lang='lat' dir='ltr'><strong>a</strong></span> <span class='ocrx_word' id='word_1_454' title='bbox 2493 1777 2601 1818; x_wconf 88' lang='lat' dir='ltr'><strong>sua</strong></span> <span class='ocrx_word' id='word_1_455' title='bbox 2627 1763 2928 1833; x_wconf 86' lang='lat' dir='ltr'><strong>largitione</strong></span> <span class='ocrx_word' id='word_1_456' title='bbox 2962 1768 3300 1831; x_wconf 80' lang='lat' dir='ltr'><strong>sequestrat.</strong></span> 
     </span>
    </p>
   </div>
   <div class='ocr_carea' id='block_1_63' title="bbox 2035 1848 3658 1923">
    <p class='ocr_par' dir='ltr' id='par_1_63' title="bbox 2035 1848 3658 1923">
     <span class='ocr_line' id='line_1_63' title="bbox 2035 1848 3658 1923; baseline -0.002 -17"><span class='ocrx_word' id='word_1_457' title='bbox 2035 1851 2332 1906; x_wconf 82' lang='lat' dir='ltr'><strong>Innumeri</strong></span> <span class='ocrx_word' id='word_1_458' title='bbox 2363 1868 2432 1905; x_wconf 77' lang='lat' dir='ltr'><strong>ea:</strong></span> <span class='ocrx_word' id='word_1_459' title='bbox 2448 1849 2525 1904; x_wconf 69' lang='lat' dir='ltr'><strong>iis</strong></span> <span class='ocrx_word' id='word_1_460' title='bbox 2551 1866 2674 1923; x_wconf 76' lang='lat' dir='ltr'><strong>qua</strong></span> <span class='ocrx_word' id='word_1_461' title='bbox 2693 1851 2913 1920; x_wconf 83' lang='lat' dir='ltr'><strong>objecta</strong></span> <span class='ocrx_word' id='word_1_462' title='bbox 2928 1854 3068 1905; x_wconf 74' lang='lat' dir='ltr'><strong>sunt</strong></span> <span class='ocrx_word' id='word_1_463' title='bbox 3090 1849 3166 1921; x_wconf 74' lang='lat' dir='ltr'><strong>(si</strong></span> <span class='ocrx_word' id='word_1_464' title='bbox 3193 1848 3658 1918; x_wconf 73' lang='lat' dir='ltr'><strong>admitterentur)</strong></span> 
     </span>
    </p>
   </div>
   <div class='ocr_carea' id='block_1_64' title="bbox 1957 1937 3663 2010">
    <p class='ocr_par' dir='ltr' id='par_1_64' title="bbox 1957 1937 3663 2010">
     <span class='ocr_line' id='line_1_64' title="bbox 1957 1937 3663 2010; baseline -0.001 -16"><span class='ocrx_word' id='word_1_465' title='bbox 1957 1955 2182 1995; x_wconf 74' lang='lat' dir='ltr'><strong>errore:</strong></span> <span class='ocrx_word' id='word_1_466' title='bbox 2208 1942 2382 2010; x_wconf 80' lang='lat' dir='ltr'><strong>atque</strong></span> <span class='ocrx_word' id='word_1_467' title='bbox 2401 1938 2760 1994; x_wconf 87' lang='lat' dir='ltr'><strong>incommoda</strong></span> <span class='ocrx_word' id='word_1_468' title='bbox 2785 1941 3087 1994; x_wconf 71' lang='lat' dir='ltr'><strong>scaterent.</strong></span> <span class='ocrx_word' id='word_1_469' title='bbox 3109 1968 3178 1976; x_wconf 89' lang='lat'><strong>——</strong></span> <span class='ocrx_word' id='word_1_470' title='bbox 3199 1937 3357 2003; x_wconf 80' lang='lat' dir='ltr'><strong>Quod</strong></span> <span class='ocrx_word' id='word_1_471' title='bbox 3390 1937 3437 1992; x_wconf 91' lang='lat' dir='ltr'><strong>si</strong></span> <span class='ocrx_word' id='word_1_472' title='bbox 3475 1946 3663 1993; x_wconf 86' lang='lat' dir='ltr'><strong>extor-</strong></span> 
     </span>
    </p>
   </div>
   <div class='ocr_carea' id='block_1_65' title="bbox 1960 2025 3658 2096">
    <p class='ocr_par' dir='ltr' id='par_1_65' title="bbox 1960 2025 3658 2096">
     <span class='ocr_line' id='line_1_65' title="bbox 1960 2025 3658 2096; baseline -0.002 -12"><span class='ocrx_word' id='word_1_473' title='bbox 1960 2042 2052 2084; x_wconf 87' lang='lat' dir='ltr'><strong>res</strong></span> <span class='ocrx_word' id='word_1_474' title='bbox 2079 2043 2175 2084; x_wconf 93' lang='lat' dir='ltr'><strong>eos</strong></span> <span class='ocrx_word' id='word_1_475' title='bbox 2203 2042 2238 2083; x_wconf 91' lang='lat' dir='ltr'><strong>a</strong></span> <span class='ocrx_word' id='word_1_476' title='bbox 2263 2030 2411 2082; x_wconf 92' lang='lat' dir='ltr'><strong>dono</strong></span> <span class='ocrx_word' id='word_1_477' title='bbox 2448 2028 2552 2082; x_wconf 89' lang='lat' dir='ltr'><strong>isto</strong></span> <span class='ocrx_word' id='word_1_478' title='bbox 2583 2041 2742 2081; x_wconf 90' lang='lat' dir='ltr'><strong>nunc</strong></span> <span class='ocrx_word' id='word_1_479' title='bbox 2787 2026 3014 2093; x_wconf 88' lang='lat' dir='ltr'><strong>faceret,</strong></span> <span class='ocrx_word' id='word_1_480' title='bbox 3051 2026 3106 2080; x_wconf 90' lang='lat' dir='ltr'><strong>in</strong></span> <span class='ocrx_word' id='word_1_481' title='bbox 3143 2025 3360 2096; x_wconf 90' lang='lat' dir='ltr'><strong>judicio</strong></span> <span class='ocrx_word' id='word_1_482' title='bbox 3404 2025 3542 2095; x_wconf 90' lang='lat' dir='ltr'><strong>quid</strong></span> <span class='ocrx_word' id='word_1_483' title='bbox 3587 2025 3658 2080; x_wconf 88' lang='lat' dir='ltr'><strong>ab</strong></span> 
     </span>
    </p>
   </div>
   <div class='ocr_carea' id='block_1_66' title="bbox 1959 2113 3662 2187">
    <p class='ocr_par' dir='ltr' id='par_1_66' title="bbox 1959 2113 3662 2187">
     <span class='ocr_line' id='line_1_66' title="bbox 1959 2113 3662 2187; baseline -0.003 -15"><span class='ocrx_word' id='word_1_484' title='bbox 1959 2116 2041 2172; x_wconf 93' lang='lat' dir='ltr'><strong>eis</strong></span> <span class='ocrx_word' id='word_1_485' title='bbox 2069 2116 2342 2187; x_wconf 80' lang='lat' dir='ltr'><strong>exigeret,</strong></span> <span class='ocrx_word' id='word_1_486' title='bbox 2386 2114 2602 2185; x_wconf 87' lang='lat' dir='ltr'><strong>quibus</strong></span> <span class='ocrx_word' id='word_1_487' title='bbox 2632 2114 2774 2169; x_wconf 89' lang='lat' dir='ltr'><strong>nihil</strong></span> <span class='ocrx_word' id='word_1_488' title='bbox 2815 2128 2988 2183; x_wconf 90' lang='lat' dir='ltr'><strong>super</strong></span> <span class='ocrx_word' id='word_1_489' title='bbox 3039 2114 3145 2168; x_wconf 89' lang='lat' dir='ltr'><strong>hac</strong></span> <span class='ocrx_word' id='word_1_490' title='bbox 3191 2113 3376 2184; x_wconf 84' lang='lat' dir='ltr'><strong>gratia</strong></span> <span class='ocrx_word' id='word_1_491' title='bbox 3416 2114 3471 2167; x_wconf 91' lang='lat' dir='ltr'><strong>in</strong></span> <span class='ocrx_word' id='word_1_492' title='bbox 3516 2127 3662 2182; x_wconf 84' lang='lat' dir='ltr'><strong>pra-</strong></span> 
     </span>
    </p>
   </div>
   <div class='ocr_carea' id='block_1_67' title="bbox 1960 2202 3661 2271">
    <p class='ocr_par' dir='ltr' id='par_1_67' title="bbox 1960 2202 3661 2271">
     <span class='ocr_line' id='line_1_67' title="bbox 1960 2202 3661 2271; baseline -0.003 -11"><span class='ocrx_word' id='word_1_493' title='bbox 1960 2204 2107 2261; x_wconf 89' lang='lat' dir='ltr'><strong>senti</strong></span> <span class='ocrx_word' id='word_1_494' title='bbox 2159 2204 2559 2260; x_wconf 87' lang='lat' dir='ltr'><strong>commisisset!</strong></span> <span class='ocrx_word' id='word_1_495' title='bbox 2632 2202 2751 2258; x_wconf 90' lang='lat' dir='ltr'><strong>Etsi</strong></span> <span class='ocrx_word' id='word_1_496' title='bbox 2814 2203 2963 2271; x_wconf 89' lang='lat' dir='ltr'><strong>apud</strong></span> <span class='ocrx_word' id='word_1_497' title='bbox 3033 2202 3322 2271; x_wconf 89' lang='lat' dir='ltr'><strong>improbos</strong></span> <span class='ocrx_word' id='word_1_498' title='bbox 3379 2202 3661 2257; x_wconf 90' lang='lat' dir='ltr'><strong>sententia</strong></span> 
     </span>
    </p>
   </div>
   <div class='ocr_carea' id='block_1_68' title="bbox 1960 2279 3661 2361">
    <p class='ocr_par' dir='ltr' id='par_1_68' title="bbox 1960 2279 3661 2361">
     <span class='ocr_line' id='line_1_68' title="bbox 1960 2279 3661 2361; baseline -0.002 -14"><span class='ocrx_word' id='word_1_499' title='bbox 1960 2292 2071 2347; x_wconf 65' lang='lat' dir='ltr'><strong>ista</strong></span> <span class='ocrx_word' id='word_1_500' title='bbox 2090 2299 2393 2358; x_wconf 87' lang='lat' dir='ltr'><strong>constaret,</strong></span> <span class='ocrx_word' id='word_1_501' title='bbox 2430 2279 2579 2344; x_wconf 67' lang='lat'><strong>348</strong></span> <span class='ocrx_word' id='word_1_502' title='bbox 2622 2290 2775 2361; x_wconf 89' lang='lat' dir='ltr'><strong>quod</strong></span> <span class='ocrx_word' id='word_1_503' title='bbox 2825 2290 3039 2346; x_wconf 89' lang='lat' dir='ltr'><strong>scilicet</strong></span> <span class='ocrx_word' id='word_1_504' title='bbox 3081 2291 3416 2359; x_wconf 88' lang='lat' dir='ltr'><strong>improbitas</strong></span> <span class='ocrx_word' id='word_1_505' title='bbox 3459 2303 3661 2344; x_wconf 88' lang='lat' dir='ltr'><strong>eorum</strong></span> 
     </span>
    </p>
   </div>
   <div class='ocr_carea' id='block_1_69' title="bbox 1961 2378 3662 2443">
    <p class='ocr_par' dir='ltr' id='par_1_69' title="bbox 1961 2378 3662 2443">
     <span class='ocr_line' id='line_1_69' title="bbox 1961 2378 3662 2443; baseline -0.003 -7"><span class='ocrx_word' id='word_1_506' title='bbox 1961 2387 2321 2436; x_wconf 89' lang='lat' dir='ltr'><strong>sacramenta</strong></span> <span class='ocrx_word' id='word_1_507' title='bbox 2349 2379 2728 2443; x_wconf 87' lang='lat' dir='ltr'><strong>subverteret,</strong></span> <span class='ocrx_word' id='word_1_508' title='bbox 2767 2378 2980 2433; x_wconf 88' lang='lat' dir='ltr'><strong>frustra</strong></span> <span class='ocrx_word' id='word_1_509' title='bbox 3008 2392 3167 2432; x_wconf 88' lang='lat' dir='ltr'><strong>mens</strong></span> <span class='ocrx_word' id='word_1_510' title='bbox 3197 2392 3395 2433; x_wconf 86' lang='lat' dir='ltr'><strong>eorum</strong></span> <span class='ocrx_word' id='word_1_511' title='bbox 3444 2378 3512 2432; x_wconf 91' lang='lat' dir='ltr'><strong>de</strong></span> <span class='ocrx_word' id='word_1_512' title='bbox 3555 2391 3662 2433; x_wconf 93' lang='lat' dir='ltr'><strong>sua</strong></span> 
     </span>
    </p>
   </div>
   <div class='ocr_carea' id='block_1_70' title="bbox 1962 2465 3660 2537">
    <p class='ocr_par' dir='ltr' id='par_1_70' title="bbox 1962 2465 3660 2537">
     <span class='ocr_line' id='line_1_70' title="bbox 1962 2465 3660 2537; baseline -0.001 -14"><span class='ocrx_word' id='word_1_513' title='bbox 1962 2468 2213 2524; x_wconf 81' lang='lat' dir='ltr'><strong>faditate</strong></span> <span class='ocrx_word' id='word_1_514' title='bbox 2284 2474 2581 2531; x_wconf 89' lang='lat' dir='ltr'><strong>metueret,</strong></span> <span class='ocrx_word' id='word_1_515' title='bbox 2638 2480 2769 2537; x_wconf 87' lang='lat' dir='ltr'><strong>qua</strong></span> <span class='ocrx_word' id='word_1_516' title='bbox 2823 2479 3033 2535; x_wconf 87' lang='lat' dir='ltr'><strong>corpus</strong></span> <span class='ocrx_word' id='word_1_517' title='bbox 3088 2465 3305 2521; x_wconf 90' lang='lat' dir='ltr'><strong>Domini</strong></span> <span class='ocrx_word' id='word_1_518' title='bbox 3384 2479 3484 2535; x_wconf 89' lang='lat' dir='ltr'><strong>pro</strong></span> <span class='ocrx_word' id='word_1_519' title='bbox 3552 2479 3660 2521; x_wconf 86' lang='lat' dir='ltr'><strong>sua</strong></span> 
     </span>
    </p>
   </div>
   <div class='ocr_carea' id='block_1_71' title="bbox 1962 2554 3656 2626">
    <p class='ocr_par' dir='ltr' id='par_1_71' title="bbox 1962 2554 3656 2626">
     <span class='ocr_line' id='line_1_71' title="bbox 1962 2554 3656 2626; baseline -0.002 -15"><span class='ocrx_word' id='word_1_520' title='bbox 1962 2556 2223 2626; x_wconf 88' lang='lat' dir='ltr'><strong>nequitia</strong></span> <span class='ocrx_word' id='word_1_521' title='bbox 2268 2556 2339 2611; x_wconf 89' lang='lat' dir='ltr'><strong>ad</strong></span> <span class='ocrx_word' id='word_1_522' title='bbox 2413 2554 2662 2624; x_wconf 91' lang='lat' dir='ltr'><strong>priorem</strong></span> <span class='ocrx_word' id='word_1_523' title='bbox 2710 2554 3095 2610; x_wconf 88' lang='lat' dir='ltr'><strong>substantiam</strong></span> <span class='ocrx_word' id='word_1_524' title='bbox 3155 2555 3341 2609; x_wconf 91' lang='lat' dir='ltr'><strong>redire</strong></span> <span class='ocrx_word' id='word_1_525' title='bbox 3389 2555 3656 2625; x_wconf 77' lang='lat' dir='ltr'><strong>sentiret;</strong></span> 
     </span>
    </p>
   </div>
   <div class='ocr_carea' id='block_1_72' title="bbox 1964 2628 3662 2716">
    <p class='ocr_par' dir='ltr' id='par_1_72' title="bbox 1964 2628 3662 2716">
     <span class='ocr_line' id='line_1_72' title="bbox 1964 2628 3662 2716; baseline -0.001 -17"><span class='ocrx_word' id='word_1_526' title='bbox 1964 2645 2119 2701; x_wconf 79' lang='lat' dir='ltr'><strong>verbi</strong></span> <span class='ocrx_word' id='word_1_527' title='bbox 2164 2645 2373 2716; x_wconf 85' lang='lat' dir='ltr'><strong>gratia,</strong></span> <span class='ocrx_word' id='word_1_528' title='bbox 2417 2658 2544 2698; x_wconf 90' lang='lat' dir='ltr'><strong>ecce</strong></span> <span class='ocrx_word' id='word_1_529' title='bbox 2599 2645 2790 2698; x_wconf 89' lang='lat' dir='ltr'><strong>nescio</strong></span> <span class='ocrx_word' id='word_1_530' title='bbox 2830 2642 3157 2714; x_wconf 87' lang='lat' dir='ltr'><strong>fragilitatis</strong></span> <span class='ocrx_word' id='word_1_531' title='bbox 3207 2656 3345 2697; x_wconf 86' lang='lat' dir='ltr'><strong>mea</strong></span> <span class='ocrx_word' id='word_1_532' title='bbox 3397 2628 3662 2697; x_wconf 89' lang='lat' dir='ltr'><strong>conscius</strong></span> 
     </span>
    </p>
   </div>
   <div class='ocr_carea' id='block_1_73' title="bbox 1965 2730 3659 2801">
    <p class='ocr_par' dir='ltr' id='par_1_73' title="bbox 1965 2730 3659 2801">
     <span class='ocr_line' id='line_1_73' title="bbox 1965 2730 3659 2801; baseline -0.004 -12"><span class='ocrx_word' id='word_1_533' title='bbox 1965 2740 2164 2789; x_wconf 87' lang='lat' dir='ltr'><strong>utrum</strong></span> <span class='ocrx_word' id='word_1_534' title='bbox 2220 2732 2348 2787; x_wconf 93' lang='lat' dir='ltr'><strong>odio</strong></span> <span class='ocrx_word' id='word_1_535' title='bbox 2403 2745 2476 2786; x_wconf 93' lang='lat' dir='ltr'><strong>an</strong></span> <span class='ocrx_word' id='word_1_536' title='bbox 2526 2745 2719 2786; x_wconf 89' lang='lat' dir='ltr'><strong>amore</strong></span> <span class='ocrx_word' id='word_1_537' title='bbox 2774 2731 2880 2787; x_wconf 91' lang='lat' dir='ltr'><strong>sim</strong></span> <span class='ocrx_word' id='word_1_538' title='bbox 2932 2731 3144 2801; x_wconf 87' lang='lat' dir='ltr'><strong>dignus</strong></span> <span class='ocrx_word' id='word_1_539' title='bbox 3174 2730 3388 2800; x_wconf 83' lang='lat' dir='ltr'><strong>(Eccle.</strong></span> <span class='ocrx_word' id='word_1_540' title='bbox 3441 2744 3517 2799; x_wconf 79' lang='lat' dir='ltr'><strong>ix,</strong></span> <span class='ocrx_word' id='word_1_541' title='bbox 3584 2732 3659 2798; x_wconf 79' lang='grc'><strong>1).</strong></span> 
     </span>
    </p>
   </div>
   <div class='ocr_carea' id='block_1_74' title="bbox 1963 2817 3663 2888">
    <p class='ocr_par' dir='ltr' id='par_1_74' title="bbox 1963 2817 3663 2888">
     <span class='ocr_line' id='line_1_74' title="bbox 1963 2817 3663 2888; baseline -0.002 -12"><span class='ocrx_word' id='word_1_542' title='bbox 1963 2835 2097 2876; x_wconf 91' lang='lat' dir='ltr'><strong>cum</strong></span> <span class='ocrx_word' id='word_1_543' title='bbox 2141 2821 2213 2876; x_wconf 91' lang='lat' dir='ltr'><strong>ad</strong></span> <span class='ocrx_word' id='word_1_544' title='bbox 2245 2827 2603 2875; x_wconf 88' lang='lat' dir='ltr'><strong>sacramenta</strong></span> <span class='ocrx_word' id='word_1_545' title='bbox 2634 2819 2727 2873; x_wconf 90' lang='lat' dir='ltr'><strong>illa</strong></span> <span class='ocrx_word' id='word_1_546' title='bbox 2782 2833 3089 2880; x_wconf 89' lang='lat' dir='ltr'><strong>accessero,</strong></span> <span class='ocrx_word' id='word_1_547' title='bbox 3139 2819 3281 2888; x_wconf 90' lang='lat' dir='ltr'><strong>quid</strong></span> <span class='ocrx_word' id='word_1_548' title='bbox 3327 2819 3467 2887; x_wconf 90' lang='lat' dir='ltr'><strong>spei,</strong></span> <span class='ocrx_word' id='word_1_549' title='bbox 3520 2817 3663 2888; x_wconf 91' lang='lat' dir='ltr'><strong>quid</strong></span> 
     </span>
    </p>
   </div>
   <div class='ocr_carea' id='block_1_75' title="bbox 1964 2994 3663 3068">
    <p class='ocr_par' dir='ltr' id='par_1_75' title="bbox 1964 2994 3663 3068">
     <span class='ocr_line' id='line_1_75' title="bbox 1964 2994 3663 3068; baseline -0.003 -14"><span class='ocrx_word' id='word_1_550' title='bbox 1964 3005 2090 3068; x_wconf 91' lang='lat' dir='ltr'><strong>pter</strong></span> <span class='ocrx_word' id='word_1_551' title='bbox 2130 3005 2359 3067; x_wconf 89' lang='lat' dir='ltr'><strong>peccata</strong></span> <span class='ocrx_word' id='word_1_552' title='bbox 2411 3009 2537 3051; x_wconf 90' lang='lat' dir='ltr'><strong>mea</strong></span> <span class='ocrx_word' id='word_1_553' title='bbox 2583 3002 2802 3050; x_wconf 91' lang='lat' dir='ltr'><strong>tantam</strong></span> <span class='ocrx_word' id='word_1_554' title='bbox 2852 3008 2971 3050; x_wconf 91' lang='lat' dir='ltr'><strong>rem</strong></span> <span class='ocrx_word' id='word_1_555' title='bbox 3021 2994 3311 3050; x_wconf 89' lang='lat' dir='ltr'><strong>annullari</strong></span> <span class='ocrx_word' id='word_1_556' title='bbox 3363 2995 3663 3064; x_wconf 89' lang='lat' dir='ltr'><strong>desperata</strong></span> 
     </span>
    </p>
   </div>
   <div class='ocr_carea' id='block_1_76' title="bbox 1964 3082 3662 3161">
    <p class='ocr_par' dir='ltr' id='par_1_76' title="bbox 1964 3082 3662 3161">
     <span class='ocr_line' id='line_1_76' title="bbox 1964 3082 3662 3161; baseline -0.003 -19"><span class='ocrx_word' id='word_1_557' title='bbox 1964 3093 2153 3142; x_wconf 88' lang='lat' dir='ltr'><strong>mente</strong></span> <span class='ocrx_word' id='word_1_558' title='bbox 2183 3084 2545 3156; x_wconf 82' lang='lat' dir='ltr'><strong>cognovero?</strong></span> <span class='ocrx_word' id='word_1_559' title='bbox 2577 3084 2647 3138; x_wconf 91' lang='lat' dir='ltr'><strong>Et</strong></span> <span class='ocrx_word' id='word_1_560' title='bbox 2688 3084 2823 3153; x_wconf 90' lang='lat' dir='ltr'><strong>quis</strong></span> <span class='ocrx_word' id='word_1_561' title='bbox 2864 3084 2922 3138; x_wconf 92' lang='lat' dir='ltr'><strong>in</strong></span> <span class='ocrx_word' id='word_1_562' title='bbox 2966 3097 3138 3161; x_wconf 77' lang='lat' dir='ltr'><strong>carne</strong></span> <span class='ocrx_word' id='word_1_563' title='bbox 3180 3084 3396 3152; x_wconf 89' lang='lat' dir='ltr'><strong>positus</strong></span> <span class='ocrx_word' id='word_1_564' title='bbox 3442 3082 3662 3153; x_wconf 88' lang='lat' dir='ltr'><strong>aliquo-</strong></span> 
     </span>
    </p>
   </div>
   <div class='ocr_carea' id='block_1_77' title="bbox 1964 3170 3660 3240">
    <p class='ocr_par' dir='ltr' id='par_1_77' title="bbox 1964 3170 3660 3240">
     <span class='ocr_line' id='line_1_77' title="bbox 1964 3170 3660 3240; baseline -0.003 -10"><span class='ocrx_word' id='word_1_565' title='bbox 1964 3177 2066 3231; x_wconf 92' lang='lat' dir='ltr'><strong>ties</strong></span> <span class='ocrx_word' id='word_1_566' title='bbox 2095 3189 2211 3229; x_wconf 91' lang='lat' dir='ltr'><strong>non</strong></span> <span class='ocrx_word' id='word_1_567' title='bbox 2235 3174 2304 3229; x_wconf 91' lang='lat' dir='ltr'><strong>de</strong></span> <span class='ocrx_word' id='word_1_568' title='bbox 2343 3187 2449 3229; x_wconf 92' lang='lat' dir='ltr'><strong>sua</strong></span> <span class='ocrx_word' id='word_1_569' title='bbox 2492 3172 2765 3229; x_wconf 90' lang='lat' dir='ltr'><strong>electione</strong></span> <span class='ocrx_word' id='word_1_570' title='bbox 2803 3170 3060 3227; x_wconf 86' lang='lat' dir='ltr'><strong>difﬁdat!</strong></span> <span class='ocrx_word' id='word_1_571' title='bbox 3106 3170 3338 3237; x_wconf 88' lang='lat' dir='ltr'><strong>Quoties</strong></span> <span class='ocrx_word' id='word_1_572' title='bbox 3374 3184 3510 3240; x_wconf 89' lang='lat' dir='ltr'><strong>ergo</strong></span> <span class='ocrx_word' id='word_1_573' title='bbox 3554 3170 3660 3225; x_wconf 89' lang='lat' dir='ltr'><strong>mi-</strong></span> 
     </span>
    </p>
   </div>
   <div class='ocr_carea' id='block_1_78' title="bbox 1964 3258 3662 3330">
    <p class='ocr_par' dir='ltr' id='par_1_78' title="bbox 1964 3258 3662 3330">
     <span class='ocr_line' id='line_1_78' title="bbox 1964 3258 3662 3330; baseline -0.002 -12"><span class='ocrx_word' id='word_1_574' title='bbox 1964 3263 2113 3319; x_wconf 90' lang='lat' dir='ltr'><strong>seria</strong></span> <span class='ocrx_word' id='word_1_575' title='bbox 2134 3262 2273 3317; x_wconf 92' lang='lat' dir='ltr'><strong>mihi</strong></span> <span class='ocrx_word' id='word_1_576' title='bbox 2300 3274 2438 3316; x_wconf 86' lang='lat' dir='ltr'><strong>mea</strong></span> <span class='ocrx_word' id='word_1_577' title='bbox 2489 3260 2868 3315; x_wconf 90' lang='lat' dir='ltr'><strong>humanitatis</strong></span> <span class='ocrx_word' id='word_1_578' title='bbox 2915 3259 3216 3330; x_wconf 87' lang='lat' dir='ltr'><strong>ingruerit,</strong></span> <span class='ocrx_word' id='word_1_579' title='bbox 3267 3258 3555 3314; x_wconf 89' lang='lat' dir='ltr'><strong>accedenti</strong></span> <span class='ocrx_word' id='word_1_580' title='bbox 3588 3258 3662 3314; x_wconf 90' lang='lat' dir='ltr'><strong>ad</strong></span> 
     </span>
    </p>
   </div>
   <div class='ocr_carea' id='block_1_79' title="bbox 1964 3348 3663 3417">
    <p class='ocr_par' dir='ltr' id='par_1_79' title="bbox 1964 3348 3663 3417">
     <span class='ocr_line' id='line_1_79' title="bbox 1964 3348 3663 3417; baseline -0.002 -12"><span class='ocrx_word' id='word_1_581' title='bbox 1964 3350 2319 3405; x_wconf 90' lang='lat' dir='ltr'><strong>Dominicam</strong></span> <span class='ocrx_word' id='word_1_582' title='bbox 2364 3362 2618 3404; x_wconf 90' lang='lat' dir='ltr'><strong>mensam</strong></span> <span class='ocrx_word' id='word_1_583' title='bbox 2645 3361 2855 3417; x_wconf 91' lang='lat' dir='ltr'><strong>corpus</strong></span> <span class='ocrx_word' id='word_1_584' title='bbox 2894 3348 3121 3403; x_wconf 89' lang='lat' dir='ltr'><strong>Domini</strong></span> <span class='ocrx_word' id='word_1_585' title='bbox 3167 3361 3271 3402; x_wconf 89' lang='lat' dir='ltr'><strong>nec</strong></span> <span class='ocrx_word' id='word_1_586' title='bbox 3328 3359 3663 3401; x_wconf 85' lang='lat' dir='ltr'><strong>sacramen-</strong></span> 
     </span>
    </p>
   </div>
   <div class='ocr_carea' id='block_1_80' title="bbox 1964 3435 3661 3505">
    <p class='ocr_par' dir='ltr' id='par_1_80' title="bbox 1964 3435 3661 3505">
     <span class='ocr_line' id='line_1_80' title="bbox 1964 3435 3661 3505; baseline -0.002 -12"><span class='ocrx_word' id='word_1_587' title='bbox 1964 3441 2110 3505; x_wconf 85' lang='lat' dir='ltr'><strong>tum,</strong></span> <span class='ocrx_word' id='word_1_588' title='bbox 2146 3452 2250 3495; x_wconf 91' lang='lat' dir='ltr'><strong>nec</strong></span> <span class='ocrx_word' id='word_1_589' title='bbox 2298 3452 2389 3493; x_wconf 87' lang='lat' dir='ltr'><strong>res</strong></span> <span class='ocrx_word' id='word_1_590' title='bbox 2435 3436 2778 3492; x_wconf 89' lang='lat' dir='ltr'><strong>sacramenti</strong></span> <span class='ocrx_word' id='word_1_591' title='bbox 2828 3436 2969 3491; x_wconf 88' lang='lat' dir='ltr'><strong>mihi</strong></span> <span class='ocrx_word' id='word_1_592' title='bbox 3009 3436 3153 3491; x_wconf 86' lang='lat' dir='ltr'><strong>erit?</strong></span> <span class='ocrx_word' id='word_1_593' title='bbox 3195 3435 3523 3491; x_wconf 87' lang='lat' dir='ltr'><strong>Consideret</strong></span> <span class='ocrx_word' id='word_1_594' title='bbox 3557 3436 3661 3490; x_wconf 88' lang='lat' dir='ltr'><strong>ita-</strong></span> 
     </span>
    </p>
   </div>
   <div class='ocr_carea' id='block_1_81' title="bbox 1965 3522 3664 3596">
    <p class='ocr_par' dir='ltr' id='par_1_81' title="bbox 1965 3522 3664 3596">
     <span class='ocr_line' id='line_1_81' title="bbox 1965 3522 3664 3596; baseline -0.002 -15"><span class='ocrx_word' id='word_1_595' title='bbox 1965 3540 2079 3596; x_wconf 92' lang='lat' dir='ltr'><strong>que</strong></span> <span class='ocrx_word' id='word_1_596' title='bbox 2111 3525 2339 3594; x_wconf 88' lang='lat' dir='ltr'><strong>sapiens</strong></span> <span class='ocrx_word' id='word_1_597' title='bbox 2368 3533 2602 3594; x_wconf 88' lang='lat' dir='ltr'><strong>quanta</strong></span> <span class='ocrx_word' id='word_1_598' title='bbox 2644 3522 3115 3579; x_wconf 88' lang='lat' dir='ltr'><strong>inconvenientia</strong></span> <span class='ocrx_word' id='word_1_599' title='bbox 3144 3536 3215 3577; x_wconf 88' lang='lat' dir='ltr'><strong>ex</strong></span> <span class='ocrx_word' id='word_1_600' title='bbox 3248 3523 3353 3577; x_wconf 90' lang='lat' dir='ltr'><strong>hac</strong></span> <span class='ocrx_word' id='word_1_601' title='bbox 3400 3522 3664 3591; x_wconf 83' lang='lat' dir='ltr'><strong>Opinione</strong></span> 
     </span>
    </p>
   </div>
   <div class='ocr_carea' id='block_1_82' title="bbox 1965 3610 3662 3685">
    <p class='ocr_par' dir='ltr' id='par_1_82' title="bbox 1965 3610 3662 3685">
     <span class='ocr_line' id='line_1_82' title="bbox 1965 3610 3662 3685; baseline -0.002 -16"><span class='ocrx_word' id='word_1_602' title='bbox 1965 3622 2331 3685; x_wconf 90' lang='lat' dir='ltr'><strong>generentur,</strong></span> <span class='ocrx_word' id='word_1_603' title='bbox 2373 3622 2427 3668; x_wconf 91' lang='lat' dir='ltr'><strong>et</strong></span> <span class='ocrx_word' id='word_1_604' title='bbox 2473 3613 2796 3667; x_wconf 91' lang='lat' dir='ltr'><strong>ﬁrmissime</strong></span> <span class='ocrx_word' id='word_1_605' title='bbox 2839 3611 2961 3666; x_wconf 89' lang='lat' dir='ltr'><strong>sine</strong></span> <span class='ocrx_word' id='word_1_606' title='bbox 3005 3624 3182 3679; x_wconf 83' lang='lat' dir='ltr'><strong>prava</strong></span> <span class='ocrx_word' id='word_1_607' title='bbox 3224 3610 3341 3665; x_wconf 90' lang='lat' dir='ltr'><strong>ulla</strong></span> <span class='ocrx_word' id='word_1_608' title='bbox 3387 3610 3662 3679; x_wconf 90' lang='lat' dir='ltr'><strong>interpre-</strong></span> 
     </span>
    </p>
   </div>
   <div class='ocr_carea' id='block_1_83' title="bbox 1965 3698 3665 3775">
    <p class='ocr_par' dir='ltr' id='par_1_83' title="bbox 1965 3698 3665 3775">
     <span class='ocr_line' id='line_1_83' title="bbox 1965 3698 3665 3775; baseline -0.002 -19"><span class='ocrx_word' id='word_1_609' title='bbox 1965 3701 2179 3757; x_wconf 87' lang='lat' dir='ltr'><strong>tatione</strong></span> <span class='ocrx_word' id='word_1_610' title='bbox 2203 3700 2430 3767; x_wconf 90' lang='lat' dir='ltr'><strong>sentiat,</strong></span> <span class='ocrx_word' id='word_1_611' title='bbox 2461 3700 2601 3770; x_wconf 90' lang='lat' dir='ltr'><strong>quia</strong></span> <span class='ocrx_word' id='word_1_612' title='bbox 2637 3722 2657 3748; x_wconf 76' lang='grc' dir='ltr'>ι</span> <span class='ocrx_word' id='word_1_613' title='bbox 2703 3698 2812 3765; x_wconf 90' lang='lat' dir='ltr'><strong>Qui</strong></span> <span class='ocrx_word' id='word_1_614' title='bbox 2842 3699 3172 3765; x_wconf 87' lang='lat' dir='ltr'><strong>manducat,</strong></span> <span class='ocrx_word' id='word_1_615' title='bbox 3203 3698 3375 3767; x_wconf 81' lang='lat' dir='ltr'><strong>juxta</strong></span> <span class='ocrx_word' id='word_1_616' title='bbox 3418 3699 3665 3775; x_wconf 79' lang='lat' dir='ltr'><strong>Aposto-</strong></span> 
     </span>
    </p>
   </div>
   <div class='ocr_carea' id='block_1_84' title="bbox 1963 3786 3664 3859">
    <p class='ocr_par' dir='ltr' id='par_1_84' title="bbox 1963 3786 3664 3859">
     <span class='ocr_line' id='line_1_84' title="bbox 1963 3786 3664 3859; baseline -0.001 -15"><span class='ocrx_word' id='word_1_617' title='bbox 1963 3788 2107 3858; x_wconf 87' lang='lat' dir='ltr'><strong>lum,</strong></span> <span class='ocrx_word' id='word_1_618' title='bbox 2154 3803 2364 3859; x_wconf 89' lang='lat' dir='ltr'><strong>corpus</strong></span> <span class='ocrx_word' id='word_1_619' title='bbox 2405 3788 2550 3845; x_wconf 80' lang='lat' dir='ltr'><strong>idem</strong></span> <span class='ocrx_word' id='word_1_620' title='bbox 2588 3788 2839 3857; x_wconf 90' lang='lat' dir='ltr'><strong>indigne,</strong></span> <span class='ocrx_word' id='word_1_621' title='bbox 2883 3787 3169 3857; x_wconf 91' lang='lat' dir='ltr'><strong>judicium</strong></span> <span class='ocrx_word' id='word_1_622' title='bbox 3211 3786 3321 3842; x_wconf 91' lang='lat' dir='ltr'><strong>sibi</strong></span> <span class='ocrx_word' id='word_1_623' title='bbox 3368 3800 3471 3855; x_wconf 89' lang='lat' dir='ltr'><strong>pro</strong></span> <span class='ocrx_word' id='word_1_624' title='bbox 3511 3794 3664 3842; x_wconf 92' lang='lat' dir='ltr'><strong>certo</strong></span> 
     </span>
    </p>
   </div>
   <div class='ocr_carea' id='block_1_85' title="bbox 1963 3875 2850 3948">
    <p class='ocr_par' dir='ltr' id='par_1_85' title="bbox 1963 3875 2850 3948">
     <span class='ocr_line' id='line_1_85' title="bbox 1963 3875 2850 3948; baseline -0.009 -15"><span class='ocrx_word' id='word_1_625' title='bbox 1963 3878 2275 3933; x_wconf 83' lang='lat' dir='ltr'><strong>manducat</strong></span> <span class='ocrx_word' id='word_1_626' title='bbox 2307 3875 2364 3948; x_wconf 88' lang='grc' dir='ltr'><strong>(Ι</strong></span> <span class='ocrx_word' id='word_1_627' title='bbox 2399 3879 2533 3931; x_wconf 86' lang='lat' dir='ltr'><strong>Cor.</strong></span> <span class='ocrx_word' id='word_1_628' title='bbox 2566 3891 2646 3941; x_wconf 69' lang='lat' dir='ltr'><strong>xx,</strong></span> <span class='ocrx_word' id='word_1_629' title='bbox 2677 3879 2788 3942; x_wconf 82' lang='lat'><strong>29).</strong></span> <span class='ocrx_word' id='word_1_630' title='bbox 2823 3898 2850 3924; x_wconf 83' lang='grc'><strong>››</strong></span> 
     </span>
    </p>
   </div>
   <div class='ocr_carea' id='block_1_86' title="bbox 2035 3961 3664 4037">
    <p class='ocr_par' dir='ltr' id='par_1_86' title="bbox 2035 3961 3664 4037">
     <span class='ocr_line' id='line_1_86' title="bbox 2035 3961 3664 4037; baseline -0.003 -17"><span class='ocrx_word' id='word_1_631' title='bbox 2035 3966 2062 4037; x_wconf 64' lang='grc' dir='ltr'><strong>ς</strong></span> <span class='ocrx_word' id='word_1_632' title='bbox 2098 3966 2166 4020; x_wconf 88' lang='lat' dir='ltr'><strong>II.</strong></span> <span class='ocrx_word' id='word_1_633' title='bbox 2198 3963 2333 4032; x_wconf 67' lang='lat' dir='ltr'><strong>Qui:</strong></span> <span class='ocrx_word' id='word_1_634' title='bbox 2359 3962 2714 4019; x_wconf 74' lang='lat' dir='ltr'><strong>sacramenti</strong></span> <span class='ocrx_word' id='word_1_635' title='bbox 2751 3961 3007 4034; x_wconf 79' lang='lat' dir='ltr'><strong>gratiam</strong></span> <span class='ocrx_word' id='word_1_636' title='bbox 3031 3961 3345 4033; x_wconf 81' lang='lat' dir='ltr'><strong>percipiat,</strong></span> <span class='ocrx_word' id='word_1_637' title='bbox 3371 3961 3529 4017; x_wconf 68' lang='lat' dir='ltr'><strong>solus</strong></span> <span class='ocrx_word' id='word_1_638' title='bbox 3554 3978 3664 4016; x_wconf 84' lang='lat' dir='ltr'><strong>no-</strong></span> 
     </span>
    </p>
   </div>
   <div class='ocr_carea' id='block_1_87' title="bbox 1960 4050 3664 4122">
    <p class='ocr_par' dir='ltr' id='par_1_87' title="bbox 1960 4050 3664 4122">
     <span class='ocr_line' id='line_1_87' title="bbox 1960 4050 3664 4122; baseline -0.002 -14"><span class='ocrx_word' id='word_1_639' title='bbox 1960 4056 2043 4108; x_wconf 76' lang='lat' dir='ltr'><strong>vit</strong></span> <span class='ocrx_word' id='word_1_640' title='bbox 2073 4058 2235 4109; x_wconf 72' lang='lat' dir='ltr'><strong>Deus.</strong></span> <span class='ocrx_word' id='word_1_641' title='bbox 2267 4083 2336 4092; x_wconf 89' lang='lat'><strong><em>—</em></strong></span> <span class='ocrx_word' id='word_1_642' title='bbox 2376 4053 2623 4108; x_wconf 80' lang='lat' dir='ltr'><strong>Remotis</strong></span> <span class='ocrx_word' id='word_1_643' title='bbox 2658 4052 2835 4122; x_wconf 87' lang='lat' dir='ltr'><strong>igitur</strong></span> <span class='ocrx_word' id='word_1_644' title='bbox 2876 4050 3133 4121; x_wconf 89' lang='lat' dir='ltr'><strong>pessimis</strong></span> <span class='ocrx_word' id='word_1_645' title='bbox 3174 4059 3230 4107; x_wconf 91' lang='lat' dir='ltr'><strong>et</strong></span> <span class='ocrx_word' id='word_1_646' title='bbox 3282 4065 3412 4121; x_wconf 86' lang='lat' dir='ltr'><strong>qua</strong></span> <span class='ocrx_word' id='word_1_647' title='bbox 3455 4050 3664 4106; x_wconf 92' lang='lat' dir='ltr'><strong>inﬁniti</strong></span> 
     </span>
    </p>
   </div>
   <div class='ocr_carea' id='block_1_88' title="bbox 1963 4140 3669 4211">
    <p class='ocr_par' dir='ltr' id='par_1_88' title="bbox 1963 4140 3669 4211">
     <span class='ocr_line' id='line_1_88' title="bbox 1963 4140 3669 4211; baseline -0.002 -13"><span class='ocrx_word' id='word_1_648' title='bbox 1963 4142 2176 4198; x_wconf 90' lang='lat' dir='ltr'><strong>erroris</strong></span> <span class='ocrx_word' id='word_1_649' title='bbox 2204 4154 2380 4197; x_wconf 90' lang='lat' dir='ltr'><strong>causa</strong></span> <span class='ocrx_word' id='word_1_650' title='bbox 2409 4147 2544 4196; x_wconf 91' lang='lat' dir='ltr'><strong>sunt</strong></span> <span class='ocrx_word' id='word_1_651' title='bbox 2571 4140 2963 4210; x_wconf 84' lang='lat' dir='ltr'><strong>indaginibus,</strong></span> <span class='ocrx_word' id='word_1_652' title='bbox 2999 4140 3105 4196; x_wconf 89' lang='lat' dir='ltr'><strong>hoc</strong></span> <span class='ocrx_word' id='word_1_653' title='bbox 3155 4140 3345 4196; x_wconf 89' lang='lat' dir='ltr'><strong>solum</strong></span> <span class='ocrx_word' id='word_1_654' title='bbox 3384 4140 3669 4211; x_wconf 91' lang='lat' dir='ltr'><strong>cogitetur</strong></span> 
     </span>
    </p>
   </div>
   <div class='ocr_carea' id='block_1_89' title="bbox 237 4214 3667 4301">
    <p class='ocr_par' dir='ltr' id='par_1_89' title="bbox 237 4214 3667 4301">
     <span class='ocr_line' id='line_1_89' title="bbox 237 4214 3667 4301; baseline -0.001 -15"><span class='ocrx_word' id='word_1_655' title='bbox 237 4228 608 4285; x_wconf 86' lang='lat' dir='ltr'><strong>Verissimum</strong></span> <span class='ocrx_word' id='word_1_656' title='bbox 637 4226 867 4299; x_wconf 89' lang='lat' dir='ltr'><strong>quidem</strong></span> <span class='ocrx_word' id='word_1_657' title='bbox 896 4233 979 4283; x_wconf 88' lang='lat' dir='ltr'><strong>est</strong></span> <span class='ocrx_word' id='word_1_658' title='bbox 1019 4227 1174 4297; x_wconf 85' lang='lat' dir='ltr'><strong>quod</strong></span> <span class='ocrx_word' id='word_1_659' title='bbox 1230 4225 1581 4283; x_wconf 83' lang='lat' dir='ltr'><strong>eucllat‘istia</strong></span> <span class='ocrx_word' id='word_1_660' title='bbox 1623 4224 1852 4295; x_wconf 78' lang='lat' dir='ltr'><strong>proprie</strong></span> <span class='ocrx_word' id='word_1_661' title='bbox 1890 4214 1933 4268; x_wconf 82' lang='grc' dir='ltr'>Ῑ)</span> <span class='ocrx_word' id='word_1_662' title='bbox 1964 4228 2119 4301; x_wconf 89' lang='lat' dir='ltr'><strong>quod</strong></span> <span class='ocrx_word' id='word_1_663' title='bbox 2149 4237 2576 4286; x_wconf 85' lang='lat' dir='ltr'><strong>sacramentum</strong></span> <span class='ocrx_word' id='word_1_664' title='bbox 2608 4237 2663 4284; x_wconf 91' lang='lat' dir='ltr'><strong>et</strong></span> <span class='ocrx_word' id='word_1_665' title='bbox 2684 4243 2775 4283; x_wconf 89' lang='lat' dir='ltr'><strong>res</strong></span> <span class='ocrx_word' id='word_1_666' title='bbox 2813 4229 3157 4284; x_wconf 89' lang='lat' dir='ltr'><strong>sacramenti</strong></span> <span class='ocrx_word' id='word_1_667' title='bbox 3189 4227 3398 4299; x_wconf 88' lang='lat' dir='ltr'><strong>dignis,</strong></span> <span class='ocrx_word' id='word_1_668' title='bbox 3454 4228 3577 4284; x_wconf 90' lang='lat' dir='ltr'><strong>sine</strong></span> <span class='ocrx_word' id='word_1_669' title='bbox 3608 4242 3667 4283; x_wconf 92' lang='lat' dir='ltr'><strong>re</strong></span> 
     </span>
    </p>
   </div>
   <div class='ocr_carea' id='block_1_90' title="bbox 167 4311 1851 4389">
    <p class='ocr_par' dir='ltr' id='par_1_90' title="bbox 167 4311 1851 4389">
     <span class='ocr_line' id='line_1_90' title="bbox 167 4311 1851 4389; baseline -0.003 -16"><span class='ocrx_word' id='word_1_670' title='bbox 167 4318 462 4389; x_wconf 87' lang='lat' dir='ltr'><strong>proprium</strong></span> <span class='ocrx_word' id='word_1_671' title='bbox 499 4330 645 4372; x_wconf 87' lang='lat' dir='ltr'><strong>vera</strong></span> <span class='ocrx_word' id='word_1_672' title='bbox 676 4316 803 4371; x_wconf 91' lang='lat' dir='ltr'><strong>ﬁdei</strong></span> <span class='ocrx_word' id='word_1_673' title='bbox 832 4316 904 4372; x_wconf 91' lang='lat' dir='ltr'><strong>sit</strong></span> <span class='ocrx_word' id='word_1_674' title='bbox 931 4315 1308 4370; x_wconf 91' lang='lat' dir='ltr'><strong>alimentum.</strong></span> <span class='ocrx_word' id='word_1_675' title='bbox 1334 4313 1439 4369; x_wconf 89' lang='lat' dir='ltr'><strong>Sed</strong></span> <span class='ocrx_word' id='word_1_676' title='bbox 1466 4320 1668 4369; x_wconf 87' lang='lat' dir='ltr'><strong>contra</strong></span> <span class='ocrx_word' id='word_1_677' title='bbox 1708 4311 1851 4368; x_wconf 91' lang='lat' dir='ltr'><strong>illud</strong></span> 
     </span>
    </p>
   </div>
   <div class='ocr_carea' id='block_1_91' title="bbox 168 4401 1854 4477">
    <p class='ocr_par' dir='ltr' id='par_1_91' title="bbox 168 4401 1854 4477">
     <span class='ocr_line' id='line_1_91' title="bbox 168 4401 1854 4477; baseline -0.004 -15"><span class='ocrx_word' id='word_1_678' title='bbox 168 4405 315 4477; x_wconf 92' lang='lat' dir='ltr'><strong>quod</strong></span> <span class='ocrx_word' id='word_1_679' title='bbox 366 4405 634 4475; x_wconf 89' lang='lat' dir='ltr'><strong>indignis,</strong></span> <span class='ocrx_word' id='word_1_680' title='bbox 675 4418 787 4460; x_wconf 90' lang='lat' dir='ltr'><strong>non</strong></span> <span class='ocrx_word' id='word_1_681' title='bbox 831 4403 999 4458; x_wconf 90' lang='lat' dir='ltr'><strong>modo</strong></span> <span class='ocrx_word' id='word_1_682' title='bbox 1026 4417 1118 4458; x_wconf 92' lang='lat' dir='ltr'><strong>res</strong></span> <span class='ocrx_word' id='word_1_683' title='bbox 1165 4402 1527 4469; x_wconf 90' lang='lat' dir='ltr'><strong>sacramenti,</strong></span> <span class='ocrx_word' id='word_1_684' title='bbox 1583 4401 1701 4468; x_wconf 91' lang='lat' dir='ltr'><strong>sed,</strong></span> <span class='ocrx_word' id='word_1_685' title='bbox 1740 4416 1854 4457; x_wconf 90' lang='lat' dir='ltr'><strong>non</strong></span> 
     </span>
    </p>
   </div>
   <div class='ocr_carea' id='block_1_92' title="bbox 166 4488 1851 4558">
    <p class='ocr_par' dir='ltr' id='par_1_92' title="bbox 166 4488 1851 4558">
     <span class='ocr_line' id='line_1_92' title="bbox 166 4488 1851 4558; baseline -0.005 -7"><span class='ocrx_word' id='word_1_686' title='bbox 166 4509 287 4552; x_wconf 86' lang='lat' dir='ltr'><strong>esse</strong></span> <span class='ocrx_word' id='word_1_687' title='bbox 337 4500 762 4549; x_wconf 88' lang='lat' dir='ltr'><strong>sacramentum</strong></span> <span class='ocrx_word' id='word_1_688' title='bbox 810 4491 1043 4558; x_wconf 88' lang='lat' dir='ltr'><strong>dicitur,</strong></span> <span class='ocrx_word' id='word_1_689' title='bbox 1101 4506 1217 4546; x_wconf 90' lang='lat' dir='ltr'><strong>non</strong></span> <span class='ocrx_word' id='word_1_690' title='bbox 1258 4491 1443 4546; x_wconf 89' lang='lat' dir='ltr'><strong>solum</strong></span> <span class='ocrx_word' id='word_1_691' title='bbox 1493 4488 1851 4555; x_wconf 88' lang='lat' dir='ltr'><strong>auctoritate,</strong></span> 
     </span>
    </p>
   </div>
   <div class='ocr_carea' id='block_1_93' title="bbox 167 4577 1857 4651">
    <p class='ocr_par' dir='ltr' id='par_1_93' title="bbox 167 4577 1857 4651">
     <span class='ocr_line' id='line_1_93' title="bbox 167 4577 1857 4651; baseline -0.005 -12"><span class='ocrx_word' id='word_1_692' title='bbox 167 4582 282 4649; x_wconf 88' lang='lat' dir='ltr'><strong>sed,</strong></span> <span class='ocrx_word' id='word_1_693' title='bbox 340 4582 560 4638; x_wconf 89' lang='lat' dir='ltr'><strong>etiamsi</strong></span> <span class='ocrx_word' id='word_1_694' title='bbox 627 4580 752 4651; x_wconf 91' lang='lat' dir='ltr'><strong>ipsa</strong></span> <span class='ocrx_word' id='word_1_695' title='bbox 819 4580 1051 4644; x_wconf 90' lang='lat' dir='ltr'><strong>deesset,</strong></span> <span class='ocrx_word' id='word_1_696' title='bbox 1105 4580 1357 4651; x_wconf 90' lang='lat' dir='ltr'><strong>plurima</strong></span> <span class='ocrx_word' id='word_1_697' title='bbox 1420 4579 1639 4635; x_wconf 69' lang='lat' dir='ltr'><strong>ratione</strong></span> <span class='ocrx_word' id='word_1_698' title='bbox 1695 4577 1857 4633; x_wconf 85' lang='lat' dir='ltr'><strong>reni—</strong></span> 
     </span>
    </p>
   </div>
   <div class='ocr_carea' id='block_1_94' title="bbox 168 4671 362 4727">
    <p class='ocr_par' dir='ltr' id='par_1_94' title="bbox 168 4671 362 4727">
     <span class='ocr_line' id='line_1_94' title="bbox 168 4671 362 4727; baseline -0.015 0"><span class='ocrx_word' id='word_1_699' title='bbox 168 4671 362 4727; x_wconf 91' lang='lat' dir='ltr'><strong>timur.</strong></span> 
     </span>
    </p>
   </div>
   <div class='ocr_carea' id='block_1_95' title="bbox 242 4752 1859 4827">
    <p class='ocr_par' dir='ltr' id='par_1_95' title="bbox 242 4752 1859 4827">
     <span class='ocr_line' id='line_1_95' title="bbox 242 4752 1859 4827; baseline -0.004 -14"><span class='ocrx_word' id='word_1_700' title='bbox 242 4757 604 4827; x_wconf 81' lang='lat' dir='ltr'><strong>Refelluntur</strong></span> <span class='ocrx_word' id='word_1_701' title='bbox 621 4755 980 4826; x_wconf 70' lang='lat' dir='ltr'><strong>objectiones.</strong></span> <span class='ocrx_word' id='word_1_702' title='bbox 1001 4759 1049 4810; x_wconf 83' lang='grc' dir='ltr'><em>Α</em></span> <span class='ocrx_word' id='word_1_703' title='bbox 1058 4755 1090 4811; x_wconf 88' lang='lat' dir='ltr'><strong>b</strong></span> <span class='ocrx_word' id='word_1_704' title='bbox 1112 4754 1303 4827; x_wconf 69' lang='lat' dir='ltr'><strong>dignis</strong></span> <span class='ocrx_word' id='word_1_705' title='bbox 1319 4756 1374 4809; x_wconf 87' lang='lat' dir='ltr'><strong>et</strong></span> <span class='ocrx_word' id='word_1_706' title='bbox 1390 4752 1688 4809; x_wconf 72' lang='lat' dir='ltr'><strong>scelerati:</strong></span> <span class='ocrx_word' id='word_1_707' title='bbox 1709 4756 1859 4808; x_wconf 67' lang='lat' dir='ltr'><strong>tota:</strong></span> 
     </span>
    </p>
   </div>
   <div class='ocr_carea' id='block_1_96' title="bbox 165 4842 1860 4918">
    <p class='ocr_par' dir='ltr' id='par_1_96' title="bbox 165 4842 1860 4918">
     <span class='ocr_line' id='line_1_96' title="bbox 165 4842 1860 4918; baseline -0.004 -15"><span class='ocrx_word' id='word_1_708' title='bbox 165 4845 469 4918; x_wconf 68' lang='lat' dir='ltr'><strong>suscipitur</strong></span> <span class='ocrx_word' id='word_1_709' title='bbox 500 4847 785 4901; x_wconf 70' lang='lat' dir='ltr'><strong>Christus.</strong></span> <span class='ocrx_word' id='word_1_710' title='bbox 817 4875 886 4884; x_wconf 92' lang='lat'><strong>--</strong></span> <span class='ocrx_word' id='word_1_711' title='bbox 912 4845 1102 4900; x_wconf 94' lang='lat' dir='ltr'><strong>Primo</strong></span> <span class='ocrx_word' id='word_1_712' title='bbox 1129 4845 1175 4899; x_wconf 87' lang='lat' dir='ltr'><strong>si</strong></span> <span class='ocrx_word' id='word_1_713' title='bbox 1206 4843 1461 4914; x_wconf 91' lang='lat' dir='ltr'><strong>quidem,</strong></span> <span class='ocrx_word' id='word_1_714' title='bbox 1482 4843 1621 4912; x_wconf 90' lang='lat' dir='ltr'><strong>quia</strong></span> <span class='ocrx_word' id='word_1_715' title='bbox 1662 4842 1860 4897; x_wconf 89' lang='lat' dir='ltr'><strong>incon-</strong></span> 
     </span>
    </p>
   </div>
   <div class='ocr_carea' id='block_1_97' title="bbox 169 4930 1858 4993">
    <p class='ocr_par' dir='ltr' id='par_1_97' title="bbox 169 4930 1858 4993">
     <span class='ocr_line' id='line_1_97' title="bbox 169 4930 1858 4993; baseline -0.005 0"><span class='ocrx_word' id='word_1_716' title='bbox 169 4937 403 4993; x_wconf 87' lang='lat' dir='ltr'><strong>veniens</strong></span> <span class='ocrx_word' id='word_1_717' title='bbox 436 4935 604 4991; x_wconf 86' lang='lat' dir='ltr'><strong>valde</strong></span> <span class='ocrx_word' id='word_1_718' title='bbox 633 4941 717 4990; x_wconf 89' lang='lat' dir='ltr'><strong>est</strong></span> <span class='ocrx_word' id='word_1_719' title='bbox 750 4941 813 4990; x_wconf 94' lang='lat' dir='ltr'><strong>ut</strong></span> <span class='ocrx_word' id='word_1_720' title='bbox 845 4933 1201 4989; x_wconf 89' lang='lat' dir='ltr'><strong>mutabilitas</strong></span> <span class='ocrx_word' id='word_1_721' title='bbox 1233 4939 1289 4988; x_wconf 92' lang='lat' dir='ltr'><strong>et</strong></span> <span class='ocrx_word' id='word_1_722' title='bbox 1335 4930 1636 4987; x_wconf 86' lang='lat' dir='ltr'><strong>alternatio</strong></span> <span class='ocrx_word' id='word_1_723' title='bbox 1686 4930 1858 4986; x_wconf 89' lang='lat' dir='ltr'><strong>tantis</strong></span> 
     </span>
    </p>
   </div>
   <div class='ocr_carea' id='block_1_98' title="bbox 172 5022 1859 5095">
    <p class='ocr_par' dir='ltr' id='par_1_98' title="bbox 172 5022 1859 5095">
     <span class='ocr_line' id='line_1_98' title="bbox 172 5022 1859 5095; baseline -0.005 -14"><span class='ocrx_word' id='word_1_724' title='bbox 172 5025 449 5095; x_wconf 88' lang='lat' dir='ltr'><strong>mysteriis</strong></span> <span class='ocrx_word' id='word_1_725' title='bbox 497 5023 840 5088; x_wconf 90' lang='lat' dir='ltr'><strong>ascribatur,</strong></span> <span class='ocrx_word' id='word_1_726' title='bbox 883 5028 947 5077; x_wconf 92' lang='lat' dir='ltr'><strong>ut</strong></span> <span class='ocrx_word' id='word_1_727' title='bbox 991 5022 1145 5092; x_wconf 93' lang='lat' dir='ltr'><strong>quod</strong></span> <span class='ocrx_word' id='word_1_728' title='bbox 1200 5023 1358 5076; x_wconf 86' lang='lat' dir='ltr'><strong>Petro</strong></span> <span class='ocrx_word' id='word_1_729' title='bbox 1422 5026 1477 5075; x_wconf 91' lang='lat' dir='ltr'><strong>et</strong></span> <span class='ocrx_word' id='word_1_730' title='bbox 1533 5031 1859 5074; x_wconf 89' lang='lat' dir='ltr'><strong>sacramen-</strong></span> 
     </span>
    </p>
   </div>
   <div class='ocr_carea' id='block_1_99' title="bbox 173 5109 1858 5181">
    <p class='ocr_par' dir='ltr' id='par_1_99' title="bbox 173 5109 1858 5181">
     <span class='ocr_line' id='line_1_99' title="bbox 173 5109 1858 5181; baseline -0.003 -11"><span class='ocrx_word' id='word_1_731' title='bbox 173 5122 292 5170; x_wconf 90' lang='lat' dir='ltr'><strong>tum</strong></span> <span class='ocrx_word' id='word_1_732' title='bbox 320 5121 376 5169; x_wconf 93' lang='lat' dir='ltr'><strong>et</strong></span> <span class='ocrx_word' id='word_1_733' title='bbox 423 5126 541 5169; x_wconf 88' lang='lat' dir='ltr'><strong>rem</strong></span> <span class='ocrx_word' id='word_1_734' title='bbox 589 5111 933 5168; x_wconf 90' lang='lat' dir='ltr'><strong>sacramenti</strong></span> <span class='ocrx_word' id='word_1_735' title='bbox 981 5110 1327 5181; x_wconf 76' lang='lat' dir='ltr'><strong>praestiterit,</strong></span> <span class='ocrx_word' id='word_1_736' title='bbox 1378 5109 1483 5165; x_wconf 89' lang='lat' dir='ltr'><strong>hoc</strong></span> <span class='ocrx_word' id='word_1_737' title='bbox 1529 5110 1690 5165; x_wconf 74' lang='lat' dir='ltr'><strong>inda</strong></span> <span class='ocrx_word' id='word_1_738' title='bbox 1720 5109 1858 5165; x_wconf 84' lang='lat' dir='ltr'><strong>sub-</strong></span> 
     </span>
    </p>
   </div>
   <div class='ocr_carea' id='block_1_100' title="bbox 174 5197 1862 5267">
    <p class='ocr_par' dir='ltr' id='par_1_100' title="bbox 174 5197 1862 5267">
     <span class='ocr_line' id='line_1_100' title="bbox 174 5197 1862 5267; baseline -0.004 -8"><span class='ocrx_word' id='word_1_739' title='bbox 174 5202 362 5259; x_wconf 87' lang='lat' dir='ltr'><strong>eodem</strong></span> <span class='ocrx_word' id='word_1_740' title='bbox 402 5208 688 5257; x_wconf 90' lang='lat' dir='ltr'><strong>momento</strong></span> <span class='ocrx_word' id='word_1_741' title='bbox 722 5207 991 5255; x_wconf 89' lang='lat' dir='ltr'><strong>neutrum</strong></span> <span class='ocrx_word' id='word_1_742' title='bbox 1026 5198 1359 5265; x_wconf 91' lang='lat' dir='ltr'><strong>constiterit,</strong></span> <span class='ocrx_word' id='word_1_743' title='bbox 1401 5205 1467 5254; x_wconf 94' lang='lat' dir='ltr'><strong>ut</strong></span> <span class='ocrx_word' id='word_1_744' title='bbox 1504 5197 1862 5267; x_wconf 89' lang='lat' dir='ltr'><strong>baptismatis</strong></span> 
     </span>
    </p>
   </div>
   <div class='ocr_carea' id='block_1_101' title="bbox 177 5285 1860 5361">
    <p class='ocr_par' dir='ltr' id='par_1_101' title="bbox 177 5285 1860 5361">
     <span class='ocr_line' id='line_1_101' title="bbox 177 5285 1860 5361; baseline -0.004 -15"><span class='ocrx_word' id='word_1_745' title='bbox 177 5304 345 5361; x_wconf 85' lang='lat' dir='ltr'><strong>aqua,</strong></span> <span class='ocrx_word' id='word_1_746' title='bbox 389 5304 540 5361; x_wconf 86' lang='lat' dir='ltr'><strong>qua,</strong></span> <span class='ocrx_word' id='word_1_747' title='bbox 590 5296 715 5360; x_wconf 92' lang='lat' dir='ltr'><strong>post</strong></span> <span class='ocrx_word' id='word_1_748' title='bbox 755 5285 1096 5344; x_wconf 90' lang='lat' dir='ltr'><strong>sacramenti</strong></span> <span class='ocrx_word' id='word_1_749' title='bbox 1146 5286 1599 5357; x_wconf 91' lang='lat' dir='ltr'><strong>perfunctionem</strong></span> <span class='ocrx_word' id='word_1_750' title='bbox 1629 5285 1860 5341; x_wconf 86' lang='lat' dir='ltr'><strong>subter-</strong></span> 
     </span>
    </p>
   </div>
   <div class='ocr_carea' id='block_1_102' title="bbox 177 5371 1854 5447">
    <p class='ocr_par' dir='ltr' id='par_1_102' title="bbox 177 5371 1854 5447">
     <span class='ocr_line' id='line_1_102' title="bbox 177 5371 1854 5447; baseline -0.005 -11"><span class='ocrx_word' id='word_1_751' title='bbox 177 5379 359 5436; x_wconf 88' lang='lat' dir='ltr'><strong>raneis</strong></span> <span class='ocrx_word' id='word_1_752' title='bbox 378 5379 621 5433; x_wconf 88' lang='lat' dir='ltr'><strong>admista</strong></span> <span class='ocrx_word' id='word_1_753' title='bbox 652 5376 937 5443; x_wconf 90' lang='lat' dir='ltr'><strong>laticibus,</strong></span> <span class='ocrx_word' id='word_1_754' title='bbox 961 5376 1042 5431; x_wconf 92' lang='lat' dir='ltr'><strong>nil</strong></span> <span class='ocrx_word' id='word_1_755' title='bbox 1056 5376 1175 5447; x_wconf 90' lang='lat' dir='ltr'><strong>jam</strong></span> <span class='ocrx_word' id='word_1_756' title='bbox 1199 5372 1370 5431; x_wconf 86' lang='lat' dir='ltr'><strong>refert</strong></span> <span class='ocrx_word' id='word_1_757' title='bbox 1394 5371 1645 5446; x_wconf 77' lang='lat' dir='ltr'><strong>[diﬁert.,</strong></span> <span class='ocrx_word' id='word_1_758' title='bbox 1669 5374 1732 5428; x_wconf 89' lang='lat' dir='ltr'><strong>E.</strong></span> <span class='ocrx_word' id='word_1_759' title='bbox 1773 5372 1854 5446; x_wconf 81' lang='lat' dir='ltr'><strong>P.]</strong></span> 
     </span>
    </p>
   </div>
   <div class='ocr_carea' id='block_1_103' title="bbox 179 5461 1860 5537">
    <p class='ocr_par' dir='ltr' id='par_1_103' title="bbox 179 5461 1860 5537">
     <span class='ocr_line' id='line_1_103' title="bbox 179 5461 1860 5537; baseline -0.004 -13"><span class='ocrx_word' id='word_1_760' title='bbox 179 5469 250 5524; x_wconf 90' lang='lat' dir='ltr'><strong>ab</strong></span> <span class='ocrx_word' id='word_1_761' title='bbox 276 5466 443 5537; x_wconf 89' lang='lat' dir='ltr'><strong>aquis</strong></span> <span class='ocrx_word' id='word_1_762' title='bbox 462 5464 889 5531; x_wconf 89' lang='lat' dir='ltr'><strong>communibus,</strong></span> <span class='ocrx_word' id='word_1_763' title='bbox 925 5464 985 5519; x_wconf 91' lang='lat' dir='ltr'><strong>in</strong></span> <span class='ocrx_word' id='word_1_764' title='bbox 1008 5462 1168 5519; x_wconf 86' lang='lat' dir='ltr'><strong>nullo</strong></span> <span class='ocrx_word' id='word_1_765' title='bbox 1201 5462 1639 5533; x_wconf 82' lang='lat' dir='ltr'><strong>praponderare</strong></span> <span class='ocrx_word' id='word_1_766' title='bbox 1662 5461 1860 5519; x_wconf 83' lang='lat' dir='ltr'><strong>videa-</strong></span> 
     </span>
    </p>
   </div>
   <div class='ocr_carea' id='block_1_104' title="bbox 1964 4315 3667 4386">
    <p class='ocr_par' dir='ltr' id='par_1_104' title="bbox 1964 4315 3667 4386">
     <span class='ocr_line' id='line_1_104' title="bbox 1964 4315 3667 4386; baseline -0.003 -11"><span class='ocrx_word' id='word_1_767' title='bbox 1964 4326 2153 4375; x_wconf 88' lang='lat' dir='ltr'><strong>autem</strong></span> <span class='ocrx_word' id='word_1_768' title='bbox 2217 4315 2582 4381; x_wconf 89' lang='lat' dir='ltr'><strong>sacramenti,</strong></span> <span class='ocrx_word' id='word_1_769' title='bbox 2644 4316 2890 4386; x_wconf 84' lang='lat' dir='ltr'><strong>simplex</strong></span> <span class='ocrx_word' id='word_1_770' title='bbox 2950 4324 3378 4372; x_wconf 89' lang='lat' dir='ltr'><strong>sacramentum</strong></span> <span class='ocrx_word' id='word_1_771' title='bbox 3450 4322 3667 4372; x_wconf 91' lang='lat' dir='ltr'><strong>constet</strong></span> 
     </span>
    </p>
   </div>
   <div class='ocr_carea' id='block_1_105' title="bbox 1965 4404 3664 4477">
    <p class='ocr_par' dir='ltr' id='par_1_105' title="bbox 1965 4404 3664 4477">
     <span class='ocr_line' id='line_1_105' title="bbox 1965 4404 3664 4477; baseline -0.003 -15"><span class='ocrx_word' id='word_1_772' title='bbox 1965 4404 2235 4477; x_wconf 89' lang='lat' dir='ltr'><strong>indignis.</strong></span> <span class='ocrx_word' id='word_1_773' title='bbox 2293 4404 2549 4472; x_wconf 89' lang='lat' dir='ltr'><strong>Qualiter</strong></span> <span class='ocrx_word' id='word_1_774' title='bbox 2599 4412 2792 4460; x_wconf 89' lang='lat' dir='ltr'><strong>autem</strong></span> <span class='ocrx_word' id='word_1_775' title='bbox 2843 4413 3103 4461; x_wconf 84' lang='lat' dir='ltr'><strong>versetur</strong></span> <span class='ocrx_word' id='word_1_776' title='bbox 3164 4405 3223 4459; x_wconf 89' lang='lat' dir='ltr'><strong>in</strong></span> <span class='ocrx_word' id='word_1_777' title='bbox 3295 4404 3664 4474; x_wconf 86' lang='lat' dir='ltr'><strong>indignorum</strong></span> 
     </span>
    </p>
   </div>
   <div class='ocr_carea' id='block_1_106' title="bbox 1964 4492 3669 4563">
    <p class='ocr_par' dir='ltr' id='par_1_106' title="bbox 1964 4492 3669 4563">
     <span class='ocr_line' id='line_1_106' title="bbox 1964 4492 3669 4563; baseline -0.004 -12"><span class='ocrx_word' id='word_1_778' title='bbox 1964 4496 2173 4551; x_wconf 89' lang='lat' dir='ltr'><strong>animis</strong></span> <span class='ocrx_word' id='word_1_779' title='bbox 2217 4500 2394 4563; x_wconf 91' lang='lat' dir='ltr'><strong>atque</strong></span> <span class='ocrx_word' id='word_1_780' title='bbox 2459 4494 2823 4563; x_wconf 91' lang='lat' dir='ltr'><strong>corporibus,</strong></span> <span class='ocrx_word' id='word_1_781' title='bbox 2872 4494 2987 4562; x_wconf 67' lang='lat' dir='ltr'><strong>ipse</strong></span> <span class='ocrx_word' id='word_1_782' title='bbox 3040 4494 3198 4548; x_wconf 90' lang='lat' dir='ltr'><strong>solus</strong></span> <span class='ocrx_word' id='word_1_783' title='bbox 3259 4492 3442 4559; x_wconf 88' lang='lat' dir='ltr'><strong>novit,</strong></span> <span class='ocrx_word' id='word_1_784' title='bbox 3499 4492 3669 4561; x_wconf 88' lang='lat' dir='ltr'><strong>cujus</strong></span> 
     </span>
    </p>
   </div>
   <div class='ocr_carea' id='block_1_107' title="bbox 1964 4579 3668 4652">
    <p class='ocr_par' dir='ltr' id='par_1_107' title="bbox 1964 4579 3668 4652">
     <span class='ocr_line' id='line_1_107' title="bbox 1964 4579 3668 4652; baseline -0.002 -13"><span class='ocrx_word' id='word_1_785' title='bbox 1964 4582 2288 4639; x_wconf 90' lang='lat' dir='ltr'><strong>substantia</strong></span> <span class='ocrx_word' id='word_1_786' title='bbox 2349 4595 2701 4652; x_wconf 89' lang='lat' dir='ltr'><strong>quocunque</strong></span> <span class='ocrx_word' id='word_1_787' title='bbox 2743 4580 3133 4650; x_wconf 87' lang='lat' dir='ltr'><strong>dispertiatur,</strong></span> <span class='ocrx_word' id='word_1_788' title='bbox 3188 4579 3473 4650; x_wconf 87' lang='lat' dir='ltr'><strong>quidquid</strong></span> <span class='ocrx_word' id='word_1_789' title='bbox 3537 4579 3668 4635; x_wconf 92' lang='lat' dir='ltr'><strong>inde</strong></span> 
     </span>
    </p>
   </div>
   <div class='ocr_carea' id='block_1_108' title="bbox 1964 4668 3667 4741">
    <p class='ocr_par' dir='ltr' id='par_1_108' title="bbox 1964 4668 3667 4741">
     <span class='ocr_line' id='line_1_108' title="bbox 1964 4668 3667 4741; baseline -0.002 -14"><span class='ocrx_word' id='word_1_790' title='bbox 1964 4671 2278 4741; x_wconf 90' lang='lat' dir='ltr'><strong>contingat,</strong></span> <span class='ocrx_word' id='word_1_791' title='bbox 2320 4685 2425 4727; x_wconf 91' lang='lat' dir='ltr'><strong>nec</strong></span> <span class='ocrx_word' id='word_1_792' title='bbox 2472 4674 2675 4740; x_wconf 89' lang='lat' dir='ltr'><strong>perire,</strong></span> <span class='ocrx_word' id='word_1_793' title='bbox 2718 4684 2822 4726; x_wconf 91' lang='lat' dir='ltr'><strong>nec</strong></span> <span class='ocrx_word' id='word_1_794' title='bbox 2871 4669 3091 4738; x_wconf 89' lang='lat' dir='ltr'><strong>uspiam</strong></span> <span class='ocrx_word' id='word_1_795' title='bbox 3132 4668 3484 4724; x_wconf 84' lang='lat' dir='ltr'><strong>obsolescere</strong></span> <span class='ocrx_word' id='word_1_796' title='bbox 3533 4682 3667 4738; x_wconf 92' lang='lat' dir='ltr'><strong>pos-</strong></span> 
     </span>
    </p>
   </div>
   <div class='ocr_carea' id='block_1_109' title="bbox 1964 4755 3668 4827">
    <p class='ocr_par' dir='ltr' id='par_1_109' title="bbox 1964 4755 3668 4827">
     <span class='ocr_line' id='line_1_109' title="bbox 1964 4755 3668 4827; baseline -0.002 -12"><span class='ocrx_word' id='word_1_797' title='bbox 1964 4759 2055 4815; x_wconf 91' lang='lat' dir='ltr'><strong>sit.</strong></span> <span class='ocrx_word' id='word_1_798' title='bbox 2089 4759 2193 4815; x_wconf 81' lang='lat' dir='ltr'><strong>Cui</strong></span> <span class='ocrx_word' id='word_1_799' title='bbox 2222 4758 2361 4814; x_wconf 89' lang='lat' dir='ltr'><strong>illud</strong></span> <span class='ocrx_word' id='word_1_800' title='bbox 2383 4757 2773 4827; x_wconf 86' lang='lat' dir='ltr'><strong>parabolicum</strong></span> <span class='ocrx_word' id='word_1_801' title='bbox 2815 4756 3133 4812; x_wconf 90' lang='lat' dir='ltr'><strong>Salomonis</strong></span> <span class='ocrx_word' id='word_1_802' title='bbox 3174 4770 3287 4811; x_wconf 90' lang='lat' dir='ltr'><strong>non</strong></span> <span class='ocrx_word' id='word_1_803' title='bbox 3325 4755 3668 4811; x_wconf 89' lang='lat' dir='ltr'><strong>inconcinne</strong></span> 
     </span>
    </p>
   </div>
   <div class='ocr_carea' id='block_1_110' title="bbox 1965 4843 3666 4916">
    <p class='ocr_par' dir='ltr' id='par_1_110' title="bbox 1965 4843 3666 4916">
     <span class='ocr_line' id='line_1_110' title="bbox 1965 4843 3666 4916; baseline -0.001 -14"><span class='ocrx_word' id='word_1_804' title='bbox 1965 4854 2269 4916; x_wconf 90' lang='lat' dir='ltr'><strong>coaptatur</strong></span> <span class='ocrx_word' id='word_1_805' title='bbox 2300 4861 2312 4901; x_wconf 90' lang='lat'>:</span> <span class='ocrx_word' id='word_1_806' title='bbox 2340 4868 2360 4895; x_wconf 74' lang='grc' dir='ltr'>ι</span> <span class='ocrx_word' id='word_1_807' title='bbox 2388 4846 2597 4914; x_wconf 90' lang='lat' dir='ltr'><strong>Sortes,</strong></span> <span class='ocrx_word' id='word_1_808' title='bbox 2633 4846 2841 4916; x_wconf 90' lang='lat' dir='ltr'><strong>inquit,</strong></span> <span class='ocrx_word' id='word_1_809' title='bbox 2876 4845 3189 4901; x_wconf 89' lang='lat' dir='ltr'><strong>mittuntur</strong></span> <span class='ocrx_word' id='word_1_810' title='bbox 3230 4845 3285 4899; x_wconf 91' lang='lat' dir='ltr'><strong>in</strong></span> <span class='ocrx_word' id='word_1_811' title='bbox 3316 4843 3531 4908; x_wconf 89' lang='lat' dir='ltr'><strong>sinum,</strong></span> <span class='ocrx_word' id='word_1_812' title='bbox 3570 4845 3666 4900; x_wconf 89' lang='lat' dir='ltr'><strong>sed</strong></span> 
     </span>
    </p>
   </div>
   <div class='ocr_carea' id='block_1_111' title="bbox 1967 4931 3667 5004">
    <p class='ocr_par' dir='ltr' id='par_1_111' title="bbox 1967 4931 3667 5004">
     <span class='ocr_line' id='line_1_111' title="bbox 1967 4931 3667 5004; baseline -0.002 -13"><span class='ocrx_word' id='word_1_813' title='bbox 1967 4950 2001 4991; x_wconf 89' lang='lat' dir='ltr'><strong>a</strong></span> <span class='ocrx_word' id='word_1_814' title='bbox 2051 4935 2291 4990; x_wconf 91' lang='lat' dir='ltr'><strong>Domino</strong></span> <span class='ocrx_word' id='word_1_815' title='bbox 2360 4942 2754 5004; x_wconf 84' lang='lat' dir='ltr'><strong>temperantur</strong></span> <span class='ocrx_word' id='word_1_816' title='bbox 2811 4934 3004 5002; x_wconf 79' lang='lat' dir='ltr'><strong>(Prov.</strong></span> <span class='ocrx_word' id='word_1_817' title='bbox 3087 4948 3202 4999; x_wconf 72' lang='lat' dir='ltr'><strong>xw,</strong></span> <span class='ocrx_word' id='word_1_818' title='bbox 3264 4932 3375 5001; x_wconf 89' lang='lat'><strong>33).</strong></span> <span class='ocrx_word' id='word_1_819' title='bbox 3441 4953 3462 4981; x_wconf 77' lang='grc' dir='ltr'><strong><em>ι</em></strong></span> <span class='ocrx_word' id='word_1_820' title='bbox 3530 4931 3667 4999; x_wconf 86' lang='lat' dir='ltr'><strong>Qua</strong></span> 
     </span>
    </p>
   </div>
   <div class='ocr_carea' id='block_1_112' title="bbox 1967 5020 3669 5094">
    <p class='ocr_par' dir='ltr' id='par_1_112' title="bbox 1967 5020 3669 5094">
     <span class='ocr_line' id='line_1_112' title="bbox 1967 5020 3669 5094; baseline -0.002 -15"><span class='ocrx_word' id='word_1_821' title='bbox 1967 5031 2168 5085; x_wconf 90' lang='lat' dir='ltr'><strong>sortes,</strong></span> <span class='ocrx_word' id='word_1_822' title='bbox 2225 5022 2307 5077; x_wconf 90' lang='lat' dir='ltr'><strong>nil</strong></span> <span class='ocrx_word' id='word_1_823' title='bbox 2365 5023 2570 5079; x_wconf 89' lang='lat' dir='ltr'><strong>melius</strong></span> <span class='ocrx_word' id='word_1_824' title='bbox 2618 5037 2793 5094; x_wconf 91' lang='lat' dir='ltr'><strong>quam</strong></span> <span class='ocrx_word' id='word_1_825' title='bbox 2843 5022 2946 5079; x_wconf 92' lang='lat' dir='ltr'><strong>soli</strong></span> <span class='ocrx_word' id='word_1_826' title='bbox 3001 5023 3114 5077; x_wconf 93' lang='lat' dir='ltr'><strong>Deo</strong></span> <span class='ocrx_word' id='word_1_827' title='bbox 3156 5022 3421 5092; x_wconf 83' lang='lat' dir='ltr'><strong>cognita,</strong></span> <span class='ocrx_word' id='word_1_828' title='bbox 3467 5020 3669 5076; x_wconf 90' lang='lat' dir='ltr'><strong>intelli-</strong></span> 
     </span>
    </p>
   </div>
   <div class='ocr_carea' id='block_1_113' title="bbox 1970 5108 3663 5183">
    <p class='ocr_par' dir='ltr' id='par_1_113' title="bbox 1970 5108 3663 5183">
     <span class='ocr_line' id='line_1_113' title="bbox 1970 5108 3663 5183; baseline -0.002 -17"><span class='ocrx_word' id='word_1_829' title='bbox 1970 5119 2185 5183; x_wconf 86' lang='lat' dir='ltr'><strong>gantur</strong></span> <span class='ocrx_word' id='word_1_830' title='bbox 2235 5109 2413 5181; x_wconf 89' lang='lat' dir='ltr'><strong>hujus</strong></span> <span class='ocrx_word' id='word_1_831' title='bbox 2473 5112 2733 5166; x_wconf 90' lang='lat' dir='ltr'><strong>muneris</strong></span> <span class='ocrx_word' id='word_1_832' title='bbox 2782 5110 3219 5181; x_wconf 85' lang='lat' dir='ltr'><strong>dispertitiones.</strong></span> <span class='ocrx_word' id='word_1_833' title='bbox 3274 5111 3430 5164; x_wconf 87' lang='lat' dir='ltr'><strong>Intra</strong></span> <span class='ocrx_word' id='word_1_834' title='bbox 3471 5108 3663 5164; x_wconf 92' lang='lat' dir='ltr'><strong>sinum</strong></span> 
     </span>
    </p>
   </div>
   <div class='ocr_carea' id='block_1_114' title="bbox 1968 5197 3668 5269">
    <p class='ocr_par' dir='ltr' id='par_1_114' title="bbox 1968 5197 3668 5269">
     <span class='ocr_line' id='line_1_114' title="bbox 1968 5197 3668 5269; baseline -0.001 -16"><span class='ocrx_word' id='word_1_835' title='bbox 1968 5212 2107 5269; x_wconf 88' lang='lat' dir='ltr'><strong>ergo</strong></span> <span class='ocrx_word' id='word_1_836' title='bbox 2138 5199 2333 5262; x_wconf 90' lang='lat' dir='ltr'><strong>latent,</strong></span> <span class='ocrx_word' id='word_1_837' title='bbox 2371 5197 2511 5268; x_wconf 87' lang='lat' dir='ltr'><strong>quia</strong></span> <span class='ocrx_word' id='word_1_838' title='bbox 2538 5199 2748 5254; x_wconf 89' lang='lat' dir='ltr'><strong>clausa</strong></span> <span class='ocrx_word' id='word_1_839' title='bbox 2783 5207 2992 5255; x_wconf 91' lang='lat' dir='ltr'><strong>mutuo</strong></span> <span class='ocrx_word' id='word_1_840' title='bbox 3039 5198 3147 5254; x_wconf 91' lang='lat' dir='ltr'><strong>sub</strong></span> <span class='ocrx_word' id='word_1_841' title='bbox 3197 5197 3409 5253; x_wconf 89' lang='lat' dir='ltr'><strong>divinis</strong></span> <span class='ocrx_word' id='word_1_842' title='bbox 3450 5204 3668 5266; x_wconf 87' lang='lat' dir='ltr'><strong>myste-</strong></span> 
     </span>
    </p>
   </div>
   <div class='ocr_carea' id='block_1_115' title="bbox 1970 5284 3668 5358">
    <p class='ocr_par' dir='ltr' id='par_1_115' title="bbox 1970 5284 3668 5358">
     <span class='ocr_line' id='line_1_115' title="bbox 1970 5284 3668 5358; baseline -0.002 -16"><span class='ocrx_word' id='word_1_843' title='bbox 1970 5284 2071 5342; x_wconf 89' lang='lat' dir='ltr'><strong>riis</strong></span> <span class='ocrx_word' id='word_1_844' title='bbox 2116 5299 2175 5342; x_wconf 91' lang='lat' dir='ltr'><strong>se</strong></span> <span class='ocrx_word' id='word_1_845' title='bbox 2224 5286 2535 5342; x_wconf 89' lang='lat' dir='ltr'><strong>continent.</strong></span> <span class='ocrx_word' id='word_1_846' title='bbox 2579 5286 2667 5341; x_wconf 85' lang='lat' dir='ltr'><strong>Ex</strong></span> <span class='ocrx_word' id='word_1_847' title='bbox 2716 5301 2831 5357; x_wconf 91' lang='lat' dir='ltr'><strong>quo</strong></span> <span class='ocrx_word' id='word_1_848' title='bbox 2886 5286 3194 5358; x_wconf 83' lang='lat' dir='ltr'><strong>vigilanter</strong></span> <span class='ocrx_word' id='word_1_849' title='bbox 3244 5293 3299 5340; x_wconf 93' lang='lat' dir='ltr'><strong>et</strong></span> <span class='ocrx_word' id='word_1_850' title='bbox 3350 5284 3590 5354; x_wconf 89' lang='lat' dir='ltr'><strong>pluchre</strong></span> <span class='ocrx_word' id='word_1_851' title='bbox 3633 5297 3668 5339; x_wconf 90' lang='lat' dir='ltr'><strong>a</strong></span> 
     </span>
    </p>
   </div>
   <div class='ocr_carea' id='block_1_116' title="bbox 1969 5372 3667 5445">
    <p class='ocr_par' dir='ltr' id='par_1_116' title="bbox 1969 5372 3667 5445">
     <span class='ocr_line' id='line_1_116' title="bbox 1969 5372 3667 5445; baseline -0.002 -15"><span class='ocrx_word' id='word_1_852' title='bbox 1969 5375 2211 5430; x_wconf 91' lang='lat' dir='ltr'><strong>Domino</strong></span> <span class='ocrx_word' id='word_1_853' title='bbox 2245 5373 2553 5444; x_wconf 91' lang='lat' dir='ltr'><strong>temperari</strong></span> <span class='ocrx_word' id='word_1_854' title='bbox 2586 5374 2881 5442; x_wconf 90' lang='lat' dir='ltr'><strong>dicuntur,</strong></span> <span class='ocrx_word' id='word_1_855' title='bbox 2938 5374 3078 5445; x_wconf 91' lang='lat' dir='ltr'><strong>quia</strong></span> <span class='ocrx_word' id='word_1_856' title='bbox 3123 5372 3290 5429; x_wconf 89' lang='lat' dir='ltr'><strong>multi</strong></span> <span class='ocrx_word' id='word_1_857' title='bbox 3320 5373 3443 5430; x_wconf 87' lang='lat' dir='ltr'><strong>sine</strong></span> <span class='ocrx_word' id='word_1_858' title='bbox 3492 5387 3553 5429; x_wconf 87' lang='lat' dir='ltr'><strong>re</strong></span> <span class='ocrx_word' id='word_1_859' title='bbox 3576 5387 3667 5428; x_wconf 87' lang='lat' dir='ltr'><strong>sa-</strong></span> 
     </span>
    </p>
   </div>
   <div class='ocr_carea' id='block_1_117' title="bbox 1970 5461 3665 5533">
    <p class='ocr_par' dir='ltr' id='par_1_117' title="bbox 1970 5461 3665 5533">
     <span class='ocr_line' id='line_1_117' title="bbox 1970 5461 3665 5533; baseline -0.001 -15"><span class='ocrx_word' id='word_1_860' title='bbox 1970 5463 2248 5519; x_wconf 89' lang='lat' dir='ltr'><strong>cramenti</strong></span> <span class='ocrx_word' id='word_1_861' title='bbox 2278 5461 2401 5518; x_wconf 85' lang='lat' dir='ltr'><strong>hac</strong></span> <span class='ocrx_word' id='word_1_862' title='bbox 2442 5462 2731 5531; x_wconf 88' lang='lat' dir='ltr'><strong>suscipere</strong></span> <span class='ocrx_word' id='word_1_863' title='bbox 2754 5463 3132 5530; x_wconf 73' lang='lat' dir='ltr'><strong>aestimantur,</strong></span> <span class='ocrx_word' id='word_1_864' title='bbox 3166 5462 3291 5533; x_wconf 89' lang='lat' dir='ltr'><strong>qui,</strong></span> <span class='ocrx_word' id='word_1_865' title='bbox 3328 5462 3440 5519; x_wconf 91' lang='lat' dir='ltr'><strong>Deo</strong></span> <span class='ocrx_word' id='word_1_866' title='bbox 3467 5475 3665 5519; x_wconf 89' lang='lat' dir='ltr'><strong>eorum</strong></span> 
     </span>
    </p>
   </div>
  </div>
