3914 6094
255 275 363 334 643

1152 274 1213 330 ν.
1255 274 1585 331 GUIBERTI
1626 274 1914 330 ABBATIS
1951 272 2005 328 S.
2050 272 2288 328 MARI/E
2326 272 2418 328 DE
2462 269 2859 329 NOVIGENTO

3683 269 3826 323 644

259 410 667 466 correctionem
730 407 1078 477 providente,
1132 405 1261 461 vita:
1314 405 1520 461 exinde
1563 412 1789 460 internae
1846 419 1954 459 nu-
1994 411 2039 460 Α
2065 402 2314 458 dixerit:
2357 424 2383 451 ‹‹
2436 404 2552 458 Hoc
2601 410 2683 457 est
2725 415 2935 471 corpus
2978 413 3168 455 meum
3212 405 3365 470 quod
3424 415 3527 470 pro
3615 400 3825 457 vobis

260 499 537 565 triuntur,
562 498 700 553 dum
727 497 880 551 aliud
915 495 1079 564 longe
1112 494 1167 548 in
1201 493 1299 549 Dei
1328 494 1481 548 sedet
1513 492 1749 548 arbitrio
1777 507 1955 562 quam

261 588 559 642 hominum
627 584 915 640 temeritas
980 583 1315 648 arbitratur,
1378 596 1511 637 cum
1566 582 1744 650 proba
1794 581 1953 635 initia

261 674 372 730 fine
402 672 658 742 improbo
688 673 1081 734 demittantur,
1147 677 1247 725 aut
1292 670 1444 725 bona
1500 670 1663 724 initia
1715 678 1851 724 term
1886 688 1953 719 .«t.

259 762 496 834 ignobili
522 761 946 829 decoquuntur.
989 759 1287 828 Temperat
1325 758 1505 828 igitur
1543 772 1797 827 superna
1839 757 1952 826 pie-

257 860 363 919 tas,
397 866 527 921 qua:
560 849 839 921 judicare,
881 847 994 902 imo
1027 848 1402 918 prtejudicat‘e
1437 861 1552 902 non
1592 846 1794 902 metuit
1846 846 1953 901 sibi

259 939 365 1009 ipsi
394 939 868 1006 incircnmspecta
890 936 1186 991 severitas.

328 1025 522 1081 Sortes
552 1026 746 1095 itaque
774 1023 1089 1079 mittuntur
1122 1023 1185 1077 in
1210 1021 1404 1077 sinum
1429 1021 1631 1091 (ibid.),
1669 1023 1809 1093 quia
1844 1021 1956 1076 ﬁn-

259 1116 341 1186 git
393 1114 725 1185 singillatim
788 1113 962 1168 corda
1013 1113 1311 1167 hominum
1367 1111 1545 1180 (Psal.
1607 1125 1787 1177 xxxu,
1852 1112 1953 1180 l5),

259 1203 356 1260 sed
400 1202 875 1267 intellectualiter,
943 1209 1247 1270 postquam
1303 1200 1648 1255 intrabimus
1706 1198 1761 1254 in
1822 1214 1954 1254 san-

259 1293 547 1347 ctuarium
572 1292 670 1347 Dei
698 1290 879 1359 (Psal.
921 1304 1094 1356 Lxxn,
1144 1293 1252 1356 l7),
1298 1288 1539 1343 discerni
1580 1287 1744 1342 faciet
1784 1301 1957 1357 opera

258 1380 645 1451 singulorum.
679 1379 840 1434 Unde
872 1393 985 1433 non
1036 1377 1200 1432 modo
1232 1376 1622 1445 diligentibus,
1665 1374 1759 1429 sed
1806 1390 1957 1444 quo-

258 1483 492 1538 cunque
536 1466 706 1522 etiam
762 1482 919 1522 nunc
967 1467 1332 1521 detineantur
1385 1465 1441 1518 in
1493 1464 1752 1530 crimine,
1817 1463 1954 1518 dile-

260 1558 437 1613 cturis
486 1554 799 1624 aliquando
859 1555 1061 1618 Deum,
1124 1552 1373 1622 Spiritus
1426 1558 1659 1607 sanctus
1712 1551 1769 1605 in
1836 1550 1958 1606 suis

262 1644 634 1715 proventibus
679 1652 1017 1711 cooperatur
1060 1642 1132 1696 ad
1193 1643 1406 1696 bonum
1459 1640 1646 1709 (Rom.
1696 1654 1792 1706 vu,
1843 1642 1953 1706 ‘28),

259 1733 430 1788 etiam
465 1732 521 1786 in
547 1730 907 1800 suscipiendo
939 1729 1117 1800 hujus
1144 1728 1509 1785 eucharistize
1539 1730 1776 1783 donum.

328 1819 569 1890 Objiciat
594 1818 735 1874 mihi
770 1819 870 1889 qui
914 1820 1039 1874 vult
1076 1818 1367 1887 Cypriani,
1420 1831 1566 1887 quos
1614 1816 1753 1871 mihi
1790 1830 1960 1885 oppo-

258 1910 373 1965 suit
399 1908 792 1963 contensiosus
827 1908 935 1973 ille,
978 1907 1217 1972 cineres,
1247 1914 1301 1960 et
1340 1904 1493 1960 senis
1519 1904 1694 1969 illius,
1729 1904 1797 1959 de
1841 1918 1957 1974 quo

258 1997 316 2052 in
347 1996 524 2052 Gestis
561 1998 851 2052 seniorum
898 1995 1124 2065 legitur,
1162 1997 1422 2059 visiones,
1457 1993 1559 2063 qui
1599 2001 1957 2048 sacramento

256 2087 530 2140 redeunte
555 2085 626 2139 ad
660 2098 820 2139 aram
859 2083 1109 2154 indignis
1139 2084 1212 2138 ab
1242 2083 1449 2154 angelo
1490 2082 1719 2137 videbat
1776 2080 1958 2150 praeli-

256 2173 377 2229 bari
406 2174 698 2239 carbones,
729 2172 867 2242 quia
910 2185 1085 2241 super
1116 2170 1220 2226 hoc
1263 2185 1387 2225 inea
1420 2184 1721 2240 nunquam
1773 2168 1956 2224 vacil—

255 2261 376 2317 lare
409 2261 608 2331 poterit
640 2261 788 2315 tides.

328 2349 476 2420 ειη.
510 2348 697 2403 Nulla
727 2347 954 2403 lwsione
983 2349 1085 2401 aut
1107 2345 1459 2418 turpitudine
1488 2343 1751 2414 afﬁcitur
1782 2343 1951 2399 Chri-

251 2442 395 2507 stus,
423 2456 549 2492 cum
591 2457 628 2492 α
646 2437 826 2492 sceler
846 2436 943 2490 itis
973 2436 1232 2490 bes/iisve
1261 2434 1656 2499 manducatur,
1704 2434 1790 2487 vel
1825 2451 1952 2504 spe-

253 2526 368 2583 cies
394 2526 746 2582 sacramenti
774 2528 1236 2596 corrumpuntur.
1270 2554 1338 2563 -—
1370 2524 1542 2578 Porro
1574 2522 1620 2577 si
1658 2523 1727 2578 de
1769 2524 1954 2578 muri—

256 2618 367 2674 bus
410 2626 511 2673 aut
559 2616 747 2672 bestiis
798 2616 1012 2686 agitur,
1063 2621 1164 2669 aut
1212 2613 1280 2668 de
1324 2628 1388 2667 eo
1442 2612 1596 2682 quod
1649 2611 1956 2667 casualiter

255 2707 482 2775 uspiam
527 2703 788 2760 consumi
829 2703 1077 2768 videtur,
1125 2717 1227 2756 nos
1268 2715 1381 2755 non
1423 2701 1590 2755 aliter
1626 2714 1955 2756 asseverare

256 2794 661 2864 praesumimus
712 2790 821 2847 nisi
870 2790 1024 2860 quod
1073 2788 1457 2845 substantiam
1505 2803 1539 2843 a
1588 2789 1698 2843 Deo
1748 2789 1954 2857 speciei

261 2882 343 2938 illi
372 2881 608 2937 inditam
650 2879 825 2935 adimi
863 2879 1024 2934 nulla
1072 2876 1289 2933 ratione
1336 2879 1658 2933 credamus.
1703 2876 1951 2947 Scripse-

257 2978 395 3027 runt
444 2970 681 3041 quidam
730 2967 848 3023 falli
895 2966 1091 3022 oculos
1140 2975 1363 3021 nostros
1420 2980 1591 3035 super
1640 2964 1778 3020 tanti
1823 2980 1952 3035 quae
1992 2996 2032 3051 ο

254 3060 483 3114 videtur
550 3057 917 3125 corruptione
986 3055 1258 3124 mysterii,
1320 3054 1518 3110 oculos
1575 3054 1837 3124 Cleophaa
1898 3062 1954 3109 et

254 3147 448 3203 Mariae
503 3145 851 3215 Magdalenre
925 3158 959 3199 a
1008 3143 1234 3198 Domini
1275 3143 1480 3198 notitia
1535 3143 1953 3212 aliquantisper

255 3235 545 3291 abstentos
592 3233 864 3288 inferunt.
908 3232 1046 3299 Quae
1094 3240 1438 3303 argumenta
1483 3233 1672 3287 nescio
1718 3232 1763 3285 si
1815 3230 1953 3286 mihi

252 3331 309 3379 et
357 3322 621 3392 pluribus
663 3321 791 3376 aliis
852 3335 1115 3390 unquam
1164 3319 1303 3375 satis
1346 3327 1536 3374 erunt.
1593 3319 1711 3374 Hoc
1762 3327 1953 3374 tamen

253 3411 467 3467 scimus
504 3411 643 3480 quia
690 3423 763 3464 ex
813 3424 880 3464 ea
929 3417 1108 3478 parte,
1159 3423 1289 3478 quae
1341 3407 1555 3477 species
1589 3415 1695 3473 est,
1747 3406 1950 3476 hujus-

256 3499 408 3555 modi
445 3498 611 3569 quasi
682 3497 1014 3553 infortuniis
1075 3496 1374 3566 subjacere
1446 3503 1712 3565 putatur;
1766 3509 1837 3549 ex
1887 3509 1953 3548 ea

253 3601 391 3643 vero
422 3601 539 3657 qua
585 3588 795 3641 veritas
833 3591 934 3651 est,
989 3598 1093 3639 suo
1142 3582 1446 3653 principali
1496 3583 1650 3652 quod
1701 3593 1952 3652 paternae

255 3675 503 3730 dexterae
535 3673 788 3729 considet
826 3673 1105 3728 insertum
1136 3672 1297 3726 nullo
1345 3671 1687 3726 detrimento
1730 3670 1955 3725 mutila-

254 3770 369 3819 tur.
413 3762 500 3817 Ex
555 3760 643 3816 his
679 3775 816 3831 ergo
861 3759 1274 3825 accidentibus,
1335 3774 1466 3829 quae
1506 3759 1661 3828 apud
1700 3758 1954 3814 inﬁdeles

255 3850 607 3921 derogationi
640 3848 1043 3917 mysteriorum
1074 3857 1401 3903 nostrorum
1446 3855 1657 3917 patent,
1711 3861 1816 3902 nec
1849 3861 1951 3902 au-

255 3938 615 3995 ctoritatibus
645 3936 930 3992 defensari
961 3936 1293 4005 praevalent,
1328 3936 1476 3991 hanc
1506 3936 1610 4006 qui
1650 3950 1762 3990 non
1798 3935 1953 3990 desi-

257 4027 423 4097 piunt
452 4025 792 4080 sententiam
823 4032 1072 4088 teneant,
1108 4033 1168 4081 ut
1198 4025 1304 4080 hoc
1346 4024 1644 4080 residuum
1677 4024 1842 4093 quasi
1885 4024 1953 4079 de

257 4116 364 4171 hoc
392 4113 713 4183 specialiter
740 4113 812 4168 sit
862 4114 1099 4180 dictum,
1136 4113 1253 4183 igni
1305 4119 1615 4178 reservent,
1656 4119 1709 4167 et
1745 4126 1880 4167 eum
1918 4126 1953 4167 a

258 4202 497 4257 mortuis
529 4201 854 4257 redivivum
885 4201 966 4257 sic
1000 4202 1267 4268 habeant,
1317 4210 1382 4256 ut
1427 4200 1713 4271 quidquid
1768 4200 1837 4255 de
1888 4215 1953 4255 eo

256 4296 361 4355 est,
394 4304 508 4344 non
532 4289 669 4345 alibi
699 4304 875 4359 quam
917 4291 973 4345 in
1013 4290 1326 4361 glorificato
1363 4289 1491 4359 ejus
1537 4303 1773 4357 corpore
1819 4303 1946 4343 sen-
1986 4289 2031 4342 D

257 4378 423 4442 tiant,
473 4392 577 4434 nec
621 4378 805 4449 magis
859 4379 1131 4434 horreant
1194 4377 1447 4433 murium
1496 4388 1725 4433 ventres
1776 4391 1952 4447 quam

257 4467 687 4533 scelerosorum,
738 4481 868 4537 quae
916 4468 1102 4537 magis
1144 4469 1323 4521 Deum
1380 4464 1748 4531 exacerbant,
1793 4478 1950 4519 men-

258 4561 360 4623 tes,
394 4554 531 4625 quia
557 4569 909 4625 quocunque
938 4553 1279 4624 trajiciatur,
1321 4553 1394 4608 ad
1435 4567 1609 4609 suum
1660 4553 1953 4609 redeundo

258 4642 621 4713 principium,
649 4643 723 4699 ab
760 4643 917 4699 omni
971 4642 1187 4713 injuria
1228 4649 1581 4706 contutatur,
1617 4656 1723 4697 nec
1755 4641 1955 4710 ,haere-

258 4731 435 4787 ticum
480 4731 592 4786 dici
621 4731 805 4797 debet,
856 4732 904 4787 si
936 4731 1067 4801 quis
1107 4745 1208 4800 pro
1246 4729 1571 4786 defensione
1617 4737 1792 4786 tantae
1850 4729 1951 4797 rei,

258 4834 330 4876 ne
358 4818 494 4875 locis
524 4819 738 4875 vilibus
767 4819 1093 4889 deputetur,
1128 4818 1465 4875 sententiam
1506 4817 1677 4889 paulo
1719 4817 1955 4874 liberius

256 4922 424 4978 teque
456 4908 688 4978 praebet.

329 4994 357 5065 §
389 4995 484 5053 1V.
519 4995 684 5050 Idem
708 5010 946 5067 prorsus
962 4994 1025 5048 in
1051 4996 1436 5060 sacramento,
1477 4994 1577 5065 qui
1604 4997 1657 5050 et
1689 4994 1751 5048 in
1785 4994 1948 5050 caelo.

255 5113 325 5125 —
355 5085 428 5140 At
460 5085 733 5154 quoniam
759 5083 828 5139 de
858 5083 1252 5139 conformitate
1291 5082 1469 5152 hujus
1498 5083 1649 5153 quod
1693 5083 1751 5138 in
1789 5098 1955 5139 saera

256 5187 456 5228 mensa
496 5172 801 5228 conficitur
855 5171 1080 5241 corpori
1122 5171 1590 5235 antelibavimus,
1646 5173 1752 5227 hoc
1803 5172 1951 5227 diffi-

257 5260 383 5316 nire
413 5260 707 5326 debemus,
745 5260 902 5330 quod
952 5260 1178 5329 corpori
1229 5260 1312 5315 illi
1360 5262 1596 5315 omnino
1649 5261 1954 5317 conveniat

256 5347 410 5418 quod
432 5348 554 5417 jam
585 5348 741 5417 apud
775 5347 999 5404 Patrem
1032 5348 1355 5405 immortale
1402 5348 1954 5419 incorruptibileque

254 5443 590 5507 conregnat.
621 5437 685 5491 In
738 5450 854 5507 quo
904 5436 1044 5491 mihi
1080 5436 1277 5492 nullus
1326 5436 1559 5507 objiciat
1607 5438 1761 5508 quod
1819 5452 1951 5494 cum

256 5524 403 5581 idem
463 5524 612 5581 Deus
673 5531 729 5580 et
784 5523 1065 5580 Dominus
1107 5524 1379 5595 mysteria
1431 5526 1630 5582 cadent
1684 5527 1950 5593 traderet,

2067 492 2323 547 tradetur
2348 491 2401 561 (Ι
2434 493 2557 547 Cor.
2584 505 2662 556 χι,
2696 489 2805 558 24).
2847 510 2868 536 ι
2898 489 3005 544 Et:
3040 509 3060 536 ι
3104 486 3211 542 Hic
3246 495 3330 543 est
3368 490 3619 559 sanguis
3678 490 3819 559 qui

2068 594 2166 648 pro
2202 579 2358 634 vobis
2386 587 2441 633 et
2465 592 2565 648 pro
2597 578 2793 633 multis
2823 575 3156 632 etfundetur
3180 576 3414 646 (Matth.
3456 589 3625 645 xxvi,
3678 578 3817 645 26;

2070 670 2255 733 .ilarc,
2308 683 2424 734 xxv,
2476 667 2584 736 24).
2630 688 2650 714 ι
2692 665 2865 731 Quasi
2913 664 3050 720 illud
3108 665 3377 730 traderet,
3414 665 3591 735 juxta
3657 673 3820 720 sta-

2065 763 2209 821 tum,
2238 770 2408 824 quem
2449 754 2695 809 habebat
2742 762 2881 808 tunc
2926 752 3214 822 temporis,
3263 752 3821 808 determinandum

2063 858 2184 899 esse
2215 843 2469 912 doceret;
2514 844 2611 898 sed
2655 842 2760 897 hoc
2793 842 2999 897 falsum
3045 841 3305 909 aestimet,
3360 843 3502 911 quia
3542 841 3664 910 qui
3716 855 3816 896 ex

2066 932 2560 988 unitionedeitatis
2587 945 2812 1000 semper
2833 930 2939 986 fuit
2961 929 3301 985 immortalis
3323 930 3589 997 (mortem
3614 932 3815 984 enim

2065 1034 2179 1076 non
2224 1021 2471 1090 suscepit
2499 1034 2571 1076 ex
2612 1019 2819 1084 debito,
2860 1020 2958 1074 sed
3012 1017 3279 1074 adhibuit
3334 1032 3406 1073 ex
3454 1017 3814 1087 proposito)

2063 1110 2186 1165 haec
2224 1110 2345 1179 ipsa
2376 1107 2609 1164 tradidit
2644 1109 2700 1162 in
2745 1116 2899 1163 statu
2940 1106 3292 1176 incorrupto,
3344 1120 3515 1176 quem
3570 1106 3813 1162 statim

2062 1200 2311 1256 ostendit
2353 1200 2411 1255 in
2447 1207 2637 1255 monte
2674 1199 2857 1266 Petro,
2907 1197 3114 1253 Joanni
3160 1205 3216 1254 et
3257 1196 3467 1253 Iacobo
3525 1196 3804 1267 (Matth.

2064 1303 2200 1355 xvn,
2234 1287 2308 1356 '2).

2741 1409 2973 1467 CAPUT
3013 1410 3082 1466 V.

2135 1558 2259 1611 Nec
2287 1553 2617 1627 passibilis,
2648 1569 2752 1607 nec
2780 1551 3046 1607 mortalis
3064 1550 3231 1618 estsin
3248 1549 3630 1606 Eucharistia
3656 1552 3791 1605 Do-

2066 1642 2272 1697 minus.
2297 1673 2371 1684 —
2394 1642 2500 1698 Sed
2532 1644 2671 1712 quia
2712 1641 3023 1711 quemdam
3051 1640 3120 1695 de
3158 1640 3357 1694 amicis
3389 1641 3529 1695 meis
3558 1639 3793 1709 appri-

2067 1747 2156 1787 me
2196 1733 2509 1788 litteratum
2542 1730 2740 1785 audivi
2787 1729 3103 1798 plurimum
3156 1729 3228 1783 ab
3279 1728 3384 1782 hac
3437 1726 3796 1783 exorbitare

2066 1822 2365 1885 sententia,
2424 1826 2487 1874 ut
2543 1818 2739 1873 dicat:
2807 1839 2829 1866 ι
2878 1815 3137 1886 corporis
3198 1815 3352 1871 illius
3405 1816 3789 1885 mysterium,

2066 1908 2223 1978 quod
2270 1908 2579 1963 sacerdotis
2624 1914 2679 1962 et
2745 1905 2936 1975 populi
3006 1904 3134 1971 ﬁde,
3181 1905 3280 1960 Dei
3337 1906 3511 1961 verbo
3559 1919 3794 1975 praece-

2066 1997 2252 2063 dente,
2314 1996 2372 2053 in
2424 1994 2593 2050 altari
2641 1994 2962 2055 conficitur,
3014 1993 3206 2048 carnis
3255 1993 3464 2050 Christi
3517 1994 3790 2062 passibi-

2065 2084 2134 2139 lis
2178 2093 2232 2139 et
2283 2083 2544 2139 mortalis
2619 2083 2825 2138 habere
2905 2081 3176 2152 ﬁguram,
3228 2102 3249 2129 ι
3308 2081 3553 2152 dignum
3627 2081 3786 2136 mihi

2063 2172 2291 2228 videtur
2332 2180 2391 2227 ut
2441 2171 2627 2226 latiori
2666 2170 2835 2241 paulo
2889 2170 3287 2239 disquisitione
3336 2178 3673 2233 tractemus,
3718 2178 3789 2225 et

2064 2261 2256 2317 minus
2293 2258 2526 2315 omnino
2581 2273 2758 2329 quam
2808 2268 2980 2314 tantae
3034 2258 3376 2314 eruditionis
3430 2258 3551 2313 viro
3588 2252 3782 2313 3J7

2061 2356 2420 2418 competeret,
2472 2357 2857 2417 competenter
2910 2356 2965 2403 et
3029 2355 3217 2402 astute
3273 2360 3406 2402 eum
3459 2360 3640 2416 super
3707 2359 3780 2401 re

2064 2446 2223 2494 tanta
2270 2436 2479 2493 sentire
2516 2447 2918 2493 monstremus.
2968 2436 3025 2491 Si
3069 2435 3243 2503 enim,
3293 2434 3450 2506 quod
3498 2434 3784 2504 superius

2062 2526 2310 2581 breviter
2334 2525 2477 2592 dixi,
2513 2526 2925 2594 circumspecte
2967 2525 3303 2591 attenderet,
3351 2523 3518 2593 longe
3554 2522 3672 2578 alia
3698 2523 3782 2578 de

2066 2614 2287 2670 Domini
2320 2616 2495 2669 nostri
2524 2614 2688 2668 Jesus
2713 2612 3084 2683 passibilitate
3120 2621 3223 2668 aut
3263 2611 3606 2668 mortalitate
3638 2612 3777 2666 dis-

2062 2712 2285 2758 sereret.
2323 2704 2526 2758 Procul
2552 2701 2731 2757 dubio
2756 2716 3029 2771 namque,
3053 2700 3101 2756 si
3139 2700 3280 2756 illud
3329 2700 3485 2770 quod
3522 2700 3593 2755 ab
3643 2700 3782 2769 ipso

2064 2790 2358 2847 Salvatore
2386 2790 2601 2846 dicitur
2641 2804 2654 2844 :
2692 2809 2719 2841 α
2751 2789 2929 2845 Nemo
2971 2790 3117 2845 tollit
3145 2802 3179 2843 a
3210 2803 3298 2844 tne
3332 2789 3608 2853 animam,
3666 2787 3781 2842 sed

2061 2893 2166 2950 ego
2217 2894 2363 2948 pono
2399 2893 2527 2934 eam
2589 2879 2786 2948 (Joan.
2838 2892 2896 2944 χ,
2952 2880 3062 2947 18),
3118 2897 3139 2924 ι
3205 2876 3393 2932 debita
3448 2874 3782 2931 subtilitate

2063 2967 2390 3034 discuteret,
2424 2981 2729 3037 nunquam
2758 2965 2899 3021 adeo
2932 2964 3247 3035 improvide
3283 2964 3520 3020 Domino
3566 2973 3779 3019 notam

2062 3056 2338 3125 passionis
2377 3064 2431 3111 et
2464 3066 2660 3111 mortis
2697 3056 2970 3111 inureret.
3017 3055 3191 3109 Plane
3234 3054 3307 3109 ab
3356 3053 3588 3109 homine
3635 3054 3771 3108 ani-

2062 3159 2216 3200 mam
2270 3145 2388 3200 tolli
2436 3144 2702 3215 possibile
2750 3152 2991 3208 constat,
3032 3148 3127 3199 cui
3177 3143 3236 3197 in
3281 3142 3546 3212 patiendo
3584 3150 3774 3211 atque

2061 3233 2355 3289 moriendo
2409 3233 2655 3289 casualis
2705 3232 3060 3301 experientia
3128 3231 3284 3286 boris
3352 3240 3407 3286 et
3456 3229 3767 3286 momentis

2061 3322 2333 3376 omnibus
2362 3329 2531 3377 astat.
2578 3324 2651 3376 At
2680 3335 2815 3376 vero
2852 3321 2914 3388 is,
2950 3321 3020 3376 de
3069 3335 3187 3390 quo
3226 3320 3425 3375 crebro
3456 3320 3767 3382 retexitur,

2062 3410 2202 3479 quia
2240 3410 2497 3465 nondum
2547 3418 2777 3464 venerat
2834 3410 2974 3464 hora
3000 3408 3126 3479 ejus
3175 3408 3373 3478 (Joan.
3408 3423 3467 3475 ιι,
3512 3408 3587 3477 4),
3641 3406 3769 3475 (cui

2062 3497 2335 3553 nimirum
2362 3506 2605 3554 eventus
2636 3498 2913 3553 horarum
2941 3505 2995 3553 et
3028 3497 3181 3552 horae
3210 3503 3525 3551 eventuum
3547 3495 3771 3550 immu~

2065 3587 2311 3642 tabiliter
2355 3586 2623 3655 subsunt)
2651 3588 2903 3641 animam
2947 3588 3125 3654 ponit,
3176 3584 3318 3655 quia
3361 3598 3460 3653 per
3508 3598 3567 3638 se
3608 3596 3771 3638 sum-

2064 3686 2238 3746 ptam,
2271 3682 2326 3730 et
2354 3689 2388 3729 a
2417 3690 2475 3729 se
2505 3684 2754 3730 creatam
2789 3674 3022 3744 quando
3045 3673 3188 3739 vult,
3217 3680 3272 3728 et
3301 3672 3587 3743 quomodo
3632 3671 3768 3728 vult

2059 3764 2284 3820 emittit.
2344 3762 2684 3818 Hominibus
2719 3762 2929 3817 etenim
2982 3771 3385 3830 extorquetur,
3443 3761 3514 3817 ab
3558 3774 3625 3816 eo
3662 3773 3772 3816 au-

2060 3860 2193 3918 tem,
2223 3852 2322 3921 qui
2368 3850 2652 3920 quidquid
2699 3858 2782 3906 est
2828 3865 2863 3905 a
2911 3858 3102 3918 seest,
3147 3858 3201 3906 et
3241 3850 3299 3904 in
3342 3864 3458 3920 quo
3498 3848 3641 3904 nihil
3698 3849 3768 3905 tit

2061 3940 2170 3996 nisi
2202 3939 2357 4010 quod
2407 3938 2797 3994 voluntarium
2848 3946 2949 4006 est,
3001 3945 3201 4007 sponte
3252 3946 3502 4008 sumpta,
3561 3945 3767 4007 sponte

2060 4028 2385 4085 resolvitur.
2428 4027 2566 4093 Quae
2611 4029 2764 4082 enim
2815 4026 2894 4081 illi
2936 4026 3078 4081 foret
3115 4025 3393 4082 moriendi
3437 4026 3763 4092 necessitas,

2060 4130 2234 4187 quem
2279 4116 2336 4170 in
2370 4129 2477 4169 sua
2524 4115 2777 4170 secunda
2825 4114 3124 4170 nativitate
3165 4114 3348 4170 sancti
3399 4127 3620 4182 semper
3675 4122 3764 4169 est

2060 4204 2306 4274 Spiritus
2361 4203 2422 4258 in
2485 4203 2861 4272 concipientis
2940 4211 3103 4259 utero
3164 4202 3434 4258 comitata
3491 4201 3763 4257 libertas?

2061 4294 2223 4352 Unde
2253 4292 2488 4348 solvisse
2524 4291 2736 4347 dicitur
2769 4307 2900 4362 quze
2946 4307 3061 4347 non
3106 4291 3297 4361 rapuit
3333 4291 3513 4356 (Psal.
3560 4305 3756 4359 vant,

2060 4386 2133 4450 5),
2183 4381 2284 4452 qui
2324 4395 2521 4451 poenas
2566 4390 2929 4450 peccatorum
2973 4395 3091 4436 non
3130 4394 3164 4435 a
3215 4395 3275 4436 se
3320 4380 3759 4436 commissorum

2058 4470 2215 4527 solus
2240 4469 2387 4525 inter
2411 4477 2671 4525 mortuos
2692 4469 2834 4524 liber
2860 4469 2967 4524 luit
2996 4469 3189 4539 (Psal.
3219 4483 3473 4531 Lxxxvn,
3505 4469 3577 4539 6).

2131 4557 2187 4612 Si
2218 4556 2487 4628 peccandi
2527 4555 2694 4611 nobis
2734 4569 2833 4625 per
2860 4555 3291 4625 corruptionem
3340 4564 3564 4611 naturae
3618 4569 3756 4611 con-

2060 4652 2244 4701 tracta
2272 4645 2597 4711 necessitas,
2631 4644 2909 4699 moriendi
2941 4644 3108 4700 nobis
3134 4643 3526 4700 necessitatem
3567 4657 3755 4699 conse-

2060 4742 2307 4805 quenter
2338 4733 2557 4801 indicit,
2592 4732 2657 4801 is,
2693 4732 2795 4803 qui
2827 4747 3018 4804 neque
3045 4733 3337 4805 originali,
3372 4733 3513 4804 quia
3536 4732 3604 4789 de
3635 4732 3754 4802 Spi-

2061 4823 2178 4878 ritu
2209 4831 2263 4878 et
2296 4821 2532 4893 Virgine
2580 4829 2780 4876 sancta
2811 4830 2984 4877 natus
3019 4830 3124 4887 est,
3177 4836 3367 4891 neque
3414 4834 3589 4891 quam
3632 4834 3745 4876 non

2060 4900 2357 4965 addiderat
2397 4908 2624 4964 macula
2653 4908 2910 4964 fuscatus
2947 4918 3051 4974 est,
3084 4922 3203 4979 qua
3233 4909 3355 4981 lege
3379 4908 3592 4980 peccati
3626 4908 3754 4965 titil-

2059 4997 2168 5054 lari
2192 4997 2392 5067 potuit,
2416 5011 2535 5067 qua
2551 5011 2784 5067 quoque
2797 5011 2963 5066 paena
2976 4997 3049 5052 ad
3075 4997 3513 5067 persolvendum
3537 5004 3754 5055 natura

2062 5087 2392 5156 peccatricis
2438 5086 2696 5141 debitum
2725 5086 2964 5143 adactus
3005 5086 3130 5141 est?
3178 5086 3283 5142 Ubi
3324 5100 3463 5158 ergo
3519 5085 3755 5156 originis

2061 5183 2235 5244 atque
2292 5183 2455 5230 actus
2512 5174 2682 5243 culpa
2730 5188 2936 5229 vacare
2997 5174 3373 5245 dignoscitur,
3425 5189 3557 5244 qum
3621 5189 3750 5231 exa-

2061 5264 2275 5317 ctiones
2320 5275 2473 5317 mors
2508 5270 2563 5318 et
2615 5261 2959 5331 passibilitas
3017 5262 3226 5317 habere
3276 5261 3665 5331 permittitur?
3696 5262 3747 5319 Si

2060 5350 2212 5406 enim
2247 5364 2346 5420 per
2397 5357 2693 5420 peccatum
2734 5363 2889 5405 mors
2936 5357 3142 5405 nostrae
3189 5349 3538 5406 humanitati
3581 5349 3748 5406 indu-

2061 5439 2212 5495 citur
2255 5439 2439 5508 (Rom.
2469 5453 2525 5505 v,
2577 5437 2686 5508 l2),
2740 5438 2841 5494 ubi
2886 5446 3183 5509 peccatum
3236 5452 3351 5494 non
3401 5446 3506 5505 est,
3560 5438 3746 5494 mortis

2044 5526 2365 5589 efficientia
2411 5525 2705 5582 annullari
2760 5526 3058 5596 probatur,
3120 5527 3259 5597 quia
3328 5526 3526 5595 procul
3576 5525 3743 5582 dubio
