3914 6094
80 309 180 363 645

1126 304 1218 361 DE
1264 304 1686 363 PIGNORIBUS
1724 305 2169 362 SANCTORUM.
2197 335 2267 347 —
2297 303 2422 359 LIB.
2468 303 2539 358 II.

3463 304 3567 360 646

77 438 320 496 sublatio
342 452 554 505 causae,
587 435 825 494 eﬁectus
867 435 1315 494 exinanitionem
1351 436 1535 494 facere
1572 437 1761 493 nulla-
1800 445 1847 497 Α
1946 436 2155 492 Passus
2201 442 2286 491 est
2332 435 2529 505 itaque
2575 442 2629 490 et
2680 443 2962 500 mortuus,
3012 433 3153 505 quia
3200 432 3403 502 voluit,
3450 447 3568 490 non

80 537 243 585 tenus
270 527 593 584 dubitatur.

148 618 212 673 In
253 616 420 687 primi
469 616 718 671 hominis
764 614 950 686 primo
992 622 1166 681 statu,
1220 613 1263 669 si
1312 613 1527 684 peccati
1570 613 1764 681 cujus-

78 704 226 774 piam
266 717 379 757 non
418 701 736 758 incessisset
774 709 1034 766 eventus,
1095 700 1292 755 nullus
1332 700 1576 768 profecto
1630 712 1766 768 pas-

76 791 246 848 sionis
298 799 400 846 aut
453 791 651 845 mortis
705 789 1054 845 intervenire
1125 789 1397 858 potuisset
1470 800 1762 851 occursus,

76 895 177 935 nec
222 879 544 935 accessisset
592 878 652 933 in
704 878 996 948 progeniei
1044 877 1172 946 ejus
1211 878 1622 946 propagatione
1669 890 1765 945 ge-

74 969 321 1024 nitorum
364 962 789 1039 qualiscunque
859 972 1134 1031 Vetustas,
1197 964 1297 1020 ubi
1349 964 1766 1033 concupiscen-

73 1057 223 1112 tialis
257 1055 650 1113 inobedientiae
692 1053 853 1109 nulla
887 1054 1147 1109 animum
1194 1052 1565 1108 demoliretur
1608 1060 1767 1107 atro-

73 1150 233 1202 citas.
275 1146 420 1211 Quid
450 1143 604 1199 enim
657 1142 731 1198 ibi
778 1156 1013 1208 novum,
1055 1141 1195 1211 quid
1236 1141 1442 1207 alacre,
1487 1140 1628 1209 quid
1672 1139 1762 1193 in-

72 1244 318 1305 tegrum,
379 1232 479 1288 ubi
537 1231 685 1287 rodit
739 1230 1001 1286 anxietas
1067 1228 1426 1285 conscientiae
1487 1228 1768 1283 mordacis

72 1318 379 1374 affectum?
437 1319 493 1374 Si
548 1319 723 1386 enim,
769 1319 944 1389 juxta
991 1317 1394 1374 Salomonem:
1448 1338 1476 1367 ‹‹
1520 1318 1767 1373 Animus

70 1407 332 1477 gaudens
371 1415 593 1463 aetatem
644 1406 903 1462 ﬂoridam
962 1406 1095 1461 facit
1148 1409 1327 1476 (Prov.
1376 1420 1519 1471 xvu,
1568 1408 1680 1474 22),
1735 1427 1762 1454 ››

68 1504 124 1549 et
180 1495 227 1549 is
277 1509 394 1551 esse
451 1494 822 1565 cognoscitur
875 1495 1199 1565 paradisus,
1263 1509 1435 1564 quem
1484 1497 1555 1550 ab
1606 1494 1766 1550 initio

66 1583 350 1638 Dominus
399 1583 746 1653 plantaverit
800 1582 965 1654 (Gen.
1027 1598 1087 1650 ιι,
1148 1585 1221 1653 8),
1282 1583 1767 1639 intellectualibus

66 1671 334 1726 videlicet
397 1671 736 1741 angelorum
801 1680 856 1726 et
937 1671 1236 1726 hominum
1305 1672 1513 1726 animis
1579 1673 1763 1741 primo

66 1758 358 1826 inseverit,
419 1739 548 1814 licet
597 1759 885 1829 plerisque
928 1759 1289 1829 angelorum,
1348 1774 1408 1814 se
1449 1739 1607 1814 omni
1653 1773 1761 1813 na-
1804 1739 1844 1791 Β

66 1856 213 1903 turae
246 1847 543 1903 hominum
574 1849 977 1917 perfunctoriie
1007 1847 1269 1902 stationis
1319 1849 1458 1914 loca,
1502 1849 1597 1903 sed
1630 1860 1763 1902 mox

66 1937 321 1993 desitura
354 1938 684 2007 praebuerit,
734 1946 796 1993 ut
826 1937 1103 1992 nimirum
1147 1937 1306 1992 nullo
1349 1938 1514 1992 modo
1545 1938 1614 1993 de
1645 1951 1764 1992 suae

68 2026 276 2080 mentis
324 2039 392 2080 ac
449 2028 705 2095 corporis
759 2025 1211 2095 impassibzlaate
1259 2025 1531 2080 continua
1573 2035 1768 2096 gratu-

67 2114 174 2168 lari
208 2112 341 2182 quis
373 2115 575 2182 possit;
612 2113 752 2183 quid
806 2115 874 2168 de
907 2122 1093 2168 mente
1136 2120 1191 2167 et
1229 2126 1467 2181 corpore
1510 2111 1636 2167 Filii
1668 2112 1764 2168 Dei

66 2202 420 2255 censendum
475 2209 577 2267 est,
624 2199 722 2255 ubi
769 2199 825 2254 in
871 2199 1313 2255 ideiititicatione
1354 2215 1610 2269 personae
1651 2216 1764 2256 non

70 2289 239 2343 modo
273 2288 462 2353 homo,
489 2289 585 2343 sed
629 2297 683 2343 et
719 2287 1010 2357 plenitudo
1054 2287 1372 2343 divinitatis
1400 2290 1769 2358 corporaliter

71 2378 245 2432 insita
268 2377 389 2431 est?
434 2375 563 2444 (Col
616 2393 674 2444 ιι,
709 2378 764 2445 9)
792 2391 922 2431 cum
952 2376 1121 2431 etiam
1153 2376 1221 2432 de
1253 2391 1398 2446 puro
1434 2378 1679 2440 homine,
1713 2386 1768 2433 et

72 2465 178 2535 qui
214 2466 335 2520 sine
369 2476 594 2535 peccato
619 2465 810 2519 vivere
835 2478 947 2518 non
979 2463 1195 2531 didicit,
1224 2466 1449 2519 dicatur
1481 2464 1621 2535 quia
1654 2467 1767 2521 vita

71 2556 201 2623 ejus
232 2555 402 2622 quasi
456 2552 743 2623 quoddam
778 2566 1019 2622 regnum
1055 2551 1174 2613 Dei,
1218 2565 1329 2619 pax
1368 2562 1452 2606 est
1481 2552 1650 2607 etiam
1710 2554 1765 2607 in

74 2642 364 2711 praesenti,
386 2650 439 2697 et
459 2642 736 2712 gaudium
761 2641 816 2695 in
841 2642 1055 2710 Spiritu
1072 2648 1285 2695 sancto.
1311 2642 1486 2704 (Rom.
1506 2655 1621 2707 xiv,
1660 2644 1764 2710 l7).

148 2729 393 2796 Primus,
441 2732 703 2799 inquam,
751 2729 920 2783 homo
959 2736 1090 2783 ante
1135 2739 1452 2797 peccatum.
1495 2726 1542 2782 si
1581 2730 1768 2783 dicere

72 2820 339 2883 audeam,
392 2818 675 2887 passib.lis
720 2826 775 2873 et
823 2816 1226 2887 impassabilis,
1281 2817 1538 2872 mortalis
1596 2817 1765 2873 etiam

71 2915 127 2961 et
180 2906 517 2960 immortalis
564 2905 702 2974 fuit;
764 2905 904 2975 quia
960 2905 1031 2959 ad
1076 2904 1366 2974 passiones
1414 2914 1468 2961 et
1528 2917 1766 2961 mortem

74 3008 176 3063 per
215 3004 510 3063 peccatum
562 3008 689 3060 suo,
723 2994 818 3048 sed
875 3007 988 3048 non
1031 2992 1228 3059 libero,
1260 2993 1481 3049 abusus
1528 2994 1767 3049 arbitrio
1807 3004 1847 3059 ς,

71 3080 187 3137 labi
249 3083 451 3151 potuit,
497 3090 552 3137 et
605 3080 650 3137 si
708 3082 860 3136 intra
920 3095 1113 3136 veram
1165 3096 1223 3136 se
1282 3080 1600 3138 libertatem
1655 3098 1769 3138 non

71 3170 362 3239 peccando
416 3170 705 3225 continere
764 3168 1053 3235 voluisset,
1117 3169 1502 3238 impassabilis
1570 3170 1768 3239 procul

70 3259 252 3314 dubio
310 3272 681 3328 perseverans
738 3258 883 3313 mori
941 3258 1272 3313 nullatenus
1322 3267 1611 3327 potuisset.
1665 3259 1770 3315 Cui

69 3348 366 3403 secundus
403 3347 594 3413 homo,
633 3347 795 3402 Jesus
842 3346 1055 3402 scilicet
1104 3347 1401 3413 Dominus,
1455 3362 1598 3416 pene
1648 3348 1771 3418 pari

70 3437 501 3507 quodammodo
549 3435 732 3490 forma
790 3436 1086 3500 successit,
1147 3442 1303 3490 tanto
1342 3434 1772 3505 impassibiliori

70 3535 290 3580 natura
348 3533 567 3594 quanto
625 3523 888 3579 liberiore
957 3524 1164 3591 editus,
1216 3523 1327 3578 imo
1393 3523 1772 3580 ineffabiliore

70 3612 174 3666 Dei
219 3614 432 3681 pariter
469 3620 524 3667 et
575 3611 821 3667 hominis
865 3612 1149 3682 genitura.
1198 3611 1357 3667 Unde
1393 3612 1544 3667 enim
1588 3612 1773 3681 passi-

70 3700 204 3755 bilis
249 3698 361 3754 dici
414 3707 616 3769 posset,
665 3699 756 3755 cui
817 3700 1145 3755 omn‘imoda
1189 3701 1398 3768 peccati
1448 3702 1505 3754 in
1553 3700 1774 3770 origine

68 3799 127 3845 et
172 3798 309 3843 actu
357 3790 592 3844 remotio
652 3803 900 3858 poenam,
955 3789 1110 3859 quod
1156 3796 1238 3843 est
1286 3788 1472 3857 passio
1502 3798 1555 3845 et
1597 3803 1771 3856 mors,

69 3879 344 3934 accedere
383 3878 714 3934 nullatenus
755 3876 1002 3933 sineret?
1051 3877 1105 3933 Si
1148 3876 1514 3947 impassibilis
1555 3876 1776 3946 primus

74 3968 269 4033 homo,
313 3981 415 4036 per
459 3967 671 4037 peccati
717 3965 1146 4032 continentiam,
1185 3973 1240 4020 et
1278 3965 1616 4020 immortalis
1655 3980 1775 4021 esse

68 4055 314 4121 valeret,
378 4055 471 4110 Dei
529 4055 709 4110 Filius
768 4055 985 4110 unitam
1041 4054 1145 4109 sibi
1196 4063 1405 4109 nostra;
1452 4053 1778 4123 fragilitatis

71 4142 461 4199 substantiam
508 4141 690 4198 multo
721 4141 1239 4211 impassibiliorem,
1284 4149 1360 4207 et,
1393 4149 1454 4197 ut
1497 4141 1579 4197 sic
1607 4142 1776 4197 dixe-

71 4231 209 4295 rim,
272 4229 741 4315 immortaliorem
808 4228 1043 4283 reddere
1130 4242 1244 4283 non
1309 4228 1574 4284 deberet?
1643 4229 1775 4285 Sine

1875 526 2028 595 quod
2059 538 2129 579 ex
2154 525 2349 589 ,Adam
2392 524 2513 595 lege
2554 523 2834 579 debuerit.
2886 523 3068 590 Quam
3117 537 3252 595 ergo
3299 523 3568 578 similitu-

1875 613 2065 668 dinem
2113 612 2320 668 Christi
2384 613 2665 682 pas5ibilis
2720 620 2775 667 et
2824 611 3078 666 mortalis
3128 612 3403 666 sacrificio
3459 612 3567 666 Do-

1878 701 2068 757 minici
2121 701 2377 771 corporis
2426 710 2481 756 et
2536 701 2839 772 sanguinis
2892 700 3129 770 irrogas,
3179 714 3352 770 quem
3398 699 3569 755 certis

1874 806 1947 846 ex
1985 789 2071 845 sui
2109 790 2291 859 ipsius
2335 804 2432 844 ore
2472 790 2767 845 sententiis
2818 789 3194 843 immortalem
3246 787 3568 858 impassibi-

1873 879 2103 949 leinque
2154 880 2297 933 scire
2327 878 2651 943 debueras?
2702 900 2723 925 ‹
2768 877 2994 943 Nullus,
3054 876 3263 946 inquit,
3315 876 3570 931 ascendit

1874 968 1933 1023 in
1963 967 2192 1033 coelum,
2225 967 2334 1022 nisi
2366 967 2552 1022 Filius
2589 966 2838 1021 hominis
2868 967 2967 1035 qui
2998 975 3081 1019 est
3112 964 3169 1018 in
3203 963 3341 1019 coelo
3373 965 3565 1028 iJoan.

1873 1072 1950 1123 ιιι,
2002 1059 2111 1123 13),
2166 1065 2220 1111 et
2270 1055 2452 1111 alibi:
2492 1077 2513 1102 ι
2568 1057 2686 1125 Ego
2734 1055 2791 1109 in
2836 1055 3002 1109 Patre
3049 1063 3104 1108 et
3155 1054 3321 1109 Pater
3370 1057 3429 1107 in
3478 1068 3569 1109 me

1871 1153 1954 1201 est
2010 1143 2207 1213 (Joan.
2274 1159 2390 1211 x1v,
2468 1145 2577 1212 10),
2632 1166 2658 1192 υ
2725 1151 2780 1198 et
2838 1142 3021 1197 multa
3088 1141 3293 1197 horum
3360 1140 3569 1196 similia

1873 1241 2186 1303 antequam
2244 1246 2319 1287 ex
2374 1232 2479 1287 hoc
2524 1232 2743 1295 mundo
2808 1230 3076 1285 transiret
3146 1230 3215 1285 de
3267 1243 3376 1285 sua
3433 1244 3568 1285 cum

1875 1322 2037 1377 Patre
2081 1320 2676 1377 consubstantialitate'
2719 1319 3145 1374 commendans.
3198 1317 3254 1373 Si
3289 1317 3439 1373 filius
3465 1318 3567 1374 ho-

1873 1409 2045 1464 minis
2077 1408 2133 1463 in
2182 1410 2325 1464 coelo
2357 1416 2460 1473 est,
2495 1417 2548 1463 et
2584 1408 2659 1463 ibi
2695 1421 2875 1462 unum
2908 1421 3037 1462 cum
3091 1407 3255 1461 Patre
3285 1416 3386 1461 est.
3422 1407 3568 1463 Dicit

1873 1498 2026 1553 enim
2079 1499 2264 1553 alias:
2303 1520 2322 1546 ι
2378 1499 2516 1567 Ego,
2570 1496 2778 1566 inquit,
2829 1496 2897 1550 de
2941 1495 3208 1563 supernis
3243 1500 3387 1550 348
3424 1510 3553 1550 sum

1873 1589 2068 1658 (Joan.
2120 1602 2235 1650 viu,
2290 1586 2596 1657 ‘23);quod
2659 1599 2775 1639 non
2824 1592 2907 1639 est
2965 1583 3123 1638 aliud
3177 1598 3357 1652 quam
3400 1584 3447 1639 si
3478 1584 3566 1639 di-

1872 1683 2065 1730 ceret:
2115 1676 2236 1746 Ego
2287 1675 2343 1729 in
2398 1674 2613 1743 Spiritu
2666 1672 2992 1743 principali,
3051 1672 3204 1741 quod
3247 1682 3331 1727 est
3385 1680 3565 1742 pater,

1873 1778 2020 1819 sum.
2079 1763 2261 1829 Quam
2298 1762 2749 1833 passibilitatem.
2784 1775 2961 1831 quam
2990 1774 3223 1830 quoque
3256 1760 3570 1816 mortalita-

1875 1858 1984 1906 tem
2017 1852 2097 1905 illi
2131 1852 2336 1906 inferre
2358 1851 2602 1916 conaris,
2637 1850 2739 1920 qui
2771 1849 2957 1904 sicubi
2979 1849 3405 1917 Scripturaruin
3438 1862 3568 1918 pas-

1873 1939 2076 2006 sibilis,
2104 1948 2159 1995 et
2181 1940 2437 1995 mortalis
2462 1938 2737 2007 appellari
2775 1936 3087 2003 invenitur,
3120 1936 3192 1991 ob
3229 1937 3336 1992 hoc
3372 1936 3569 2005 procul

1874 2025 2051 2081 dubio
2103 2027 2287 2081 solum
2330 2026 2559 2091 dicitur,
2604 2024 2758 2095 quod
2810 2038 2913 2093 pro
2960 2023 3275 2079 voluntatis
3329 2023 3569 2079 arbitrio

1874 2114 2043 2169 morti
2072 2128 2131 2170 se
2154 2114 2440 2184 exposuit,
2476 2128 2587 2168 non
2620 2113 2819 2181 aliqua
2864 2110 3193 2166 necessitate
3224 2109 3569 2166 succubuit?

1945 2203 2067 2258 Non
2109 2215 2194 2259 est
2249 2204 2425 2274 igitur
2493 2200 2759 2271 passibile
2812 2209 2867 2256 et
2923 2201 3159 2255 mortale
3226 2200 3283 2255 in
3342 2199 3568 2257 Christo

1872 2290 2194 2361 quippiam,
2247 2290 2400 2360 quod
2461 2288 2702 2344 vivilicis
2757 2288 2866 2343 illis
2909 2287 3281 2343 sacramentis
3331 2302 3567 2358 compa-

1870 2392 2002 2435 rare
2030 2380 2267 2447 debeas;
2301 2380 2462 2445 dum,
2507 2378 2553 2432 si
2588 2377 2736 2433 fideli
2776 2384 2831 2431 et
2874 2391 2989 2431 non
3046 2378 3326 2446 pervicaci
3375 2377 3569 2432 inten-

1872 2465 2026 2522 tione
2085 2468 2416 2536 perpendes,
2473 2465 2615 2520 nihil
2673 2465 2909 2520 omnino
2965 2465 3070 2519 nisi
3137 2465 3569 2534 incorruptibile

1873 2563 1929 2610 et
1961 2556 2301 2619 immortale,
2349 2553 2460 2609 nisi
2493 2553 2644 2623 quod
2686 2560 2885 2622 sponte
2925 2553 3067 2607 mori
3110 2553 3311 2615 voluit.
3351 2553 3410 2608 in
3455 2554 3569 2624 ipso

1874 2648 2149 2713 reperias.
2184 2643 2355 2699 Aliud
2402 2651 2487 2697 est
2510 2642 2663 2697 enim
2716 2642 2870 2711 quod
2919 2654 2991 2695 ex
3043 2640 3201 2696 libito
3242 2651 3295 2697 et
3329 2652 3570 2711 gratan-

1878 2743 1963 2792 ter
2004 2733 2265 2801 facimus,
2305 2731 2462 2786 aliud
2503 2730 2659 2800 quod
2707 2729 3016 2799 angariati,
3069 2737 3125 2784 et
3173 2729 3340 2799 quasi
3369 2730 3571 2785 debitis

1875 2821 2221 2892 urgentibus
2269 2818 2577 2887 adimplere
2628 2817 3045 2887 compellimur.
3100 2816 3205 2873 Sed
3253 2831 3428 2887 super
3463 2816 3573 2874 hoc

1875 2911 2092 2968 dictum
2123 2908 2363 2978 sapienti
2396 2916 2483 2962 sat
2512 2909 2602 2961 sit.
3104 2908 3115 2922 ’

2534 2994 2767 3051 CAPUT
2805 2994 2903 3049 VI.

1950 3084 1977 3157 ἕ
2009 3086 2051 3140 Ι.
2086 3115 2155 3125 -
2185 3083 2496 3154 ()uemdam
2525 3084 2780 3155 confidat
2798 3086 3000 3138 auctor
3014 3086 3364 3138 maerentem
3383 3083 3568 3155 quoti-

1875 3174 1969 3230 die
1994 3174 2057 3229 in
2091 3172 2273 3228 altari
2301 3173 2586 3230 Christum
2612 3172 2891 3247 cruciﬁgi.
2920 3201 2992 3213 —
3035 3173 3298 3228 Relatum
3338 3186 3570 3243 quoque

1880 3263 2019 3319 mihi
2067 3277 2100 3318 a
2148 3262 2498 3333 quibusdam
2536 3262 2789 3333 ejusdem
2830 3260 2998 3316 amici
3049 3261 3155 3317 mei
3217 3262 3568 3329 necessariis,

1879 3351 2035 3423 quod
2075 3366 2190 3407 non
2243 3352 2407 3406 modo
2448 3350 2816 3417 consulendo,
2876 3349 2964 3405 vel
3013 3363 3145 3404 cum
3195 3349 3573 3405 familiaribus

1878 3440 2160 3499 litteratis.
2190 3447 2253 3494 ut
2283 3439 2507 3499 assolet.
2557 3436 2918 3504 conferendo,
2960 3437 3058 3492 sed
3090 3436 3299 3506 palam,
3338 3438 3394 3492 in
3446 3450 3574 3493 me-

1879 3528 1989 3585 diis
2036 3528 2291 3583 videlicet
2348 3526 2684 3597 frequentiis
2720 3525 2950 3580 omnino
2983 3525 3325 3595 ignavorum
3372 3532 3427 3579 et
3468 3538 3576 3580 ru-

1881 3616 2067 3681 dium,
2098 3614 2445 3683 disputando
2485 3614 2660 3669 soleat
2693 3613 2879 3668 dicere
2924 3613 3077 3682 quod
3125 3613 3181 3667 in
3225 3612 3575 3667 confectione

1880 3703 2075 3758 hostiae
2104 3702 2375 3757 salutaris
2404 3702 2566 3756 Jesus
2606 3699 2883 3755 Dominus
2912 3699 3168 3768 quotidie
3200 3697 3579 3768 crucifigatur

1883 3793 1941 3847 in
1996 3790 2185 3846 altari.
2258 3790 2419 3853 Quod
2472 3803 2580 3844 nos
2635 3786 2944 3843 catholicos
2987 3794 3042 3842 et
3098 3800 3296 3841 omnes
3344 3786 3433 3854 pie
3480 3799 3578 3840 sa-

1882 3881 2098 3949 pientes
2163 3886 2325 3934 tanta
2389 3875 2883 3932 animadversione
2932 3876 3200 3930 convenit
3266 3873 3577 3941 exsecrari,

1884 3977 2106 4040 quanta
2167 3967 2433 4023 eumdem
2518 3966 2824 4021 Dominum
2913 3970 3173 4019 nostrum
3241 3963 3581 4018 auctoritate

1883 4060 2107 4126 oportet
2159 4055 2229 4112 de
2285 4068 2511 4111 summa
2563 4051 2899 4123 impotentia
2954 4051 3039 4107 vel
3086 4058 3302 4106 aeterna
3349 4049 3582 4105 miseria

1882 4144 2126 4215 expiari.
2181 4143 2329 4210 Quid
2357 4142 2512 4199 enim
2554 4142 2622 4197 de
2664 4142 2774 4196 Deo
2822 4138 3120 4210 indignius
3155 4146 3240 4195 est
3284 4137 3581 4195 miserabi-

1884 4233 2116 4303 liusque
2145 4230 2356 4286 sentire
2386 4244 2563 4300 quam
2603 4228 2757 4298 quod
2802 4229 2953 4282 Deus
2993 4226 3089 4281 fiat
3132 4227 3303 4282 miser
3332 4235 3583 4282 aeternus

70 4299 540 4388 concupiscentia
602 4332 740 4390 ergo
796 4331 869 4373 ex
920 4317 1037 4373 solo
1084 4325 1281 4372 sancto
1345 4317 1561 4387 Spiritu
1623 4318 1776 4374 intra
1813 4299 1856 4353 Ῑ)
1888 4337 1989 4392 pro
2018 4299 2215 4376 nostra
2256 4299 2650 4374 beatitudine?
2690 4316 2837 4383 Quid
2886 4330 3021 4371 vero
3066 4315 3437 4385 impotentius
3469 4315 3583 4370 Deo

70 4407 422 4477 virginalem
470 4414 774 4463 concretus
819 4415 1071 4472 uterum,
1121 4405 1466 4462 naturaliter
1512 4406 1775 4476 impassi-

72 4495 208 4550 bilis
237 4502 292 4550 et
313 4493 653 4550 immortalis
684 4493 741 4548 in
771 4493 985 4548 mundo
1015 4501 1185 4548 natus
1212 4500 1314 4548 est.

142 4583 253 4650 Ita,
298 4583 558 4652 inquam,
598 4581 967 4651 impassibilis
1014 4590 1069 4636 et
1113 4580 1470 4646 immortalis,
1521 4589 1584 4637 ut
1630 4582 1778 4638 sicut

70 4672 169 4728 ille
202 4671 427 4741 primus
458 4685 558 4739 per
595 4669 1040 4726 inobedientiam
1084 4670 1155 4725 ad
1197 4670 1489 4740 passiones
1527 4678 1583 4726 et
1620 4685 1779 4726 mor-

72 4770 186 4815 tem
216 4773 275 4814 se
302 4766 501 4827 sponte
538 4758 782 4824 demisit,
836 4757 913 4813 ita
958 4767 1012 4813 et
1061 4757 1163 4813 istc
1212 4757 1504 4813 secundus
1539 4757 1617 4814 ob
1657 4773 1778 4813 res-

70 4847 403 4903 titutionem
453 4846 691 4916 justitize
735 4846 807 4901 ad
851 4845 1072 4901 dolores
1115 4845 1380 4901 ferendos
1421 4855 1477 4902 et
1516 4854 1775 4915 mortem,

68 4948 334 5007 quorum
367 4934 423 4989 in
474 4933 633 4990 nullo
672 4941 795 4989 erat
835 4934 1074 4999 debitor,
1108 4948 1236 4990 sese
1270 4934 1418 4991 ultro
1447 4934 1774 5005 deponeret.

67 5023 189 5078 Nisi
220 5021 379 5077 enim
422 5021 471 5075 is
502 5035 603 5091 pro
655 5021 988 5077 hominibus
1039 5035 1257 5092 pinnas,
1308 5035 1456 5092 quas
1496 5036 1612 5077 non
1655 5037 1779 5077 me-

66 5118 297 5175 ruerat,
345 5108 546 5175 lueret,
586 5124 682 5164 eos
713 5108 816 5178 qui
847 5109 1218 5164 merebantur
1254 5117 1307 5164 et
1347 5109 1644 5179 suppliciis
1671 5110 1779 5165 ob-

66 5198 234 5253 noxii
289 5205 477 5264 erant,
516 5197 848 5253 nullatenus
917 5198 1203 5254 liberaret.
1265 5199 1596 5255 Passibflcm
1643 5213 1780 5269 ergo

66 5286 202 5341 volo
254 5286 459 5342 credas
507 5294 561 5341 et
606 5286 901 5342 mortalem
948 5287 1020 5343 ob
1070 5288 1175 5342 hoc
1213 5286 1420 5355 solum,
1471 5287 1611 5358 quia
1663 5287 1781 5357 pati

70 5384 259 5446 atque
306 5375 452 5431 mori
503 5389 601 5444 pro
655 5375 916 5431 humana
964 5376 1354 5445 redemptione
1405 5377 1612 5445 voluit,
1664 5389 1780 5432 non

64 5464 216 5534 quia
248 5464 485 5533 aliquod
518 5472 740 5519 natura:
770 5463 1026 5520 debitum
1066 5464 1123 5518 in
1157 5462 1421 5532 patiendo
1450 5471 1626 5534 atque
1656 5478 1777 5519 mo-

63 5551 279 5608 riendo
311 5564 385 5607 ex
416 5551 653 5607 traduce
681 5551 853 5621 primi
888 5550 1141 5620 parentis
1171 5552 1493 5607 attraxerit.

1884 4409 2169 4479 imputare
2223 4406 2535 4477 poterimus
2588 4419 2766 4475 quam
2825 4404 2982 4475 quod
3043 4403 3398 4474 quotidianis
3455 4403 3582 4473 ejus

1884 4496 2181 4567 suppliciis
2227 4495 2299 4550 ad
2339 4502 2546 4549 nostrae
2591 4493 2970 4564 reparationis
3011 4490 3431 4547 adminiculum
3487 4488 3583 4544 in-

1885 4582 2152 4639 desinens
2180 4582 2491 4652 egeamus?

1959 4671 2136 4735 Certe,
2187 4670 2236 4726 si
2294 4671 2376 4726 sic
2427 4684 2485 4726 se
2540 4684 2630 4726 res
2671 4669 2926 4729 haberet.
2974 4675 3039 4723 ut
3090 4666 3224 4723 vitae
3273 4665 3581 4721 Auctorem

1886 4757 2208 4829 quotidiani
2255 4757 2550 4827 suspendii
2602 4756 2871 4812 atrocitas
2923 4753 3258 4820 trucidaret,
3314 4751 3460 4807 nihil
3522 4751 3582 4805 in

1886 4846 2095 4903 cmlesti
2155 4845 2393 4916 praemio
2452 4846 2593 4902 adeo
2645 4844 2802 4911 felix,
2865 4842 3006 4897 adeo
3049 4841 3362 4911 gloriosum
3412 4847 3577 4902 esset,

1887 4935 2045 5006 quod
2077 4949 2192 4990 non
2224 4942 2339 4991 tam
2389 4934 2683 4990 diuturna:
2724 4930 3067 4988 calamitatis
3105 4929 3581 4999 contemplatione

1889 5025 1948 5079 in
2004 5023 2185 5093 ipsius
2235 5021 2719 5079 remunerationis
2766 5020 2991 5076 Christo
3034 5031 3307 5088 sponsore
3340 5015 3581 5071 vilesce-

1888 5120 1991 5168 ret.
2042 5112 2106 5167 Et
2154 5110 2287 5181 quis
2328 5126 2443 5166 non
2498 5117 2737 5165 mortem
2779 5108 2934 5162 illam
2984 5120 3211 5177 magnae
3253 5102 3583 5159 inutilitatis

1888 5206 2173 5270 argueret,
2204 5212 2381 5269 quam
2412 5213 2525 5253 non
2570 5197 2739 5253 modo
2784 5195 3124 5261 numerosis,
3176 5192 3276 5249 sed
3325 5190 3584 5247 ineﬂ‘abi-

1889 5286 2019 5343 liter
2081 5286 2318 5343 infinitis
2369 5285 2428 5340 in
2480 5284 2600 5340 dies
2649 5283 2874 5339 vicibus
2930 5282 3106 5351 repeti
3154 5279 3487 5336 constaret?
3528 5286 3585 5336 et

1891 5374 2031 5446 quid
2064 5375 2219 5445 quod
2258 5375 2318 5429 in
2365 5371 2611 5443 singulis
2649 5369 2909 5442 quotidie
2939 5369 3211 5436 ecclesiis,
3238 5369 3384 5440 quin
3408 5368 3584 5424 etiam

1890 5463 2171 5520 altaribus
2222 5462 2391 5532 plura
2428 5460 2709 5517 sacrificia
2760 5458 3129 5516 delibantur?
3167 5457 3320 5529 Ergo
3368 5464 3448 5513 tot
3484 5470 3586 5527 pa-

1890 5552 2085 5608 tibulis
2118 5549 2633 5620 impotentissimus
2679 5548 2793 5615 ille,
2822 5548 2870 5601 si
2921 5548 2998 5603 ita
3035 5555 3141 5613 est,
3190 5546 3454 5602 Salvator
3495 5545 3587 5602 di-
