3914 6094
305 242 407 299 647

1196 236 1255 289 ν.
1301 233 1631 291 GUIBERTI
1669 231 1962 288 ABBATIS
1998 230 2053 286 S.
2096 231 2339 287 MARIE
2377 231 2467 285 DE
2503 227 2906 288 NOVIGENTO

3706 228 3833 284 6&8

305 385 467 433 cetur
496 374 674 447 afﬁgi,
709 382 847 445 quot
880 373 1079 427 missas
1121 371 1337 441 ubique
1379 369 1649 424 altarium
1681 366 1996 423 constiterit
2036 371 2075 435 Α
2108 366 2422 432 existimas,
2490 365 2631 436 quid
2693 363 3090 420 auctoritatem
3166 362 3365 419 mortis
3427 363 3631 419 Christi
3706 377 3823 433 per

307 465 601 523 celebrari.

376 554 537 611 Certe
584 552 631 607 si
676 550 838 606 nulla
894 554 1261 618 suppeterent
1317 545 1748 615 Scripturarum
1799 541 2003 598 suifra-

305 643 417 713 gia,
469 648 643 697 totam
689 647 879 694 tamen
966 638 1114 691 hanc
1157 635 1481 690 vecordiam
1532 632 1680 688 ratio
1732 632 1998 687 obrueret

303 730 593 786 universa.
646 726 762 781 Etsi
806 727 961 781 enim
1012 725 1130 794 ipse
1176 723 1572 779 ecclesiasticae
1624 721 2002 776 institutioins

302 825 484 883 actus,
518 815 621 887 qui
654 816 714 870 fit
746 816 891 870 inter
923 812 1383 876 sacrilicandum,
1434 809 1868 865 similitudinem
1902 809 2003 863 Do-

302 904 526 960 minicze
578 903 857 973 passionis
908 902 1147 956 innuere
1193 914 1307 954 non
1346 899 1667 965 dubitetur,
1704 904 1759 951 et
1802 895 1859 951 in
1890 897 1999 951 Do-

300 992 445 1047 mini
493 992 671 1047 nostri
730 991 846 1046 fieri
899 987 1437 1046 commemoratione
1494 986 1785 1049 credatur,
1843 984 2002 1039 nefas

301 1084 495 1133 tamen
523 1085 606 1132 est
632 1083 697 1131 ut
742 1076 813 1131 ob
858 1076 964 1129 hoc
1004 1074 1196 1141 ipsum
1240 1070 1702 1141 quotiescunque
1744 1070 1824 1135 fit,
1866 1082 1999 1123 cru-

302 1164 453 1235 cifigi
504 1165 748 1220 dicatur.
794 1162 1069 1228 Quamvis
1116 1174 1369 1229 namque
1408 1157 1796 1227 signiﬁcantia
1835 1170 2001 1227 quaa-

302 1252 440 1309 libct
469 1252 807 1323 signiﬁcatis
836 1249 1140 1320 aliquoties
1182 1255 1612 1318 przeponantur,
1654 1260 1769 1301 non
1812 1254 2002 1299 tamen

302 1342 504 1398 eadem
556 1348 694 1397 sunt
750 1354 881 1410 qua:
933 1337 1249 1394 umbratice
1297 1336 1710 1405 praenuntiant,
1762 1341 1817 1388 et
1872 1347 2003 1401 quae

304 1430 579 1485 veraciter
605 1430 1076 1498 subsequuntur;
1112 1425 1267 1480 verbi
1322 1423 1527 1494 gratia,
1575 1423 1630 1476 in
1665 1422 2003 1491 baptismate

304 1519 457 1573 trina
505 1518 711 1573 mersio
756 1517 1087 1572 triduanam
1133 1514 1357 1569 Domini
1410 1512 1697 1582 signiﬁcat
1743 1510 2001 1581 sepultu-

302 1620 448 1675 ram,
498 1621 603 1661 nec
650 1613 840 1661 tamen
889 1603 1137 1658 dicimus
1186 1602 1340 1671 quod
1384 1601 1846 1670 quotiescunque
1892 1598 2004 1653 ali—

303 1696 437 1751 cubi
472 1694 811 1764 baptizatur,
844 1693 1006 1747 toties
1040 1691 1277 1746 ubilibet
1312 1689 1577 1743 Christus
1602 1687 1929 1756 sepeliatur.

374 1780 527 1835 Licet
561 1779 728 1849 plane
777 1778 960 1833 hostia
1007 1776 1106 1831 illa
1146 1774 1479 1829 memoriam
1524 1782 1777 1828 nostram
1821 1772 2006 1842 quoti-

304 1868 491 1924 dianis
529 1867 853 1923 accessibus
893 1866 949 1919 in
993 1864 1081 1919 sui
1124 1862 1348 1918 refricet
1390 1863 1646 1927 veritate,
1691 1860 1771 1914 nil
1814 1868 2005 1915 tamen

305 1956 518 2011 iteratae
550 1955 777 2025 injuria;
812 1954 921 2009 Deo
955 1951 1143 2018 infert,
1190 1965 1502 2019 nunquam
1528 1949 1794 2018 deinceps
1825 1948 2006 2003 mori-

304 2052 435 2101 turo
476 2058 574 2113 pro
618 2044 894 2113 passionis
936 2039 1207 2110 imagine.
1261 2061 1281 2087 ι
1322 2039 1585 2094 Christus
1628 2050 1764 2092 sane
1805 2050 2006 2092 resur-

306 2146 447 2204 gens
488 2146 561 2187 ex
607 2130 849 2187 mortuis
892 2130 1012 2199 jam
1054 2142 1169 2183 non
1220 2129 1496 2192 moritur;
1546 2140 1699 2181 mors
1728 2124 1807 2179 illi
1854 2124 2007 2180 ultra

306 2235 422 2275 non
453 2219 868 2275 dominabitur.
912 2216 1072 2280 Quod
1122 2216 1275 2271 enim
1311 2223 1575 2269 mortuus
1619 2220 1704 2268 est
1753 2220 2002 2281 peccato,

306 2316 571 2363 mortuus
626 2313 710 2361 est
765 2305 967 2369 semel;
1036 2303 1189 2373 quod
1241 2309 1434 2357 autem
1482 2300 1642 2367 vivit,
1704 2300 1847 2355 vivit
1892 2300 2007 2356 Deo

306 2397 498 2467 (Rom.
523 2411 600 2461 vr,
634 2397 685 2459 9,
725 2396 823 2462 10).
863 2415 884 2442 ι
926 2393 1088 2457 Quod
1144 2391 1189 2445 si
1233 2403 1537 2460 resurgens
1576 2404 1688 2443 nou
1739 2389 2002 2455 moritur,

307 2492 363 2540 et
388 2492 577 2540 tamen
608 2483 763 2538 omni
797 2482 887 2537 die
914 2494 1013 2549 per
1056 2470 1253 2535 omnes
1282 2492 1431 2540 aras,
1461 2479 1633 2548 juxta
1665 2486 1822 2533 tuam
1870 2491 2005 2533 sen-

308 2574 571 2637 tentiam,
615 2570 999 2640 crucifigitur,
1044 2568 1183 2623 illud
1232 2567 1605 2635 apostolicum
1646 2565 1826 2619 semel
1860 2566 2007 2620 scire

307 2661 484 2716 velim
530 2659 882 2730 quomodoa
933 2667 1032 2713 tua
1104 2656 1410 2725 prudentia
1468 2654 1829 2723 intelligitur,
1890 2667 2007 2722 quo

310 2758 628 2819 peccatum,
680 2747 735 2801 id
796 2756 881 2802 est
930 2745 1114 2800 hostia
1170 2758 1271 2813 pro
1320 2751 1546 2812 peccato
1604 2742 1806 2807 factus,
1861 2741 2005 2796 mori

309 2837 541 2892 dicitur.
576 2836 644 2890 Et
670 2833 957 2904 quomodo
989 2833 1102 2887 Deo
1152 2831 1319 2899 vivit,
1359 2831 1461 2901 qui
1510 2830 1714 2884 millies
1757 2829 2007 2898 repetitis

309 2924 529 2994 ubique
560 2930 842 2978 terrarum
876 2919 1328 2990 appensionibus
1360 2918 1443 2974 sic
1474 2918 1758 2973 vexatur?

382 3012 460 3080 Si,
508 3012 681 3082 juxta
726 3010 959 3065 Petrum
1010 3008 1328 3078 apostolum
1370 3007 1425 3061 in
1476 3007 1596 3062 haec
1648 3007 1767 3075 ipsa
1831 3006 2008 3062 verba

313 3106 689 3156 tractantem:
745 3117 766 3145 ι
817 3096 1079 3153 Christus
1132 3093 1303 3150 semel
1356 3108 1457 3163 pro
1499 3093 1743 3163 peccatis
1798 3097 2007 3149 nostris

311 3195 579 3243 mortuus
619 3194 723 3252 est,
778 3192 841 3240 ut
886 3198 987 3239 nos
1030 3184 1143 3239 Deo
1185 3181 1388 3237 offerat
1431 3182 1492 3251 (Ι
1533 3183 1686 3236 Pelr.
1726 3198 1804 3247 ιιι,
1840 3184 1941 3249 18),
1976 3203 2004 3231 ››

313 3276 416 3344 qui
460 3280 540 3330 tot
589 3287 891 3343 poenarum
949 3273 1179 3327 casibus
1223 3271 1487 3325 addictus
1539 3278 1642 3335 est,
1696 3271 1768 3325 ad
1824 3271 2007 3325 Deum

313 3361 602 3419 offerendo
634 3363 922 3432 quomodo
949 3373 1303 3430 quemquam
1337 3359 1532 3414 levat?
1580 3359 1632 3414 Si
1667 3358 1836 3414 semel
1887 3374 2006 3413 mo-

312 3452 481 3517 ritur,
529 3458 585 3505 et
628 3448 800 3505 saluti
842 3457 1070 3504 aeternae
1100 3461 1172 3503 ex
1223 3462 1287 3502 eo
1338 3461 1439 3502 nos
1479 3455 1725 3517 reparat,
1763 3447 2006 3517 dignum

310 3546 393 3595 est
429 3539 631 3608 utique
672 3546 728 3593 et
772 3545 1100 3606 competens
1149 3535 1434 3590 divinitati
1477 3537 1810 3605 mysterium
1853 3536 2006 3604 quod

311 3628 577 3684 celebrat.
624 3626 680 3682 Si
727 3633 919 3681 autem
972 3632 1233 3680 mortuus
1282 3632 1581 3693 postquam
1627 3626 2009 3679 resurrexerit

312 3724 591 3788 perpetua
628 3730 749 3770 sese
793 3714 968 3770 utsic
1013 3712 1258 3769 dixerim
1303 3727 1543 3768 crucum
1594 3712 1842 3767 illatione
1875 3725 2008 3766 car-

310 3805 530 3870 niﬂcat,
581 3804 753 3859 miser
793 3802 978 3858 factus
1018 3800 1431 3857 beatitudinem
1476 3814 1653 3870 quam
1696 3815 1810 3856 non
1839 3801 2008 3856 habet

315 3893 531 3949 nemini
565 3892 732 3962 plane
760 3890 1104 3960 suppeditat.

388 4002 409 4029 ι
440 3979 565 4036 Non
606 3979 782 4044 enim,
818 3979 898 4034 ait
924 3977 1247 4047 Apostolus,
1293 3978 1352 4032 in
1393 3976 1741 4034 manufactis
1788 3977 2010 4033 Sanctis

315 4066 467 4141 [al..]
509 4065 835 4122 manufacta
881 4061 1113 4136 Sancta]
1144 4065 1306 4120 Jesus
1336 4064 1612 4131 introivit,
1659 4064 2011 4134 exemplaria

311 4169 606 4219 verorum,
662 4153 759 4209 sed
807 4155 863 4208 in
913 4153 1101 4222 ipsum
1150 4153 1378 4219 ccelum,
1435 4160 1495 4208 ut
1530 4162 1803 4222 appareat
1853 4166 2011 4209 nunc

2111 455 2478 525 quotidianas
2538 455 2667 524 ejus
2707 452 3110 508 crnciﬁxiones
3156 452 3216 507 in
3270 459 3494 507 tantum
3542 464 3830 507 evacuas.

2113 551 2176 599 ut
2235 543 2413 599 multo
2470 544 2654 612 magis
2708 540 3079 597 authenticus
3134 539 3417 609 pontificis
3484 540 3541 594 in
3599 539 3831 595 Sancta

2112 630 2425 700 quotannis
2497 631 2567 686 ob
2630 631 2720 685 sui
2780 630 3117 684 charitatem
3194 629 3461 683 videatur
3518 627 3831 688 introitus.

2113 733 2290 788 quam
2348 718 2675 774 indesinens
2716 718 2874 773 omni
2921 718 3012 773 dei
3054 716 3232 772 nostri
3276 716 3586 771 Salvatoris
3624 715 3828 771 inter-

2127 807 2281 862 itus?
2327 811 2475 860 849
2550 807 2604 863 Si
2661 806 2835 873 enim,
2897 805 3216 861 secundum
3266 804 3610 874 Scripturas,
3670 818 3830 872 pas-

2110 893 2288 961 sionis
2315 894 2441 964 ejus
2473 896 2671 964 prima;
2701 893 2906 950 efficax
2937 893 3289 962 supplicium
3326 893 3608 959 crederes,
3665 907 3835 947 nun-

2110 997 2287 1053 quam
2355 985 2482 1051 ejus
2538 982 2973 1053 improperium,
3027 981 3182 1051 quod
3231 995 3333 1051 pro
3388 988 3444 1036 te
3494 980 3541 1035 si
3600 994 3834 1036 sanum

2111 1070 2301 1140 sapias
2364 1071 2615 1140 pertulit,
2678 1069 2734 1125 in
2799 1069 3109 1140 suspendia
3155 1069 3330 1124 etiam
3368 1068 3576 1125 seculo
3616 1082 3835 1124 coaeva

2110 1158 2481 1215 distenderes.
3532 1220 3533 1225 η

2181 1245 2342 1312 Quod
2389 1254 2583 1302 autem
2638 1245 2784 1300 idem
2829 1244 3178 1301 sacrificium
3227 1244 3584 1314 quotidianis
3636 1245 3827 1299 itera-

2113 1332 2362 1389 tionibus
2418 1333 2836 1403 frequentatur,
2894 1345 3008 1387 non
3048 1334 3175 1402 ejus
3224 1331 3523 1402 poenaliter
3569 1329 3826 1386 cruciﬁ-

2110 1420 2270 1477 xioni
2313 1422 2367 1476 in
2414 1422 2535 1477 dies
2582 1420 2901 1490 repetenda
2949 1420 3215 1487 refertur,
3255 1420 3354 1474 sed
3401 1419 3555 1490 quod
3594 1417 3829 1474 diurna

2110 1524 2452 1565 excessuum
2511 1510 2784 1565 varietate
2841 1507 3060 1563 malitia
3122 1508 3459 1578 quotidiana
3482 1506 3627 1563 tanti
3687 1520 3826 1576 my-

2113 1598 2268 1653 stcrii
2316 1597 2801 1667 representatione
2850 1597 3114 1652 diluitur.
3163 1595 3287 1652 Non
3337 1595 3491 1651 enim
3538 1608 3676 1651 eum
3712 1596 3826 1665 qui

2114 1688 2220 1741 hoc
2249 1687 2420 1742 semel
2451 1701 2596 1755 opus
2625 1685 2905 1755 explicuit
2928 1686 3125 1741 eadem
3169 1698 3394 1754 semper
3437 1683 3828 1753 resculpendo

2111 1789 2413 1837 vexamns,
2468 1775 2565 1829 sed
2610 1773 2850 1831 ﬂuidam
2899 1774 3233 1829 memoriam
3278 1774 3348 1828 ad
3394 1787 3597 1829 eorum
3635 1773 3826 1829 menti

2112 1866 2391 1935 originem
2453 1865 2843 1920 innovandam
2905 1877 3264 1929 revocamus,
3317 1877 3447 1934 qua
3523 1863 3645 1919 sine
3700 1863 3831 1919 ulla

2113 1952 2362 2009 iterandi
2411 1952 2745 2008 necessitate
2795 1952 3056 2008 omnium
3108 1949 3281 2007 saluti
3341 1950 3634 2021 quondam
3691 1955 3831 2005 acta

2117 2040 2523 2110 comperimus.

2184 2128 2314 2199 §I[.
2366 2128 2849 2199 Interrogandum
2900 2126 3075 2183 etiam
3118 2141 3320 2183 censeo
3361 2134 3561 2183 utrum
3604 2140 3830 2197 corpus

2112 2216 2278 2285 illud,
2324 2217 2477 2288 quod
2521 2229 2764 2286 semper,
2821 2224 2883 2272 ut
2928 2215 3087 2283 dicis,
3145 2216 3525 2287 cruciﬁgitur,
3566 2215 3825 2284 idipsum

2111 2304 2185 2361 sit
2212 2305 2368 2375 quod
2390 2305 2459 2359 de
2493 2304 2727 2375 Virgine
2758 2311 2959 2360 natum
2990 2311 3213 2359 constat
3259 2311 3315 2360 et
3351 2303 3505 2374 quod
3558 2303 3617 2358 in
3643 2316 3829 2360 cruce

2119 2394 2470 2463 pependerit.
2507 2392 2630 2447 Scio
2683 2393 2836 2463 quod
2878 2392 3250 2462 respondebis
3287 2392 3556 2462 idipsum.
3588 2393 3742 2462 Ergo
3774 2392 3826 2447 si

2114 2480 2367 2551 idipsum
2425 2481 2718 2547 creditur;
2767 2488 2822 2535 et
2863 2479 2999 2536 huic
3042 2479 3297 2549 passibili
3343 2488 3399 2535 et
3447 2479 3698 2545 mortali,
3756 2487 3831 2535 ut

2115 2569 2304 2633 doces,
2355 2568 2699 2625 conformari
2753 2568 2957 2625 debere
3010 2568 3265 2624 creditur
3310 2568 3467 2638 quod
3526 2570 3586 2623 in
3643 2568 3830 2623 altari

2114 2654 2437 2722 coniicitur,
2482 2656 2668 2710 doceri
2715 2656 2886 2710 velim
2930 2663 3129 2711 utrum
3170 2655 3317 2710 idem
3361 2669 3568 2724 corpus
3608 2655 3707 2720 sit,
3742 2668 3829 2710 an

2116 2743 2295 2810 aliud,
2352 2743 2506 2813 quod
2558 2743 2825 2813 passibile
2871 2751 2927 2799 et
2983 2743 3223 2799 mortale
3280 2757 3315 2799 a
3356 2752 3409 2799 te
3450 2743 3726 2810 traditur,
3759 2752 3826 2798 et

2116 2831 2260 2887 illud
2292 2832 2447 2900 quod
2483 2841 2734 2900 paternae
2779 2832 2900 2903 jam
2934 2832 3184 2887 dexterae
3224 2832 3572 2902 impassibile
3611 2841 3669 2886 et
3710 2832 3831 2887 im-

2045 2940 2086 2995 α
2119 2920 2355 2975 mortale
2414 2920 2737 2976 consedisse
2775 2920 3154 2991 dignoscitur.
3201 2920 3254 2975 Si
3299 2920 3458 2975 dicas
3500 2920 3649 2976 idem
3704 2935 3833 2992 non

2112 3021 2253 3072 esse,
2302 3011 2451 3063 certe
2501 3008 2616 3064 duo
2675 3021 2916 3078 corpora
2962 3009 3096 3064 Jesu
3148 3008 3390 3064 Domino
3430 3007 3829 3065 inducuntur.

2113 3095 2287 3151 Aliud
2343 3097 2495 3151 enim
2545 3097 2654 3152 erit
2701 3096 2857 3167 quod
2907 3096 3157 3166 passioni
3202 3105 3258 3153 et
3310 3097 3477 3152 morti
3526 3098 3830 3153 constabit

2115 3184 2453 3251 obnoxium,
2502 3184 2662 3240 aliud
2708 3184 2875 3254 plane
2901 3186 3057 3255 quod
3101 3186 3172 3241 ad
3217 3185 3670 3255 incorruptionis
3695 3186 3829 3256 jam

2117 3273 2349 3343 pertigit
2404 3272 2853 3329 firmamentum.
2915 3276 3059 3329 Cum
3116 3285 3253 3344 ergo
3330 3273 3479 3329 sacri
3549 3274 3717 3344 panis
3768 3284 3832 3330 et

2114 3362 2307 3417 calicis
2344 3360 2682 3430 mysterium
2713 3361 3102 3431 corruptibilis
3150 3361 3211 3418 ﬁt
3247 3361 3441 3418 carnis
3473 3362 3828 3429 indiculum,

2115 3450 2173 3504 in
2207 3462 2532 3519 perversam
2588 3448 2922 3505 dualitatem
2954 3450 3273 3507 secernitur
3320 3449 3631 3507 Salvatoris
3680 3451 3831 3506 sub-

2115 3537 2340 3592 stantiae
2386 3535 2771 3592 individuum.
2819 3537 2991 3593 Porro
3020 3538 3067 3593 si
3110 3538 3218 3595 hoc
3264 3545 3315 3594 te
3348 3539 3534 3595 dicere
3581 3540 3828 3610 pudeat,

2113 3634 2168 3680 et
2225 3637 2407 3680 unum
2453 3639 2573 3680 esse
2624 3624 2818 3680 fateris
2875 3640 3106 3695 corpus,
3164 3626 3431 3697 passibile
3486 3628 3704 3685 scilicet
3760 3630 3828 3686 in

2118 3714 2307 3777 altari.
2358 3720 2412 3767 et
2466 3712 2621 3782 quod
2677 3713 2829 3768 Patri
2883 3714 2940 3769 in
3000 3713 3182 3785 gloria
3238 3715 3449 3772 caelesti
3500 3717 3829 3774 consideat.

2116 3801 2280 3868 Vide,
2310 3801 2628 3856 secundum
2668 3801 2972 3871 prafatum
3013 3803 3371 3874 Apostolum,
3423 3818 3495 3861 ne
3522 3804 3833 3862 Christum

2116 3889 2331 3946 factum
2375 3889 2891 3959 incorruptibilem,
2943 3898 3117 3962 atque
3158 3892 3557 3960 immortalem,
3607 3892 3833 3953 iterum

2116 3977 2444 4047 cruciligas,
2497 3985 2553 4033 et
2596 3980 2848 4035 ostentui
2899 3979 3112 4036 habeas
3164 3980 3373 4050 (Hebr.
3422 3996 3498 4048 vr,
3559 3981 3638 4051 6),
3704 3984 3830 4040 imo

2118 4065 2272 4137 quod
2338 4065 2567 4121 veritati
2631 4066 3068 4123 convenientius
3112 4081 3232 4125 esse
3288 4069 3676 4141 cognoscitur,
3733 4079 3834 4128 te-

2118 4154 2305 4224 ipsum
2336 4153 2621 4209 universis
2648 4156 2716 4210 de
2749 4156 2858 4210 Deo
2884 4155 3063 4226 digna
3090 4157 3469 4214 sentientibus
3505 4158 3831 4216 ridiculum

311 4244 503 4301 vultui
538 4242 631 4298 Dei
662 4256 765 4312 pro
798 4242 962 4297 nobis
994 4256 1007 4296 :
1051 4256 1241 4311 neque
1290 4249 1352 4297 ut
1393 4255 1543 4310 saepe
1581 4240 1780 4296 offerat
1811 4248 2012 4296 seinet-
2049 4236 2091 4290 D
2116 4242 2411 4300 exhibeas.

313 4330 524 4400 ipsum,
578 4328 1067 4399 quemadmodum
1144 4328 1398 4397 pontifex
1447 4329 1622 4383 intrat
1691 4328 1749 4382 in
1803 4327 2011 4383 Sancta

312 4432 412 4489 per
467 4417 726 4489 singulos
780 4431 964 4472 annos
1031 4419 1089 4472 in
1133 4416 1417 4486 sanguine
1478 4414 1683 4479 alieno,
1749 4415 2010 4485 alioquin

313 4507 606 4578 oportebat
654 4520 787 4561 eum
831 4505 1167 4575 frequenter
1214 4504 1330 4574 pati
1374 4504 1447 4560 ab
1494 4504 1716 4574 origine
1769 4504 2007 4572 mundi;

312 4609 473 4651 nunc
511 4602 704 4651 autem
746 4594 805 4649 in
853 4592 1346 4649 consummatione
1393 4590 1761 4657 saeculorum,
1799 4591 1866 4645 ad
1912 4592 2008 4646 de-

312 4684 666 4741 stitutionem
698 4682 934 4754 peccati,
968 4695 1067 4751 per
1108 4680 1354 4736 hostiam
1388 4694 1552 4735 suam
1598 4680 1887 4749 apparuit.
1939 4680 2009 4736 Et

314 4771 802 4844 quemadmodum
830 4775 1109 4826 statutum
1149 4777 1233 4823 est
1266 4767 1596 4841 hominibus
1641 4768 1811 4821 semel
1844 4767 2006 4835 mori,

315 4870 439 4932 post
493 4861 600 4917 hoc
661 4866 853 4915 autem
903 4856 1212 4928 judicium,
1265 4857 1347 4911 sic
1403 4862 1459 4911 et
1522 4854 1782 4912 Christus
1837 4854 2009 4910 semel

312 4949 542 5005 oblatus
568 4956 652 5004 est
678 4948 746 5002 ad
785 4946 1096 5002 multorum
1118 4943 1515 5001 exhaurienda
1544 4949 1774 5013 peccata
1803 4941 2006 5013 (Hebr.

315 5050 396 5101 ix,
420 5036 632 5105 24-28).
672 5052 700 5085 ι)
732 5034 875 5090 Ecce
905 5033 1065 5089 vides
1093 5032 1164 5086 ad
1194 5029 1476 5096 lucidum,
1521 5030 1628 5085 nisi
1661 5037 1775 5085 tua;
1809 5031 2013 5086 mentis

314 5122 620 5178 caecutiens
662 5133 730 5175 ex
779 5126 1009 5190 peccato
1059 5115 1384 5187 reperiatur
1422 5115 1682 5179 obtutus,
1722 5115 2011 5183 quomodo

319 5209 431 5266 tuis
488 5209 733 5265 verbum
792 5206 1166 5277 apostolicum
1232 5209 1484 5259 occentet
1533 5202 1843 5258 erroribus.
1905 5202 2012 5259 Sed

316 5297 566 5368 rogitare
611 5304 661 5353 te
703 5295 874 5352 velim
930 5302 1126 5351 utrum
1174 5292 1417 5357 Novum,
1464 5290 1676 5356 Veteri,
1718 5304 1793 5346 an
1833 5291 2012 5347 Vetus

314 5383 473 5441 Novo
506 5384 661 5454 apud
692 5393 744 5440 te
777 5382 1171 5454 praeponderet
1198 5381 1573 5436 Testamento.
1603 5377 1726 5435 Non
1780 5379 2011 5449 ambigo

317 5472 463 5542 quin
526 5473 689 5529 dicas
739 5470 986 5529 Novum.
1051 5468 1213 5537 Quod
1244 5468 1292 5524 si
1348 5467 1577 5524 Novum
1644 5469 2011 5537 praeminere

2189 4331 2321 4386 Haec
2362 4330 2480 4396 tibi,
2533 4338 2597 4387 ut
2643 4332 2868 4402 opinor,
2928 4340 3170 4390 tractata
3216 4333 3532 4401 sufﬁciunt,
3584 4335 3627 4391 si
3684 4337 3833 4391 ani-

2117 4433 2278 4475 mum
2326 4419 2664 4475 correctioni
2704 4421 3039 4490 admoveas;
3080 4423 3125 4478 si
3162 4436 3302 4479 vero
3340 4423 3616 4480 obdurari
3658 4425 3834 4482 dele-

2121 4521 2223 4579 ger
2246 4522 2291 4573 s,
2329 4509 2445 4563 haec
2492 4507 2728 4564 forsitan
2762 4524 2876 4565 non
2926 4510 3306 4580 improbanda
3350 4512 3616 4568 ﬁdelibus
3666 4513 3834 4569 ride-

2116 4592 2224 4662 bis,
2273 4601 2336 4650 ut
2369 4594 2610 4650 fabulas.
2661 4597 2946 4655 Desistant
2996 4613 3132 4670 ergo
3177 4614 3442 4671 quaerere
3487 4600 3831 4658 Dominico-

2117 4694 2249 4737 rum
2300 4684 2675 4740 trutinatores
2726 4693 3005 4753 statuum,
3055 4696 3253 4745 utrum
3293 4690 3419 4755 hoc,
3460 4689 3614 4761 quod
3674 4689 3837 4747 inter

2119 4780 2223 4823 nos
2254 4769 2315 4824 fit
2344 4780 2791 4837 sacramentum,
2833 4774 3136 4829 conveniat
3185 4775 3441 4844 passibili
3476 4790 3552 4831 an
3620 4776 3840 4847 impas.

2118 4854 2290 4922 sibili,
2325 4855 2551 4911 Christo
2581 4866 2804 4914 mortuo
2835 4873 2909 4914 an
2944 4859 3181 4915 viventi.

2192 4941 2346 5013 §lll.
2403 4943 2542 4997 Tale
2591 4943 2811 5000 Chriin
2855 4962 3063 5018 corpus
3107 4945 3173 5002 in
3220 4950 3606 5017 sacramento,
3651 4954 3838 5021 quale

2113 5032 2245 5102 post
2290 5031 2787 5088 resurrectionem.
2820 5063 2889 5074 —
2931 5034 3106 5090 Aliter
3135 5034 3287 5091 enim
3343 5030 3687 5107 neutiquam
3744 5040 3830 5095 in-

2119 5118 2295 5189 telligi
2355 5118 2557 5176 debere
2610 5123 2995 5191 perpendunt,
3043 5124 3151 5179 nisi
3199 5132 3261 5180 ut
3306 5125 3365 5180 in
3412 5138 3481 5181 ea
3542 5127 3835 5196 qualitate

2120 5207 2303 5277 accipi
2332 5208 2551 5275 debeat,
2577 5209 2636 5264 in
2667 5225 2804 5280 qua,
2853 5225 2988 5267 cum
3030 5226 3240 5282 corpus
3271 5214 3419 5269 idem
3462 5215 3833 5273 manducan-

2121 5292 2261 5349 dum
2291 5294 2589 5364 discipulis
2621 5307 2973 5366 proponeret,
3015 5308 3157 5355 erat.
3204 5299 3258 5355 Si
3305 5302 3479 5367 enim,
3525 5301 3833 5375 inquiunt,

2121 5389 2181 5436 in
2220 5389 2502 5439 convivuis
2545 5398 2675 5454 quae
2728 5393 2851 5455 post
2884 5389 3364 5445 resurrectionem
3394 5392 3659 5447 exercuit
3692 5406 3832 5450 cum

2119 5468 2222 5537 eis,
2267 5470 2387 5527 haec
2426 5469 2549 5542 ipsa
2593 5474 2918 5532 mandasset
2967 5483 3021 5533 et
3067 5477 3174 5533 hoc
3231 5490 3438 5547 corpus
3482 5492 3660 5536 suum
3705 5494 3832 5539 esse
