3920 6080
114 245 212 299 649

1139 247 1232 301 DE
1276 245 1697 304 PIGNORIBUS
1737 244 2177 338 SANCTORUM.
2210 277 2277 284 —
2309 246 2433 300 LIB.
2479 245 2572 300 III.

3508 248 3614 300 650

110 375 357 440 dixisset,
403 387 568 429 nemo
615 389 824 444 corpus
883 375 1039 430 aliud
1099 376 1202 432 rite
1256 373 1625 433 intellexisset
1684 377 1791 432 nisi
1833 381 1879 432 Α
1910 392 2062 432 xero.
2117 378 2444 432 Paracletus
2489 390 2626 446 ergo
2678 389 2795 430 non
2843 375 3135 430 venitnisi
3181 376 3284 430 ista
3316 375 3616 444 subtrahi-

111 463 277 532 quale
305 470 444 518 tunc
482 461 668 517 fuerat
716 477 849 517 cum
904 463 1012 518 ista
1063 463 1318 530 dixisset,
1366 465 1480 520 imo
1533 466 1680 521 inter
1708 480 1810 522 cce-

111 551 369 604 nandum
402 549 612 606 dixisse
659 551 952 619 recolitur,
987 567 1102 606 non
1151 567 1209 608 se
1240 552 1308 608 de
1343 554 1630 623 genimine
1675 553 1807 608 vitis

115 638 428 694 bibiturum
466 639 645 694 donec
677 639 816 695 illud
854 640 909 695 in
950 655 1130 711 regno
1161 656 1266 696 suo
1305 656 1434 696 cum
1471 642 1684 696 eisdem
1718 642 1808 696 bi—

113 728 243 783 bere
279 728 574 783 videretur
620 729 825 797 (Marc.
880 744 995 796 xxv,
1030 731 1142 798 25),
1200 729 1354 798 quod
1399 744 1642 800 regnum
1693 745 1809 784 non

113 816 268 872 aliud
299 831 476 886 quam
524 817 672 885 passi
705 816 828 886 jam
869 817 1124 886 corporis
1155 817 1485 873 clariﬁcatio
1515 827 1617 874 est.
1653 819 1810 874 Unde

109 913 234 959 est:
298 927 318 953 ε
370 904 615 974 Spiritus
662 905 920 960 nondum
977 905 1161 960 fuerat
1219 905 1406 973 datus,
1459 906 1597 976 quia
1647 907 1810 962 Iesus

115 993 369 1048 nondum
415 992 600 1048 fuerat
643 993 991 1048 clariﬁcatus
1043 994 1232 1060 (Joan.
1264 1009 1360 1060 vn,
1412 993 1523 1064 39.)
1560 1016 1580 1042 ι
1617 994 1811 1060 Qualis

111 1095 246 1150 ergo
278 1089 415 1136 tunc
445 1089 566 1136 erat
604 1096 736 1136 cum
784 1081 919 1135 talia
957 1080 1202 1136 ediceret
1233 1096 1245 1135 :
1285 1104 1304 1130 ι
1344 1082 1448 1146 Qui
1501 1082 1811 1137 manducat

113 1182 339 1224 carnem
402 1183 608 1233 meam,
669 1177 723 1224 et
773 1169 914 1225 bibit
969 1169 1313 1239 sanguinem
1369 1185 1561 1225 meum
1617 1170 1671 1225 in
1725 1185 1812 1226 me

111 1264 302 1314 manet
351 1259 548 1323 (Joan.
602 1257 818 1328 vr,57),
871 1279 899 1306 »
954 1265 1052 1312 et:
1111 1280 1131 1306 ι
1167 1256 1274 1323 Qui
1335 1258 1648 1314 manducat
1698 1273 1807 1326 me,

110 1346 255 1400 vivit
301 1354 528 1414 propter
586 1360 675 1400 me
724 1344 926 1415 (Ibid.,
982 1345 1090 1414 58),
1121 1367 1140 1392 ι
1201 1345 1311 1400 tale
1360 1346 1691 1402 existimant
1734 1347 1813 1416 ip-

112 1449 263 1501 sum,
306 1434 461 1505 quod
492 1434 724 1490 vitalem
758 1449 831 1489 ex
864 1434 1030 1489 altari
1060 1449 1222 1490 esum
1255 1435 1488 1504 przebet.

183 1522 286 1578 Sed
344 1536 506 1578 cassa
555 1523 623 1578 de
670 1523 804 1578 Jesu
866 1523 1079 1578 mortui
1139 1523 1514 1579 similitudine
1573 1524 1812 1594 quaestio

107 1619 212 1676 est,
241 1611 378 1681 quia
409 1612 510 1682 qui
544 1620 808 1667 mortuus
852 1619 955 1679 est,
1000 1612 1055 1666 in
1098 1625 1204 1666 sua
1254 1612 1433 1680 ipsius
1472 1620 1651 1667 morte
1697 1626 1810 1667 non

109 1699 268 1754 aliud
301 1714 475 1769 quam
514 1699 610 1755 Dei
653 1699 830 1754 Filius
859 1707 959 1755 est.
985 1699 1095 1764 Qui
1115 1701 1266 1754 enim
1300 1699 1372 1755 ab
1403 1700 1624 1770 origine
1641 1715 1810 1756 mun-

111 1788 190 1853 di,
239 1796 552 1858 antequam
603 1789 987 1858 temporaliter
1043 1797 1397 1856 nasceretur,
1452 1789 1672 1844 occisus
1726 1789 1811 1844 di-

113 1874 284 1941 citur,
325 1883 379 1930 et
411 1890 542 1944 quae
569 1890 703 1931 cum
751 1876 1015 1946 patribus
1050 1885 1176 1932 acta
1222 1884 1359 1932 sunt
1386 1876 1567 1948 egisse
1598 1877 1812 1947 legitur

115 1963 314 2034 (Apoc.
347 1977 466 2030 xm,
500 1963 575 2028 8i,
603 1963 770 2031 sicut,
826 1973 888 2020 ut
920 1965 996 2019 ita
1034 1965 1260 2034 loquar,
1295 1974 1605 2036 antequam
1647 1973 1810 2032 esset,

114 2051 224 2106 fuit
268 2052 344 2107 ita
395 2061 660 2107 mortuus
702 2067 925 2123 semper
967 2053 1215 2122 idipsum
1263 2054 1417 2123 quod
1462 2054 1634 2109 vivus
1684 2054 1809 2119 fuit,

116 2140 271 2196 unde
319 2140 398 2195 nil
453 2141 600 2196 inter
643 2142 933 2197 viventem
979 2150 1033 2197 et
1078 2150 1376 2198 mortuum
1417 2142 1660 2198 discerni
1711 2143 1813 2198 de-

117 2229 263 2284 buit.
297 2231 419 2298 Ipse
452 2231 608 2299 apud
638 2229 847 2285 Judam
879 2230 1199 2300 apostolum
1235 2231 1486 2286 secundo
1534 2231 1812 2300 populum

113 2317 184 2372 de
210 2316 455 2386 ngypto
487 2317 680 2372 eduxit
730 2318 874 2386 (Jud.
925 2318 1005 2388 v).
1042 2318 1106 2374 Et
1147 2319 1363 2374 Paulus
1396 2318 1701 2379 Christum
1753 2318 1813 2372 in

116 2406 336 2460 deserto
389 2405 461 2460 ab
507 2405 778 2461 Israelitis
824 2414 1105 2462 tentatum
1157 2407 1292 2463 dicit
1341 2408 1402 2476 (Ι
1456 2408 1580 2464 Cor.
1631 2421 1688 2469 Χ,
1737 2405 1811 2476 9).

111 2494 377 2563 Mysteria
427 2505 619 2550 autem
668 2496 866 2551 eadem
915 2510 1016 2566 per
1066 2496 1454 2551 omnimodam
1503 2495 1816 2550 divinitatis

115 2581 478 2638 affluentiam
531 2583 834 2652 viviﬁcari,
887 2584 977 2639 sin
1029 2583 1174 2639 alias
1232 2583 1433 2639 saltem
1497 2583 1817 2639 sacrativus

115 2668 235 2740 ipse
263 2685 449 2726 canon
480 2673 772 2727 evidenter
803 2673 1068 2728 ostendit.
1122 2695 1143 2720 ι
1183 2672 1518 2728 Sanctiﬁcas
1543 2714 1557 2739 ,
1599 2671 1811 2741 inquit,

112 2760 397 2826 viviﬁcas,
425 2760 713 2816 benedicis
740 2770 794 2817 et
814 2768 1049 2830 praestas
1077 2761 1260 2818 nobis.
1292 2783 1311 2808 ι
1337 2762 1440 2817 Per
1462 2774 1592 2832 quae
1623 2757 1816 2816 omni-

118 2855 405 2917 potentem
440 2848 694 2904 efﬁcacia
723 2849 926 2905 reddit.

1921 473 2033 533 tur,
2065 467 2231 535 quasi
2262 467 2370 521 nisi
2413 464 2700 535 quidquid
2740 479 3080 533 corporeum
3123 464 3296 532 ipsius
3327 472 3410 520 est
3442 479 3476 519 a
3508 479 3619 520 me-

1917 554 2100 609 moria
2161 555 2487 625 abrogetur,
2553 554 2622 608 ad
2673 553 3095 622 contemplandi
3158 553 3386 608 animus
3449 553 3617 607 fidem

1918 642 2252 699 nullatenus
2280 643 2635 698 sublevatur.
2667 640 2944 711 Superius
2978 641 3195 696 dictum
3221 641 3511 715 est,quod
3544 642 3617 696 ad

1917 731 2384 787 exercitationem
2426 731 2555 786 ﬁdei
2600 738 2828 796 nostras,
2869 744 2902 784 a
2934 729 3238 800 principali
3278 744 3516 798 corpore
3546 730 3617 784 ad

1917 819 2221 888 mysticum
2275 819 2552 875 Dominus
2597 826 2788 874 noster
2833 833 2938 874 nos
2985 818 3168 874 voluit
3203 818 3520 883 traducere,
3564 825 3620 873 et

1917 907 2126 963 exinde
2177 909 2343 978 quasi
2382 908 2729 978 quibusdam
2766 907 3045 977 gradibus
3084 907 3155 962 ad
3186 907 3396 961 divinae
3426 906 3618 962 subti-

1918 996 2093 1051 litatis
2123 997 2553 1067 intelligentiam
2582 997 2832 1052 erudire.

1989 1083 2163 1150 Quasi
2193 1100 2330 1155 ergo
2365 1085 2433 1139 de
2475 1084 2812 1140 extrinsecae
2840 1083 3076 1139 visionis
3118 1083 3497 1140 crassitudine
3546 1083 3618 1138 ad

1921 1172 2350 1242 imaginationis
2396 1171 2711 1228 tenuiorem
2783 1171 3124 1238 contuitum,
3177 1187 3245 1227 ac
3284 1172 3328 1227 si
3379 1172 3447 1227 de
3491 1185 3620 1226 can-

1916 1260 2068 1315 nabo
2096 1261 2376 1316 subduxit
2406 1261 2479 1315 ad
2526 1260 2731 1327 linum,
2775 1261 2914 1315 dum
2953 1261 3022 1316 de
3070 1261 3255 1330 specie
3287 1275 3392 1316 sua
3423 1274 3617 1329 corpo-

1919 1348 2025 1403 rali
2069 1350 2141 1404 ad
2183 1350 2535 1419 agnitionem
2586 1349 2762 1418 hujus
2809 1353 2958 1401 350
3013 1348 3264 1417 mysterii
3334 1363 3435 1402 nos
3485 1361 3618 1416 pro-

1921 1438 2122 1506 movit,
2172 1446 2232 1493 ut
2287 1439 2354 1494 de
2401 1437 2686 1494 tractabili
2743 1437 3107 1492 carnulentia
3155 1437 3622 1506 resipiscentibus

1921 1526 2166 1582 alterum
2223 1527 2502 1596 quiddam
2548 1525 2842 1596 pollicens,
2894 1525 3006 1581 imo
3037 1526 3356 1592 continens,
3408 1524 3624 1594 species

1852 1654 1892 1707 Β
1919 1614 2298 1686 efﬁngeretur
2327 1615 2527 1671 altera.
2579 1615 2728 1670 Dum
2779 1614 2936 1669 enim
2977 1613 3161 1681 rudis,
3203 1621 3258 1669 et
3300 1613 3622 1669 formarum

1921 1703 2361 1774 allegoricarum
2414 1704 2631 1759 inscius
2671 1702 2962 1773 quispiam
3006 1702 3119 1757 duo
3159 1701 3255 1756 illa
3286 1701 3621 1768 materialia,

1922 1806 2129 1862 panem
2169 1807 2235 1847 ac
2264 1792 2468 1847 vinum
2493 1791 2723 1858 scilicet,
2759 1791 2817 1845 in
2851 1791 3017 1846 altari
3059 1788 3347 1859 proposita
3379 1797 3626 1844 contem-

1919 1879 2135 1949 platur,
2167 1887 2221 1934 et
2267 1879 2324 1933 in
2377 1878 2446 1933 iis
2496 1893 2708 1948 corpus
2746 1879 2882 1933 .Iesu
2921 1892 2988 1932 ac
3035 1877 3381 1946 sanguinem
3413 1875 3626 1932 sentire

1920 1969 2174 2034 docetur,
2207 1968 2276 2022 ad
2318 1975 2600 2036 quantam
2651 1974 2922 2036 putamus
2951 1979 3238 2021 summam
3269 1965 3490 2036 ,divinae
3523 1980 3623 2021 cu-

1921 2057 2188 2114 rialitatis
2217 2055 2526 2111 educitur?

1993 2144 2154 2211 Quod
2193 2144 2240 2199 si
2291 2143 2397 2198 hoc
2443 2151 2555 2198 tam
2585 2156 2888 2212 operosum
2934 2140 3056 2196 ﬁeri
3103 2141 3398 2197 mandavit
3440 2141 3614 2206 Deus,

1922 2233 2002 2289 sic
2036 2241 2228 2289 tamen
2268 2239 2332 2287 ut
2365 2230 2534 2300 primi
2568 2239 2727 2300 parte
2757 2231 3011 2299 corporis
3052 2245 3166 2285 non
3199 2237 3416 2285 careret
3445 2243 3623 2285 mun-

1923 2323 2050 2384 dus,
2108 2335 2248 2391 ergo
2307 2319 2417 2375 tria
2473 2332 2715 2388 corpora
2763 2317 2933 2373 habet
2983 2318 3154 2373 Deus.
3220 2317 3345 2372 Erit
3405 2318 3619 2388 itaque,

1925 2411 2130 2481 primo,
2196 2416 2537 2478 conceptum
2599 2421 2808 2477 corpus
2868 2421 2940 2463 ex
3007 2407 3265 2477 Virgine;
3348 2407 3620 2472 secundo,

1926 2499 2065 2556 illud
2089 2499 2243 2570 quod
2271 2498 2379 2554 sub
2409 2497 2598 2568 ﬁgura
2627 2495 2822 2566 agitur
2851 2495 2907 2550 in
2941 2510 3086 2565 pane
3107 2503 3160 2550 et
3187 2494 3398 2560 calice;
3432 2495 3619 2562 tertio,

1923 2587 2078 2658 quod
2120 2585 2482 2656 impassibile,
2541 2586 2652 2640 imo
2696 2583 3080 2654 gloriﬁcatum
3123 2583 3242 2652 jam
3275 2581 3484 2638 assidet
3516 2596 3623 2652 pa-

1924 2684 2101 2732 ternae
2137 2675 2403 2730 dexterae.
2467 2673 2572 2728 Cui
2623 2673 2937 2738 sententia),
2991 2671 3037 2726 si
3087 2671 3223 2726 velit
3257 2671 3495 2740 quilibet
3546 2685 3630 2726 re-

1924 2764 2162 2834 fragari,
2196 2763 2389 2819 dicens
2427 2762 2576 2818 idem
2615 2775 2735 2817 esse
2756 2761 2825 2816 de
2859 2759 3092 2830 Virgine
3124 2767 3329 2815 natum
3351 2758 3626 2828 crocique

1926 2866 2264 2922 appensum,
2317 2859 2374 2907 et
2417 2850 2581 2907 illum
2613 2848 3107 2919 incorruptibilem
3141 2848 3197 2903 in
3227 2856 3463 2917 paterna
3492 2860 3628 2916 pro-

187 2935 215 3006 §
251 2936 346 2992 IV.
378 2936 490 2990 Nil
516 2937 901 3008 reliquiarum
928 2955 1167 2993 suarum
1197 2937 1260 2992 in
1290 2937 1500 2993 mundo
1529 2938 1815 2994 Christum
1856 2952 1898 3008 ς,
1927 2948 2176 3005 vectum,
2236 2937 2478 3006 fallitur,
2540 2939 2678 3009 quia
2736 2938 2838 2993 etsi
2896 2937 3078 2992 eidem
3131 2936 3322 2992 existit
3375 2948 3628 3004 persona:

115 3023 421 3095 reliquisse
447 3026 740 3082 contendit
781 3027 1111 3082 Guibertus.
1155 3057 1224 3066 —
1267 3028 1396 3083 Haec
1425 3026 1620 3097 itaque
1657 3042 1817 3096 sepo-

115 3126 350 3181 namus,
382 3120 437 3170 et
474 3128 541 3169 ea
577 3129 709 3185 qum
753 3115 821 3170 de
860 3115 1026 3171 dente
1075 3123 1131 3171 et
1185 3115 1456 3171 umbilico
1507 3115 1818 3172 Salvatoris

115 3203 328 3258 omissa
361 3202 610 3271 fuerant,
641 3211 989 3273 repetamus.
1025 3205 1090 3259 In
1122 3219 1237 3275 quo
1266 3204 1516 3273 primum
1565 3205 1705 3260 illud
1735 3211 1819 3261 est

116 3291 558 3359 attendendum,
591 3292 742 3362 quod
783 3293 931 3349 sicut
962 3293 1030 3349 de
1080 3301 1277 3348 sancto
1323 3293 1540 3364 Spiritu
1568 3293 1814 3349 dicitur:

118 3399 149 3430 α
183 3379 452 3450 Expedit,
487 3380 693 3449 inquit,
729 3380 909 3447 vobis,
941 3388 1004 3436 ut
1043 3397 1146 3451 ego
1178 3383 1415 3450 vadam;
1441 3381 1486 3436 si
1519 3382 1668 3437 enim
1701 3396 1817 3437 non

118 3467 340 3531 abiero,
383 3467 714 3524 Paracletus
746 3483 858 3524 non
889 3469 1278 3525 venietJoan.
1298 3486 1412 3539 xw,
1445 3469 1520 3537 7),
1552 3491 1580 3520 ››
1619 3471 1697 3526 ita
1718 3469 1819 3540 qui

118 3555 525 3626 hujuscemodi
555 3557 832 3628 reliquias
860 3557 967 3613 sibi
1015 3567 1310 3630 arrogant,
1343 3559 1540 3624 verba,
1574 3566 1638 3614 ut
1679 3557 1820 3614 mihi

113 3645 371 3710 videtur,
424 3645 684 3702 veritatis
735 3646 1050 3702 inﬁrmant.
1103 3647 1249 3714 Quid
1293 3656 1376 3704 est
1417 3648 1569 3704 enim
1613 3646 1667 3701 si
1703 3664 1822 3704 non

114 3732 354 3788 abiero?
400 3734 573 3790 Plane
616 3735 724 3791 nisi
772 3736 1132 3806 przesentiam
1186 3738 1539 3806 corporalem
1588 3737 1818 3793 subtra-

1926 3029 2264 3100 proprietas,
2318 3028 2489 3098 longe
2537 3026 2826 3083 dissimilis
2894 3033 3083 3081 tamen
3142 3024 3198 3078 in
3251 3023 3629 3094 qualitatibus

1925 3126 2272 3174 naturarum
2343 3115 2638 3171 invenitur
2701 3114 2966 3170 essentia.
3033 3111 3359 3168 Gloriﬁcato
3417 3110 3626 3166 etenim

1927 3205 2092 3262 nulla
2120 3205 2387 3274 deinceps
2428 3203 2627 3258 mortis
2678 3202 2880 3271 poterit
2914 3200 3267 3271 passionisve
3304 3213 3424 3255 suae
3454 3198 3630 3254 domi-

1928 3296 2055 3351 nari
2089 3295 2361 3365 potentia.
2391 3292 2494 3348 Sed
2528 3292 2685 3347 hunc
2712 3290 2970 3346 libellum
2996 3288 3339 3359 congruenti
3369 3288 3489 3358 jam
3513 3295 3620 3342 ter-

1928 3384 2086 3440 mino
2117 3383 2538 3448 succludentes,
2573 3380 2730 3435 aliud
2779 3378 3008 3434 initium
3035 3377 3387 3440 adoriamur,
3418 3383 3473 3430 et
3503 3375 3628 3430 haec

1932 3473 2055 3542 ipsa
2080 3487 2209 3541 quae
2237 3472 2294 3525 in
2324 3469 2762 3540 prtescntiarum
2793 3467 3092 3532 mittimus,
3126 3474 3180 3520 et
3211 3465 3325 3519 alia
3350 3479 3480 3533 quze
3511 3463 3625 3518 Deo

1929 3560 2264 3630 inspirante,
2323 3573 2426 3614 nos
2479 3559 2805 3628 adjecturos
2857 3555 3164 3622 credimus,
3248 3559 3622 3619 resumentes,

1927 3657 2129 3706 contra
2170 3662 2370 3703 eorum
2424 3660 2538 3702 non
2572 3645 2865 3715 reliquias,
2898 3644 2995 3700 sed
3039 3643 3420 3713 blasphemias
3449 3641 3631 3697 accin-

1931 3751 2150 3809 gimur.

1403 4031 1755 4116 LIBER
1846 4028 2353 4117 TERTIUS.

122 4190 454 4256 CONTRA
493 4188 1453 4267 SANCTI-MEDABDENSES,
1505 4190 1640 4266 QUI
1691 4189 2022 4254 DENTEM
2073 4187 2584 4255 SALVATORIS
2633 4185 2958 4252 HABERE
3017 4184 3113 4252 SE
3172 4180 3628 4252 ASSERUNT.

681 4483 907 4541 CAPUT
949 4483 1252 4539 PRIMUM.

197 4572 226 4642 §
259 4573 304 4628 Ι.
340 4573 478 4629 Cum
509 4571 685 4640 falsa
721 4575 828 4628 Deo
874 4574 975 4626 aut
1011 4571 1233 4626 sanctis
1281 4569 1576 4638 adscribit,
1630 4569 1830 4624 honori

119 4659 322 4715 divino
341 4661 582 4733 derogat
600 4661 838 4716 devotio.
863 4662 1048 4715 Error
1063 4660 1160 4715 ubi
1178 4660 1384 4734 religio
1403 4660 1656 4714 creditur
1675 4659 1831 4730 difﬂ-

120 4748 352 4804 cillime
377 4749 699 4822 corrigitur.
734 4780 802 4789 -—
833 4751 1009 4806 Penes
1031 4751 1212 4806 Deum
1237 4764 1304 4805 ac
1323 4758 1549 4805 sanctos
1574 4748 1700 4818 ejus
1717 4763 1834 4803 om-

120 4837 380 4892 nimodis
413 4848 497 4893 est
529 4839 905 4909 approbanda
952 4839 1198 4906 devotio,
1249 4838 1365 4900 sed,
1399 4851 1533 4893 cum
1572 4837 1681 4892 sibi
1712 4844 1833 4892 tan-

124 4933 251 4981 tum
285 4925 513 4982 devotio
560 4936 792 4999 arrogat
831 4935 1118 4996 quantum
1169 4927 1504 4982 nullatenus
1543 4924 1834 4996 religionis

123 5016 279 5070 ratio
312 5015 734 5083 subministrat,
770 5016 922 5071 unde
946 5018 1076 5085 pius
1101 5015 1344 5086 quilibet
1366 5014 1694 5070 divinorum
1717 5013 1835 5068 cul-

124 5112 217 5160 tor
254 5103 560 5173 praamium
592 5105 839 5174 opperiri
875 5112 1156 5174 potuerat,
1192 5105 1252 5160 ﬁt
1284 5103 1608 5159 miserabile
1655 5102 1832 5172 quid—

127 5191 266 5246 dam
325 5200 389 5247 ut
440 5193 571 5247 inde
620 5207 854 5264 pmnam
905 5192 1244 5262 nequissimi
1296 5191 1508 5248 erroris
1559 5192 1834 5246 insumat.

126 5280 277 5336 Cum
327 5281 482 5336 enim
530 5281 599 5336 de
650 5283 763 5336 Deo
818 5289 920 5337 aut
965 5281 1172 5335 colitur
1211 5289 1313 5335 aut
1349 5280 1563 5335 dicitur
1591 5279 1833 5349 aliquid,

129 5369 292 5438 quod
352 5369 536 5439 ipsius
587 5369 846 5426 veritatis
901 5368 1239 5424 testimoniis
1295 5368 1530 5423 indubie
1591 5367 1840 5423 oblucte-

128 5464 251 5525 tur,
289 5457 568 5514 nimirum
599 5459 806 5514 accidit
839 5465 903 5514 ut
934 5464 1095 5512 tanto
1123 5456 1378 5512 deterius
1405 5463 1624 5526 quanto
1654 5455 1839 5511 incor-

130 5545 432 5616 rigibilius
473 5561 635 5603 mens
662 5560 906 5603 exorare
935 5545 1233 5616 probetur,
1282 5545 1423 5601 dum
1465 5543 1574 5600 sub
1616 5542 1842 5613 pietatis

501 5638 779 5703 PATROL.
832 5638 1034 5703 CLVI.

1866 4483 1908 4536 D
1941 4481 2128 4538 colore
2170 4489 2456 4552 peccrtur.
2499 4481 2589 4537 Nil
2633 4478 2785 4537 enim
2837 4481 3002 4551 pejus
3042 4493 3219 4550 quam
3262 4479 3415 4534 mala
3442 4493 3632 4550 agere,

1937 4578 1992 4626 et
2023 4572 2143 4626 haec
2172 4571 2294 4639 ipsa
2336 4583 2467 4640 quae
2507 4569 2828 4624 inconsulte
2882 4575 3187 4639 geruntur,
3239 4581 3338 4636 pro
3365 4567 3635 4622 exercitio

1940 4659 2077 4714 boni
2118 4659 2306 4728 operis
2355 4658 2655 4714 aastimare.
2713 4657 2872 4713 Unde
2916 4670 3054 4726 ergo
3103 4664 3157 4710 et
3209 4655 3440 4725 quando
3475 4668 3638 4711 error

1942 4747 2044 4802 iste
2072 4745 2412 4816 corrigetur,
2443 4747 2544 4816 qui
2584 4759 2698 4800 non
2748 4744 2931 4800 solum
2982 4756 3144 4798 error
3199 4756 3311 4796 non
3360 4743 3636 4809 creditur,

1941 4836 2038 4891 sed
2098 4835 2270 4891 etiam
2329 4835 2542 4891 divinae
2609 4833 2964 4905 dignationis
3023 4830 3408 4902 praerogativa
3481 4839 3642 4900 puta-

1943 4923 2079 4980 tur?

2011 5011 2208 5068 Omnis
2260 5012 2474 5082 peccati
2541 5010 2948 5068 correctionem
3001 5009 3198 5064 animo
3247 5007 3642 5077 delinquentis

1944 5101 2163 5157 inducit
2218 5109 2318 5156 aut
2371 5100 2561 5167 timor,
2606 5107 2706 5155 aut
2759 5099 2960 5168 pudor.
3009 5098 3224 5165 Timor,
3285 5103 3387 5152 aut
3419 5096 3639 5152 divinae

1943 5191 2276 5254 aversionis,
2338 5197 2439 5244 aut
2490 5195 2762 5243 extremae
2820 5185 3372 5252 animadversionis;
3430 5185 3640 5253 pudor,

1943 5285 2046 5332 aut
2097 5277 2380 5333 mordacis
2411 5277 2563 5331 intra
2604 5275 3007 5331 conscientiam
3051 5280 3263 5338 reatus,
3317 5280 3418 5328 aut
3464 5273 3645 5329 timidi

1952 5365 2024 5422 ob
2057 5365 2216 5436 vulgi
2247 5365 2502 5421 fabulam
2536 5365 2608 5420 ad
2655 5363 2912 5418 homines
2958 5361 3176 5418 vultus.
3223 5361 3330 5418 Ubi
3369 5377 3506 5433 ergo
3545 5377 3648 5418 nec

1951 5455 2362 5525 cogitationnrn
2412 5452 2644 5508 animus
2686 5452 2926 5521 ambage
2981 5450 3270 5517 turbatur,
3329 5466 3434 5506 nec
3482 5451 3652 5506 facies

1950 5557 2024 5600 ex
2064 5542 2388 5612 cujuspiam
2432 5542 2651 5597 visione
2691 5539 3069 5607 suffunditur,
3111 5539 3476 5610 resipiscendi
3521 5553 3651 5607 pro-
