3914 6094
348 271 441 321 631

1231 265 1290 318 ν.
1331 264 1662 320 GUIBERTI
1701 263 1992 322 ABBATIS
2030 266 2092 320 S.
2139 265 2376 320 MARUE
2419 265 2506 320 DE
2550 265 2937 321 NOVIGENTO

3737 273 3841 324 652

346 401 486 454 fecto
541 396 801 452 materies
833 396 992 451 nulla
1017 397 1369 467 suggeritur.
1404 395 1696 465 Quidquid
1727 396 2020 464 vitupera-
2059 401 2104 452 Α
2137 397 2362 452 minum
2388 397 2581 452 Iesum
2635 397 2911 451 mendacii
2958 397 3145 452 velitis
3187 412 3495 454 accersere.
3531 400 3586 454 Si
3635 414 3669 454 a
3712 401 3844 455 Pro-

346 489 476 555 bile,
525 495 579 543 et
629 487 799 542 etiam
850 486 1211 540 alienationis
1244 499 1277 540 a
1309 486 1419 539 Deo
1453 485 1707 554 plenum,
1749 493 1804 540 et
1834 485 2034 540 Eccle-

344 577 584 632 siasticis
620 574 1060 630 auctoritatibus
1101 573 1334 628 omnino
1374 574 1632 638 obvium,
1678 573 1817 628 dum
1867 571 2034 643 quasi

344 664 701 736 praedicabile
723 664 1042 733 jactitatur,
1068 671 1122 717 et
1153 661 1452 732 privilegio
1484 662 1783 731 cujusdam
1827 662 2034 732 singu—

343 755 582 810 laritatis
612 751 938 813 ascribitur,
973 764 1277 820 nunquam
1311 750 1380 804 ad
1412 750 1672 820 regulam
1705 750 1826 805 veri
1859 749 2034 805 studii

341 844 458 899 ullo
490 841 657 896 modo
687 841 1019 910 castigatur.
1074 839 1134 893 In
1168 853 1283 907 quo
1327 852 1580 908 namque
1620 837 1869 908 alicujus
1902 838 2028 908 pia-

341 932 454 988 culi
509 927 867 985 conscientia
915 925 1229 996 penetralia
1279 934 1464 981 metus
1513 937 1699 997 urget,
1749 940 1877 995 spes
1907 941 2034 981 cor-

297 1015 306 1021 ’
338 1020 603 1076 rectionis
632 1017 882 1087 plurima
924 1023 1271 1081 commovet;
1307 1015 1405 1070 ubi
1455 1029 1586 1070 vero
1622 1015 1854 1070 cultura
1897 1028 2029 1070 san-

338 1107 548 1163 ctitatis
579 1105 929 1171 obtenditur,
973 1103 1030 1157 in
1079 1117 1199 1174 quo
1235 1110 1424 1158 tamen
1476 1102 1680 1157 mentis
1721 1103 1958 1158 intentio
1999 1116 2033 1157 a

333 1196 504 1266 justa
548 1193 899 1250 crudelitatis
941 1193 1212 1262 aquitate
1253 1190 1563 1259 diducitur,
1608 1205 1914 1261 nunquam
1957 1191 2030 1246 ad

337 1286 546 1340 lineam
571 1281 982 1338 emendationis
1012 1281 1356 1350 assurgitur.

410 1372 437 1442 ἓ
468 1372 535 1426 II.
572 1372 808 1425 Dentem
839 1366 1144 1422 salvatoris
1180 1368 1387 1422 habere
1432 1383 1495 1420 se
1535 1366 1882 1421 contendunt
1916 1381 2032 1420 mo-

335 1459 509 1515 nachi
540 1461 596 1515 S.
643 1457 912 1512 Medardi
957 1456 1397 1512 Suessionensis.
1437 1486 1506 1495 —-
1538 1456 1674 1510 Inde
1721 1464 1825 1524 est,
1874 1455 2030 1525 quod

339 1548 566 1604 ﬁnitimi
594 1546 770 1603 nostri
813 1546 1436 1601 Sancti-Medardenses
1476 1544 1740 1600 monachi
1787 1546 2029 1615 antiquo

338 1651 509 1706 penes
557 1636 730 1691 corda
773 1635 1040 1690 bebetum
1092 1635 1357 1690 coaluere
1404 1634 1720 1700 mendacio,
1779 1633 1916 1688 dum
1963 1645 2030 1687 ea

337 1726 443 1780 sibi
492 1739 666 1794 super
729 1725 896 1778 dente
958 1722 1285 1789 Salvatoris,
1343 1736 1515 1792 quem
1585 1721 1866 1776 novennis
1927 1735 2028 1790 pro

336 1822 546 1868 natura
577 1811 834 1878 ediderit,
879 1811 1237 1878 attribuunt;
1288 1811 1344 1864 in
1375 1809 1592 1879 quibus
1625 1809 1744 1878 spei
1786 1809 2029 1864 univer-

334 1902 470 1956 salis
497 1901 759 1956 columen
791 1906 965 1969 atque
992 1899 1288 1969 fastigium
1332 1899 1500 1968 quasi
1540 1897 1834 1968 phalarico
1866 1897 2028 1967 jactu

333 1990 672 2054 destituunt,
707 1995 761 2042 et
793 1988 931 2042 dum
963 2002 1020 2042 se
1051 1987 1339 2042 celebrare
1367 1993 1666 2056 appetunt,
1710 1985 1840 2040 ﬁdei
1873 2000 2026 2040 com-

333 2079 528 2133 munis
569 2078 859 2146 pracipua
897 2076 1254 2131 munimenta
1304 2075 1670 2145 provolvunt.
1724 2075 1828 2130 Cui
1872 2075 2025 2129 enim

334 2173 459 2232 post
490 2164 616 2219 ﬁdei
649 2164 995 2234 agnitionem
1029 2163 1146 2232 spei
1187 2163 1353 2233 vigor
1388 2163 1674 2228 obruitur,
1729 2161 1830 2231 qui
1868 2160 2027 2216 aliud

330 2266 507 2322 quam
555 2251 723 2307 radix
779 2252 950 2307 totius
998 2250 1130 2306 boni
1173 2251 1459 2319 appetitus
1503 2257 1557 2305 et
1603 2249 2028 2304 exercitationis

329 2339 652 2396 exciditur?
703 2339 756 2394 Si
797 2354 1034 2395 succum
1081 2339 1316 2408 integrae
1346 2338 1699 2394 credulitatis
1749 2338 2022 2406 habuero,

329 2437 383 2484 et
418 2437 751 2484 sanctorum
791 2431 1026 2483 actuum
1058 2428 1446 2496 undecunque
1491 2429 1715 2497 thyrsos
1764 2428 2020 2496 emisero,

330 2517 585 2572 arefacta
632 2516 750 2586 spei
788 2515 997 2582 radice,
1053 2529 1171 2584 qua
1215 2529 1438 2570 cauoex
1489 2523 1662 2584 atque
1709 2516 2025 2571 ramusculi

330 2605 756 2671 humectantur,
830 2609 967 2658 35I
1031 2603 1111 2658 nil
1170 2603 1228 2657 in
1279 2603 1436 2659 omni
1485 2603 1706 2659 arboris
1755 2604 2024 2659 machina

329 2693 484 2763 quod
541 2693 775 2748 delectet
839 2698 939 2747 aut
1001 2691 1271 2760 expediat
1339 2692 1702 2760 exspectabo.
1766 2691 1821 2747 Si
1882 2693 2024 2748 bene

327 2783 488 2847 seris,
530 2783 575 2836 si
620 2783 761 2836 bene
808 2780 1154 2849 proveniunt
1203 2780 1555 2835 incrementa
1599 2782 1884 2848 sementis,
1939 2790 2021 2836 to-

325 2878 563 2940 tamque
592 2869 813 2940 grando
843 2868 1114 2936 dilapidet
1145 2867 1283 2923 dum
1319 2865 1522 2923 falcem
1555 2868 1749 2935 mittis,
1783 2868 1924 2938 quid
1950 2883 2023 2924 ex

326 2960 432 3015 hoc
460 2955 830 3014 emolumenti
867 2956 1262 3026 prosequeris?

398 3048 608 3102 Probat
639 3046 948 3100 Guibertus
966 3044 1193 3099 dentem
1220 3061 1504 3116 nusquam
1531 3044 1593 3098 in
1623 3043 1794 3101 terris
1849 3043 2018 3099 Chri-

323 3139 473 3191 stum
497 3133 822 3205 reliquisse.
858 3165 926 3173 —
958 3133 1139 3189 Velim
1172 3147 1204 3188 a
1237 3134 1398 3189 vobis
1419 3147 1726 3203 agnoscere
1752 3147 2018 3204 quanam

326 3227 393 3280 de
440 3225 855 3280 resurrectione
897 3223 1136 3279 sentitis.
1191 3223 1262 3279 Ut
1309 3223 1368 3277 in
1421 3223 1532 3278 ﬁne
1581 3223 1775 3278 saculi
1836 3223 2022 3278 lienda

324 3316 614 3381 reticeam,
657 3314 964 3368 Dominum
1010 3311 1221 3380 ipsum,
1267 3310 1437 3381 cujus
1476 3311 1702 3366 dentem
1737 3325 1851 3380 pra
1892 3325 2022 3366 ma-

231 3427 233 3429 ί
325 3403 497 3458 nibus
547 3403 754 3457 habere
788 3415 887 3456 vos
927 3401 1167 3466 traditis,
1216 3413 1587 3469 nequaquam
1637 3400 2022 3455 resurrexisse

325 3491 564 3562 negatis.
600 3491 654 3545 Si
690 3489 1023 3551 resurrexit,
1064 3488 1510 3558 particulariter,
1560 3502 1774 3557 quaso,
1821 3503 2020 3544 resur-

325 3582 473 3636 rexit
502 3595 575 3634 an
617 3580 801 3634 totus?
833 3577 887 3633 Si
921 3585 1103 3633 totum
1139 3576 1520 3631 resurrexisse
1571 3576 1876 3645 testamini,
1918 3577 2019 3632 ubi

324 3685 471 3740 quas
507 3669 666 3725 vobis
695 3667 987 3723 assumitis
1027 3673 1216 3736 partes
1255 3666 1466 3721 erunt?
1513 3664 1567 3719 Si
1612 3667 1838 3734 partim,
1889 3681 2020 3736 qua

323 3760 394 3814 de
425 3759 587 3815 nobis
619 3756 1030 3813 resurrecturis
1066 3755 1325 3810 edixerat
1366 3753 1644 3823 promissa
1687 3755 1830 3824 quid
1881 3769 2020 3824 pro-

323 3849 575 3904 derunt?
630 3847 802 3902 Plane
859 3848 903 3901 si
955 3844 1184 3914 probari
1250 3844 1494 3913 potuerit
1553 3844 1610 3898 in
1655 3844 1839 3912 seipso
1887 3858 2019 3914 qua

323 3937 487 3992 nobis
512 3936 580 3990 de
624 3935 787 3989 nobis
821 3932 1197 4002 spoponderat
1236 3947 1350 3987 non
1398 3932 1680 4001 implesse,
1725 3931 2020 4000 ambigui-

327 4033 495 4080 tatem
529 4037 643 4078 non
673 4023 970 4076 minimam
998 4022 1208 4075 nostris
1241 4019 1533 4076 videbitur
1553 4021 1760 4088 spebus
1784 4020 2014 4076 inferre.

323 4111 691 4166 Inferendum
721 4109 872 4164 enim
909 4124 975 4164 ac
1012 4109 1058 4162 si
1110 4109 1392 4178 proposito
1419 4109 1631 4178 aliquis
1677 4117 2017 4179 argumento

323 4200 591 4270 putabit:
647 4199 812 4264 Quid,
867 4197 1151 4267 inquiens,
1202 4200 1418 4253 cateris
1467 4199 1864 4268 sequentibus,
1915 4198 2015 4268 qui

327 4292 383 4344 in
415 4290 596 4357 seipso
629 4290 796 4343 Iidem
846 4287 1130 4342 dictorum
1173 4301 1414 4342 suorum
1463 4302 1575 4342 non
1613 4287 1881 4356 explicat,
1925 4287 2015 4342 fa-

324 4379 469 4434 ciet?
505 4377 597 4448 t“)
629 4376 912 4446 Capillum
961 4377 1028 4431 de
1068 4376 1248 4444 capite
1299 4384 1490 4431 nostro
1531 4390 1646 4431 non
1697 4376 2016 4444 periturum

324 4468 549 4522 dixerat
598 4465 756 4536 (Luc.
806 4466 1072 4535 xx1,18),
1124 4473 1179 4519 et
1229 4464 1363 4533 ipse,
1415 4465 1638 4534 corpori
1687 4479 1791 4520 suo
1850 4465 2016 4535 quasi

324 4555 679 4611 subcisivum
711 4555 982 4621 efficiens,
1019 4553 1332 4623 particulas
1382 4560 1544 4608 terra
1585 4554 1841 4617 mandat,
1871 4556 2016 4609 resi-

323 4647 506 4700 duum
536 4644 676 4699 coelo
714 4643 962 4698 inferens
990 4656 1048 4696 se
1088 4641 1467 4696 resurrexisse
1497 4642 1868 4709 pronuntiat?
1893 4640 2014 4712 [Qui

323 4734 445 4788 istis
504 4731 806 4802 implendis
860 4730 964 4786 sibi
1022 4737 1241 4784 constat
1305 4729 1680 4797 insufliciens,
1749 4731 1849 4800 qui
1909 4744 2016 4785 sua

322 4823 502 4890 ipsius
565 4820 833 4890 colligere
886 4819 947 4874 ﬁt
996 4818 1295 4886 impotens,
1358 4827 1553 4872 nostra
1602 4819 1859 4874 membra
1915 4831 2016 4886 per

323 4911 637 4966 humanam
675 4907 956 4964 incuriam
991 4908 1098 4962 hac
1137 4907 1384 4976 illacque
1432 4905 1688 4976 dispersa
1727 4906 2014 4976 quomodo

321 4998 582 5069 colliget?

390 5088 540 5142 Dnm
579 5083 870 5142 ecclesiam
921 5090 1170 5139 vestram
1217 5083 1534 5154 peregrinis
1582 5081 1786 5151 opibus
1839 5080 2014 5138 vultis

321 5177 593 5242 attollere,
636 5182 692 5231 et
731 5165 812 5230 de
847 5182 1032 5229 vestro
1070 5180 1223 5228 statu
1281 5173 1450 5242 longe
1498 5170 1800 5238 nobiliora,
1846 5170 2012 5242 longe

321 5265 393 5320 ab
423 5264 547 5319 aliis
573 5263 975 5320 excellentiora
996 5262 1233 5332 jactare,
1271 5261 1343 5316 ad
1376 5261 1429 5315 id
1458 5268 1727 5315 extrema
1767 5261 2013 5316 vesania

319 5353 390 5408 ad
421 5355 593 5408 vestri
627 5366 830 5407 sensus
860 5350 1085 5420 reprobi
1130 5349 1427 5405 cumulum
1470 5347 1760 5416 erupistis,
1804 5356 1867 5404 ut
1897 5363 2012 5405 non

318 5440 525 5506 solum,
560 5440 716 5510 quod
755 5439 912 5496 dictu
951 5439 1234 5494 nefarium
1275 5438 1614 5502 astimatur,
1672 5436 1781 5492 dici
1821 5443 2011 5494 tamen

316 5545 485 5601 opere
517 5531 762 5600 pretium
786 5536 890 5596 est,
937 5527 1266 5599 prophetica
1316 5527 1490 5594 dicta,
1526 5525 1623 5582 sed
1665 5526 1856 5596 ipsum
1903 5526 2007 5581 Do-

2146 485 2314 555 pheta
2364 485 2618 540 dicitur:
2659 508 2678 531 ι
2725 485 2848 540 Non
2895 486 3057 541 dabis
3104 495 3369 542 sanctum
3424 496 3589 542 tuum
3649 488 3844 544 videre

2144 573 2562 642 corruptionem
2599 573 2781 641 (Psat.
2835 588 2929 639 xv,
2988 577 3094 642 l0),
3148 575 3396 644 profecto
3437 576 3724 646 Propheta
3773 577 3846 630 is-

2144 661 2270 716 dem
2329 675 2440 716 non
2504 660 2784 716 immerito
2833 661 3090 717 falsitatis
3133 664 3423 733 arguitur,
3485 665 3624 733 quia
3677 663 3846 735 |Deus

2143 749 2261 820 ipse
2295 750 2418 804 sine
2469 749 2644 804 dubio
2688 757 2972 819 perpetua
3019 751 3370 820 corruptioni
3412 751 3719 808 addicitur.
3773 754 3845 807 Et

2144 838 2282 908 quid
2326 837 2506 908 magis
2544 839 2881 907 corruptela
2925 839 3046 894 sine
3083 853 3183 908 spe
3237 841 3688 909 recuperationis
3734 856 3845 896 ex—

2142 927 2389 996 positum
2433 940 2612 996 quam
2655 929 2801 981 Deus
2840 927 2932 982 ille
2969 935 3071 994 est,
3107 942 3279 997 quem
3321 942 3354 982 a
3405 929 3845 985 resurrectionis

2142 1015 2329 1086 gloria
2353 1025 2406 1070 et
2432 1016 2859 1085 incorruptione
2888 1023 3108 1071 constat
3138 1017 3490 1072 extrusum?

2211 1105 2362 1160 Deus
2391 1118 2572 1169 meus,
2606 1103 2744 1174 quid
2777 1103 3078 1159 infortunii
3120 1105 3326 1160 accidit
3356 1105 3511 1160 denti
3546 1105 3648 1174 illi,
3685 1121 3842 1162 nun-

2142 1207 2318 1264 quam
2350 1207 2454 1263 ego
2483 1207 2615 1248 eum
2647 1192 2865 1248 fatebor
2885 1207 3016 1248 cum
3060 1193 3283 1262 reliquo
3330 1207 3565 1264 corpore
3604 1194 3674 1249 de
3704 1209 3842 1250 san-

2141 1289 2229 1338 cto
2262 1280 2479 1351 Spiritu
2503 1281 2559 1335 in
2591 1281 2720 1336 alvo
2753 1281 3013 1352 virginea
3055 1290 3436 1350 procreatum,
3475 1283 3571 1338 sed
3603 1283 3842 1340 aliunde

2141 1371 2544 1426 adventantem
2572 1369 2881 1425 Dominicis
2941 1370 3170 1425 haesisse
3218 1369 3505 1438 faucibus,
3559 1385 3626 1425 ac
3674 1372 3719 1426 si
3769 1371 3840 1426 de

2139 1468 2392 1514 externa
2455 1458 2688 1513 surculo
2755 1458 2978 1514 arboris
3048 1459 3362 1516 insitivum.
3431 1459 3840 1529 Corrumpitur

2139 1561 2276 1617 ergo
2307 1546 2446 1601 dens
2479 1545 2587 1612 ille,
2625 1546 2782 1615 quia,
2818 1554 2881 1601 ut
2924 1546 3163 1601 verbum
3209 1547 3393 1615 ipsum
3427 1561 3498 1602 ex
3544 1547 3697 1616 seipo
3739 1563 3835 1602 re-

2139 1627 2377 1701 solvam,
2412 1634 2551 1690 dum
2581 1648 2615 1688 a
2653 1649 2756 1689 suo
2787 1649 3022 1704 corpore
3063 1635 3432 1704 abrumpitur
3460 1645 3514 1691 et
3561 1651 3625 1692 eo
3658 1637 3835 1691 clari-

2071 1701 2109 1754 Β
2139 1723 2304 1779 ﬁcato
2340 1723 2397 1777 in
2457 1732 2608 1778 terra
2663 1701 3032 1792 relinquitur,
3084 1731 3138 1778 et
3186 1701 3542 1792 sempiterna
3589 1724 3833 1778 miseria

2137 1813 2537 1879 addemnatur,
2569 1812 2729 1878 dum,
2761 1812 2847 1866 sin
2880 1811 3042 1878 alias,
3080 1811 3166 1866 vel
3210 1811 3264 1864 in
3308 1810 3418 1864 ﬁne
3462 1809 3658 1864 saculi
3697 1825 3832 1864 cum

2137 1900 2276 1956 calo
2329 1909 2599 1970 terraque
2655 1901 3025 1956 cremabitur.
3087 1900 3272 1970 Igitur
3310 1908 3408 1954 aut
3464 1900 3830 1969 arrogantia,

2137 1998 2238 2046 aut
2267 1990 2548 2045 mendacii
2577 1989 2924 2059 arguemini,
2969 1997 3023 2044 et
3061 2004 3177 2044 non
3211 1988 3633 2058 qualiscunque
3669 2002 3833 2042 men-

2136 2078 2304 2145 dacii,
2358 2078 2455 2132 sed
2507 2078 2652 2148 ejus,
2697 2077 2852 2146 quod
2901 2077 2959 2131 in
3008 2076 3205 2131 divina
3250 2075 3630 2143 blasphemas,
3681 2084 3735 2131 et
3785 2076 3830 2128 si

2135 2167 2478 2223 obstinatius
2544 2166 2896 2237 repugnetis,
2957 2165 3109 2220 circa
3174 2164 3510 2222 catholicam
3567 2179 3671 2220 vos
3740 2165 3834 2219 do-

2133 2256 2376 2312 ctrinam
2408 2254 2644 2310 reddam
2681 2254 2990 2309 hareticos.

2205 2343 2386 2412 Major
2437 2342 2631 2411 itaque
2670 2341 2834 2396 nobis
2889 2339 3222 2411 suggeritur
3269 2354 3413 2410 spes,
3462 2353 3637 2408 quam
3686 2339 3829 2408 parti

2132 2438 2187 2486 et
2216 2429 2435 2486 auctori
2471 2431 2585 2499 spei
2619 2439 2826 2484 nostra
2855 2429 2989 2484 Jesu
3035 2428 3294 2496 Domino,
3327 2428 3463 2484 dum
3511 2443 3611 2498 per
3639 2430 3835 2498 ipsum

2133 2519 2323 2590 colligi
2353 2533 2386 2574 a
2406 2533 2710 2588 corporum
2744 2525 3069 2572 nostrorum
3109 2516 3487 2587 dispersiones
3516 2532 3617 2572 nos
3646 2517 3834 2572 credi-

2133 2622 2283 2674 mus,
2317 2607 2374 2661 in
2403 2621 2518 2677 quo
2551 2607 2737 2676 ipsum
2786 2605 3117 2660 labefactari
3147 2605 3558 2675 conspicimus!
3603 2607 3675 2660 Et
3703 2620 3835 2662 ecce

2132 2697 2305 2752 vestri
2350 2695 2534 2765 gratia
2575 2708 2680 2748 nos
2741 2693 2869 2763 plus
2909 2709 3087 2764 quam
3128 2696 3290 2750 Jesus
3331 2695 3440 2750 hic.
3482 2695 3595 2750 Nos
3648 2696 3835 2766 igitur

2133 2784 2461 2840 omnimoda
2507 2782 2859 2853 regeneratio
2907 2793 3127 2851 manet;
3173 2785 3306 2839 Jesu
3360 2791 3549 2839 autem
3607 2784 3663 2838 in
3711 2792 3838 2840 tan-

2129 2880 2252 2928 tum
2294 2872 2658 2942 particularis
2689 2871 2964 2938 estfacta,
3000 2881 3063 2927 ut
3109 2880 3210 2927 aut
3241 2887 3543 2942 nunquam
3588 2874 3645 2927 in
3678 2889 3835 2928 sem-

2059 2979 2099 3033 (ζ
2136 2963 2438 3031 piternum,
2469 2960 2567 3016 sed
2610 2974 2793 3030 usque
2841 2961 2913 3015 ad
2952 2975 3315 3016 communem
3351 2961 3836 3017 resurrectionem

2130 3049 2324 3119 perﬁci
2381 3056 2567 3103 restet.
2627 3049 2789 3104 Tunc
2846 3048 3078 3104 forsitan
3145 3058 3390 3105 venturo
3449 3050 3613 3104 Jesus
3668 3050 3836 3106 denti

2129 3138 2318 3194 locum
2349 3139 2584 3206 aperiet,
2627 3145 2729 3192 aut
2761 3137 2956 3192 hiulca
2999 3138 3188 3193 adhuc
3219 3138 3382 3193 fauce
3426 3139 3654 3193 dentem
3691 3147 3838 3194 tunc

2127 3226 2546 3297 vagabundum
2607 3225 2911 3295 hucusque
2961 3226 3220 3295 recipiet;
3277 3226 3473 3297 sicque
3525 3227 3716 3282 dentis
3766 3243 3837 3283 ac.

2126 3312 2403 3376 umbilici,
2462 3320 2517 3368 et
2573 3313 2619 3368 si
2672 3327 2789 3383 qua
2836 3321 2972 3368 sunt
3030 3314 3162 3380 alia,
3224 3313 3426 3369 iterata
3469 3313 3831 3381 clariticatio,

2127 3403 2275 3458 sicut
2306 3402 2410 3457 fuit
2444 3402 2578 3457 olim
2605 3403 2858 3458 secunda
2888 3402 3266 3468 circumcisio,
3303 3403 3414 3458 ﬁet.

2199 3489 2226 3560 §
2260 3491 2350 3544 Ill.
2397 3489 3047 3546 Sancti-Medardenses
3090 3492 3446 3545 vehementer
3483 3490 3833 3546 insectatur.

2127 3611 2195 3619 —
2220 3579 2526 3644 Attendite,
2563 3579 2798 3647 falsarii,
2832 3595 3007 3649 quam
3061 3594 3276 3650 parvus
3305 3581 3457 3651 ignis
3499 3581 3590 3635 hic
3640 3590 3839 3636 vester

2127 3675 2414 3738 quantum
2445 3668 2693 3723 virorem
2729 3669 2983 3724 veritatis
3036 3669 3372 3724 Christiana
3412 3678 3737 3724 consumat.
3780 3669 3836 3724 Si

2126 3757 2308 3823 nulla,
2345 3765 2551 3825 prater
2592 3757 2988 3826 propheticum
3025 3759 3177 3828 quod
3224 3758 3623 3826 pramisimus,
3681 3773 3839 3828 sup-

2128 3852 2383 3914 peterent
2413 3846 2754 3912 testimonia,
2809 3846 3119 3914 prasertim
3161 3861 3294 3901 cum
3335 3847 3578 3915 idipsum
3612 3845 3839 3902 beatis-

2126 3934 2310 3987 simus
2335 3935 2535 3989 Petrus
2565 3942 2763 3989 contra
2799 3935 3027 3990 Judaos
3073 3949 3245 4004 super
3291 3934 3598 3990 Dominica
3630 3949 3842 3991 resur-

2127 4019 2393 4075 rectionis
2442 4022 2752 4076 assertione
2797 4021 3095 4090 protulerit
3141 4023 3285 4091 (Act.
3339 4037 3398 4087 ll,
3429 4023 3542 4091 27),
3575 4023 3686 4077 sub
3722 4023 3840 4078 hoc

2125 4115 2280 4164 arcto
2331 4109 2527 4178 positis
2572 4111 2732 4165 vobis
2779 4110 2976 4165 saltem
3017 4125 3188 4180 super
3229 4111 3332 4166 isto
3383 4111 3636 4180 capitulo
3680 4113 3841 4168 mul-

2125 4205 2247 4252 tum
2274 4205 2418 4253 esset
2451 4198 2790 4267 respondere
2818 4199 3183 4254 conveniens.
3237 4200 3576 4269 Prophetam
3608 4207 3835 4257 etenim

2055 4275 2097 4328 D
2125 4285 2265 4340 adeo
2289 4288 2608 4356 egregium,
2647 4295 2701 4342 et
2734 4287 2875 4342 tanti
2907 4288 3264 4358 principatus
3301 4289 3623 4359 apostolum
3659 4291 3840 4346 refel-

2127 4374 2242 4428 lere
2275 4388 2432 4438 ,_cum
2481 4375 2830 4446 vehementis
2878 4376 3116 4432 insania
3164 4378 3256 4443 sit,
3311 4377 3487 4432 miror
3529 4379 3839 4447 quomodo

2126 4462 2315 4517 dicere
2346 4462 2714 4531 praesumitis,
2755 4463 2908 4518 unde
2947 4464 3372 4521 evidentissime
3409 4466 3582 4521 tantis
3621 4476 3840 4523 aucto-

2127 4551 2289 4605 ribus
2333 4551 2645 4605 contraitis.
2688 4553 2848 4608 Certe
2895 4552 2943 4607 si
2988 4553 3337 4610 multimoda
3368 4555 3530 4610 vobis
3571 4555 3841 4612 rationes

2124 4637 2250 4694 alia
2279 4647 2708 4705 concurrerent,
2739 4655 2869 4710 qua
2902 4656 3138 4711 quoquo
3169 4643 3333 4698 modo
3359 4643 3447 4698 vel
3479 4643 3549 4697 ad
3577 4658 3844 4700 momen-

2125 4735 2247 4783 tum
2280 4727 2386 4784 hoc
2415 4741 2742 4784 asseverare
2791 4728 3066 4795 valerent,
3111 4745 3459 4801 magnopere
3489 4739 3685 4788 tamen
3719 4733 3843 4790 hoc

2122 4816 2358 4887 aggredi
2407 4817 2770 4872 conscientia
2812 4826 3012 4873 vestra
3055 4819 3285 4874 horrere
3343 4819 3632 4886 deberent,
3693 4836 3841 4890 qua

2121 4913 2320 4960 contra
2351 4904 2496 4960 ullos
2517 4905 2687 4976 longe
2721 4905 3004 4962 inferioris
3050 4907 3243 4977 gloria
3282 4907 3457 4976 viros,
3504 4923 3684 4979 super
3720 4910 3842 4966 hac

2121 5007 2182 5049 re
2209 4993 2548 5065 neutiquam
2583 4995 2781 5050 merito
2813 4995 2900 5050 vel
2926 4996 3221 5052 mutirent.

2191 5082 2352 5146 Quod
2376 5084 2422 5137 si
2465 5083 2650 5139 dicitis
2699 5085 3126 5154 corruptionem
3165 5099 3278 5140 non
3319 5101 3462 5150 esse,
3503 5095 3587 5142 est
3627 5087 3836 5157 plane,

2119 5172 2225 5227 etsi
2291 5171 2548 5227 nondum
2609 5181 2917 5242 corruptus
2953 5181 3054 5240 est,
3121 5175 3413 5245 corrumpi
3451 5189 3702 5231 necesse.
3762 5179 3836 5233 Et

2121 5260 2223 5330 qui
2274 5259 2458 5316 valeat
2513 5261 2789 5317 deteriore
2826 5262 2992 5317 modo
3041 5265 3331 5333 corrumpi
3362 5279 3540 5334 quam
3600 5265 3835 5321 clariﬁ-

2107 5357 2248 5424 ocato
2278 5363 2514 5418 corpore
2549 5349 2817 5406 universo
2863 5359 3151 5421 perpetua
3192 5352 3604 5422 desperationis
3643 5370 3835 5424 squa-

2119 5436 2225 5493 lori
2266 5437 2513 5493 dimitti?
2551 5439 2620 5493 Et
2651 5439 2936 5508 quomodo
2974 5440 3198 5496 audetis
3234 5455 3354 5497 rem
3385 5442 3527 5498 adeo
3564 5443 3834 5514 ineptam

2117 5539 2392 5594 asserere,
2426 5541 2560 5583 cum
2590 5541 2724 5583 eum
2759 5541 2874 5584 non
2905 5529 3124 5600 negetis
3158 5531 3501 5601 surrexisse,
3527 5535 3835 5602 quomodo
