3914 6094
164 184 270 236 653

1210 184 1300 239 DE
1341 184 1749 241 PIGNORIBUS
1787 187 2234 244 SANCTORUM.
2274 218 2334 227 --
2376 189 2503 243 LIB.
2545 189 2647 242 III.

3575 195 3679 248 654

163 311 406 381 contigit
452 312 677 367 dentem
721 311 1019 382 proprium
1061 311 1260 382 aliqua
1302 313 1589 370 oblivione
1627 323 1858 384 prater-
1898 334 1942 383 Α
1974 317 2128 386 quod
2162 332 2293 373 cum
2330 318 2449 374 hac
2484 318 2540 374 in
2571 318 2860 375 evidentia
2887 321 3147 376 omnium
3187 321 3389 378 docere
3427 323 3674 390 soleatis,

162 400 428 455 misisse?
459 400 619 466 Quod
649 399 695 456 si
730 414 763 455 a
795 400 1065 455 memoria
1090 401 1323 468 excidit,
1373 409 1475 457 aut
1505 416 1634 458 eum
1669 410 1868 472 sponte

163 489 405 557 remisit,
451 489 508 543 in
550 489 972 544 resurrectione
1013 488 1156 558 quid
1197 489 1381 556 faciet,
1433 504 1567 545 cum
1619 490 1866 546 aliorum

161 578 424 633 membra
489 577 821 634 coadunans
900 578 1018 646 ipse
1085 577 1144 632 in
1211 577 1302 634 sui
1360 584 1520 648 parte
1579 579 1864 648 perditum

165 665 312 720 ibit?

236 753 465 807 Eadem
493 753 645 808 ratio
674 753 742 807 de
765 751 1041 808 umbilico
1079 754 1382 808 accedente
1423 751 1764 808 Saluatoris.
1797 784 1864 796 —

162 841 455 898 Ponamus
493 845 685 912 itaque
731 842 897 912 quasi
941 857 1100 911 posse
1140 842 1258 898 ﬁeri
1294 857 1392 898 vos
1427 850 1586 898 tanto
1630 857 1865 899 munere

160 930 493 1000 locupletes.
529 931 712 985 Velim
743 944 877 1000 ergo
912 931 1252 1000 respondere
1273 930 1588 1000 dignemini
1622 947 1634 984 :
1673 932 1730 985 in
1757 946 1866 987 cu-

155 1019 256 1089 jus
286 1018 541 1088 corporis
571 1018 670 1088 jus
716 1018 770 1072 in
815 1018 1229 1074 resurrectione
1274 1033 1573 1075 cessurum
1617 1019 1862 1086 dentem,

157 1115 216 1161 et
247 1117 454 1162 catera
482 1120 728 1176 quaque
759 1106 974 1175 putatis
998 1106 1130 1175 (’3)?
1177 1106 1301 1162 Non
1327 1106 1520 1162 minus
1548 1107 1757 1162 etenim
1796 1107 1865 1162 de

160 1195 440 1250 umbilico
487 1204 541 1250 et
580 1196 797 1249 cateris
847 1208 976 1264 qua
1019 1195 1087 1250 de
1142 1194 1264 1264 ipso
1314 1195 1525 1251 habere
1568 1197 1862 1264 dicuntur,

156 1297 337 1351 quem
368 1282 437 1338 de
475 1283 641 1337 dente
669 1283 825 1351 apud
860 1297 959 1337 nos
1005 1283 1218 1352 agitur.
1261 1285 1420 1347 Quod
1457 1284 1625 1353 plane
1650 1285 1718 1340 de
1750 1299 1866 1340 uno

157 1375 312 1425 352
368 1371 600 1437 dicitur,
677 1371 963 1426 redundat
1021 1372 1092 1426 ad
1149 1379 1370 1426 catera.
1419 1372 1526 1428 Ubi
1575 1373 1751 1442 igitur
1806 1386 1866 1428 se

162 1459 459 1514 conferent
487 1473 618 1529 qua
649 1459 718 1514 de
749 1459 991 1514 Domino
1041 1459 1337 1515 Salvatore
1377 1469 1702 1528 servantur,
1733 1475 1866 1515 cum

163 1548 412 1604 ultimus
449 1549 570 1604 dies
600 1548 692 1603 ille
719 1548 1044 1618 ingruerit?
1078 1549 1133 1605 Si
1164 1550 1234 1604 ad
1270 1550 1577 1619 pristinum
1609 1551 1867 1606 reditura

1973 419 2280 475 nunquam
2312 414 2522 470 tamen,
2551 422 2682 463 cum
2717 408 2881 477 quasi
2925 408 3157 478 signum
3190 410 3280 465 cui
3329 411 3674 466 contradici-

1974 500 2072 548 tur
2113 493 2202 562 sit,
2257 496 2350 551 cui
2414 496 2757 566 generaliter
2813 509 2846 550 a
2900 496 3375 566 prudentioribus
3443 498 3500 553 in
3555 499 3677 554 dies

1973 579 2166 637 obsisti
2201 583 2468 648 audiatis,
2505 598 2829 654 nunquam,
2863 584 3124 654 inquam,
3170 585 3442 656 exagium
3479 587 3674 642 melio-

1973 669 2053 724 ris
2081 672 2374 726 sententia
2407 671 2784 741 perquisistis,
2819 686 2922 728 nec
2954 687 3128 742 quam
3168 681 3312 729 esset
3349 688 3382 729 a
3421 674 3676 744 Scriptu-

1973 756 2053 810 ris
2081 758 2362 814 absonum
2413 760 2749 816 attendistis.
2787 760 2842 816 Si
2882 761 3035 816 enim
3092 761 3180 816 vel
3230 763 3482 818 tenuiter
3525 764 3676 832 ipsas

1973 844 2042 900 de
2105 860 2226 902 sua
2291 861 2356 902 ac
2400 856 2606 904 nostra
2659 857 2812 904 statu
2869 849 3302 905 resurrectionis
3359 851 3672 906 sententias

1973 935 2312 1000 tentassetis,
2367 950 2472 992 nec
2531 951 2690 992 mora
2740 937 2905 1006 plane
2963 938 3212 993 scintilla
3261 939 3439 1009 hujus
3491 953 3670 1008 quam

1974 1020 2217 1076 dicimus
2246 1023 2316 1077 ad
2347 1022 2631 1092 liquidum
2657 1025 2931 1081 eluxisset
2960 1025 3236 1081 veritatis.
3294 1027 3363 1080 Et
3406 1026 3545 1095 quid
3587 1033 3671 1081 (st

1972 1107 2246 1165 furiosius
2277 1125 2454 1180 quam
2486 1112 2558 1167 ad
2594 1127 2763 1169 aures
2792 1114 3058 1169 Ecclesia
3097 1113 3484 1184 promulgare,
3518 1115 3675 1183 quod

1973 1212 2089 1253 non
2133 1200 2309 1268 possit
2353 1200 2527 1256 ullius
2567 1201 2969 1270 disputationis
3013 1202 3325 1258 assertione
3374 1201 3676 1258 constare?

1974 1285 2189 1342 Paulus
2219 1289 2473 1344 ascendit
2517 1290 2950 1359 Jerosolymam,
2981 1298 3033 1346 et
3079 1291 3296 1346 confert
3340 1305 3472 1346 cum
3508 1291 3674 1346 Petro

1973 1382 2026 1429 et
2055 1375 2272 1430 cateris
2305 1377 2687 1446 Evangelium
2721 1391 2790 1433 ne
2841 1377 2979 1433 forte
3020 1379 3076 1432 in
3115 1393 3360 1433 vacuum
3393 1386 3668 1445 curreret,

1975 1469 2076 1518 aut
2123 1465 2448 1520 cucurrerit
2499 1465 2654 1535 (Gal.
2714 1481 2771 1532 ιι,
2836 1470 2882 1532 l,
2920 1467 2995 1535 2),
3043 1474 3096 1521 et
3141 1475 3331 1521 vestra
3363 1466 3672 1535 prudentia

1977 1549 2038 1604 in
2081 1550 2297 1620 quibus
2342 1551 2566 1607 hasitat
2597 1553 2885 1609 addiscere
2915 1554 3251 1610 erubescit?
3298 1555 3385 1609 Ad
3418 1555 3672 1610 Horatia-

154 1644 300 1692 sunt
329 1651 556 1707 corpus,
595 1651 710 1707 quo
755 1652 816 1693 se
854 1637 1150 1707 recipient,
1181 1653 1312 1708 qua
1353 1638 1476 1694 loca
1515 1653 1634 1693 sese
1675 1638 1742 1693 iis
1783 1654 1870 1694 re-
1908 1622 1950 1676 Β
1981 1652 2124 1694 num
2160 1638 2302 1694 illud
2333 1640 2610 1695 advertite
2636 1649 2880 1696 mentem
2912 1656 2924 1694 :

155 1725 442 1794 cipiendis
471 1727 764 1794 aperient?
799 1726 888 1781 An
932 1725 1238 1781 edcntulus
1288 1725 1555 1781 Salvator
1591 1725 1871 1782 clariﬁca-

158 1822 260 1869 tus
293 1813 596 1884 hucusque
644 1815 875 1882 mansit,
922 1823 984 1869 ut
1025 1815 1213 1870 locum
1243 1815 1397 1870 denti
1429 1824 1872 1884 superventura

155 1901 458 1957 servaret?
487 1904 556 1957 Et
597 1914 747 1958 certe
777 1903 931 1958 denti
979 1903 1197 1958 tantillo
1231 1903 1389 1959 locus
1436 1904 1780 1960 conveniens
1808 1904 1867 1959 in

156 1989 317 2044 virili
351 1991 504 2060 quod
533 1999 617 2046 est
649 1991 949 2046 Dominica
978 1990 1142 2046 fauce
1177 2005 1552 2062 nequaquam
1580 2000 1868 2062 compete-

159 2086 268 2134 ret.
320 2080 474 2134 Esto.
519 2080 641 2146 Quo
685 2096 744 2136 se
775 2081 1104 2148 umbilicus,
1150 2096 1367 2151 quaso,
1399 2082 1667 2150 reponet?
1698 2082 1866 2137 Nun-

157 2167 305 2237 quid
343 2167 473 2223 dua
501 2169 936 2224 clariﬁcationes
967 2169 1026 2223 in
1067 2170 1265 2224 eodem
1295 2183 1530 2239 corpore
1558 2169 1862 2224 celebran-

162 2257 302 2312 tur?
325 2257 431 2311 Res
462 2265 545 2312 est
574 2273 706 2326 qua
737 2271 1028 2327 nusquam
1076 2257 1307 2327 legitur,
1337 2271 1467 2327 qua
1516 2257 1689 2313 nullis
1718 2258 1868 2313 testi-

161 2345 376 2400 moniis
423 2346 796 2415 approbatur.
859 2346 1006 2410 Quid
1049 2359 1185 2415 ergo
1235 2345 1474 2411 infertis,
1526 2345 1629 2414 qui
1672 2337 1866 2400 omnia

164 2434 464 2488 sententia
496 2443 698 2489 vestra
729 2433 1167 2490 circumstantia
1210 2431 1491 2488 inﬁrmari
1528 2441 1583 2488 et
1622 2432 1867 2488 ridicula

167 2521 296 2577 ﬁeri
322 2522 640 2591 perspicitis
654 2523 683 2576 ?

243 2608 399 2677 διν.
453 2611 627 2664 Porro
678 2610 781 2679 ipsi
834 2607 1097 2676 Domino,
1150 2615 1215 2662 ut
1262 2607 1553 2677 prophetis
1602 2621 1862 2677 superse-

168 2699 361 2765 deam,
411 2711 516 2752 cur
566 2712 797 2753 navum
855 2705 1026 2752 tanta
1087 2696 1432 2751 inﬁdelitatis
1482 2696 1752 2752 inuritis?
1808 2697 1862 2752 Si

169 2786 362 2856 ipsum
395 2787 450 2840 in
486 2786 923 2854 prasentiarum
961 2785 1246 2840 haberetis
1281 2800 1292 2839 :
1327 2783 1461 2849 Quis
1491 2800 1558 2839 ea:
1593 2785 1747 2840 vobis
1773 2802 1866 2840 ar-

162 2874 302 2942 guet
341 2873 410 2925 de
454 2875 689 2942 peccato
743 2874 935 2942 (Joan.
986 2887 1108 2939 vru,
1156 2871 1284 2940 46)?
1330 2871 1490 2938 Quod
1551 2872 1859 2942 infirmius,

170 2963 445 3032 quodque
475 2961 863 3017 insensibilius
907 2962 968 3016 in
999 2961 1228 3016 homine
1256 2969 1462 3028 exstat,
1498 2975 1612 3016 non
1645 2963 1866 3030 peritu-

167 3065 304 3111 rum
332 3053 387 3106 in
420 3051 584 3107 nobis
612 3051 920 3121 perhibuit,
951 3059 1006 3106 et
1036 3051 1107 3106 ad
1136 3050 1225 3106 sui
1249 3049 1430 3120 ipsius
1452 3049 1861 3117 confusionem,

167 3149 224 3197 et
277 3148 531 3197 nostram
582 3141 844 3196 omnium
883 3140 1282 3207 difﬁdentiam,
1326 3146 1518 3195 vestra
1562 3138 1868 3209 prudentia

169 3238 397 3287 tantum
426 3230 534 3285 sibi
564 3230 884 3296 residuum,
931 3243 1046 3284 non
1085 3229 1154 3284 de
1199 3228 1445 3298 capillis,
1485 3229 1584 3284 sed
1625 3229 1693 3283 de
1742 3228 1867 3297 ejus

169 3332 347 3374 carne
393 3326 449 3374 et
497 3319 724 3373 ossibus
761 3316 1013 3373 astruit?
1059 3317 1121 3371 ln
1163 3330 1280 3386 qua
1315 3315 1631 3371 difﬁdentia
1677 3323 1869 3370 tamen

168 3420 424 3477 nequam
454 3407 694 3478 emergit
742 3406 1050 3476 utrobique
1088 3412 1401 3474 respectus,
1444 3405 1584 3474 quia
1621 3403 1702 3459 sic
1740 3417 1870 3458 sen-

170 3497 302 3563 tire,
334 3495 415 3551 sic
443 3496 630 3552 dicere
659 3503 715 3550 et
755 3494 1089 3550 divinorum
1123 3493 1407 3548 dictorum
1443 3492 1610 3547 ﬁdem
1663 3499 1867 3561 paten-

170 3593 262 3642 ter
287 3585 607 3655 impugnat,
640 3598 706 3639 ac
752 3583 995 3638 inﬁrma
1033 3582 1360 3652 cujuspiam
1403 3579 1871 3636 considerationis

169 3674 407 3729 oculum
437 3687 552 3728 non
576 3687 752 3743 parvo
783 3671 1193 3742 cogitationum
1226 3669 1456 3726 turbine
1482 3669 1700 3735 densat,
1731 3669 1871 3723 dum

170 3762 232 3818 in
284 3777 344 3818 se
395 3762 494 3818 Dei
541 3761 972 3832 promissionem
1022 3774 1137 3816 non
1184 3759 1402 3828 expleri
1446 3772 1607 3827 posse
1651 3757 1872 3826 quique

169 3859 462 3918 metuunt,
496 3865 673 3922 quam
707 3855 764 3906 in
803 3850 1104 3918 semetipso
1135 3860 1507 3917 nequaquam
1536 3844 1872 3914 praemisisse

172 3940 552 3997 subaudiunt.
595 3939 650 3994 Si
682 3938 833 3995 enim
865 3937 1101 3994 cuilibet
1140 3935 1440 4006 promittas
1469 3935 1706 4003 copiam,
1738 3946 1873 3988 cum

171 4037 337 4086 tuam
381 4036 443 4084 tu
489 4029 607 4097 ipse
655 4028 922 4097 supplere
961 4040 1076 4082 non
1119 4023 1298 4095 possis
1335 4022 1610 4092 inopiam,
1652 4031 1873 4078 certum

172 4124 260 4174 est
300 4116 426 4186 ejus
471 4116 566 4172 cui
609 4115 983 4186 spoponderis
1027 4127 1199 4185 penes
1257 4120 1310 4169 te
1356 4111 1684 4168 labefactari
1733 4110 1876 4166 ﬁdu-

173 4207 349 4262 ciam.
1138 4273 1141 4278 ν

246 4293 381 4349 Dico
432 4292 587 4363 quod
629 4292 874 4348 infirmis
921 4298 1023 4346 aut
1079 4290 1478 4361 versipellibus
1523 4289 1731 4344 animis
1764 4287 1874 4343 ali-

174 4381 412 4452 quando
469 4387 644 4450 queat
689 4380 935 4444 ofﬁcere,
991 4379 1086 4434 sed
1147 4379 1287 4448 quia
1336 4378 1435 4433 Dei
1483 4376 1873 4432 misericordia

173 4469 397 4525 nullius
445 4471 598 4524 circa
636 4483 738 4524 nos
775 4481 950 4537 super
1001 4468 1093 4522 tali
1134 4465 1399 4522 contuitu
1436 4465 1720 4530 videmus,
1754 4477 1870 4518 non

175 4557 304 4613 dico
346 4559 500 4625 acui,
541 4558 637 4612 sed
679 4557 868 4626 potius
907 4555 1171 4612 cacutire
1221 4553 1556 4620 versutiam,
1613 4553 1719 4608 hoc
1757 4565 1872 4606 non

175 4657 382 4705 vestra
411 4647 648 4704 cautela
681 4645 1082 4717 imputabitur,
1108 4659 1239 4716 qua
1257 4645 1430 4715 juxta
1452 4644 1589 4714 legis
1608 4642 1869 4708 vetitum,

176 4745 297 4793 tam
345 4736 494 4792 male
532 4734 937 4806 profunditatis
982 4734 1288 4789 cisternam
1327 4731 1568 4788 effodere
1606 4745 1722 4786 non
1769 4743 1874 4785 ve-

175 4833 342 4882 retur
367 4824 575 4897 (Exod.
609 4839 730 4890 χχι,
773 4823 884 4894 33),
923 4823 978 4877 in
1019 4835 1137 4892 qua
1171 4821 1476 4877 brutorum
1523 4832 1875 4889 quocunque

177 4914 519 4972 animalium
577 4910 960 4983 pracipitium
1008 4910 1280 4980 aperitur.
1341 4908 1501 4965 Certe
1555 4907 1659 4964 etsi
1709 4921 1876 4962 nemo

177 5004 258 5059 ibi
291 5002 438 5070 ladi,
471 5003 583 5057 Deo
618 5009 872 5065 auctore,
913 5006 968 5055 et
1007 4999 1217 5054 saculo
1262 5005 1454 5054 nostro
1494 4997 1686 5053 minus
1729 4996 1877 5051 hanc

177 5092 501 5149 doctrinam
559 5088 928 5160 appretiante,
978 5087 1346 5157 permittitur,
1394 5099 1509 5141 non
1556 5084 1745 5140 minor
1796 5090 1878 5138 ta-

181 5195 312 5236 men
357 5179 724 5249 impudentia
770 5185 976 5233 vestra
1024 5183 1216 5231 reatus
1272 5174 1608 5241 intenditur,
1658 5172 1798 5243 quia
1843 5185 1878 5227 a

182 5269 347 5325 vobis
399 5269 724 5325 indesinens
771 5265 1247 5323 subministratur
1291 5263 1529 5330 occasio,
1587 5275 1707 5332 qua
1745 5259 1878 5330 quis

184 5357 544 5427 improvidus
575 5356 942 5427 periclitetur.

258 5444 382 5514 ἓν.
430 5445 496 5500 In
539 5458 655 5514 quo
708 5442 849 5499 illud
907 5439 1074 5497 vobis
1127 5437 1480 5509 permaxime
1531 5435 1873 5504 objectatur,

1901 2912 1942 2968 Ο
1975 2874 2412 2942 resurrectione,

1981 1728 2120 1797 Cur,
2158 1727 2364 1799 inquit,
2414 1728 2655 1794 nescire,
2710 1731 2935 1801 pudens
2983 1744 3180 1800 prave,
3233 1744 3410 1799 quant
3457 1727 3678 1784 discere

3324 1815 3537 1886 [malo‘?

2903 1904 3117 1958 Hann.
3144 1903 3238 1957 Ad
3267 1903 3417 1971 Pisa,
3448 1906 3536 1958 88.

2048 1991 2162 2048 Nec
2191 1999 2362 2047 tanta
2392 1998 2582 2048 tamen
2632 1991 3000 2048 hebetudinis
3039 2005 3139 2061 per
3169 2006 3268 2047 vos
3303 1993 3455 2058 estis,
3498 1998 3562 2046 ut
3606 1992 3678 2047 ad

1976 2079 2212 2149 plenum
2266 2093 2467 2149 capere
2507 2094 2620 2134 non
2664 2079 2904 2149 possitis,
2939 2079 3093 2148 quod
3129 2079 3199 2133 ad
3254 2087 3557 2148 paternum
3601 2093 3681 2133 so.

1975 2167 2117 2222 lium
2178 2181 2308 2236 pars
2364 2181 2480 2222 una
2528 2167 2882 2236 commigret,
2955 2166 3134 2221 altera
3199 2166 3667 2234 corruptionibus

1977 2256 2298 2310 addicenda
2329 2270 2363 2311 a
2398 2263 2551 2311 tanto
2589 2255 2753 2311 exsul
2787 2269 3019 2324 corpore
3068 2255 3306 2310 substet.
3344 2253 3482 2319 Qua
3522 2255 3669 2310 ratio

1975 2343 2246 2413 patiatur,
2305 2352 2368 2400 ut
2434 2351 2646 2413 partem
2701 2351 2859 2398 tanta
2915 2343 3096 2414 gloria
3144 2350 3392 2409 maneat,
3449 2349 3668 2411 partem

1973 2431 2274 2487 infelicitas
2305 2439 2520 2487 aterna
2544 2431 2830 2486 subducat
2848 2431 2876 2486 ?

2044 2520 2098 2576 Si
2133 2521 2295 2576 nulla
2324 2535 2488 2590 opem
2517 2520 2702 2575 verbis
2743 2519 2951 2575 nostris
2992 2518 3381 2589 suppeditaret
3422 2519 3674 2575 auctori-

1972 2615 2075 2677 tas,
2117 2608 2378 2665 sufﬁcere
2412 2607 2624 2664 valeret
2657 2609 2796 2664 adeo
2827 2607 3075 2677 partium
3107 2622 3347 2663 suarum
3372 2607 3676 2677 impatiens

1973 2697 2029 2752 in
2067 2706 2183 2753 tam
2223 2698 2572 2753 sacrosancti
2619 2696 2872 2765 corporis
2919 2695 3212 2766 majestate
3251 2696 3574 2752 diversitas.
3617 2696 3673 2752 Si

1968 2787 2118 2842 enim
2166 2787 2224 2841 in
2273 2786 2480 2842 nostris
2525 2799 2803 2854 purorum
2856 2785 3157 2840 hominum
3219 2784 3559 2854 corporibus
3610 2786 3668 2839 in

2497 2874 2732 2944 quando
2798 2873 3258 2938 immutabimur,
3329 2882 3487 2928 tanta
3563 2873 3671 2928 erit

1979 2963 2359 3030 nniformitas,
2393 2971 2474 3031 ut,
2512 2962 2829 3034 gloriﬁcata
2867 2961 3236 3017 universitate
3264 2962 3676 3028 membrorum,

1974 3065 2047 3107 ne
2079 3051 2309 3122 quidem
2343 3058 2626 3120 quantum
2667 3050 2819 3120 capit
2849 3059 3076 3105 atomus
3107 3049 3164 3104 in
3199 3047 3394 3119 aliquo
3440 3049 3680 3105 resideat

1974 3140 2096 3197 ulla
2142 3140 2211 3194 de
2261 3139 2504 3208 pristina
2540 3139 2759 3194 vilitate
2795 3139 3132 3209 indignitas,
3172 3138 3229 3193 in
3272 3138 3366 3193 illo
3407 3153 3536 3208 qua
3588 3138 3680 3193 de-

1974 3227 2189 3283 mentia
2217 3227 2500 3282 aestimare
2531 3241 2632 3282 nos
2682 3227 2848 3282 faciet
2907 3226 3318 3282 inconcinnum
3350 3226 3672 3296 quidpiam,

1975 3315 2077 3386 qui
2107 3315 2481 3385 personaliter
2509 3323 2562 3371 et
2595 3316 2744 3371 Deus
2786 3323 2840 3370 et
2890 3315 3055 3371 homo
3083 3322 3186 3382 est,
3233 3323 3294 3370 ut
3345 3315 3569 3384 aliquid
3616 3316 3674 3370 in

1973 3403 2068 3460 illo
2099 3404 2458 3475 sitdignum,
2511 3404 2730 3474 aliquid
2777 3403 3110 3459 secludatur
3155 3417 3187 3457 a
3229 3403 3443 3473 digno?
3490 3402 3545 3458 Si
3576 3417 3673 3458 ore

1977 3492 2230 3548 Doctoris
2271 3494 2552 3563 gentium,
2599 3492 2655 3546 in
2704 3506 2819 3561 quo
2870 3491 3130 3561 loquitur
3180 3490 3459 3558 Christus,
3514 3490 3678 3545 nobis

1979 3578 2330 3647 promittitur
2387 3579 2542 3648 quod
2574 3578 2690 3648 ipse
2745 3577 3165 3633 reformaturus
3194 3577 3265 3632 sit
3295 3591 3504 3647 corpus
3563 3577 3674 3632 hu-

1975 3665 2232 3722 militatis
2300 3674 2525 3732 nostra,
2613 3666 3038 3736 conﬁguratum
3112 3665 3336 3735 corpori
3397 3664 3676 3720 claritatis

1979 3767 2098 3809 sua
2129 3754 2306 3824 (Phil.
2338 3769 2418 3819 Ill,
2455 3754 2566 3824 21),
2599 3754 2697 3824 qui
2748 3762 2965 3824 partem
2991 3757 3245 3824 corporis
3294 3752 3386 3807 sui
3417 3753 3524 3808 sub
3556 3753 3682 3808 inu-

1982 3843 2064 3898 tili
2114 3842 2454 3910 humilitate,
2508 3844 2629 3898 sine
2680 3843 2800 3898 ulla
2832 3843 3157 3898 rationabili
3195 3842 3491 3924 occasione
3521 3841 3680 3896 dimi-

1983 3932 2073 3998 sit,
2110 3931 2394 4001 quomodo
2425 3933 2808 4002 corruptionis
2848 3931 3119 3988 humana
3149 3929 3678 4000 despicabilitatem,

1983 4017 2054 4073 ad
2087 4033 2207 4074 sua
2235 4018 2510 4074 claritatis
2541 4019 2814 4088 provehet
2871 4019 3344 4086 conformitatem,
3381 4018 3484 4089 qui
3513 4018 3682 4089 quasi

1985 4107 2257 4178 impotem
2306 4122 2365 4164 se
2415 4109 2664 4178 prabuit
2702 4108 2774 4163 ad
2825 4108 2880 4164 id
2924 4108 3335 4164 resumendum
3383 4109 3538 4178 quod
3585 4109 3677 4164 sui

1913 4195 1956 4247 D
1990 4196 2139 4253 fuit?

2049 4285 2246 4342 Videte
2273 4299 2408 4356 ergo
2440 4300 2512 4341 ne
2542 4285 2681 4340 dum
2713 4285 2970 4341 membra
3001 4283 3100 4340 Dei
3131 4285 3297 4355 quasi
3334 4298 3431 4354 pro
3462 4284 3680 4340 honore

1977 4381 2032 4430 et
2088 4373 2272 4444 genio,
2321 4388 2389 4428 ac
2437 4373 2667 4443 speciali
2722 4372 3109 4445 praerogativa
3165 4373 3416 4429 ecclesia
3474 4381 3678 4427 vestra

1977 4462 2140 4518 vobis
2165 4462 2470 4533 arrogatis,
2519 4476 2591 4517 ex
2631 4475 2697 4516 eo
2735 4462 2893 4532 quod
2936 4463 2992 4516 in
3025 4463 3133 4517 hac
3162 4460 3444 4517 sententia
3493 4466 3680 4514 vestro

1978 4564 2081 4607 vos
2133 4550 2337 4605 honori
2390 4549 2765 4605 commilitare
2818 4549 3051 4619 putatis,
3122 4549 3303 4603 Deum
3365 4560 3553 4616 usque
3609 4546 3683 4600 ad

1982 4645 2212 4705 terram,
2263 4645 2328 4692 ut
2383 4636 2464 4692 sic
2518 4637 2786 4702 dixerim,
2836 4636 3168 4701 humilietis,
3222 4635 3290 4690 de
3350 4633 3521 4703 cujus
3581 4647 3684 4689 vos

1980 4725 2151 4782 dente
2195 4725 2441 4796 jactatis.
2491 4725 2547 4781 Si
2597 4726 2872 4781 honorem
2900 4738 2973 4780 ex
3024 4724 3137 4779 Deo
3189 4723 3467 4794 quaritis,
3509 4735 3682 4792 quem

1983 4815 2184 4882 Deum,
2217 4827 2432 4884 quaso,
2464 4828 2596 4870 eum
2630 4821 2832 4883 putare
2880 4812 3156 4883 poteritis,
3215 4825 3388 4882 quem
3443 4810 3683 4880 apertis-

1980 4902 2122 4957 sime
2174 4900 2448 4956 videmini
2498 4913 2743 4972 arguere
2813 4900 3092 4956 falsitatis.
3147 4900 3202 4956 Si
3266 4907 3451 4954 vester
3501 4899 3685 4954 honor

1984 4990 2056 5045 ad
2084 4991 2229 5060 ejus,
2254 5003 2327 5046 ex
2357 5004 2473 5060 quo
2493 4990 2760 5044 honorari
2791 4989 3020 5058 cupitis,
3045 4988 3333 5044 redundat
3365 4987 3680 5053 infamiam,

1985 5094 2162 5150 quam
2200 5087 2436 5149 excepto
2487 5083 2634 5132 353
2666 5078 2866 5134 honori
2917 5075 3228 5132 redhibetis
3278 5075 3565 5146 gratiam?
3614 5076 3686 5130 Et

1987 5168 2273 5238 quomodo
2307 5175 2391 5224 est
2432 5174 2688 5222 vestrum
2733 5164 3074 5220 rationabile
3125 5165 3490 5234 obsequium,
3542 5163 3586 5219 si
3627 5163 3682 5218 id

1986 5257 2192 5322 colitis,
2253 5264 2308 5312 et
2374 5255 2500 5310 aliis
2556 5254 2859 5310 colendum
2919 5253 3194 5322 ingeritis,
3252 5253 3407 5323 quod
3469 5251 3686 5308 nullius

1987 5345 2216 5415 prafert
2247 5343 2376 5398 ﬁdei
2404 5340 2858 5412 argumentum?
2895 5340 3251 5411 Obsequium
3298 5341 3465 5410 plane
3509 5341 3687 5396 ratio-

1985 5433 2194 5500 nabile,
2221 5431 2354 5488 dicit
2385 5429 2685 5500 Apostolus
2711 5430 2898 5497 (Rom.
2928 5443 3030 5494 xu,
3073 5430 3142 5497 l),
3181 5429 3235 5483 in
3269 5443 3385 5498 quo
3421 5443 3533 5485 non
3565 5428 3687 5484 sine
