3914 6094
251 176 354 229 65Σί

1145 175 1202 226 ν.
1245 174 1577 231 GUIBERTI
1620 173 1909 229 ABBA'I‘IS
1949 175 2003 228 S.
2048 174 2290 230 MAR”?
2331 175 2418 228 DE
2459 137 2848 230 NOVIGENTO

3661 180 3762 231 656

255 307 550 362 verissima
579 306 895 364 redditione
943 320 1252 360 causarum
1289 307 1462 361 libere
1491 314 1794 361 exercetur
1823 309 1944 361 ani-
1985 309 2031 360 A
2062 306 2381 362 dixerimus
2431 316 2878 374 sacramentum,
2927 310 3069 378 quia
3111 317 3165 364 et
3210 310 3324 378 ipse
3356 311 3501 365 idem
3555 325 3763 379 panem

252 411 396 451 mus.
460 395 602 451 Nam
669 409 800 450 cum
868 395 1132 464 quemvis
1199 395 1482 463 quispiam
1527 403 1836 450 veneratur
1895 404 1950 451 et

251 486 540 555 praedicat,
576 492 630 539 et
666 485 1052 539 venerationis
1092 498 1160 538 ac
1206 483 1778 552 przedicamentorum
1823 499 1949 540 cau-

253 588 343 629 sas
373 575 616 644 ignorat,
663 571 847 627 multa
892 571 1162 627 facilitate
1203 572 1600 639 labefactatur,
1644 581 1744 628 aut
1783 573 1948 628 clau-

253 663 424 717 dicat.

318 752 388 804 Et
417 756 566 804 certe
597 763 730 804 cum
763 749 919 817 apud
950 762 1148 803 omnes
1169 748 1464 818 jactantize
1506 747 1684 816 hujus
1715 760 1948 816 percre-

247 838 470 892 brescat
506 837 717 907 opinio,
763 836 1054 891 rarissime
1095 845 1285 892 tamen
1335 836 1642 891 credulitas
1674 848 1950 904 quorum-

247 926 382 980 libet
411 926 736 995 sapientum
765 925 1016 994 suppetit
1065 925 1153 980 isti
1203 925 1396 980 verbo.
1435 925 1574 979 Cum
1617 925 1772 979 enim
1803 924 1946 978 ratio

248 1027 420 1083 super
442 1014 549 1068 hac
578 1027 638 1069 re
667 1021 859 1069 vestra
898 1013 1286 1083 undecunque
1330 1013 1556 1079 titubet,
1603 1013 1702 1067 vix
1729 1011 1947 1080 reperi-

247 1110 344 1158 tur
373 1103 482 1157 nisi
513 1102 758 1157 rudis‘et
790 1102 1022 1167 inscius,
1063 1116 1236 1171 quem
1265 1101 1338 1156 ad
1371 1101 1720 1157 credendum
1767 1100 1946 1154 infor-

246 1199 379 1258 met,
407 1199 460 1246 et
496 1191 593 1245 ubi
624 1190 809 1245 onmis
859 1191 1052 1260 arguti
1092 1190 1270 1245 animi
1303 1189 1622 1245 difﬁdentia
1671 1189 1942 1255 occurrit,

247 1279 378 1350 quis
407 1279 478 1334 ad
510 1285 786 1333 tractatus
818 1277 1227 1347 hujuscemodi
1272 1277 1789 1347 promulgationem
1836 1276 1947 1331 nisi

247 1367 551 1436 impudens
597 1377 650 1423 et
694 1381 996 1434 perversos
1024 1365 1318 1434 erumpit?
1370 1366 1532 1422 Solus
1581 1366 1730 1420 hanc
1761 1366 1947 1434 pudor

246 1456 640 1527 garrulitatem
693 1454 1019 1509 cohibuisse
1068 1455 1364 1521 debuerat,
1415 1469 1487 1510 ne
1533 1455 1944 1510 documentum

245 1544 400 1615 quod
432 1543 585 1598 sanis
614 1550 835 1598 constat
868 1543 1157 1611 probabile
1196 1557 1310 1598 non
1351 1557 1471 1598 esse
1512 1543 1818 1612 capitibus,
1853 1543 1947 1598 he-

2059 397 2315 451 nominat
2343 395 2746 466 quotidianum
2778 399 2930 465 (Luc.
2967 413 3023 463 u,
3059 400 3158 465 3.),
3206 399 3564 454 solummodo
3597 400 3758 455 vide-

2058 483 2184 538 licet
2207 485 2490 553 quandiu,
2529 486 2701 554 juxta
2733 487 3088 555 Apostolum,
3122 489 3566 557 cognominatur
3598 487 3768 542 hodie

2058 570 2262 640 (Hebr.
2297 588 2374 638 Ill,
2415 577 2520 640 13),
2552 575 2957 629 necessarium.
3006 578 3120 630 Hoc
3173 576 3367 644 itaque
3408 577 3489 631 sic
3532 576 3603 630 ad
3636 577 3769 646 ejus

2057 660 2390 714 memoriam
2421 660 2692 716 celebrari
2726 662 2956 725 dicitur,
2993 670 3054 717 ut
3088 663 3329 717 istorum
3359 663 3767 718 habendorum

2057 761 2428 817 nequaquam
2477 748 2621 803 ratio
2679 748 3014 819 denegetur,
3049 752 3189 820 quia
3235 751 3335 806 etsi
3366 752 3652 821 generalis
3684 761 3771 806 est

2058 835 2276 891 utilitas
2333 850 2433 905 per
2491 847 2918 893 sacramentum
2981 839 3190 894 Christi
3244 839 3465 908 corpori
3509 841 3769 906 couniri,

2056 939 2172 979 non
2204 925 2368 980 debet
2398 933 2585 980 tamen
2619 925 2977 995 privatorum
3029 927 3213 997 gloria
3248 942 3487 983 suorum
3535 930 3772 998 privile-

2057 1013 2284 1083 giorum
2319 1013 2612 1083 majestate
2645 1015 2880 1083 privari.
2916 1015 3074 1070 Sicut
3115 1017 3270 1070 enim
3307 1017 3613 1087 privilegia
3642 1018 3771 1072 sin-

2057 1102 2324 1171 gulorum
2356 1102 2533 1172 legem
2567 1117 2682 1156 non
2731 1111 2968 1171 possunt
3008 1104 3189 1158 facere
3231 1118 3628 1174 communem;
3684 1105 3771 1160 ita

2055 1189 2376 1245 communis
2402 1189 2662 1259 gloriatio
2693 1203 2854 1246 suam
2890 1191 3111 1260 privato
3133 1190 3366 1247 cuilibet
3398 1193 3559 1247 nullo
3593 1194 3769 1248 modo

2055 1278 2305 1333 detrahit
2335 1278 2675 1333 claritatem.

2127 1362 2284 1433 §lll.
2319 1364 2568 1434 Objeclio
2599 1369 2649 1420 3.
2713 1398 2772 1406 —
2822 1367 2875 1422 Si
2920 1367 3211 1424 Christum
3241 1383 3341 1437 pro
3381 1369 3592 1424 saeculo
3635 1383 3769 1439 pas-

2055 1465 2182 1507 sum
2217 1453 2457 1509 visibilis
2489 1462 2739 1523 reportat
2780 1456 3058 1510 memoria
3090 1458 3452 1523 sacramenti,
3489 1472 3622 1527 quae
3671 1462 3764 1512 ta-

2055 1554 2185 1596 men
2237 1542 2426 1612 ﬁgura
2456 1543 2559 1597 soli
2595 1544 2827 1600 cuilibet
2875 1545 3176 1614 perspicua
3223 1553 3306 1600 est
3344 1546 3606 1615 sapienti,
3654 1561 3767 1602 cur

247 1602 502 1688 betudini
544 1633 792 1701 quisque
839 1631 1088 1686 disertus
1142 1632 1406 1687 ascribat.
1465 1633 1623 1696 Quod
1667 1632 1714 1688 si
1755 1632 1943 1702 quali-
1984 1602 2024 1656 Β
2056 1629 2207 1683 Deus
2237 1630 2304 1683 ad
2336 1643 2534 1685 eorum
2561 1631 3028 1697 consolationem,
3062 1646 3165 1701 pro
3194 1632 3410 1702 quibus
3438 1633 3543 1688 ista
3568 1647 3766 1689 susce-

245 1722 589 1789 buscunque
619 1719 1002 1775 intellectibus
1029 1721 1275 1775 rationes
1319 1735 1689 1791 nequaquam
1741 1722 1944 1776 oblatae

247 1809 562 1874 sufﬁciunt,
609 1822 736 1877 ecce
799 1821 901 1876 pro
961 1808 1218 1876 partibus
1279 1810 1482 1864 vestris
1529 1818 1764 1878 paratus
1814 1825 1942 1864 sum

248 1896 631 1964 mihimetipsi,
692 1911 823 1965 quae
879 1905 1067 1950 vestro
1146 1896 1363 1965 possint
1435 1896 1689 1967 dogmati
1757 1898 1945 1952 muni-

245 1991 436 2039 menta
500 1984 696 2051 adniti,
758 1984 1021 2052 objicere,
1094 1991 1148 2039 et
1209 1986 1568 2053 postmodum
1637 1987 1758 2041 sine
1825 1986 1944 2041 ulla

243 2071 611 2128 simulatione
691 2072 927 2143 objecta,
1024 2080 1140 2128 tota
1217 2073 1388 2128 etiam
1451 2075 1702 2144 puritate
1786 2074 1944 2129 refel-

250 2161 382 2216 lere.

936 2248 1164 2305 CAPUT
1203 2250 1268 2304 ΙΙ.

315 2336 342 2407 §
373 2338 416 2392 Ι.
470 2337 1099 2392 San-Medardensium
1155 2337 1394 2406 objectio
1421 2338 1475 2391 1.
1510 2369 1578 2378 -—
1608 2338 1695 2394 Sic
1745 2341 1942 2410 itaque

239 2435 431 2482 vestra
461 2427 767 2496 procedere
817 2434 1056 2496 putatur
1103 2428 1315 2496 opinio,
1363 2428 1477 2482 imo
1519 2427 1730 2484 talibus
1757 2443 1939 2484 emer-

243 2531 373 2586 gere
404 2516 760 2585 argumentis
787 2523 980 2570 vestra
1030 2516 1296 2571 videatur
1326 2517 1583 2582 assertio,
1618 2532 1733 2571 non
1785 2517 1939 2587 quod

241 2606 351 2659 tale
403 2604 504 2673 qui
552 2618 811 2673 unquam
860 2604 1314 2658 ratiocinationis
1348 2619 1381 2658 a
1415 2605 1578 2660 vobis
1633 2606 1935 2673 audierim,

237 2693 333 2746 sed
392 2692 545 2761 quod
597 2691 704 2746 tale
770 2691 990 2760 aliquid
1044 2705 1143 2760 per
1185 2693 1364 2746 animi
1412 2694 1772 2762 conjecturas
1829 2694 1936 2749 mei

241 2780 518 2834 adversus
575 2779 724 2834 hanc
799 2793 982 2833 meam
1050 2780 1608 2848 disputatiunculam
1633 2781 1764 2848 dici,
1825 2782 1937 2836 imo

240 2866 514 2922 oblatrari
541 2880 574 2921 a
605 2866 861 2936 quolibet
902 2881 1061 2935 posse
1105 2870 1459 2936 putaverim;
1512 2869 1652 2924 nihil
1699 2870 1849 2928 enim
1903 2886 1936 2927 a
1976 2897 2016 2953 ρ

243 2955 402 3010 vobis
433 2955 673 3024 dignum
707 2954 869 3023 probi
919 2955 1168 3024 alicujus
1216 2956 1507 3011 auditione
1539 2959 1779 3027 percepi,
1829 2960 1937 3015 hoc

238 3058 340 3099 vos
393 3051 693 3098 consuetos
744 3043 1238 3112 interrogantibus
1289 3046 1632 3114 respondere
1671 3049 1933 3118 cognovi.

237 3130 512 3200 Nunquid
569 3144 683 3184 non
716 3131 1034 3185 secundum
1067 3131 1313 3186 zelatulae
1347 3146 1560 3187 morem
1595 3134 1936 3190 naturaliter

239 3221 433 3275 dentes
465 3209 743 3273 novennis
771 3219 996 3274 emisit?
1043 3219 1283 3285 Quibus,
1319 3221 1577 3290 inquam,
1630 3223 1934 3291 assentior;

238 3307 333 3362 sed
381 3307 574 3362 multa;
639 3306 764 3361 aliae
819 3307 1066 3363 rationes
1123 3323 1181 3362 se
1229 3309 1522 3377 ingerunt,
1583 3323 1713 3377 quae
1768 3310 1933 3380 longe

237 3395 551 3450 diversiora
573 3409 749 3464 quam
795 3394 1054 3450 referatis
1105 3395 1316 3451 ferunt.
1356 3398 1486 3451 Haec
1522 3397 1736 3462 dicens,
1773 3412 1932 3467 quae-

234 3484 434 3539 stionis
456 3483 690 3553 pelagus
712 3492 928 3539 motare
949 3485 1206 3551 verebar,
1233 3484 1372 3539 illud
1401 3485 1735 3540 Boetiauum
1756 3487 1929 3541 menti

233 3571 590 3642 subjiciens:
633 3594 653 3620 ‹
697 3571 847 3641 jure,
898 3572 995 3638 ait,
1041 3574 1279 3627 insanus
1313 3573 1624 3642 judicarer,
1658 3574 1704 3628 si
1732 3583 1930 3630 contra

231 3659 461 3716 insanos
515 3659 673 3729 loqui
728 3659 1098 3715 intenderem.
1165 3682 1192 3708 ››
1235 3661 1297 3715 In
1351 3675 1416 3715 eo
1473 3676 1726 3732 namque
1775 3665 1929 3734 quod

229 3751 516 3819 cujusque
571 3748 745 3803 menti
805 3763 904 3818 pro
961 3749 1258 3804 voluntate
1324 3751 1744 3819 praeponderat,
1812 3768 1926 3808 non

231 3837 476 3892 multum
527 3837 637 3892 sibi
682 3837 935 3904 providet
981 3852 1096 3906 qua
1139 3839 1359 3893 ratione
1400 3840 1771 3909 respondeat;
1823 3841 1928 3896 hoc

228 3925 412 3980 solum
443 3925 678 3979 incubat
708 3924 883 3988 cordi,
918 3933 1206 3993 quatenus
1259 3927 1497 3982 diversa?
1531 3929 1708 3995 partis
1741 3929 1924 3984 intui-

229 4021 352 4068 tum
402 4012 702 4066 obstinatis
761 4012 1106 4067 clamoribus
1152 4013 1399 4083 subigat.
1470 4015 1716 4070 Probum
1770 4015 1924 4070 enim

229 4101 457 4155 videtur
488 4100 761 4168 improbis
789 4108 1079 4169 tantOpere
1107 4101 1219 4155 alia
1243 4116 1342 4171 pro
1366 4102 1492 4157 aliis
1515 4103 1924 4160 absurdissime

2053 1717 2219 1785 perit,
2263 1718 2382 1772 hac
2412 1733 2445 1774 a
2475 1734 2580 1774 sua
2607 1735 2778 1776 carne
2809 1721 3068 1787 decidua,
3097 1730 3151 1776 et
3182 1723 3349 1791 quasi
3379 1722 3470 1776 sui
3499 1722 3766 1792 corporis

2051 1815 2416 1862 excrementa
2447 1809 2644 1864 haberi
2677 1824 2789 1864 non
2823 1809 3179 1878 permiserit?
3208 1811 3262 1865 Si
3297 1811 3449 1866 illius
3480 1812 3537 1865 in
3585 1826 3762 1866 cruce

2053 1894 2121 1948 de
2169 1894 2342 1950 latere
2370 1897 2608 1966 sanguis
2632 1905 2685 1952 et
2718 1911 2871 1967 aqua
2904 1898 3212 1966 proﬂuens,
3257 1898 3490 1954 forsitan
3534 1908 3756 1955 terram

2052 1991 2152 2038 aut
2181 1997 2388 2038 saxum
2419 1986 2625 2055 attigit,
2657 1987 2701 2040 si
2734 1987 3063 2055 absorptum
3094 1994 3194 2042 aut
3215 1988 3475 2042 attritum
3508 2003 3758 2058 quoquo

2053 2079 2217 2141 pacto
2261 2073 2477 2127 aboleri
2516 2075 2772 2144 contigit,
2817 2074 3102 2144 quomodo
3142 2085 3312 2144 putas
3352 2089 3440 2143 ea,
3483 2091 3616 2146 quae
3669 2092 3766 2132 vo-

2050 2158 2189 2211 casti
2222 2158 2488 2226 superius
2518 2159 2826 2224 subcisiva,
2873 2173 2938 2212 ac
2982 2157 3029 2212 si
3079 2166 3286 2214 nostrae
3327 2160 3454 2214 ﬁdei
3487 2161 3764 2216 refrican-

2051 2243 2136 2299 dae
2170 2245 2363 2318 vades,
2415 2246 2522 2301 sub
2551 2246 2757 2316 potiori
2794 2247 3030 2302 colenda
3080 2247 3294 2303 honore
3337 2263 3450 2303 non
3499 2249 3761 2318 potuisse

2049 2315 2298 2387 dimitii‘?
2345 2315 2711 2389 Sacramenta
2760 2334 2938 2404 igitur
2993 2335 3091 2389 illa
3137 2335 3241 2390 rite
3293 2335 3457 2391 nobis
3500 2315 3570 2391 ad
3622 2338 3761 2407 ejus

2049 2421 2383 2476 memoriam
2423 2430 2684 2491 prosunt,
2721 2421 2858 2492 quia
2899 2423 3062 2478 nobis
3091 2423 3261 2478 etiam
3291 2425 3562 2479 unionem
3609 2440 3753 2480 cum

2047 2509 2181 2564 Jesu
2207 2510 2447 2565 Domino
2473 2511 2836 2580 suscipiendo
2866 2512 3128 2581 pariunt;
3164 2512 3284 2567 hac
3311 2523 3502 2569 autem
3539 2516 3758 2570 animis

2049 2597 2243 2652 minus
2266 2597 2748 2654 intellectualibus
2774 2599 2924 2667 ﬁdei,
2956 2607 3019 2655 ut
3045 2601 3125 2655 sic
3155 2601 3374 2656 dictum
3401 2603 3490 2669 sit,
3542 2609 3757 2658 tracta-

2048 2683 2177 2739 bilis
2201 2684 2511 2740 invisibilia
2541 2685 2868 2741 rudimenta
2888 2688 3208 2744 conferunt.

2120 2771 2147 2840 §
2175 2771 2270 2828 1V.
2304 2771 2554 2841 Objeclio
2584 2773 2634 2826 4.
2659 2801 2730 2814 -
2759 2773 2904 2829 Sunt
2928 2787 3065 2844 ergo
3095 2776 3532 2845 quidam-hujus
3557 2792 3754 2848 agno-

2048 2860 2271 2915 scendze
2303 2863 2561 2916 veritatis
2601 2862 2835 2932 gradus,
2870 2870 2935 2917 ut
2987 2863 3127 2918 dens
3173 2878 3240 2918 ac
3282 2866 3585 2921 umbilicus
3641 2868 3747 2923 ille

2047 2946 2287 3001 visibilis
2317 2947 2750 3018 tractabilisque
2777 2948 3061 3018 simplices
3090 2949 3332 3016 erudiat,
3379 2953 3532 3021 quod
3589 2953 3652 3008 ﬁt
3688 2955 3751 3009 in

2046 3035 2211 3090 altari
2246 3036 2580 3104 mysterium
2604 3036 2760 3106 (29'),
2798 3037 3038 3106 imagi...
3095 3039 3274 3092 tiones
3323 3038 3420 3108 [f.,
3465 3039 3752 3110 imagina-

2045 3123 2246 3193 tiones]
2277 3133 2558 3191 exerceat,
2599 3124 2719 3194 jam
2756 3124 2922 3194 quasi
2961 3125 3029 3179 ad
3073 3125 3305 3180 tertium
3335 3127 3542 3181 coelum
3596 3142 3751 3183 con-

2041 3211 2334 3280 templatio
2383 3213 2454 3267 ad
2499 3225 2654 3279 eum,
2706 3212 2806 3281 qui
2859 3219 3109 3282 paternze
3164 3213 3413 3269 dexteras
3459 3214 3743 3282 considet,

2041 3312 2160 3353 sese
2191 3306 2453 3354 exacuat.
2488 3298 2636 3364 Quia
2662 3313 2798 3369 ergo
2839 3299 2963 3354 esui
3002 3302 3296 3355 communi
3343 3315 3478 3356 caro
3519 3310 3574 3357 et
3613 3317 3750 3358 san-

2042 3387 2171 3457 guis
2201 3387 2507 3442 convenire
2539 3401 2652 3441 non
2676 3395 2908 3456 poterat,
2947 3393 3094 3441 354
3146 3397 3408 3444 mutatur
3431 3405 3464 3445 a
3493 3390 3744 3448 Domino

2040 3475 2099 3529 in
2128 3474 2331 3530 usibus
2360 3475 3746 3537 humanishabilesacramentum.Sacramentum

2040 3564 2233 3633 itaque
2268 3563 2456 3633 ipsum
2487 3563 2643 3618 aliud
2676 3564 2953 3632 quiddam
2985 3565 3257 3621 exhibere
3297 3568 3528 3624 videtur
3559 3585 3746 3639 quam

2037 3665 2171 3706 caro
2204 3661 2305 3707 aut
2332 3653 2491 3718 dens,
2521 3652 2620 3722 qui
2653 3665 2686 3706 a
2721 3655 3054 3708 resuscitato
3076 3655 3342 3710 residuus
3375 3657 3739 3726 perhibetur,
3819 3717 3828 3719 _

2038 3740 2288 3797 Residua
2317 3741 2469 3796 enim
2502 3741 2627 3810 ipsa
2655 3742 2845 3796 carnis
2887 3743 3184 3811 quondam
3219 3744 3489 3801 exhibitze
3537 3748 3747 3804 verita-

2036 3831 2502 3901 tem|insinuant,
2551 3831 2742 3885 carnis
2779 3840 2968 3886 autem
3013 3832 3347 3901 signiﬁcata:
3395 3838 3742 3903 mysterium

2032 3935 2231 3977 eorum
2263 3921 2323 3974 ﬁt
2346 3919 2570 3986 efﬁcax,
2601 3920 2816 3988 quibus
2842 3934 2938 3989 per
2966 3920 3093 3990 ejus
3119 3935 3286 3977 usum
3319 3924 3479 3979 carni
3521 3924 3742 3985 divinae

2035 4010 2473 4078 incorporentur
2519 4016 2573 4064 et
2602 4010 2815 4064 vivant.
2866 4009 2962 4064 Est
3003 4023 3138 4080 ergo
3187 4011 3328 4066 dens
3378 4027 3443 4067 ac
3491 4015 3741 4070 umbili-

2032 4112 2134 4153 cus
2165 4097 2457 4166 probabile
2483 4097 2590 4152 sub
2623 4105 2946 4166 temporum
2992 4107 3319 4154 nostrorutn
3371 4103 3740 4160 extremitate

227 4189 503 4253 intonare,
531 4196 591 4243 ut
617 4189 771 4257 quod
801 4189 1192 4244 ratiocinandi)
1225 4205 1337 4245 non
1365 4193 1679 4260 prevalent,
1715 4193 1915 4248 saltem
1955 4192 1998 4244 D
2026 4198 2307 4255 susceptae
2334 4186 2467 4240 olim
2491 4186 2930 4254 dispensationis
2961 4187 3259 4255 indicium,
3287 4196 3340 4243 et
3385 4190 3740 4258 generaliter

226 4277 455 4330 valeant
484 4276 812 4344 strepitibus
853 4277 1165 4333 obtinuisse
1211 4279 1516 4346 continuis,
1561 4282 1727 4349 quasi
1775 4282 1920 4341 vici—

226 4366 390 4419 niora
421 4365 693 4419 victoriae.
749 4366 871 4434 Age
899 4380 1056 4437 ergo,
1090 4375 1143 4423 et
1175 4382 1276 4437 pro
1325 4368 1485 4424 vobis
1523 4377 1717 4425 nostra
1759 4383 1920 4425 exer-

226 4462 424 4510 ceatur
452 4453 654 4508 oratio.

292 4542 320 4614 §
359 4544 430 4598 Il.
464 4542 718 4611 ()bjectio
743 4545 790 4595 2.
829 4573 896 4582 —
927 4543 978 4598 Si
1013 4543 1193 4599 Deum
1226 4553 1280 4600 et
1308 4546 1612 4601 Dominum
1655 4554 1914 4602 nostrum

218 4631 360 4686 dicis
389 4631 459 4687 ob
488 4631 580 4687 sui
613 4632 964 4697 memoriam,
1005 4640 1059 4688 et
1101 4633 1220 4688 suis
1272 4648 1338 4688 ac
1377 4648 1617 4689 suorum
1651 4635 1914 4703 sequaci-

220 4720 347 4779 bus,
384 4720 537 4789 quod
571 4720 627 4774 in
665 4734 859 4775 mensa
898 4735 1005 4776 sua
1033 4720 1092 4776 lit
1127 4721 1426 4790 reliquisse
1457 4721 1813 4790 mysterium,
1853 4729 1914 4776 ut

216 4808 679 4874 consolationem,
709 4821 885 4877 quam
933 4809 1053 4864 suis
1083 4823 1202 4864 suae
1255 4810 1567 4878 praesentiae
1613 4810 1912 4864 cohabita-

217 4895 368 4950 tione
402 4897 730 4964 praestabat,
761 4896 966 4951 absens
1002 4898 1215 4952 vicario
1270 4913 1508 4953 munere
1539 4905 1906 4967 praepararet,

213 4997 316 5037 nos
350 4984 427 5038 ita
460 4999 575 5039 non
604 4985 887 5052 capimus,
922 4993 984 5041 ut
1012 5000 1112 5054 pro
1145 4985 1530 5055 perfunctoria
1579 4985 1908 5054 praebitione

212 5072 486 5140 mysterii,
529 5073 600 5127 ad
636 5071 832 5142 gaudii
882 5073 1225 5128 universalis
1272 5074 1572 5128 cumulum
1598 5073 1747 5128 datae
1794 5088 1909 5130 cor-

210 5159 364 5226 poris
393 5159 567 5226 illius,
603 5167 674 5215 ut
718 5160 798 5215 sic
826 5161 1105 5228 dicamus,
1156 5161 1460 5230 superﬂua
1508 5163 1792 5231 portiones
1828 5163 1908 5218 id-

208 5245 358 5301 circo
398 5248 637 5304 debeant
684 5249 993 5317 absentari,
1046 5249 1497 5320 perfunctorium
1554 5249 1723 5320 plane
1779 5251 1904 5306 ideo

279 5421 387 5493 (29)
421 5422 522 5478 Hic
549 5423 768 5494 aliquid
802 5425 978 5481 deest.

2028 4275 2355 4331 animarum
2389 4274 2559 4329 saluti
2585 4274 2919 4329 commilitat
2948 4283 3393 4332 sacramentum.

2101 4363 2126 4432 ξ
2161 4364 2225 4420 V.
2271 4361 2522 4430 Objeclz'o
2560 4365 2609 4416 5.
2645 4393 2713 4402 -
2753 4363 2912 4426 Quod
2960 4362 3006 4418 si
3047 4364 3437 4419 controversia
3487 4372 3736 4434 putatur

2028 4461 2150 4521 post
2179 4451 2650 4506 resurrectionem
2685 4451 2826 4506 illud
2875 4466 2996 4506 esse
3028 4451 3346 4518 residuum,
3386 4461 3731 4510 controver-

2025 4542 2122 4595 sias
2173 4539 2366 4594 itidem
2424 4539 2734 4595 ascribitur
2779 4539 3100 4609 baptismus
3159 4548 3283 4609 post
3341 4540 3723 4611 baptismum.

2025 4629 2349 4698 Baptismus
2370 4643 2573 4697 nempe
2603 4643 2772 4698 quem
2797 4629 3056 4684 Christus
3078 4629 3386 4698 exceperit,
3423 4630 3730 4701 gloriosior

2022 4719 2201 4773 videri
2235 4719 2418 4787 potuit
2450 4732 2624 4788 quam
2656 4733 2920 4788 sequens,
2964 4734 3095 4774 cum
3139 4720 3256 4788 ipse
3309 4721 3474 4792 longe
3521 4722 3728 4779 melior

2021 4807 2370 4876 praecedente
2399 4807 2749 4862 successerit.
2799 4806 2888 4862 Sic
2934 4815 2989 4862 et
3027 4808 3289 4864 Christus
3335 4824 3467 4864 cum
3517 4824 3726 4867 resur-

2018 4896 2185 4962 rexit,
2238 4895 2284 4950 si
2323 4895 2394 4949 ad
2447 4902 2654 4950 nostrae
2703 4895 2998 4950 mutabilis
3051 4897 3258 4952 mentis
3296 4898 3723 4955 monimentum

2017 4984 2212 5053 aliqua
2253 4993 2376 5052 post
2429 4998 2485 5038 se
2527 4984 2632 5038 sibi
2678 4984 2981 5039 attinentia
3021 4985 3253 5051 dimisit,
3303 4986 3537 5042 futurus
3585 4997 3719 5056 post

2008 5074 2294 5144 judicium
2337 5075 2635 5144 gloriosior
2687 5075 2806 5130 haec
2847 5075 3046 5131 eadem
3095 5076 3413 5146 gloriﬁcata
3460 5079 3717 5137 inserere

2013 5163 2123 5218 sibi
2154 5177 2266 5218 non
2301 5163 2544 5232 poterit?
2585 5164 2838 5218 Dicimus
2867 5165 3018 5220 enim
3051 5165 3192 5234 quia
3219 5167 3321 5221 etsi
3371 5169 3716 5239 resurrexit,

2011 5265 2127 5306 non
2157 5259 2347 5308 tamen
2381 5252 2785 5308 resuscitatum
2816 5267 3043 5324 corpus,
3093 5254 3164 5309 ad
3203 5269 3330 5310 eam
3371 5269 3548 5326 quam
3585 5267 3717 5327 post
