3920 6080
134 305 243 357 657

1175 303 1264 358 ne
1306 277 1723 358 Picnonlnus
1762 302 2201 360 saucroauu.
2227 334 2292 342 -
2323 304 2450 358 LlB.
2495 304 2590 358 Ill.

3543 311 3656 366 658

129 435 422 506 judicium
486 434 826 490 habiturum
880 442 963 490 est
1031 433 1512 490 immutabilitatis
1596 435 1836 504 gloriam
1875 439 1921 490 Α
1954 437 2120 506 quasi
2166 438 2238 493 ad
2287 438 2700 506 experientiam
2757 439 3006 509 suscepit
3066 441 3358 510 quondam
3411 441 3664 498 hominis

141 523 425 593 provexit.
471 522 526 578 Si
557 536 810 592 namque
837 529 982 578 esset
1024 524 1238 592 integre
1270 523 1670 589 clariﬁcatum,
1734 538 1847 578 non

141 612 511 670 remansisset
574 611 724 666 latus
773 611 925 680 quod
982 611 1213 665 Thomze
1278 612 1521 667 ostendit
1583 619 1848 681 apertum

142 699 344 768 (Joan.
382 713 487 766 xx,
517 702 636 768 27);
670 713 773 754 nec
803 701 1045 754 vulnera
1092 699 1288 768 patula
1333 700 1634 768 hucusque
1667 699 1848 768 persi-

144 793 360 840 sterent
401 787 610 854 pedum
643 800 710 840 ac
737 800 1037 853 manuum,
1072 801 1202 856 qua:
1236 787 1484 856 paternis
1523 788 1677 842 illata
1707 801 1849 841 con-

144 875 401 928 sessibus
432 875 512 929 sic
543 882 862 941 conservat,
898 883 960 930 ut
1005 875 1061 929 in
1092 875 1180 929 die
1214 875 1415 945 judicii
1460 883 1573 930 tam
1622 875 1709 940 iis,
1746 877 1847 944 qui

143 976 276 1016 eum
310 970 702 1031 pupugerunt,
733 976 906 1032 quam
936 963 1206 1017 omnibus
1236 963 1494 1032 reprobis
1517 971 1848 1017 conservata

145 1051 449 1119 producat.
485 1051 589 1106 Ubi
621 1065 758 1121 ergo
789 1051 1026 1106 cicatrix
1062 1065 1173 1105 non
1220 1051 1550 1117 obducitur,
1604 1051 1848 1119 perfecta

143 1136 484 1192 nullatenus
563 1139 949 1205 semimutato,
994 1145 1057 1193 ut
1118 1139 1199 1194 sic
1278 1139 1544 1204 dixerim,
1621 1139 1843 1208 corpori

141 1223 480 1280 clariﬁcatio
538 1227 864 1292 adhibetur,
921 1235 976 1282 et
1035 1226 1134 1281 ubi
1183 1226 1426 1295 perfecta
1475 1227 1666 1281 adhuc
1714 1242 1844 1282 cor—

142 1315 506 1384 ruptelarum
567 1315 872 1386 integratio
944 1316 1202 1370 nondum
1266 1323 1368 1382 est,
1438 1316 1590 1385 quod
1655 1316 1846 1371 minus

139 1400 361 1457 factum
396 1403 450 1456 in
472 1417 538 1458 eo
579 1402 697 1472 ipso
734 1407 972 1469 constat,
1005 1402 1201 1472 aliquo
1246 1403 1410 1458 modo
1458 1403 1843 1472 supplendum

138 1501 243 1549 est.

211 1581 358 1644 Quid
391 1589 584 1637 autem
625 1583 694 1638 de
732 1583 1128 1652 supplemento
1177 1590 1433 1649 tractem,
1478 1598 1610 1638 cum
1662 1582 1843 1639 forma

139 1667 266 1738 ipsa
311 1669 480 1736 servi,
535 1685 665 1741 quae
701 1672 875 1742 justis
921 1687 988 1727 ac
1041 1673 1299 1741 reprobis
1329 1688 1494 1742 teque
1544 1672 1672 1738 erit,
1721 1673 1842 1742 ipso

130 1757 449 1828 judicante,
488 1760 811 1829 perspicua,
848 1761 1274 1830 postjudicium
1307 1767 1425 1816 tota
1480 1761 1537 1814 in
1583 1761 1841 1815 divinam

137 1845 518 1902 transferetur
553 1847 836 1902 formam!
882 1847 1042 1904 Unde
1083 1854 1137 1902 et
1183 1847 1318 1902 illud
1369 1856 1498 1903 est:
1559 1850 1629 1903 Et
1674 1851 1840 1902 tran-

133 1935 313 1997 siens,
360 1933 566 2003 inquit,
601 1934 954 1990 ministrabit
982 1933 1104 1988 illis
1131 1935 1296 2001 (Luc.
1349 1950 1428 1998 χι,
1476 1939 1609 2002 37):
1661 1934 1839 2000 Quem

139 2022 450 2078 transitum
496 2037 598 2078 nos
653 2038 767 2078 non
813 2023 1130 2093 intelligere
1169 2024 1442 2078 debemus
1481 2024 1680 2089 alium,
1730 2023 1839 2078 nisi

138 2111 298 2180 quod
333 2112 502 2166 totius
534 2113 824 2178 humanae,
858 2112 1011 2182 quod
1041 2113 1094 2166 in
1117 2127 1184 2167 eo
1216 2113 1840 2182 apparetdispensatio-

137 2199 230 2254 nis
260 2200 664 2268 ministerium,
697 2202 755 2256 in
787 2201 998 2256 divinze
1031 2201 1183 2256 illius
1213 2200 1526 2270 majestatis
1548 2203 1839 2273 redigetur

136 2293 372 2353 statum,
409 2289 518 2344 imo
559 2289 898 2356 dominium,
940 2290 996 2343 in
1043 2303 1159 2358 quo
1205 2289 1474 2344 transitui
1526 2289 1836 2348 electorum

136 2390 380 2432 suorum
437 2378 642 2434 visioni
705 2378 1139 2444 eomministrat,
1205 2377 1342 2433 dum
1424 2392 1542 2433 suae
1603 2379 1837 2435 satieta-

137 2472 251 2521 tem
292 2466 786 2536 contemplationis
844 2466 925 2522 eis
963 2481 1267 2536 nunquam
1301 2466 1654 2522 fastidiendae
1691 2483 1836 2538 sup-

140 2555 352 2623 pediat.

211 2643 319 2698 Ubi
354 2643 530 2714 igitur
555 2643 612 2698 in
634 2643 952 2698 divinitatis
971 2643 1236 2713 speciem,
1272 2643 1464 2700 formae
1485 2645 1630 2700 servi
1654 2653 1837 2702 trans-

137 2730 273 2785 latio
317 2739 400 2786 est
442 2732 662 2800 futura,
709 2733 803 2788 ubi
849 2732 1180 2788 cicatricum
1231 2732 1517 2800 obductio,
1572 2748 1672 2802 per
1719 2735 1831 2788 im-

135 2819 514 2876 mutationem
557 2821 867 2890 legitimam
920 2819 1263 2886 adventura,
1307 2821 1446 2889 quid
1489 2825 1834 2876 cunctamur

136 2908 326 2963 dicere
356 2909 510 2978 quod
537 2909 772 2974 residui,
815 2909 968 2977 quod
1005 2923 1108 2963 nos
1154 2909 1363 2964 habere
1403 2909 1710 2977 credimus,
1742 2925 1829 2966 re-

135 2995 388 3065 sumptio
433 2997 506 3051 sit
557 2996 704 3051 illico
753 2997 1071 3052 secutura?
1121 2997 1266 3052 Dum
1308 2997 1475 3066 plane
1521 2998 1828 3054 vulnerum

135 3087 463 3140 concavitas
538 3093 768 3155 aequata
826 3086 1128 3155 superﬁcie
1188 3087 1609 3156 complanatur,
1687 3087 1827 3158 quid

137 3174 372 3240 mirum,
407 3175 452 3228 si
475 3175 628 3244 quod
660 3175 730 3228 ad
771 3173 900 3229 ﬁdei
942 3182 1150 3229 nostrae
1177 3175 1444 3229 solatium
1475 3176 1636 3231 nobis
1681 3177 1827 3231 inte-

137 3263 246 3318 rim
275 3271 360 3318 est
402 3264 792 3329 commissum,
825 3262 1006 3318 eidem
1041 3263 1193 3318 unde
1239 3263 1563 3319 derivatum
1608 3273 1828 3320 constat

134 3351 355 3420 corpori
388 3351 828 3421 compingatur?
856 3351 1014 3406 Certe
1045 3351 1090 3407 si
1115 3352 1253 3421 quid
1289 3353 1477 3423 majus
1505 3361 1605 3408 aut
1638 3353 1830 3409 minus

135 3439 289 3508 apud
326 3440 503 3495 Deum
539 3454 659 3495 esse
692 3447 890 3509 potest,
919 3454 1033 3494 non
1077 3441 1264 3510 majus
1311 3441 1464 3510 apud
1507 3456 1637 3496 eum
1670 3443 1828 3497 testi-

134 3535 328 3583 matur
355 3528 686 3583 cicatricum
719 3528 912 3584 hiatus
957 3529 1273 3594 obstruere,
1328 3544 1502 3598 quam
1553 3531 1828 3600 reliquias

133 3617 388 3673 humano
442 3616 670 3672 aﬁ'ectui
722 3631 793 3672 ex
845 3617 1105 3673 consulto
1166 3618 1430 3688 ingenitae
1486 3619 1828 3688 provisionis

131 3705 451 3774 applicitas,
481 3705 748 3761 invisibili
780 3721 898 3776 qua
928 3707 1184 3776 dispersa
1224 3707 1499 3778 recolligit
1544 3708 1652 3764 sibi
1685 3722 1826 3763 con-

129 3795 407 3849 tractione
437 3795 791 3851 subnectere.

202 3882 230 3952 §
264 3882 354 3938 Vl.
391 3883 642 3958 Objectio
672 3887 724 3938 6.
757 3914 824 3924 —
874 3884 925 3939 Si
964 3884 1141 3939 Filius
1189 3885 1284 3940 Dei
1321 3885 1438 3954 ipse
1492 3901 1666 3956 super
1719 3888 1824 3942 Ju-

129 3972 217 4027 dm
241 3973 287 4026 is
317 3971 563 4028 inimicis
611 3976 730 4029 suis
753 3981 1042 4029 ostensum
1090 3973 1198 4029 sibi
1247 3988 1279 4028 a
1330 3975 1493 4030 Patre
1531 3983 1820 4032 testatur:

137 4083 158 4109 ι
200 4060 282 4116 Ne
331 4061 574 4129 occidas,
619 4063 824 4133 inquit,
883 4077 994 4128 eos,
1046 4063 1353 4132 nequando
1407 4063 1825 4122 obliviscantur

132 4150 326 4219 populi
352 4151 463 4206 mei
495 4151 682 4218 (Psat.
733 4167 886 4214 LVIII,
924 4153 1030 4214 12).
1072 4173 1090 4198 ι
1154 4151 1334 4206 Deum
1381 4153 1680 4220 prmsentia
1716 4155 1823 4209 Ju-

131 4237 280 4292 daici
319 4238 536 4306 populi,
571 4253 740 4308 quem
788 4254 902 4307 prie
940 4239 1119 4294 oculis
1159 4239 1454 4306 habemus,
1490 4243 1821 4298 memoriam

1958 539 2254 594 superesse
2285 527 2423 596 quid
2455 527 2724 594 creditur,
2777 527 2901 582 ﬁdei
2952 529 3245 584 catholicae
3287 544 3428 599 pene
3472 531 3660 587 virtus

1959 615 2232 669 universa
2278 615 2649 681 convellitur;
2699 630 2833 671 nam
2863 638 2888 666 «
2939 619 2984 671 si
3036 617 3174 672 ﬁdes
3235 620 3656 687 sperandarum

1957 703 2280 758 substantia
2311 718 2502 759 rerum
2533 712 2633 769 est,
2675 714 3084 774 argumentum
3120 721 3353 776 quoque
3400 723 3513 762 non
3554 723 3655 778 ap-

1957 792 2282 860 parentium
2331 792 2520 858 (Hebr.
2567 807 2623 858 ιι,
2678 793 2724 860 1)
2779 812 2805 842 ››
2864 794 3150 862 quomodo
3209 795 3265 848 in
3318 795 3488 850 corde
3530 810 3652 851 cre-

1956 879 2140 933 dentis
2177 880 2483 949 cujuslibet
2533 880 2830 948 sperandaa
2869 895 2957 934 res
2988 881 3328 943 subsistunt.
3384 881 3471 937 vel
3508 883 3648 937 sub-

1955 974 2127 1032 stant,
2160 967 2329 1036 cujus
2365 967 2774 1037 cogitationum
2817 967 3206 1039 intelligentiae
3233 970 3300 1024 de
3347 969 3655 1025 invisibili-

1956 1055 2065 1112 bus
2094 1056 2165 1110 ad
2199 1056 2445 1110 visibilia
2480 1057 2776 1110 remeant?
2827 1057 2985 1121 Quod
3025 1059 3174 1111 enim
3221 1079 3242 1106 ι
3289 1058 3442 1113 videt
3501 1059 3650 1128 quis,

1955 1145 2096 1213 quid
2128 1144 2352 1212 sperat?
2399 1147 2576 1212 (Rom.
2624 1159 2740 1208 vui,
2798 1146 2938 1212 21)»
2992 1146 3042 1199 Si
3095 1146 3231 1200 ﬁdes
3269 1160 3336 1200 ac
3374 1160 3503 1214 spes
3556 1160 3654 1200 so-

1953 1232 2244 1288 lummodo
2281 1246 2353 1287 ex
2405 1233 2885 1288 intellectualitate
2930 1235 3248 1302 appetenda
3309 1235 3650 1299 consistunt,

1953 1321 2099 1376 sicut
2136 1336 2206 1377 ex
2234 1323 2353 1377 acie
2386 1322 2637 1377 interiori
2669 1322 2932 1377 foventur
2966 1331 3140 1391 atque
3189 1324 3520 1392 proﬁciunt,
3579 1323 3653 1377 ita

1952 1424 2024 1466 ex
2051 1411 2464 1465 consuetudine
2485 1424 2757 1479 corporea
2777 1417 2831 1464 et
2860 1410 3249 1465 sensualitatis
3295 1409 3651 1465 affectatione

1952 1497 2310 1556 lentescendo
2336 1500 2627 1554 deﬁciunt.

2021 1587 2088 1643 Si
2116 1588 2387 1642 Salvator
2405 1586 2668 1641 nonnihil
2685 1586 2941 1657 corporis
2956 1585 3301 1657 reliquisset,
3325 1585 3467 1658 ﬁdei
3487 1600 3651 1640 exer-

1947 1675 2278 1730 citationem
2324 1673 2646 1744 impediret.
2675 1704 2744 1712 —
2779 1674 2941 1728 Fides
2991 1673 3185 1742 itaque
3219 1673 3647 1728 substantivum

1881 1731 1921 1784 B
1951 1765 2188 1835 quidam
2219 1731 2530 1819 debetesse
2581 1762 2636 1816 in
2675 1762 2866 1816 animo
2904 1731 3250 1831 cujuspiam,
3299 1769 3364 1816 ut
3408 1775 3539 1830 qua;
3590 1761 3646 1814 iu

1947 1852 2157 1922 spiritu
2209 1851 2646 1920 contemplatur,
2698 1850 2865 1919 quasi
2920 1849 3142 1919 aliquid
3194 1849 3439 1905 solidum
3498 1848 3650 1903 intra

1951 1949 2194 1998 mentem
2223 1949 2503 1996 teneatur.
2539 1940 2660 2006 Quo
2694 1953 2830 2008 ergo
2873 1938 2998 1992 ﬁdei
3031 1952 3274 1993 acumen
3308 1937 3645 2004 intenditur,

1948 2030 2061 2085 imo
2089 2030 2228 2099 quid
2260 2037 2545 2098 speratur,
2581 2028 2720 2097 quid
2751 2027 3024 2091 creditur,
3061 2031 3209 2079 355
3242 2027 3337 2080 ubi
3383 2039 3470 2080 res
3513 2039 3646 2094 spe-

1946 2127 2092 2185 rata,
2120 2132 2209 2174 res
2244 2118 2459 2174 credita
2501 2117 2555 2171 in
2587 2123 2896 2184 conspectu
2946 2113 3317 2169 materialiter
3354 2113 3642 2182 aspicien-

1947 2206 2018 2262 tis
2058 2204 2442 2276 appenditur?
2474 2204 2609 2269 Quae
2647 2202 2982 2258 exercitatio
3021 2203 3197 2256 animi
3225 2201 3484 2270 illiclﬁet,
3546 2201 3646 2255 ubi

1946 2295 2004 2350 in
2036 2295 2104 2350 iis
2133 2309 2263 2364 quae
2323 2292 2558 2348 intuitui
2607 2291 2906 2360 subjacent
2945 2290 3322 2345 consideratio
3360 2303 3418 2344 se
3472 2303 3644 2344 exer-

1945 2384 2068 2440 cet?
2103 2384 2169 2439 Ut
2222 2382 2384 2452 quid,
2447 2380 2553 2436 nisi
2605 2394 2664 2435 se
2716 2379 2900 2449 primo
2931 2379 3236 2442 subducat,
3283 2377 3639 2433 Paraeletum

1944 2487 2059 2528 non
2087 2479 2397 2527 venturum
2442 2469 2742 2524 denuntiat
2783 2468 2828 2523 si
2874 2467 3083 2522 idcirco
3122 2467 3377 2536 corporis
3413 2466 3504 2521 sui
3554 2480 3640 2520 re-

1941 2561 2157 2631 liquias
2197 2561 2256 2614 in
2290 2568 2442 2615 terra
2482 2557 2736 2622 dimittit,
2784 2560 2847 2612 ut
2898 2555 3307 2611 incarnationis
3348 2569 3466 2610 suae
3519 2568 3638 2609 cre-

1942 2650 2241 2706 dulitatem
2282 2647 2553 2703 humanis
2585 2645 2766 2714 magis
2799 2645 3121 2714 pectoribus
3150 2644 3399 2698 inserere
3430 2642 3640 2712 possit?

1940 2739 2045 2806 Qui
2078 2738 2266 2794 carnis
2296 2731 2660 2806 praesentiam
2692 2734 2813 2789 ideo
2849 2732 3144 2802 discipulis
3197 2732 3638 2786 absentaturum

1940 2843 1998 2884 se
2036 2827 2316 2897 perhibet,
2372 2831 2662 2894 quatenus
2701 2819 3008 2876 intellectui
3041 2819 3324 2889 copiosior
3373 2833 3431 2874 se
3469 2818 3639 2887 spiri-

1939 2917 2173 2972 tualitas
2202 2920 2565 2984 repraesentet
2598 2913 2796 2982 (Joan.
2831 2924 2946 2976 xvi,
2987 2908 3060 2978 7),
3107 2907 3455 2964 credendum
3501 2906 3638 2962 nul-

1869 3024 1909 3080 ο
1940 3005 2166 3062 latenus
2194 3003 2347 3073 quod
2384 3001 2560 3056 verba
2596 3013 2703 3054 sua
2752 2998 2869 3053 ullo
2916 3005 3080 3066 pacto
3129 2997 3422 3052 inﬁrmare
3467 2995 3639 3050 volu-

1938 3094 2067 3161 erit,
2099 3093 2158 3147 in
2187 3107 2252 3148 eo
2280 3089 2542 3145 videlicet
2579 3087 2732 3158 quod
2761 3086 3080 3142 secundum
3123 3098 3226 3140 vos
3255 3084 3314 3138 in
3363 3091 3513 3139 terra
3548 3096 3634 3138 re-

1937 3183 2172 3238 siduum
2203 3179 2386 3235 facere
2428 3178 2497 3232 de
2527 3191 2586 3231 se
2621 3175 2885 3230 voluerit.

2011 3264 2448 3328 Planeindubie
2474 3263 2594 3319 suis
2636 3261 2997 3318 sermonibus
3027 3258 3385 3323 contraisset,
3425 3264 3489 3312 ut
3533 3257 3634 3326 qui

1937 3355 2292 3412 Paraeletum
2331 3367 2448 3408 non
2501 3359 2815 3408 venturum
2863 3351 3106 3414 dixerat,
3164 3347 3273 3403 nisi
3316 3347 3432 3416 ipse
3481 3345 3632 3401 abis-

1935 3454 2018 3501 set
2063 3443 2280 3514 (Ibid.),
2327 3450 2545 3510 partem
2589 3441 2736 3494 inter
2785 3452 2887 3492 nos
2919 3438 3177 3507 ejusdem
3209 3435 3478 3504 corporis,
3539 3435 3631 3488 cui

1935 3547 2097 3589 mens
2127 3533 2384 3586 humana
2426 3543 2631 3585 rursus
2687 3527 3023 3590 intenderet,
3078 3525 3421 3593 reliquisset.
3473 3523 3633 3577 Esset

1935 3622 2147 3692 quippe
2178 3620 2380 3685 facere,
2410 3633 2513 3673 nec
2552 3617 2764 3682 minus,
2803 3623 2866 3670 ut
2898 3615 2975 3670 ita
3002 3615 3211 3679 dicam,
3253 3613 3450 3667 eadem
3484 3611 3633 3665 facta

1934 3711 2191 3775 deﬁcere,
2234 3708 2280 3762 si
2316 3720 2528 3776 corpus
2577 3704 2896 3775 proprium,
2944 3711 3006 3758 ut
3040 3717 3141 3756 nos
3189 3702 3258 3754 ad
3307 3699 3633 3768 spiritualia

1933 3797 2258 3867 castigaret,
2309 3794 2722 3858 substraheret,
2785 3799 3119 3860 partemque
3168 3789 3279 3842 alia
3335 3788 3633 3842 subtracta

1934 3894 2094 3958 parte
2124 3885 2447 3939 dimitteret.
2484 3884 2546 3938 In
2577 3881 2768 3936 verbis
2800 3879 3108 3934 Dominicis
3144 3877 3223 3932 nil
3273 3889 3626 3946 repugnans,

1935 3977 2014 4032 nil
2045 3977 2326 4031 absonam
2359 3972 2662 4041 reperitur,
2698 3978 2814 4025 tota
2849 3967 3314 4038 evangelicorum
3345 3964 3628 4019 dictorum

1933 4064 2226 4134 congeries
2276 4059 2619 4114 immutabili
2669 4071 2891 4126 semper
2938 4056 3317 4111 unanimitate
3364 4052 3625 4109 vestitur.

2005 4153 2032 4222 ς
2091 4153 2158 4206 II.
2223 4148 2546 4220 Respondet
2589 4145 2894 4214 objectioni
2953 4147 3000 4197 ‘2.
3073 4142 3314 4214 Capilli,
3373 4141 3628 4212 sanguis,

1931 4259 2106 4314 aqua,
2138 4243 2264 4304 etc.,
2293 4253 2414 4308 qua
2441 4253 2471 4290 e
2498 4252 2734 4306 corpore
2758 4233 3077 4289 Saluatoris
3094 4232 3446 4297 deciderunt,
3475 4232 3629 4286 haud

133 4325 192 4380 in
243 4326 409 4380 nobis
442 4324 670 4380 refricat
699 4326 904 4382 Christi
951 4326 1233 4392 cruciﬁxi,
1282 4334 1336 4382 et
1369 4325 1541 4383 libros
1583 4339 1817 4397 veteres,
1861 4337 1905 4390 D
1931 4329 2169 4404 periere.
2204 4357 2271 4366 ——
2301 4327 2483 4395 Igitur
2512 4324 2557 4380 si
2593 4325 2662 4379 de
2700 4322 2983 4392 sanguine
3020 4330 3074 4377 et
3121 4335 3277 4390 aqua
3318 4321 3623 4390 quaaritur,

131 4414 236 4484 qui
263 4414 330 4469 de
364 4413 498 4482 ipsis
525 4414 720 4483 scripti
743 4422 898 4480 sunt,
931 4421 985 4470 et
1005 4414 1074 4468 ad
1108 4414 1260 4483 ipsos
1291 4429 1362 4470 ex
1393 4417 1514 4471 suis
1545 4418 1820 4486 ipsorum,

130 4517 263 4573 quae
292 4503 364 4557 ibi
398 4503 782 4570 praenuntiata
804 4511 958 4568 sunt,
991 4502 1341 4571 infortuniis,
1374 4513 1824 4576 nostrarumque

129 4591 507 4660 proventibus
537 4591 901 4646 fortunarum
941 4593 1125 4661 magis
1157 4593 1404 4648 reddunt
1441 4595 1820 4662 authenticos,

129 4680 262 4749 quis
308 4692 482 4749 super
523 4681 690 4735 dente
738 4679 849 4746 illo,
899 4680 1031 4749 quis
1076 4681 1269 4736 itidem
1330 4695 1504 4750 super
1555 4683 1824 4738 umbilico

127 4776 385 4822 nostram
451 4769 654 4836 poterit
699 4769 1011 4824 obscurare
1057 4771 1444 4824 sententiam?
1499 4770 1648 4837 Quin
1677 4772 1826 4827 sicut

127 4856 435 4926 mysticum
491 4855 633 4912 illud
683 4870 888 4925 corpus
944 4857 1016 4911 ad
1069 4857 1160 4912 sui
1210 4859 1505 4928 nostrique
1555 4859 1822 4915 unionem

125 4945 486 5015 dignoscitur
533 4944 882 5009 institutum,
934 4945 1012 5000 ita
1060 4947 1347 5016 quidquid
1375 4947 1442 5002 de
1496 4947 1610 5013 illo,
1671 4948 1824 5018 quod

130 5033 445 5103 principale
494 5048 784 5098 vocamus,
821 5050 934 5090 non
976 5037 1130 5105 quod
1177 5037 1460 5105 praecedat
1509 5037 1823 5107 majestate,

128 5121 228 5176 sed
259 5129 530 5190 tempore,
563 5121 773 5176 residui
803 5121 860 5176 in
902 5130 1055 5178 terra
1100 5123 1297 5178 haberi
1321 5123 1550 5189 dicitur,
1587 5124 1657 5178 ad
1695 5138 1826 5194 pro-

130 5209 418 5265 bationem
475 5211 602 5280 ejus
644 5225 822 5279 quam
869 5212 1119 5281 suscepit
1166 5211 1624 5281 dispensationis,
1659 5220 1714 5268 et
1755 5214 1827 5268 ad

131 5298 525 5353 solidationem
557 5298 684 5354 ﬁdei
717 5298 1077 5355 inﬁrmorum
1112 5299 1302 5355 valere
1329 5300 1740 5370 cognoscitur?

801 5387 1029 5444 CAPUT
1069 5388 1162 5443 III.

206 5474 234 5546 ξ
268 5474 307 5528 1.
342 5475 664 5546 Respondet
700 5476 1003 5545 objectioni
1047 5481 1094 5532 l.
1127 5507 1195 5516 —-
1246 5474 1390 5547 Quid
1408 5477 1575 5544 ﬁdes.
1619 5507 1688 5516 —
1743 5477 1828 5533 Ad

134 5565 260 5619 haec
281 5563 488 5619 inferre
527 5565 883 5634 poterimus:
919 5565 970 5620 Si
999 5565 1068 5620 de
1112 5563 1411 5634 principali
1451 5579 1556 5620 suo
1595 5577 1831 5634 corpore

1931 4427 1984 4476 et
2007 4417 2158 4488 quod
2191 4415 2429 4470 interra
2457 4413 2572 4468 sint
2612 4413 2939 4467 oblitterata
2972 4411 3259 4480 objicitur,
3304 4423 3417 4463 non
3463 4407 3628 4464 aliter

1935 4507 2100 4578 plane
2149 4518 2220 4560 ex
2277 4505 2381 4557 hoc
2411 4500 2849 4571 respondebitur
2881 4512 3056 4568 quam
3106 4498 3174 4552 de
3217 4495 3502 4566 capillulis
3545 4497 3627 4549 in-

1934 4594 2144 4660 fantiae,
2200 4590 2543 4660 corpusculo
2594 4589 2796 4658 utique
2854 4588 3283 4657 grandescente,
3345 4585 3622 4650 deciduis,

1930 4697 2082 4753 quae,
2111 4695 2226 4750 quo
2252 4677 2622 4741 deﬁuxerint,
2650 4677 2708 4731 in
2743 4676 2957 4746 quidve
2989 4674 3135 4728 versi
3186 4672 3421 4737 fuerint,
3455 4672 3625 4726 sicuti

1931 4772 2000 4828 de
2029 4783 2196 4840 aqua:
2222 4775 2276 4823 et
2305 4766 2606 4836 sanguinis
2643 4779 2774 4834 quae
2815 4762 3244 4832 praalibavimus
3275 4761 3368 4816 illo
3403 4760 3623 4830 proflu-

1929 4861 2046 4924 vio,
2079 4873 2195 4913 non
2218 4855 2432 4912 nemini
2465 4856 2583 4909 ﬁxa
2619 4853 2898 4908 sententia
2948 4859 3051 4906 est.
3106 4851 3279 4906 Putas
3315 4864 3452 4920 ergo
3488 4864 3623 4918 per-

1933 4946 2115 5002 ditum
2148 4944 2352 4999 ierint?
2398 4944 2453 4998 Si
2503 4943 2642 4998 dens
2691 4949 2846 5007 tuus,
2891 4954 3064 5010 quem
3109 4946 3172 4994 tu
3221 4939 3320 4994 tibi
3363 4952 3622 5008 arrogas,

1933 5035 2124 5092 adhuc
2149 5047 2336 5103 usque
2369 5033 2426 5087 in
2456 5031 2698 5088 miseriis
2727 5045 2840 5084 non
2875 5029 3154 5096 subsistit,
3184 5028 3369 5082 caeteri
3405 5027 3621 5091 dentes,

1933 5138 2078 5196 quos
2106 5123 2214 5178 sub
2243 5121 2440 5176 eadem
2465 5128 2672 5175 natura
2697 5133 2831 5174 eum
2860 5117 3114 5174 emisisse
3143 5115 3472 5177 constiterit,
3509 5129 3628 5186 qua

1935 5218 2102 5280 putas
2130 5209 2373 5273 incuria,
2421 5207 2529 5262 hac
2564 5207 2812 5276 illacque
2849 5205 3070 5275 disjecti
3110 5203 3454 5261 credentur?
3504 5204 3626 5260 Tuo

1936 5313 2106 5385 quem
2131 5298 2305 5354 habes
2328 5297 2479 5352 denti
2504 5295 2846 5385 fortunatior
2871 5307 3016 5350 aura
3034 5294 3288 5360 subrisit,
3321 5293 3460 5349 dum
3500 5292 3628 5385 aliis

1937 5382 2127 5441 tabido
2181 5386 2498 5441 secundum
2549 5383 2858 5438 verborum
2901 5390 3135 5438 tuorum
3189 5382 3629 5452 consequentias

1937 5473 2189 5543 squalori
2234 5473 2494 5537 addictis,
2543 5486 2688 5527 auro
2729 5479 2784 5527 et
2831 5471 3013 5527 niveis
3055 5471 3264 5541 lapillis
3318 5479 3628 5526 coornatus

1938 5561 2230 5619 obrutilat.
2281 5562 2348 5616 Et
2395 5561 2607 5617 mirum
2657 5560 2817 5632 quia,
2861 5575 2993 5616 cum
3042 5561 3236 5630 plures
3274 5560 3545 5625 emiserit,
3574 5567 3628 5614 et
