3914 6094
279 346 382 398 659

1171 339 1228 391 V.
1270 337 1604 394 GUIBERTI
1644 337 1938 392 ABBATIS
1973 336 2028 392 S.
2074 337 2314 392 MABIE
2354 337 2444 392 DE
2485 335 2880 393 NOVIGENTO

3690 339 3802 392 660

274 495 380 551 par
409 477 696 537 universis
726 474 1044 532 reverentia
1087 472 1384 540 debeatur,
1436 473 1660 528 obrutis
1710 471 1968 543 reliquis,
2009 474 2055 525 Α
2085 471 2237 528 intra
2278 471 2468 528 natale
2510 471 2686 528 latere
2728 471 2934 540 solum,
2991 472 3091 527 vix
3145 472 3340 529 vivere
3385 481 3524 530 tunc
3578 449 3804 530 liceret.

274 578 338 626 tu
370 569 578 625 unicus
608 565 846 622 unicum
877 564 1034 618 hunc
1065 562 1274 618 habere
1297 569 1348 617 te
1372 562 1619 632 jactitas.

345 657 398 712 Si
422 655 600 725 igitur
631 651 840 721 capilli,
875 651 1088 714 dentes,
1123 663 1290 719 aquze
1319 649 1535 713 ﬂuxus,
1571 655 1625 702 et
1668 645 1970 718 sanguinis

275 741 584 813 quadriﬂdi
625 738 886 796 vulneris
938 752 1130 805 cruor,
1183 737 1284 807 qui
1343 736 1581 792 indubie
1637 736 1709 791 ad
1761 743 1971 791 terram

273 844 459 899 usque
511 827 786 884 distillare
839 826 1105 896 potuerit,
1173 825 1232 880 in
1274 825 1512 880 terrenis
1561 824 1870 880 ruderibus
1913 823 1972 876 in

272 919 444 974 ﬁnem
499 915 926 986 corrumpenda
977 914 1315 980 desederint,
1368 913 1802 968 resurrectionis
1863 912 1971 967 hu-

271 1021 461 1062 manae
506 1013 710 1070 status,
744 1017 812 1059 ac
856 1009 1065 1058 nostrae
1097 1001 1394 1072 promissio
1420 1016 1492 1056 ex
1542 1015 1638 1057 ore
1681 1000 1974 1056 Dominico

272 1095 343 1150 ad
375 1094 465 1150 sui
499 1091 936 1149 similitudinem
969 1090 1402 1156 conformitatis,
1448 1104 1562 1144 non
1613 1089 1780 1144 video
1830 1103 1975 1158 quo-

273 1183 442 1237 modo
470 1189 730 1236 constare
759 1179 880 1233 sine
910 1178 1132 1234 enormi
1178 1178 1401 1232 fallacia
1445 1177 1678 1246 possint.
1717 1178 1783 1232 Et
1827 1184 1976 1233 certe

277 1271 459 1328 multo
493 1270 666 1324 tutior
698 1281 876 1338 quam
916 1267 1146 1322 stultior
1193 1266 1336 1331 dico,
1391 1265 1547 1335 quia,
1593 1265 1638 1320 si
1692 1266 1750 1319 in
1780 1265 1979 1334 aliqua

277 1358 693 1430 promissorum
724 1357 858 1426 quis
903 1369 1143 1410 suorum
1198 1354 1451 1423 portione
1481 1353 1746 1420 declinat,
1789 1354 1980 1409 ambi-

278 1461 461 1519 guum
481 1445 716 1501 omnino
757 1443 1004 1498 efﬁcitur
1030 1442 1185 1512 quod
1230 1441 1297 1496 de
1333 1449 1535 1496 caetero
1579 1441 1978 1495 rectitudinem

278 1533 702 1606 pollicitationis
746 1531 1071 1600 adimpleat.
1108 1531 1178 1585 Et
1211 1529 1256 1584 si
1300 1537 1522 1584 tantum
1563 1528 1631 1584 de
1669 1528 1795 1598 ejus
1849 1542 1981 1584 cor-

280 1637 434 1694 pore,
493 1621 594 1690 qui
644 1627 846 1675 auctor
897 1627 981 1674 est
1042 1617 1450 1688 promissionis,
1516 1623 1852 1685 corruptum
1913 1617 1978 1671 iri

279 1710 630 1776 conceditur,
659 1707 811 1764 facili
863 1706 1359 1776 disputatiuncula
1409 1705 1700 1760 annullari
1752 1705 1976 1774 poterit,

282 1797 567 1869 quidquid
599 1797 655 1850 in
684 1811 748 1851 eo
774 1795 987 1851 factum
1011 1795 1098 1850 vel
1139 1795 1208 1849 de
1251 1793 1416 1849 nobis
1455 1793 1709 1848 ﬂendum
1768 1793 1980 1863 praedi-

281 1895 468 1943 catur.
493 1885 548 1941 Si
572 1884 724 1940 enim
753 1899 824 1939 ex
853 1884 1208 1953 perceptione
1251 1885 1620 1951 praesentium
1673 1897 1982 1938 munerum

286 1975 451 2030 ﬁrma
471 1971 916 2041 estexspectatio
956 1971 1308 2036 futurorum,
1335 1977 1391 2025 et
1421 1969 1523 2040 qui
1557 1969 1614 2024 in
1645 1985 1766 2025 suze
1799 1985 1982 2040 proce-

284 2063 398 2118 mio
446 2059 748 2116 locutionis
805 2059 1042 2126 fallitur,
1102 2065 1264 2113 textu
1325 2057 1599 2112 orationis
1648 2058 1984 2127 procedente

284 2149 567 2221 neglectui
599 2148 849 2213 ducitur,
887 2146 1354 2216 perpendendum
1387 2145 1583 2216 procul
1615 2147 1789 2202 dubio
1847 2161 1980 2202 con-

284 2247 411 2302 stat,
461 2237 602 2307 quia
652 2237 697 2291 si
747 2243 1075 2292 constanter
1123 2235 1180 2290 in
1237 2235 1324 2290 sui
1386 2233 1562 2304 ipsius
1629 2235 1987 2290 restitutione

285 2326 440 2398 quod
466 2324 770 2396 spopondit
811 2323 1095 2390 exhibuit,
1153 2337 1350 2378 omnes
1397 2337 1491 2378 eos
1537 2323 1754 2392 quibus
1814 2337 1987 2392 spon-

286 2429 468 2472 sorem
517 2429 576 2468 se
616 2412 879 2483 praebuit,
937 2411 1065 2466 ﬁdei
1117 2411 1404 2466 dictorum
1453 2425 1694 2466 suorum
1749 2410 1987 2465 indubi-

288 2510 476 2558 tanter
526 2501 825 2556 adnexuit.
883 2499 1044 2566 Quod
1084 2502 1130 2555 si
1191 2500 1247 2555 in
1290 2501 1702 2570 promissorum
1750 2498 1989 2555 veritate

287 2589 538 2646 titubare
550 2587 1113 2658 dignoscitur.quidq
1124 2587 1220 2642 uid
1236 2588 1292 2641 in
1308 2587 1618 2642 verborum
1632 2586 1680 2655 ej
1692 2600 1758 2641 us
1769 2594 1990 2642 statura

291 2677 643 2747 praeminet,
689 2683 873 2732 totum
916 2674 1327 2730 incontinentia
1372 2673 1632 2728 ﬂuitante
1677 2674 1984 2743 subigitur.

362 2762 391 2833 §
424 2764 518 2816 Ill.
555 2761 869 2832 Respondet
897 2759 1197 2830 objectioni
1227 2764 1276 2814 3.
1313 2759 1572 2829 Infantis
1621 2760 1844 2815 Christi
1887 2759 1991 2813 de-

280 2851 530 2921 ﬂuentia
562 2849 818 2920 corporis
844 2849 943 2920 qui
969 2848 1268 2919 colligeret
1315 2864 1502 2903 nemo.
1539 2849 1744 2913 Quare.
1774 2879 1842 2887 —
1885 2847 1989 2903 Sed

295 2939 444 2996 illud
494 2937 851 3008 potissimum
893 2937 1125 2993 obtendi
1195 2937 1503 3002 sufﬁceret,
1567 2936 1738 2992 etiam
1786 2936 1831 2992 si
1909 2935 1990 2991 nil

301 3026 455 3097 quod
508 3025 580 3080 ad
625 3025 747 3081 haec
795 3031 982 3094 posset
1041 3023 1370 3093 responderi
1435 3029 1784 3093 suppeteret,
1837 3022 1992 3092 quod

297 3115 521 3172 Domini
555 3116 687 3170 Jesu
726 3114 986 3184 pueritiae
1024 3120 1275 3183 tempore
1320 3113 1567 3182 profecto
1617 3112 1815 3168 nullus
1848 3119 1994 3168 esset

297 3210 399 3280 qui
426 3207 708 3279 ejusmodi
739 3207 1049 3263 deﬂuentia
1079 3221 1152 3262 ex
1188 3206 1314 3277 ejus
1352 3205 1601 3275 capitulo
1631 3213 1994 3262 sacrosancto

297 3297 564 3368 colligere
640 3295 950 3357 aﬂ'ectaret,
1017 3294 1332 3365 praesertim
1388 3309 1518 3349 cum
1580 3294 1648 3349 de
1705 3308 1772 3349 eo
1828 3307 1995 3348 nemo

300 3385 490 3455 majus
519 3384 817 3455 quidpiam
868 3391 1005 3440 tunc
1045 3384 1314 3453 temporis
1352 3383 1676 3447 zestimaret,
1712 3395 1889 3450 quam
1928 3381 1997 3436 de

300 3487 558 3544 aequaevo
585 3473 780 3543 aliquo
824 3473 926 3543 qui
962 3480 1102 3529 tunc
1125 3481 1290 3527 esset.
1333 3472 1402 3526 Et
1449 3471 1582 3540 quis
1629 3471 1697 3524 de
1755 3470 1995 3524 humani

302 3560 528 3630 generis
573 3560 662 3630 [[2,
716 3558 994 3632 corporis]
1041 3558 1300 3628 reliquiis
1349 3566 1488 3614 tunc
1533 3560 1824 3624 tractaret,
1865 3571 1998 3613 cum

303 3659 427 3722 post
459 3661 694 3708 mortem
727 3651 976 3722 alicujus
1005 3649 1225 3719 aliquid
1257 3648 1326 3704 de
1371 3647 1497 3718 ejus
1527 3661 1764 3716 corpore
1819 3661 1997 3702 reser-

302 3754 468 3795 vasse
500 3740 654 3810 apud
698 3741 924 3797 Judzeos
967 3735 1433 3808 profanissimum
1479 3735 1662 3791 esset?
1724 3736 1828 3790 Et~
1859 3735 1999 3805 quid

305 3827 461 3898 apud
482 3843 578 3884 eos
615 3827 891 3898 pollutius
928 3839 1105 3896 quam
1151 3823 1358 3880 mortui
1392 3823 1641 3878 hominis
1683 3835 1810 3878 ossa
1858 3835 2002 3876 con-

306 3916 546 3986 tingere,
571 3929 702 3970 cum
731 3915 800 3970 ad
830 3914 1090 3984 singulos
1110 3926 1370 3983 quosque
1388 3918 1686 3967 contactus
1711 3911 2002 3968 excubare

307 4001 650 4071 aliquandiu
673 4015 776 4070 pro
797 3999 1016 4065 castris,
1039 4007 1091 4055 et
1113 4013 1296 4069 aquas
1314 3999 1632 4070 jubeantur
1660 3997 2004 4067 expiationis

310 4089 603 4146 adhibere.
630 4089 840 4145 Praeter
870 4088 1095 4145 tabulas
1116 4087 1477 4153 Testamenti,
1511 4100 1747 4142 auream
1771 4098 2002 4152 urnam,

310 4179 623 4248 Aaronque
672 4178 921 4248 virgam,
968 4178 1046 4233 nil
1079 4178 1232 4248 quod
1269 4191 1303 4232 a
1339 4177 1627 4233 veteribus
1660 4174 2005 4243 accepissent

309 4264 645 4320 monimenti
702 4279 952 4335 usquam
1008 4265 1291 4322 exstitisse
1336 4265 1712 4336 dignoscitur.
1768 4264 1834 4318 Et
1876 4262 2007 4332 quis

312 4365 399 4420 ea,
433 4367 564 4422 qua
601 4351 681 4408 illi
723 4367 902 4423 puero
945 4353 1282 4419 attinebant,
1331 4351 1617 4407 servanda
1656 4349 1908 4416 duceret,
1950 4348 2008 4402 in

314 4459 430 4516 quo
457 4445 536 4501 nil
570 4459 603 4500 a
631 4448 922 4502 communi
954 4454 1212 4516 respectu
1239 4446 1475 4516 dignius
1499 4443 1869 4498 autumaret?

385 4533 412 4604 §
442 4533 538 4590 IV.
560 4534 629 4588 Β.
666 4533 842 4607 Virgo
860 4533 1096 4589 minime
1114 4533 1175 4588 id
1195 4532 1479 4604 prastitit.
1502 4531 1697 4604 Ipsius
1710 4532 1806 4589 lac
1819 4547 2007 4587 asser-

311 4621 444 4677 vari
469 4621 683 4676 dicitur
716 4621 779 4677 in
808 4622 1050 4679 ecclesia
1091 4622 1478 4678 Laudunensi.
1529 4623 1683 4689 Quod
1722 4621 2010 4692 improbat

317 4708 638 4765 Guibertus.
693 4740 766 4753 —
811 4711 974 4776 Quod
1024 4711 1070 4766 si
1113 4711 1386 4782 objicitur
1440 4711 1666 4767 beatam
1713 4710 2012 4780 Virginem

316 4800 555 4856 Matrem
605 4800 660 4855 id
697 4801 948 4871 potuisse
995 4814 1242 4868 servare,
1293 4807 1348 4856 et
1390 4801 1558 4870 quasi
1620 4800 2012 4869 superstitiosa

316 4887 496 4958 ipsius
571 4895 930 4957 posterorum
997 4887 1180 4944 cultui
1247 4888 1494 4944 voluisse
1553 4888 1871 4955 traducere,
1933 4886 2012 4942 ita

315 4975 680 5044 suscipietur,
719 4976 803 5046 (²³)
847 4975 995 5032 sicut
1038 4977 1304 5032 Lauduni
1348 4977 1503 5048 apud
1554 4990 1655 5031 nos
1704 4975 1792 5030 lac
1833 4974 2012 5043 ipsius

318 5063 630 5120 benedictae
657 5063 716 5119 in
764 5063 1032 5121 columba
1081 5065 1393 5122 cristallina
1441 5065 1744 5134 hucusque
1781 5060 2011 5117 retineri

317 5150 543 5208 dicitur.
593 5150 754 5218 Quod
805 5161 1153 5223 quantuma
1199 5167 1352 5220 vero,
1401 5150 1574 5206 etiam
1632 5163 1667 5203 a
1714 5148 2011 5204 verisimili

316 5237 791 5306 exorbitet,tacili
825 5248 1165 5311 argumento
1216 5239 1415 5310 liquet,
1462 5237 1602 5308 quia
1652 5250 1840 5306 neque
1889 5236 2011 5304 ipsa

318 5327 648 5392 asservarit,
681 5329 994 5396 praesertim
1025 5328 1119 5384 cui
1151 5340 1456 5397 nunquam
1487 5325 1544 5380 in
1583 5325 1717 5381 Jesu
1767 5324 2011 5379 infantia

320 5417 546 5466 tantum
589 5412 707 5479 otii,
767 5421 1112 5485 tantumque
1150 5413 1474 5470 securitatis
1517 5412 1752 5477 exstitit,
1807 5419 1871 5468 ut
1918 5413 2009 5468 sui

321 5497 654 5552 memoriam
717 5501 860 5554 tanti
925 5502 1211 5571 penderet,
1293 5508 1583 5571 quatenus
1651 5500 1722 5555 de
1793 5500 1883 5555 sui
1949 5499 2010 5554 in

319 5580 518 5640 futura
577 5585 788 5642 saecula
837 5586 996 5644 lactis
1051 5589 1422 5666 productione
1466 5593 1715 5653 curaret,
1771 5584 1862 5641 cui
1909 5583 2008 5642 vix

2080 563 2150 616 Et
2176 561 2307 632 quis
2326 569 2499 616 tantae
2536 562 2882 631 arrogantiae
2924 561 3014 616 vel
3051 561 3284 630 signum
3343 562 3401 617 in
3437 563 3563 633 ejus
3605 561 3798 618 bene-

2080 650 2244 705 dictis
2277 651 2551 716 moribus,
2585 649 2642 704 in
2697 649 2872 719 ipsius
2901 650 3195 706 adoranrlo
3248 651 3449 706 habitu
3510 657 3664 704 350
3710 665 3803 705 re-

2080 739 2261 807 perire
2293 737 2554 806 potuerit,
2591 737 2648 792 in
2681 737 2851 806 cujus
2879 750 2976 792 ore
3008 736 3087 790 nil
3126 736 3234 791 nisi
3269 738 3559 793 ancillaris
3589 739 3807 794 humi-

2080 826 2208 881 litas
2240 839 2501 895 unquam
2533 824 2765 880 sonuit?
2791 823 2928 890 Quae
2968 838 3058 879 res
3103 839 3340 894 quoque
3383 835 3540 881 tanto
3594 827 3802 882 minus

2082 919 2318 982 poterat,
2372 925 2488 966 non
2543 911 2669 965 dico
2712 911 2763 964 ll
2822 910 3096 978 plurimas
3138 919 3355 976 aetates,
3413 913 3510 968 sed
3564 928 3673 969 nec
3742 913 3805 968 in

2082 998 2301 1069 aliquot
2354 1013 2535 1054 annos
2594 999 2702 1054 sub
2758 999 2876 1054 ulla
2926 1007 3188 1055 constare
3231 1000 3512 1066 custodia,
3567 1011 3801 1071 quanto

2083 1087 2268 1158 magis
2305 1088 2454 1142 idem
2500 1088 2810 1159 coagulum
2859 1102 3081 1158 semper
3128 1088 3470 1161 decoquitur
3539 1091 3803 1146 naturali

2085 1174 2494 1230 inconstantia.

2157 1263 2295 1318 Esto
2317 1270 2527 1318 autem.
2565 1264 2634 1319 Et
2665 1278 2795 1334 quae
2841 1264 3143 1320 vetustatis
3179 1264 3441 1334 exempla
3489 1265 3567 1320 illi
3601 1272 3800 1320 matu-

2088 1351 2345 1418 rissimae,
2381 1367 2447 1407 ac
2485 1352 2705 1408 nullius
2749 1352 2935 1408 laudis
2961 1366 3154 1408 avarae
3201 1354 3375 1407 menti
3409 1353 3806 1422 suppetebant

2089 1439 2148 1494 in
2192 1439 2391 1496 talium
2419 1440 2786 1496 observantia
2823 1441 3154 1511 pignorum,
3189 1449 3251 1495 ut
3283 1441 3438 1511 quod
3490 1454 3805 1510 nunquam

2091 1529 2210 1583 ﬁeri
2275 1529 2516 1594 viderat,
2565 1543 2668 1584 nec
2709 1537 2948 1585 eatenus
2999 1529 3215 1584 factum
3275 1529 3552 1596 audierat,
3613 1529 3808 1598 prima

2091 1615 2258 1686 quasi
2284 1617 2590 1687 imaginem
2623 1617 2928 1688 cujusdam
2958 1617 3313 1672 ventositatis
3357 1617 3672 1687 inciperet?
3743 1619 3808 1671 Et

2091 1705 2138 1760 si
2185 1720 2284 1774 per
2321 1705 2584 1760 eumdem
2633 1705 2932 1775 Spiritum,
2982 1719 3054 1761 ex
3100 1720 3216 1774 quo
3263 1712 3619 1774 conceperat,
3686 1718 3804 1758 non

2096 1811 2260 1852 nosse
2292 1810 2404 1851 non
2432 1803 2670 1865 poterat,
2699 1797 2854 1866 quod
2882 1797 2946 1863 is,
2981 1811 3152 1866 quem
3185 1804 3462 1866 genuerat
3488 1811 3588 1866 per
3609 1796 3807 1863 ﬁdem,

2094 1895 2214 1936 suae
2235 1881 2673 1950 dispensationis
2706 1885 2985 1940 mundum
3012 1899 3238 1939 omnem
3273 1885 3620 1954 impleturus
3655 1891 3804 1948 erat,

2096 1970 2236 2039 quid
2287 1971 2574 2038 dentulus,
2623 1973 2763 2042 quid
2809 1973 3115 2029 umbilicus
3174 1972 3286 2039 ille,
3339 1974 3478 2042 quid
3549 1973 3808 2042 denique

2097 2066 2301 2112 caetera
2352 2060 2625 2115 custodiri
2676 2061 3014 2128 debuerant,
3061 2075 3192 2130 quae
3235 2060 3290 2115 in
3333 2067 3492 2115 tanta
3540 2059 3674 2115 Filii
3719 2061 3808 2115 sui

2097 2145 2354 2202 claritate
2384 2162 2494 2202 non
2548 2148 2814 2218 amplius,
2849 2150 2894 2204 si
2941 2163 3013 2204 ex
3047 2149 3245 2218 aliqua
3275 2149 3449 2204 veteri
3499 2157 3813 2204 consuetu-

2097 2233 2230 2287 dine
2261 2234 2480 2288 servari
2518 2242 2762 2303 possent,
2799 2235 3047 2290 valitura
3087 2235 3345 2304 putabat,
3387 2247 3566 2304 quam
3626 2236 3812 2289 meri-

2099 2319 2270 2375 diano
2300 2319 2451 2376 valet
2485 2321 2720 2376 lucerna
2751 2323 2858 2377 sub
2889 2322 3044 2376 sole?

2169 2410 2332 2465 Certo
2378 2410 2570 2481 itaque
2615 2412 2826 2467 certius
2871 2411 3214 2466 szeculorum
3267 2409 3568 2466 Dominam
3621 2423 3811 2465 nove-

2100 2498 2282 2553 rimus
2311 2513 2612 2569 nunquam
2646 2500 2848 2555 nzeniis
2883 2499 3094 2554 talibus
3130 2499 3384 2554 studium
3433 2497 3809 2567 impendisse.

2099 2582 2310 2641 Néenize
2342 2587 2509 2656 plane
2549 2595 2753 2653 essent,
2795 2587 2840 2641 si
2878 2588 2942 2653 is,
2988 2587 3090 2656 qui
3119 2601 3176 2641 se
3205 2588 3384 2642 Deum
3410 2595 3464 2641 et
3507 2585 3810 2641 hominem

2101 2673 2308 2728 saeculo
2370 2673 2551 2743 plenis
2598 2675 2705 2730 fide
2759 2675 3032 2745 prodigiis
3098 2675 3443 2743 publicaret,
3495 2673 3814 2743 segmentis

2101 2770 2275 2832 atque
2299 2764 2554 2819 minutiis
2583 2764 2913 2834 hujusmodi
2959 2765 3031 2818 ad
3081 2764 3220 2818 nihil
3267 2763 3500 2817 omnino
3566 2761 3815 2816 utilibus

2101 2852 2374 2907 celebrari
2427 2861 2732 2922 appeteret.
2785 2853 2942 2916 Quod
3003 2853 3048 2908 si
3121 2853 3244 2921 ipsa
3293 2865 3406 2905 non
3450 2849 3600 2914 fecit,
3679 2849 3815 2918 quis

2101 2954 2236 3010 ergo
2288 2941 2483 2996 fecisse
2534 2942 2799 3011 potuerit,
2841 2955 2972 2996 cum
3019 2940 3074 2995 id
3125 2939 3392 3009 temporis
3438 2939 3662 3006 nullus,
3710 2939 3815 3008 qui

2032 3026 2072 3082 C
2105 3031 2210 3085 hoc
2239 3031 2676 3100 apprctiaretur,
2709 3031 2923 3086 nedum
2947 3030 3144 3100 aliqua
3163 3028 3525 3085 charitudine
3547 3036 3817 3098 appecto-

2102 3127 2275 3186 raret,
2311 3118 2627 3174 exstiterit?

2771 3206 2998 3262 CAPUT
3039 3205 3134 3262 IV.

2176 3293 2204 3363 §
2230 3295 2272 3348 Ι.
2306 3295 2633 3365 Respondet
2657 3294 2962 3364 objectioni
3000 3297 3052 3349 4.
3095 3296 3327 3365 Integre
3359 3291 3573 3347 Christi
3603 3309 3816 3364 corpus

2102 3382 2165 3436 in
2214 3382 2632 3438 resurrectione
2672 3383 2790 3450 fuit
2823 3383 3228 3456 glori/iculum,
3279 3381 3412 3435 licet
3471 3397 3586 3435 non
3639 3382 3816 3435 aliter

2103 3488 2278 3541 quam
2304 3474 2479 3525 antea
2523 3475 2858 3543 appareret.
2903 3503 2969 3510 —
3002 3471 3107 3526 Sed
3144 3471 3212 3526 iis
3245 3470 3538 3540 paulisper
3582 3470 3811 3535 amotis,

2107 3560 2176 3615 ad
2229 3559 2582 3628 propositum
2642 3560 2962 3616 redeamus.
3009 3559 3061 3614 Si
3100 3573 3237 3629 ergo
3285 3571 3496 3626 corpus
3547 3558 3816 3612 Domini-

2106 3661 2238 3703 cum
2276 3651 2397 3716 post
2424 3648 2896 3703 resurrectionem
2930 3647 3117 3702 dicitis
3168 3645 3414 3700 necdum
3452 3644 3676 3715 integre
3714 3646 3815 3700 im-

2108 3741 2418 3803 mutatum,
2474 3735 2720 3791 necdum
2776 3736 2940 3806 plene
3011 3733 3411 3799 clariﬁcatum,
3485 3735 3628 3804 quia
3701 3748 3816 3789 non

2109 3823 2414 3880 obduxerit
2475 3823 2758 3879 foramina
2809 3824 3163 3887 cicatricum,
3229 3821 3543 3882 ostenditis,
3611 3821 3812 3888 fateor,

2110 3912 2168 3966 in
2216 3912 2321 3967 hoc
2363 3911 2483 3980 ipso
2525 3911 2926 3967 hebetudinem
2970 3910 3208 3966 indubie
3264 3923 3541 3965 sensuum
3594 3918 3814 3965 vestro-

2109 4013 2259 4054 rum.
2295 4001 2349 4055 Si
2383 3999 2560 4069 igitur
2587 3999 2936 4055 clariﬁcatus
2970 4001 3190 4068 integre
3234 4013 3348 4052 non
3381 4006 3483 4065 est,
3531 4000 3678 4068 quia
3721 4013 3816 4054 eas

2110 4101 2225 4142 non
2280 4087 2542 4153 obduxit,
2592 4101 2730 4157 ergo
2771 4101 2885 4142 non
2930 4087 3113 4142 dicam
3168 4085 3409 4156 integre,
3451 4085 3547 4140 sed
3612 4101 3690 4142 ne
3745 4087 3816 4142 ad

2112 4175 2400 4230 modicum
2469 4175 2702 4245 quidem
2749 4175 2839 4230 vel
2894 4174 3234 4230 immutatus
3299 4172 3389 4228 vel
3457 4172 3818 4243 gloriﬁcatus

2115 4270 2218 4328 est,
2255 4263 2358 4334 qui
2408 4263 2568 4319 nulla
2627 4263 2714 4319 vel
2769 4262 3186 4318 immutationis
3235 4261 3322 4316 vel
3385 4261 3820 4331 gloriﬁcationis

2118 4365 2238 4407 suae
2299 4350 2465 4421 signa
2508 4357 2630 4420 post
2677 4351 3148 4406 resurrectionem
3198 4348 3496 4417 discipulis
3543 4350 3816 4403 ostendit.

2119 4439 2183 4494 In
2239 4437 2396 4494 nullo
2443 4439 2597 4494 enim
2647 4437 2719 4494 ab
2771 4451 2838 4493 ea
2883 4438 3068 4508 specie
3122 4451 3299 4507 quam
3349 4436 3540 4491 videre
3597 4435 3818 4505 pridem

2121 4528 2348 4583 fuerant
2401 4525 2570 4592 soliti,
2611 4524 2888 4580 alteratus
2944 4525 3082 4594 ipsis
3131 4524 3420 4594 apparuit.
3475 4523 3623 4593 Ergo
3685 4525 3822 4592 quia

2118 4615 2264 4670 nihil
2297 4614 2379 4670 eis
2425 4627 2590 4669 novae
2633 4612 2909 4668 claritatis
2964 4611 3338 4668 resuscitatus
3381 4610 3665 4677 obtendit,
3712 4611 3822 4666 dici

2119 4702 2192 4756 ab
2213 4701 2408 4771 aliquo
2438 4707 2619 4771 potest
2645 4699 2784 4770 quia
2814 4699 2956 4754 nihil
2990 4700 3180 4770 majus
3209 4715 3242 4754 a
3282 4699 3446 4754 Patre
3485 4712 3820 4770 resurgens,

2119 4803 2297 4859 quam
2324 4795 2634 4857 antequam
2664 4793 2975 4856 pateretur,
3003 4787 3265 4842 emeruit.

2191 4877 2353 4932 Certe
2408 4889 2513 4930 nec
2568 4875 2688 4944 ipsa
2739 4888 2858 4944 qua
2905 4875 2960 4930 in
3029 4874 3236 4931 caelum
3289 4873 3621 4930 conscendit
3685 4875 3826 4931 hora

2120 4963 2420 5035 quidpiam
2446 4961 2699 5018 novioris
2728 4967 2991 5030 aspectus
3032 4961 3256 5031 objecit,
3303 4968 3367 5016 ut
3398 4961 3455 5014 in
3484 4960 3606 5028 ipsa
3636 4961 3826 5018 decla-

2120 5052 2338 5108 ratione
2376 5049 2810 5106 resurrectionis
2841 5064 2955 5104 non
2987 5049 3168 5104 alium
3210 5050 3458 5118 seipsum
3501 5050 3826 5105 ostenderet

2121 5155 2299 5212 quam
2349 5140 2495 5195 idem
2541 5139 2660 5209 ipse
2709 5138 2894 5194 fuerat
2947 5147 3262 5208 antequam
3314 5137 3513 5193 obiret.
3557 5136 3612 5193 Si
3674 5138 3825 5194 enim

2120 5229 2414 5285 insolitum
2463 5227 2685 5298 aliquid
2745 5227 3191 5296 splendescendo
3249 5234 3616 5296 proponeret,
3669 5241 3825 5282 nun-

2121 5332 2298 5390 quam
2337 5317 2491 5386 quod
2512 5329 2644 5372 caro
2675 5315 2935 5371 rediviva
2983 5315 3144 5381 foret,
3179 5315 3525 5379 crederetur,
3572 5315 3672 5370 sed
3725 5331 3824 5386 po-

2121 5408 2236 5463 tius
2275 5412 2338 5462 ut
2367 5404 2643 5474 suspicati
2681 5412 2837 5469 sunt,
2871 5403 3026 5473 quod
3062 5403 3229 5470 alter,
3264 5410 3365 5458 aut
3394 5401 3638 5471 spiritus
3663 5413 3822 5459 esset.

2123 5494 2284 5551 Unde
2313 5501 2433 5548 est:
2471 5514 2490 5540 ι
2533 5493 2656 5563 Ego
2685 5506 2834 5557 sum,
2869 5491 3052 5546 Nolite
3081 5491 3280 5546 timere
3305 5492 3505 5559 (Joan.
3546 5506 3623 5552 vx,
3655 5493 3762 5559 20}.
3801 5513 3818 5538 ι

2122 5583 2234 5638 Ει;
2275 5603 2296 5630 ι
2333 5580 2580 5651 Spiritus
2607 5593 2840 5636 carnem
2882 5586 2939 5635 et
2974 5594 3102 5635 ossa
3152 5594 3267 5635 non
3311 5579 3498 5646 habet,
3550 5578 3705 5634 sicut
3742 5594 3824 5633 me
