3914 6094
108 234 211 285 661

1167 232 1261 289 DE
1302 233 1711 288 PIGNORIBUS
1750 232 2186 291 SANCTORUM.
2220 265 2288 274 —
2312 235 2439 290 LIB.
2485 236 2582 291 Ill.

3518 242 3621 294 662

108 366 326 423 videtis
356 367 566 425 habere
595 366 752 437 (Luc.
790 382 946 436 xxxv,
986 367 1096 438 39).
1131 386 1160 418 ιυ
1198 367 1443 439 Dignum
1479 367 1671 439 itaque
1696 368 1806 424 fuit
1841 370 2230 439 Aostendam,
2264 385 2378 427 non
2417 371 2572 428 enim
2616 372 2959 442 competenti
3001 372 3289 431 intellectu
3330 377 3612 445 caperetis

110 463 178 511 ut
232 455 573 526 simpliciter
616 456 675 510 in
729 470 798 511 ea
840 471 1017 526 quam
1068 456 1276 513 assueti
1340 456 1568 513 fuerant
1615 456 1817 526 specie,

110 544 314 600 adhuc
369 545 583 600 eisdem
631 544 878 600 rudibus
932 552 1251 614 appareret,
1300 559 1371 600 ne
1426 545 1495 600 de
1548 546 1821 601 inusitata

108 632 378 688 claritate
412 632 483 688 ad
526 641 779 688 externae
822 631 1110 701 opinionis
1151 647 1401 689 errorem
1446 633 1669 689 animos
1710 633 1819 689 mi-

111 735 231 777 nus
258 721 557 790 capacium
588 719 896 777 derivaret.

186 811 383 876 Quare
433 808 706 865 Dominus
757 809 1059 864 vulnerum
1102 807 1402 864 cicatrices
1444 807 1819 864 resuscitatus

108 896 398 969 apostolis
424 897 690 952 ostendit.
719 927 789 938 —
817 897 925 965 Qui
960 898 1153 967 itaque
1186 898 1240 952 in
1266 897 1625 952 subobscura
1656 896 1816 953 habi-

112 985 321 1042 tudine
349 986 515 1056 quasi
556 986 819 1055 spontive
850 993 1131 1055 suscepta,
1158 985 1276 1055 jam
1324 984 1507 1056 gloria
1539 984 1815 1042 imminu-

109 1082 230 1141 tus,
276 1075 572 1145 apparuit,
619 1074 763 1146 quid
817 1074 1026 1130 mirum
1068 1075 1112 1129 si
1162 1073 1472 1129 inobducta
1518 1073 1815 1129 clavorum

108 1162 241 1218 loca
292 1164 373 1219 eis
420 1162 730 1219 exhibuit?
768 1161 989 1229 Quibus
1030 1162 1256 1217 tamen?
1310 1161 1591 1232 Apostolis
1649 1161 1817 1231 plane

110 1251 394 1321 primum.
453 1258 508 1307 et
566 1251 929 1322 postmodum
984 1250 1235 1316 Thomas,
1291 1259 1345 1305 et
1403 1250 1508 1304 hoc
1556 1249 1816 1319 utrisque

111 1338 540 1407 haesitantibus,
576 1339 682 1394 hoc
710 1347 765 1394 et
792 1337 984 1394 semel.
1019 1337 1161 1395 Vide
1198 1339 1242 1392 si
1283 1336 1510 1393 duobus
1540 1337 1816 1392 Emmaus

113 1428 510 1498 pergentibus,
547 1428 678 1484 vide
706 1427 752 1482 si
780 1426 841 1483 in
872 1426 1234 1483 creberrimis
1264 1440 1365 1495 per
1401 1426 1521 1481 dies
1562 1426 1813 1496 quadra-

111 1515 282 1587 ginta
319 1530 423 1586 pro
463 1523 806 1587 argumento
840 1513 1119 1570 conviviis
1149 1514 1371 1584 aliquid
1407 1513 1813 1570 obducendum

112 1604 399 1675 prodidit;
432 1605 560 1660 vide
588 1605 634 1660 si
686 1602 1027 1660 mulieribus
1072 1602 1243 1673 pedes
1279 1602 1408 1672 ejus
1467 1602 1809 1669 tenentibus,

1927 473 2075 526 eam,
2126 460 2275 515 hanc
2324 461 2492 516 modo
2542 460 2705 517 vobis
2745 469 3032 530 superstes
3085 476 3331 532 expono,
3386 471 3450 519 ut
3493 479 3622 520 eam

1928 550 2277 618 perpendere
2307 563 2373 605 ac
2408 550 2656 605 recolere
2690 550 3014 618 addiscatis,
3048 565 3182 607 cum
3214 559 3438 609 naturae
3488 553 3617 623 glo-

1928 636 2161 693 riﬁcatze
2193 638 2589 694 excellentiam
2634 639 2835 695 habitu
2874 640 3198 707 humiliore,
3237 641 3373 711 quia
3414 641 3620 699 obscu-

1927 725 2096 792 riore,
2122 735 2446 783 contexero.

1998 812 2026 884 §
2077 815 2144 869 II.
2195 815 2521 884 Respondet
2556 814 2857 884 objectioni
2904 818 2955 870 6.
3011 814 3288 887 Explicat
3334 817 3616 887 quomodo

1927 901 2193 957 Christus
2214 903 2273 958 in
2285 903 2512 973 judicio
2539 908 2792 959 extremo
2807 905 3065 971 formam
3094 903 3243 959 servi
3269 904 3615 962 immutabit.

1922 1020 1996 1032 —
2024 992 2197 1047 Porro
2230 993 2297 1048 de
2347 993 2720 1049 translatione
2766 994 2915 1049 servi
2959 993 3155 1049 formae
3203 994 3260 1049 in
3301 994 3619 1052 divinitatis

1925 1080 2187 1147 formam,
2238 1081 2393 1137 sisic
2423 1081 2707 1152 intelligas
2747 1090 2806 1138 ut
2847 1082 2904 1136 in
2949 1082 3187 1136 alteram
3217 1084 3462 1151 speciem
3514 1085 3617 1139 de-

1926 1175 2204 1236 mutetur,
2252 1176 2305 1223 et
2352 1177 2490 1224 tunc
2534 1184 2664 1225 cum
2706 1169 3050 1225 obductioue
3096 1169 3429 1225 cicatricum
3477 1169 3617 1224 dens

1923 1264 1978 1311 et
2011 1257 2321 1312 umbilicus
2351 1257 2463 1324 ille,
2514 1265 2568 1312 et
2611 1258 2659 1312 si
2690 1258 2828 1327 quid
2872 1257 3139 1313 estaliud
3180 1257 3410 1324 residui,
3451 1257 3617 1327 quasi

1924 1345 2101 1400 veteri
2132 1352 2338 1401 trunco
2368 1345 2638 1401 insitivus
2685 1345 2956 1401 surculus
2984 1353 3329 1414 apponatur,
3372 1345 3617 1400 dicimus

1924 1433 2093 1503 plane
2121 1434 2278 1503 quia,
2308 1433 2355 1489 si
2406 1435 2486 1490 sic
2524 1448 2583 1489 se
2630 1448 2718 1490 res
2761 1434 2947 1501 habet,
2993 1435 3123 1489 dua:
3174 1434 3617 1490 resurrectiones

1924 1520 2133 1577 Christi
2184 1530 2372 1583 erunt,
2430 1530 2483 1576 et
2520 1522 2604 1576 bis
2641 1521 3063 1577 immutabitur.
3116 1520 3169 1576 Si
3224 1529 3419 1576 tantus
3455 1535 3615 1577 error

1922 1610 2185 1666 coalescit
2217 1612 2275 1666 in
2321 1610 2525 1679 capite,
2566 1609 2713 1679 quid,
2744 1609 2945 1679 poterit
2989 1610 3057 1665 de
3099 1610 3487 1665 membrorum
3519 1624 3615 1666 re-

109 1692 159 1747 si
184 1691 440 1761 cuipiam
464 1693 608 1748 alias
628 1706 759 1747 cum
782 1700 1002 1747 ostento
1025 1690 1302 1761 passionis
1339 1698 1628 1760 apparml-
1662 1689 1808 1756 Quid
1848 1715 1889 1768 Β
1921 1696 2272 1753 surrectione
2303 1698 2436 1769 quis
2466 1697 2732 1752 credere?
2769 1698 3100 1753 Transitum
3133 1697 3294 1753 illum
3325 1698 3394 1752 de
3431 1696 3617 1753 forma

108 1794 252 1851 ergo
284 1779 394 1835 fuit
431 1779 623 1836 dubiis
651 1779 985 1835 cicatricum
1032 1788 1202 1835 antra
1238 1779 1642 1836 contrectanda
1673 1791 1810 1847 por-

108 1869 323 1941 rigere,
374 1869 483 1924 nisi
536 1868 893 1924 identitatem
938 1868 1181 1938 propriae
1214 1882 1468 1938 personae
1514 1882 1627 1922 non
1666 1880 1811 1923 con-

108 1956 422 2013 suetudine
451 1955 635 2023 faciei,
670 1955 767 2012 sed
810 1956 1226 2011 recentioribus
1254 1956 1454 2012 mortis
1485 1970 1606 2012 suae
1633 1954 1813 2026 signis

110 2044 450 2100 ostendere?
515 2042 611 2115 (τι)
669 2042 817 2109 Quid
871 2050 992 2112 post
1048 2045 1522 2100 resurrectionem
1570 2043 1814 2100 vulnera

111 2133 212 2188 illa
265 2140 557 2188 reservata
605 2131 1030 2203 portenderent,
1073 2131 1122 2187 si
1155 2132 1327 2188 etiam
1357 2133 1661 2203 hucusque
1691 2146 1812 2188 ma-

111 2219 361 2277 nerent?
392 2223 478 2276 An
525 2228 586 2276 ut
626 2220 849 2276 Patrem
888 2233 955 2275 ac
992 2219 1039 2275 si
1096 2219 1288 2276 virum
1331 2222 1675 2277 obliviosum
1716 2234 1815 2291 per

108 2310 314 2367 eadem
345 2308 787 2380 dispensationis
816 2322 918 2378 pro
964 2307 1297 2365 hominibus
1333 2318 1609 2380 susceptae
1654 2324 1815 2365 com-

111 2397 427 2454 memoret?
477 2398 632 2454 Esto.
675 2400 837 2455 Certe
889 2396 1003 2452 alia
1046 2398 1274 2453 curanti
1324 2397 1479 2454 Patri
1515 2398 1637 2454 sola
1692 2398 1816 2454 sine

108 2486 458 2543 vulneribus
504 2500 637 2543 caro
688 2500 810 2543 sum
857 2486 1108 2543 dexterae
1150 2486 1406 2543 assidens
1456 2500 1816 2544 commonere

110 2575 423 2632 sufﬁceret.

182 2662 212 2734 §
244 2663 316 2719 ΙΙ.
354 2662 675 2735 Respondet
702 2661 1007 2734 objectioni
1045 2665 1095 2717 5.
1127 2664 1203 2717 In
1225 2661 1319 2717 die
1340 2661 1551 2729 iudicii
1587 2680 1813 2719 eorum-

111 2750 244 2805 dem
265 2751 565 2807 vulnerum
594 2757 739 2809 nota
764 2750 826 2806 in
856 2749 1092 2807 Christo
1126 2768 1314 2807 nonne
1354 2752 1817 2825 conspiciemur?

109 2871 181 2881 —
209 2841 317 2897 Sed
346 2841 548 2913 objicis
576 2841 734 2912 quod
765 2840 855 2896 vel
887 2840 946 2896 in
976 2841 1068 2897 die
1097 2840 1301 2912 judicii
1348 2842 1531 2898 visuri
1563 2842 1678 2898 sint
1724 2857 1815 2899 re-

110 2929 277 3001 probi
302 2943 369 2985 ac
411 2929 570 3000 impii
609 2942 745 2985 eum
788 2927 1051 2985 videlicet
1090 2943 1262 2999 quem
1311 2937 1704 3001 pupugerunt.
1755 2930 1812 2986 Si

109 2996 268 3086 eum,
301 3018 397 3075 cui
429 2996 784 3088 te—injuriam
834 2996 1125 3090 irrogasse
1142 2996 1504 3086 memineris,
1532 3019 1655 3074 sine
1694 3019 1812 3075 ullo
1851 2996 1891 3051 θ

112 3108 273 3164 illius
304 3121 482 3179 quam
509 3106 773 3163 intuleris
810 3105 1042 3177 injuriae
1082 3106 1435 3163 monimento
1472 3108 1811 3178 conspicias,

112 3210 307 3253 nonne
355 3194 650 3252 confestim
699 3193 1011 3265 perpetrati
1057 3194 1115 3249 in
1159 3210 1294 3250 eum
1337 3194 1608 3252 facinoris
1646 3200 1816 3253 temet

112 3284 363 3341 videndo
401 3286 851 3340 commemoras?
901 3283 967 3338 Et
1013 3283 1154 3352 quid
1203 3283 1306 3339 tibi
1355 3282 1610 3340 lacerum
1649 3284 1815 3342 faciet

110 3374 284 3439 latus,
314 3373 456 3443 quid
480 3373 539 3428 in
570 3371 840 3428 manibus
870 3371 1231 3443 pedibusque
1259 3371 1463 3428 ﬁxura:
1492 3373 1811 3442 clavorum,

110 3462 215 3518 ubi
267 3460 392 3516 Filii
440 3461 688 3517 hominis
742 3459 960 3531 parebit
1008 3460 1284 3532 signum?
1332 3463 1395 3515 In
1440 3461 1593 3518 illius
1620 3463 1814 3533 gloriae

111 3551 323 3606 throno
378 3550 668 3620 quomodo
712 3549 1012 3605 conveniet
1060 3549 1505 3619 quinquipertiti
1556 3552 1815 3607 vulneris

111 3638 355 3694 horror?
385 3638 453 3694 Et
482 3646 635 3695 certe
660 3652 794 3694 cum
824 3638 1125 3708 discipulis
1162 3639 1465 3695 comedens
1499 3653 1566 3695 ac
1615 3640 1816 3697 bibens

108 3726 382 3784 manibus
410 3726 735 3783 mandenda
765 3727 1068 3792 tractabat,
1107 3726 1375 3797 nunquid
1413 3728 1601 3784 sanies
1628 3728 1815 3787 hianti

110 3818 302 3875 ulcere
332 3824 473 3873 tunc
500 3815 755 3872 tluebat?
786 3816 1128 3872 Absurditas
1161 3815 1403 3871 inﬁnita.

181 3904 314 3973 Qui,
350 3919 457 3976 pro
493 3920 644 3962 verm
674 3905 995 3961 testimonio
1039 3919 1215 3976 quam
1242 3914 1646 3976 resumpserat
1687 3921 1813 3964 car-

112 3995 223 4062 nis,
267 3993 641 4050 manducavit
686 4008 1080 4063 saepenumero
1114 4009 1249 4051 cum
1289 3994 1431 4061 suis,
1479 4009 1593 4049 non
1628 4008 1817 4052 neces-

112 4084 291 4150 sario,
332 4082 431 4139 sed
472 4082 853 4152 dispensative
894 4081 1056 4153 (Luc.
1103 4097 1260 4146 xxiv,
1300 4084 1431 4153 43);
1474 4083 1575 4155 qui
1616 4083 1817 4154 januis

113 4171 328 4227 clausis
371 4171 607 4226 intravit
644 4172 715 4227 ad
770 4170 919 4241 ipsos
966 4171 1086 4227 sola
1135 4172 1403 4241 potentia,
1438 4187 1553 4227 non
1605 4180 1814 4228 natura

114 4260 301 4330 (Joan.
333 4273 428 4325 xx,
450 4259 560 4330 26),
603 4258 905 4315 interstitia
955 4273 1207 4330 namque
1247 4259 1528 4328 parietum
1568 4274 1684 4315 non
1718 4273 1815 4330 pe-

115 4353 347 4403 netrant
385 4348 608 4417 pondus
643 4346 835 4403 carnis
869 4361 937 4403 ac
975 4361 1121 4416 ossa,
1158 4361 1261 4403 nec
1305 4347 1611 4404 aetheream
1647 4348 1810 4404 babi-

116 4436 391 4492 tationem
437 4436 566 4492 talis
604 4436 954 4493 naturaliter
985 4436 1204 4507 patitur
1248 4436 1625 4507 corpulentia,
1659 4438 1813 4508 quod

116 4532 300 4581 totum
347 4525 547 4581 virtuti
588 4524 1023 4582 resurrectionis
1059 4525 1395 4594 ascribitur;
1437 4516 1539 4596 qui
1586 4541 1646 4582 se
1681 4526 1812 4583 lon-

117 4610 250 4683 gius
308 4610 515 4667 iterum
590 4611 756 4684 ﬁngit
806 4616 949 4666 δεῖ
1011 4611 1150 4667 dum
1204 4626 1239 4667 a
1286 4612 1512 4669 duobus
1563 4613 1815 4683 praefatis

120 4713 419 4756 remanere
450 4699 815 4770 compellitur
844 4700 1000 4767 (Luc.
1032 4715 1188 4768 xxiv,
1221 4701 1337 4771 28),
1372 4716 1486 4757 non
1534 4701 1715 4772 potuit
1741 4703 1813 4758 ad

117 4788 318 4844 horam
351 4787 517 4858 signa
545 4786 826 4857 passionis
858 4801 1055 4843 recens
1085 4795 1225 4844 actae
1266 4786 1503 4844 cuilibet
1527 4788 1814 4845 dubitanti

116 4890 454 4948 proponere,
486 4889 559 4932 ex
590 4891 707 4947 quo
733 4877 821 4932 sui
869 4876 1050 4945 ipsius
1089 4884 1215 4932 tum
1258 4884 1489 4944 natura,
1524 4885 1644 4932 tum
1681 4892 1816 4947 per-

117 4979 258 5021 sona
286 4964 607 5034 probetur?
660 4966 858 5020 Nonne
902 4965 998 5020 illa
1034 4978 1228 5021 coram
1279 4967 1461 5033 Petro,
1508 4966 1717 5022 Jacobo
1762 4974 1818 5022 et

117 5054 337 5109 Joanne
365 5052 423 5108 in
454 5060 645 5109 monte
678 5053 1107 5124 transﬁguratio
1147 5054 1536 5123 perfunctoria
1579 5055 1814 5123 exstitit,

121 5140 348 5213 (Hattlt.
380 5156 523 5210 xvu,
552 5140 630 5211 2),
665 5147 729 5197 ut
768 5142 1035 5212 probaret
1071 5156 1246 5213 quem
1288 5150 1411 5212 post
1442 5144 1818 5200 resurrectio-

120 5244 250 5287 nem
299 5236 512 5286 statum
555 5229 840 5297 habuerit,
895 5243 1070 5300 quem
1123 5238 1315 5287 tamen
1364 5238 1429 5287 ut
1481 5239 1624 5298 erat,
1686 5246 1819 5288 cum

122 5316 551 5387 resurrexisset,
608 5331 712 5388 pro
763 5317 1092 5375 inﬁrmitate
1155 5317 1474 5375 videntium
1525 5318 1821 5374 ostendere

121 5405 494 5477 supersedit?
536 5408 611 5462 Ac
653 5406 700 5461 si
730 5406 963 5462 diceret
995 5420 1006 5461 :
1040 5404 1187 5473 Quia
1215 5406 1375 5462 vobis
1424 5421 1539 5462 non
1589 5406 1822 5477 expedit

125 5504 188 5552 ut
245 5493 536 5551 immutati
601 5496 857 5566 corporis
918 5493 1234 5551 claritatem
1297 5494 1464 5552 vobis
1524 5494 1823 5553 redivivus

1925 1786 1984 1841 in
2051 1786 2290 1842 formam
2363 1786 2571 1843 Christi
2639 1786 2721 1841 nil
2779 1786 2936 1842 aliud
3010 1786 3387 1857 intelligimus
3437 1800 3617 1855 quam

1922 1876 2198 1945 absorpta
2229 1883 2405 1931 morte
2437 1876 2497 1930 in
2529 1875 2765 1930 victoria
2795 1876 2849 1940 (Ι
2885 1878 3019 1930 Cor.
3048 1889 3143 1943 xv,
3180 1875 3287 1945 54),
3329 1882 3382 1930 et
3416 1882 3616 1930 exacto

1923 1963 2097 2034 impio
2125 1971 2178 2019 et
2204 1962 2491 2033 impietate
2540 1964 2686 2034 ejus,
2727 1963 2911 2018 diviso
2953 1963 3213 2019 videlicet
3243 1961 3316 2019 ab
3364 1963 3448 2017 ira
3493 1962 3616 2017 vul-

1926 2059 2019 2110 tus
2067 2053 2212 2123 ejus,
2260 2050 2689 2122 appropinquat
2743 2065 2840 2107 cor
2892 2051 3049 2107 illius
3096 2050 3278 2121 (Psal.
3330 2066 3442 2117 LIV,
3500 2051 3609 2117 22),

1923 2140 2098 2197 stulto
2130 2140 2343 2197 scilicet
2385 2140 2560 2210 impio
2603 2154 2674 2194 ne
2706 2140 2895 2194 videat
2937 2139 3178 2210 gloriam
3219 2139 3363 2209 ejus,
3391 2136 3611 2210 [admit-

1922 2234 2131 2284 tuntur
2159 2226 2320 2283 electi
2355 2226 2460 2282 soli
2501 2225 2573 2281 ad
2620 2225 2923 2282 videndam
2972 2226 3212 2297 gloriam
3261 2225 3474 2280 divinae
3528 2225 3625 2280 vi-

1923 2314 2100 2370 sionis
2152 2312 2353 2384 ipsius.
2405 2314 2551 2369 Hinc
2601 2321 2684 2369 est
2741 2314 2894 2384 quod
2952 2314 3102 2369 Juda
3150 2321 3397 2369 exeunte
3439 2312 3621 2368 dicit:

1925 2423 1953 2454 α
1985 2402 2152 2460 Nunc
2168 2402 2609 2459 clariﬁcatusest
2627 2402 2805 2457 Filius
2824 2402 3072 2458 hominis
3092 2402 3291 2471 (Joan.
3311 2417 3430 2468 xm,
3455 2402 3567 2471 32).
3597 2424 3624 2449 ››

1922 2492 2085 2548 Tunc
2136 2491 2305 2561 plane
2354 2490 2557 2547 transit
2613 2490 2687 2546 ad
2740 2491 2891 2547 hanc
2942 2489 3433 2558 clariﬁcationem,
3490 2504 3624 2546 cum

1925 2582 1995 2650 de
2022 2581 2204 2637 forma
2232 2580 2405 2645 servi,
2438 2595 2571 2651 quae
2595 2580 2769 2652 justis
2805 2588 2859 2637 et
2900 2580 3127 2652 injustis
3166 2581 3490 2637 communis
3518 2590 3621 2649 est,

1926 2669 2173 2726 transire
2204 2683 2308 2724 nos
2355 2668 2509 2734 facit,
2546 2669 2758 2725 scilicet
2798 2669 2948 2725 solos
2983 2669 3189 2725 electos
3231 2669 3305 2724 ad
3350 2675 3625 2725 aeternam

1926 2759 2016 2815 sui
2071 2757 2368 2813 visionem.
2417 2758 2485 2812 In
2530 2757 2638 2813 hoc
2690 2761 2940 2814 transitu
2996 2758 3079 2813 eis
3124 2757 3411 2814 ministrat
3467 2759 3620 2827 (Luc.

1926 2861 2025 2913 xu,
2074 2848 2187 2916 37),
2251 2860 2383 2902 cum
2445 2846 2703 2916 reprobis
2768 2845 3049 2903 abdicatis
3094 2846 3245 2917 ipsos
3295 2860 3400 2903 suo
3454 2845 3625 2902 vultu

1926 2934 2188 2991 exsatiat.
2256 2933 2518 2990 Christus
2566 2935 2762 3005 itaque
2804 2934 3028 3004 transit,
3078 2949 3213 2991 cum
3254 2942 3378 3004 post
3419 2933 3625 3005 judicii

1924 3024 2070 3080 diem
2131 3022 2302 3080 etiam
2372 3023 2520 3080 servi
2577 3023 2819 3079 formam
2870 3023 3306 3093 areproborum
3365 3030 3623 3078 eontem-

1923 3112 2175 3182 platione
2203 3111 2466 3179 secludit,
2500 3118 2556 3167 et
2592 3111 2902 3168 electorum
2928 3112 3226 3168 obtutibus
3268 3125 3389 3168 sese
3422 3110 3622 3168 viden-

1922 3203 2062 3259 dum
2088 3202 2291 3271 aperit,
2324 3200 2438 3256 imo
2466 3214 2563 3257 eos
2590 3200 2699 3257 sibi
2728 3200 2973 3257 videndo
2995 3200 3280 3274 transigit.
3378 3244 3379 3247 η

2598 3289 2830 3346 CAPUT
2873 3289 2943 3346 V.

1991 3377 2019 3443 §
2044 3377 2086 3430 Ι.
2124 3374 2450 3430 Producunt
2474 3375 3027 3431 San-Medardenses
3054 3374 3345 3446 quoddam
3367 3372 3620 3428 miracu-

1921 3462 2043 3518 lum
2071 3466 2322 3534 tempore
2348 3462 2618 3518 Ludovici
2649 3460 2746 3516 Pii
2786 3465 3104 3533 patratum.
3140 3462 3215 3516 Id
3259 3477 3372 3515 non
3411 3460 3622 3532 probat

1918 3551 2145 3606 dentem
2172 3552 2489 3608 Saluatoris
2516 3556 2744 3606 exstare
2781 3548 2947 3605 inibi.
2980 3580 3049 3589 —
3078 3549 3261 3619 Igitur
3309 3548 3377 3604 iis
3420 3557 3620 3604 contra

1923 3640 2100 3711 hujus
2122 3641 2416 3696 sententiae
2432 3646 2796 3696 exsecutores
2818 3638 3059 3706 emissis,
3088 3637 3229 3694 illud
3250 3636 3619 3692 advertamus

1922 3729 2077 3800 quod
2111 3729 2167 3783 in
2202 3727 2772 3785 Sancti-Medardensi
2817 3725 3053 3783 ecclesia
3106 3724 3387 3781 miracula
3437 3724 3619 3794 pluris

1921 3816 2089 3888 pretii
2141 3831 2312 3887 super
2374 3816 2467 3872 illo
2518 3816 2685 3872 dente
2738 3814 3125 3871 declamitant.
3178 3813 3457 3880 Primum,
3506 3814 3617 3868 nisi

1923 3905 2106 3971 fallor,
2158 3913 2213 3961 et
2260 3905 2413 3976 quod
2473 3904 2832 3975 potissimum
2876 3901 3164 3958 memoria:
3208 3902 3519 3968 succurrit,
3563 3902 3616 3957 id

1921 4002 2024 4062 est,
2061 3994 2207 4050 inter
2229 3994 2553 4064 capellanos
2582 3992 2856 4050 Ludovici
2890 3992 2973 4047 Pii
3009 3990 3366 4060 imperatoris
3395 3990 3451 4045 in
3490 3990 3619 4059 ejus

1923 4082 2103 4154 ipsius
2161 4084 2467 4154 praesentia
2516 4097 2690 4153 super
2750 4083 2853 4137 isto
2911 4080 3287 4137 tractabatur.
3355 4079 3618 4150 Cumque

1925 4172 2088 4229 valde
2141 4187 2175 4227 a
2205 4173 2621 4229 monachorum
2667 4169 2950 4226 sententia
2999 4169 3301 4237 resilirent,
3346 4167 3489 4224 nihil
3548 4170 3617 4223 de

1854 4273 1897 4326 1)
1925 4275 2179 4331 corpore,
2213 4260 2370 4330 quod
2399 4260 2655 4332 Virginis
2694 4268 2896 4316 uterus
2939 4258 3088 4315 fudit
3127 4258 3185 4314 in
3218 4257 3405 4326 terris,
3458 4270 3616 4313 rese-

1921 4349 2070 4406 disse
2099 4348 2357 4417 ferentes,
2412 4349 2483 4405 ad
2532 4349 2844 4405 missarum
2884 4347 3160 4404 solemnia
3207 4352 3431 4403 constat
3476 4348 3616 4401 Ven-

1921 4446 2065 4494 tum.
2117 4437 2235 4493 lllic
2279 4437 2337 4493 in
2387 4438 2567 4494 sacris
2611 4437 2815 4507 mediis
2873 4434 3290 4507 pbylacterium
3339 4433 3412 4489 ab
3448 4432 3616 4489 altari

1921 4526 2133 4582 dicitur
2173 4526 2495 4583 substitisse
2537 4540 2917 4596 suspensum:
2952 4523 3105 4594 quod
3144 4522 3275 4591 sibi,
3301 4530 3355 4578 et
3404 4521 3613 4591 aliqui-

1922 4614 2049 4680 bus,
2100 4614 2201 4684 qui
2248 4614 2540 4681 viderunt,
2586 4613 2867 4669 exstitisse
2915 4614 3081 4668 aiunt
3111 4617 3471 4681 argumento.
3510 4609 3615 4665 Sed

1923 4702 2099 4772 quod,
2146 4716 2362 4772 quaeso,
2412 4702 2862 4773 argumentum?
2898 4703 3034 4766 Quae
3076 4711 3349 4769 superna,
3400 4712 3613 4768 quaeso,

1924 4804 2058 4857 vox,
2091 4790 2244 4859 quis,
2278 4804 2497 4859 precor,
2548 4790 2789 4861 angelus
2827 4788 3103 4855 detonuit,
3145 4787 3372 4843 dentem
3413 4784 3616 4842 Salva-

1925 4878 2063 4934 toris
2092 4886 2232 4934 tunc
2260 4892 2381 4934 esse
2420 4893 2594 4948 quem
2646 4878 2885 4934 tenellus
2923 4875 3204 4932 ediderit?
3229 4874 3334 4931 Sed
3366 4874 3506 4945 quid
3544 4874 3617 4928 ad

1925 4979 2016 5021 me
2063 4966 2325 5037 angelus,
2368 4967 2509 5038 quid
2550 4966 2708 5022 vox?
2747 4966 2802 5023 Si
2854 4964 3042 5021 throni
3098 4971 3155 5020 et
3199 4962 3619 5019 dominationes

1926 5054 2079 5110 istud
2107 5062 2447 5122 assererent,
2476 5055 2620 5112 nulli
2650 5069 2784 5111 vere
2814 5054 3090 5122 fidelium,
3126 5052 3221 5109 sed
3252 5051 3380 5106 ﬁdei
3429 5064 3619 5107 seicn-

1927 5142 2067 5198 tiam
2095 5142 2434 5199 habentium
2477 5142 2657 5198 animi
2688 5141 2950 5199 assentiri
2984 5140 3099 5197 ullo
3129 5139 3295 5196 modo
3326 5138 3615 5195 deberent.

1928 5229 2057 5298 Qui,
2093 5239 2158 5288 ut
2185 5231 2452 5302 superius
2474 5230 2752 5300 diximus,
2784 5238 2839 5287 et
2866 5228 3069 5286 millies
3107 5227 3483 5299 repetendum
3512 5227 3620 5283 du-

1929 5319 2135 5388 cimus,
2168 5320 2214 5375 si
2244 5320 2517 5390 capillum
2539 5320 2609 5376 de
2639 5320 2801 5376 nobis
2822 5333 2938 5375 non
2958 5318 3278 5388 periturum
3308 5322 3618 5381 asseverat,

1931 5408 1977 5462 si
2008 5407 2311 5480 quidpiam
2341 5409 2400 5464 in
2440 5416 2593 5464 terra
2636 5407 2808 5464 habet
2849 5406 3079 5474 residui,
3122 5405 3181 5460 in
3227 5418 3288 5461 se
3329 5404 3624 5460 credentes

1934 5497 2124 5566 potius
2159 5496 2420 5568 exemplo
2452 5510 2561 5554 suo
2612 5497 2917 5568 desperare
2962 5509 3142 5567 quam
3181 5493 3459 5551 doctrinis
3501 5507 3622 5549 cre-
