  <div class='ocr_page' id='page_1' title='image "/cluster/home/n/w/nwhite01/storage/ocr_20150623/156/hvd.32044054760145/337.png"; bbox 0 0 3914 6094; ppageno 0'>
   <div class='ocr_carea' id='block_1_1' title="bbox 271 226 373 279">
    <p class='ocr_par' dir='ltr' id='par_1_1' title="bbox 271 226 373 279">
     <span class='ocr_line' id='line_1_1' title="bbox 271 226 373 279; baseline 0.01 -1"><span class='ocrx_word' id='word_1_1' title='bbox 271 226 373 279; x_wconf 84' lang='grc'>663</span> 
     </span>
    </p>
   </div>
   <div class='ocr_carea' id='block_1_2' title="bbox 1160 224 2885 285">
    <p class='ocr_par' dir='ltr' id='par_1_2' title="bbox 1160 224 2885 285">
     <span class='ocr_line' id='line_1_2' title="bbox 1160 224 2885 285; baseline 0.003 -7"><span class='ocrx_word' id='word_1_2' title='bbox 1160 226 1219 278; x_wconf 82' lang='grc' dir='ltr'><strong>ν.</strong></span> <span class='ocrx_word' id='word_1_3' title='bbox 1261 224 1594 280; x_wconf 81' lang='lat' dir='ltr'>GUIBERTI</span> <span class='ocrx_word' id='word_1_4' title='bbox 1635 227 1926 280; x_wconf 74' lang='lat' dir='ltr'>ABBATIS</span> <span class='ocrx_word' id='word_1_5' title='bbox 1965 226 2019 280; x_wconf 91' lang='lat' dir='ltr'>S.</span> <span class='ocrx_word' id='word_1_6' title='bbox 2063 226 2304 282; x_wconf 67' lang='lat' dir='ltr'>MARIIE</span> <span class='ocrx_word' id='word_1_7' title='bbox 2345 230 2436 284; x_wconf 88' lang='lat' dir='ltr'>DE</span> <span class='ocrx_word' id='word_1_8' title='bbox 2481 228 2885 285; x_wconf 82' lang='lat' dir='ltr'>NOVIGENTO</span> 
     </span>
    </p>
   </div>
   <div class='ocr_carea' id='block_1_3' title="bbox 3697 231 3810 283">
    <p class='ocr_par' dir='ltr' id='par_1_3' title="bbox 3697 231 3810 283">
     <span class='ocr_line' id='line_1_3' title="bbox 3697 231 3810 283; baseline 0 0"><span class='ocrx_word' id='word_1_9' title='bbox 3697 231 3810 283; x_wconf 63' lang='grc'>664</span> 
     </span>
    </p>
   </div>
   <div class='ocr_carea' id='block_1_4' title="bbox 271 359 3807 435">
    <p class='ocr_par' dir='ltr' id='par_1_4' title="bbox 271 359 3807 435">
     <span class='ocr_line' id='line_1_4' title="bbox 271 359 3807 435; baseline 0.001 -19"><span class='ocrx_word' id='word_1_10' title='bbox 271 361 404 417; x_wconf 91' lang='lat' dir='ltr'>dere</span> <span class='ocrx_word' id='word_1_11' title='bbox 430 360 682 416; x_wconf 83' lang='lat' dir='ltr'>mandat.</span> <span class='ocrx_word' id='word_1_12' title='bbox 727 359 795 415; x_wconf 86' lang='lat' dir='ltr'>Et</span> <span class='ocrx_word' id='word_1_13' title='bbox 843 366 991 414; x_wconf 79' lang='lat' dir='ltr'>certe</span> <span class='ocrx_word' id='word_1_14' title='bbox 1035 366 1354 429; x_wconf 77' lang='lat' dir='ltr'>martyrum</span> <span class='ocrx_word' id='word_1_15' title='bbox 1402 360 1621 415; x_wconf 90' lang='lat' dir='ltr'>cineres</span> <span class='ocrx_word' id='word_1_16' title='bbox 1659 376 1966 432; x_wconf 79' lang='lat' dir='ltr'>nunquam</span> <span class='ocrx_word' id='word_1_17' title='bbox 2004 364 2049 415; x_wconf 87' lang='lat' dir='ltr'><strong>A</strong></span> <span class='ocrx_word' id='word_1_18' title='bbox 2081 371 2338 433; x_wconf 79' lang='lat' dir='ltr'>putatur,</span> <span class='ocrx_word' id='word_1_19' title='bbox 2391 363 2685 435; x_wconf 82' lang='lat' dir='ltr'>exporrigi</span> <span class='ocrx_word' id='word_1_20' title='bbox 2740 363 2820 428; x_wconf 87' lang='lat' dir='ltr'>ﬁt,</span> <span class='ocrx_word' id='word_1_21' title='bbox 2871 364 2970 419; x_wconf 88' lang='lat' dir='ltr'>sed</span> <span class='ocrx_word' id='word_1_22' title='bbox 3019 364 3077 419; x_wconf 91' lang='lat' dir='ltr'>in</span> <span class='ocrx_word' id='word_1_23' title='bbox 3132 365 3312 427; x_wconf 82' lang='lat' dir='ltr'>illum,</span> <span class='ocrx_word' id='word_1_24' title='bbox 3363 364 3464 435; x_wconf 85' lang='lat' dir='ltr'>qui</span> <span class='ocrx_word' id='word_1_25' title='bbox 3521 373 3807 421; x_wconf 89' lang='lat' dir='ltr'>meretur</span> 
     </span>
    </p>
   </div>
   <div class='ocr_carea' id='block_1_5' title="bbox 271 447 1967 520">
    <p class='ocr_par' dir='ltr' id='par_1_5' title="bbox 271 447 1967 520">
     <span class='ocr_line' id='line_1_5' title="bbox 271 447 1967 520; baseline 0 -14"><span class='ocrx_word' id='word_1_26' title='bbox 271 464 376 505; x_wconf 92' lang='lat' dir='ltr'>nec</span> <span class='ocrx_word' id='word_1_27' title='bbox 419 463 547 506; x_wconf 89' lang='lat' dir='ltr'>ossa</span> <span class='ocrx_word' id='word_1_28' title='bbox 605 455 716 504; x_wconf 93' lang='lat' dir='ltr'>toto</span> <span class='ocrx_word' id='word_1_29' title='bbox 766 447 901 503; x_wconf 86' lang='lat' dir='ltr'><strong>orbe</strong></span> <span class='ocrx_word' id='word_1_30' title='bbox 959 447 1298 503; x_wconf 88' lang='lat' dir='ltr'>circumlata</span> <span class='ocrx_word' id='word_1_31' title='bbox 1345 449 1642 518; x_wconf 79' lang='lat' dir='ltr'>recolligit,</span> <span class='ocrx_word' id='word_1_32' title='bbox 1693 454 1793 520; x_wconf 87' lang='lat' dir='ltr'>qui</span> <span class='ocrx_word' id='word_1_33' title='bbox 1859 465 1967 506; x_wconf 90' lang='lat' dir='ltr'>sua</span> 
     </span>
    </p>
   </div>
   <div class='ocr_carea' id='block_1_6' title="bbox 272 534 1967 607">
    <p class='ocr_par' dir='ltr' id='par_1_6' title="bbox 272 534 1967 607">
     <span class='ocr_line' id='line_1_6' title="bbox 272 534 1967 607; baseline 0.001 -16"><span class='ocrx_word' id='word_1_34' title='bbox 272 536 392 592; x_wconf 86' lang='lat' dir='ltr'>ﬁeri</span> <span class='ocrx_word' id='word_1_35' title='bbox 447 543 574 606; x_wconf 92' lang='lat' dir='ltr'>post</span> <span class='ocrx_word' id='word_1_36' title='bbox 619 534 1093 590; x_wconf 77' lang='lat' dir='ltr'>resurrectionem</span> <span class='ocrx_word' id='word_1_37' title='bbox 1144 536 1337 604; x_wconf 90' lang='lat' dir='ltr'>putria</span> <span class='ocrx_word' id='word_1_38' title='bbox 1369 537 1475 591; x_wconf 88' lang='lat' dir='ltr'>hac</span> <span class='ocrx_word' id='word_1_39' title='bbox 1535 536 1781 606; x_wconf 90' lang='lat' dir='ltr'>illacque</span> <span class='ocrx_word' id='word_1_40' title='bbox 1831 551 1967 607; x_wconf 89' lang='lat' dir='ltr'>per-</span> 
     </span>
    </p>
   </div>
   <div class='ocr_carea' id='block_1_7' title="bbox 273 623 464 678">
    <p class='ocr_par' dir='ltr' id='par_1_7' title="bbox 273 623 464 678">
     <span class='ocr_line' id='line_1_7' title="bbox 273 623 464 678; baseline -0.01 1"><span class='ocrx_word' id='word_1_41' title='bbox 273 623 464 678; x_wconf 90' lang='lat' dir='ltr'>mittit.</span> 
     </span>
    </p>
   </div>
   <div class='ocr_carea' id='block_1_8' title="bbox 343 710 1966 781">
    <p class='ocr_par' dir='ltr' id='par_1_8' title="bbox 343 710 1966 781">
     <span class='ocr_line' id='line_1_8' title="bbox 343 710 1966 781; baseline 0.001 -15"><span class='ocrx_word' id='word_1_42' title='bbox 343 711 446 766; x_wconf 89' lang='lat' dir='ltr'>Sed</span> <span class='ocrx_word' id='word_1_43' title='bbox 520 710 871 780; x_wconf 88' lang='lat' dir='ltr'>perpendere</span> <span class='ocrx_word' id='word_1_44' title='bbox 941 711 1078 766; x_wconf 91' lang='lat' dir='ltr'>libet</span> <span class='ocrx_word' id='word_1_45' title='bbox 1149 725 1326 781; x_wconf 88' lang='lat' dir='ltr'>quam</span> <span class='ocrx_word' id='word_1_46' title='bbox 1384 711 1558 767; x_wconf 87' lang='lat' dir='ltr'>hebes</span> <span class='ocrx_word' id='word_1_47' title='bbox 1618 712 1966 767; x_wconf 83' lang='lat' dir='ltr'>miraculum</span> 
     </span>
    </p>
   </div>
   <div class='ocr_carea' id='block_1_9' title="bbox 272 798 1971 870">
    <p class='ocr_par' dir='ltr' id='par_1_9' title="bbox 272 798 1971 870">
     <span class='ocr_line' id='line_1_9' title="bbox 272 798 1971 870; baseline 0.002 -17"><span class='ocrx_word' id='word_1_48' title='bbox 272 798 461 869; x_wconf 92' lang='lat' dir='ltr'>ipsum</span> <span class='ocrx_word' id='word_1_49' title='bbox 493 798 685 865; x_wconf 88' lang='lat' dir='ltr'>fuerit,</span> <span class='ocrx_word' id='word_1_50' title='bbox 718 800 856 855; x_wconf 92' lang='lat' dir='ltr'>dum</span> <span class='ocrx_word' id='word_1_51' title='bbox 897 799 1277 855; x_wconf 78' lang='lat' dir='ltr'>animadverti</span> <span class='ocrx_word' id='word_1_52' title='bbox 1323 814 1437 855; x_wconf 92' lang='lat' dir='ltr'>non</span> <span class='ocrx_word' id='word_1_53' title='bbox 1476 801 1749 870; x_wconf 72' lang='lat' dir='ltr'>praevalet</span> <span class='ocrx_word' id='word_1_54' title='bbox 1788 815 1971 870; x_wconf 92' lang='lat' dir='ltr'>quor-</span> 
     </span>
    </p>
   </div>
   <div class='ocr_carea' id='block_1_10' title="bbox 270 886 1971 957">
    <p class='ocr_par' dir='ltr' id='par_1_10' title="bbox 270 886 1971 957">
     <span class='ocr_line' id='line_1_10' title="bbox 270 886 1971 957; baseline 0 -15"><span class='ocrx_word' id='word_1_55' title='bbox 270 901 400 943; x_wconf 89' lang='lat' dir='ltr'>sum</span> <span class='ocrx_word' id='word_1_56' title='bbox 432 886 726 956; x_wconf 90' lang='lat' dir='ltr'>suspensio</span> <span class='ocrx_word' id='word_1_57' title='bbox 756 887 852 942; x_wconf 91' lang='lat' dir='ltr'>illa</span> <span class='ocrx_word' id='word_1_58' title='bbox 883 887 1221 954; x_wconf 90' lang='lat' dir='ltr'>intenderit;</span> <span class='ocrx_word' id='word_1_59' title='bbox 1275 888 1428 957; x_wconf 90' lang='lat' dir='ltr'>quod</span> <span class='ocrx_word' id='word_1_60' title='bbox 1476 889 1630 943; x_wconf 93' lang='lat' dir='ltr'>enim</span> <span class='ocrx_word' id='word_1_61' title='bbox 1664 889 1735 943; x_wconf 88' lang='lat' dir='ltr'>ab</span> <span class='ocrx_word' id='word_1_62' title='bbox 1763 902 1866 942; x_wconf 92' lang='lat' dir='ltr'>ara</span> <span class='ocrx_word' id='word_1_63' title='bbox 1911 888 1971 943; x_wconf 90' lang='lat' dir='ltr'>in</span> 
     </span>
    </p>
   </div>
   <div class='ocr_carea' id='block_1_11' title="bbox 273 976 1972 1043">
    <p class='ocr_par' dir='ltr' id='par_1_11' title="bbox 273 976 1972 1043">
     <span class='ocr_line' id='line_1_11' title="bbox 273 976 1972 1043; baseline 0.001 -13"><span class='ocrx_word' id='word_1_64' title='bbox 273 989 458 1031; x_wconf 89' lang='lat' dir='ltr'>aerem</span> <span class='ocrx_word' id='word_1_65' title='bbox 508 976 834 1037; x_wconf 88' lang='lat' dir='ltr'>volucritat.</span> <span class='ocrx_word' id='word_1_66' title='bbox 888 976 956 1030; x_wconf 90' lang='lat' dir='ltr'>de</span> <span class='ocrx_word' id='word_1_67' title='bbox 1005 990 1189 1041; x_wconf 87' lang='lat' dir='ltr'>sacro,</span> <span class='ocrx_word' id='word_1_68' title='bbox 1228 985 1290 1032; x_wconf 94' lang='lat' dir='ltr'>ut</span> <span class='ocrx_word' id='word_1_69' title='bbox 1340 977 1421 1032; x_wconf 90' lang='lat' dir='ltr'>sic</span> <span class='ocrx_word' id='word_1_70' title='bbox 1459 977 1666 1043; x_wconf 91' lang='lat' dir='ltr'>dicam,</span> <span class='ocrx_word' id='word_1_71' title='bbox 1721 977 1790 1031; x_wconf 93' lang='lat' dir='ltr'>ad</span> <span class='ocrx_word' id='word_1_72' title='bbox 1826 976 1972 1032; x_wconf 89' lang='lat' dir='ltr'>insa-</span> 
     </span>
    </p>
   </div>
   <div class='ocr_carea' id='block_1_12' title="bbox 273 1064 1972 1134">
    <p class='ocr_par' dir='ltr' id='par_1_12' title="bbox 273 1064 1972 1134">
     <span class='ocr_line' id='line_1_12' title="bbox 273 1064 1972 1134; baseline -0.001 -14"><span class='ocrx_word' id='word_1_73' title='bbox 273 1078 435 1120; x_wconf 92' lang='lat' dir='ltr'>crum</span> <span class='ocrx_word' id='word_1_74' title='bbox 468 1078 525 1119; x_wconf 92' lang='lat' dir='ltr'>se</span> <span class='ocrx_word' id='word_1_75' title='bbox 554 1065 876 1134; x_wconf 85' lang='lat' dir='ltr'>subrigens,</span> <span class='ocrx_word' id='word_1_76' title='bbox 903 1064 1101 1120; x_wconf 88' lang='lat' dir='ltr'>altaris</span> <span class='ocrx_word' id='word_1_77' title='bbox 1131 1065 1575 1120; x_wconf 88' lang='lat' dir='ltr'>sanctitudinem</span> <span class='ocrx_word' id='word_1_78' title='bbox 1622 1079 1688 1120; x_wconf 91' lang='lat' dir='ltr'>ac</span> <span class='ocrx_word' id='word_1_79' title='bbox 1717 1066 1762 1119; x_wconf 90' lang='lat' dir='ltr'><strong>si</strong></span> <span class='ocrx_word' id='word_1_80' title='bbox 1796 1066 1972 1134; x_wconf 88' lang='lat' dir='ltr'>impa-</span> 
     </span>
    </p>
   </div>
   <div class='ocr_carea' id='block_1_13' title="bbox 273 1152 1971 1223">
    <p class='ocr_par' dir='ltr' id='par_1_13' title="bbox 273 1152 1971 1223">
     <span class='ocr_line' id='line_1_13' title="bbox 273 1152 1971 1223; baseline 0.001 -16"><span class='ocrx_word' id='word_1_81' title='bbox 273 1152 478 1208; x_wconf 89' lang='lat' dir='ltr'>tienter</span> <span class='ocrx_word' id='word_1_82' title='bbox 509 1168 566 1208; x_wconf 90' lang='lat' dir='ltr'>se</span> <span class='ocrx_word' id='word_1_83' title='bbox 606 1153 750 1207; x_wconf 90' lang='lat' dir='ltr'>ferre</span> <span class='ocrx_word' id='word_1_84' title='bbox 773 1153 1146 1208; x_wconf 77' lang='lat' dir='ltr'>demonstrat.</span> <span class='ocrx_word' id='word_1_85' title='bbox 1172 1155 1240 1208; x_wconf 90' lang='lat' dir='ltr'>Et</span> <span class='ocrx_word' id='word_1_86' title='bbox 1271 1154 1318 1208; x_wconf 93' lang='lat' dir='ltr'><strong>si</strong></span> <span class='ocrx_word' id='word_1_87' title='bbox 1345 1153 1587 1208; x_wconf 89' lang='lat' dir='ltr'>verbum</span> <span class='ocrx_word' id='word_1_88' title='bbox 1619 1153 1786 1220; x_wconf 88' lang='lat' dir='ltr'>idem,</span> <span class='ocrx_word' id='word_1_89' title='bbox 1817 1153 1971 1223; x_wconf 91' lang='lat' dir='ltr'>quod</span> 
     </span>
    </p>
   </div>
   <div class='ocr_carea' id='block_1_14' title="bbox 273 1241 1971 1311">
    <p class='ocr_par' dir='ltr' id='par_1_14' title="bbox 273 1241 1971 1311">
     <span class='ocr_line' id='line_1_14' title="bbox 273 1241 1971 1311; baseline -0.001 -14"><span class='ocrx_word' id='word_1_90' title='bbox 273 1249 355 1297; x_wconf 90' lang='lat' dir='ltr'>est</span> <span class='ocrx_word' id='word_1_91' title='bbox 384 1241 700 1311; x_wconf 88' lang='lat' dir='ltr'>suspensio,</span> <span class='ocrx_word' id='word_1_92' title='bbox 734 1241 980 1297; x_wconf 85' lang='lat' dir='ltr'>velimus</span> <span class='ocrx_word' id='word_1_93' title='bbox 1043 1242 1357 1309; x_wconf 91' lang='lat' dir='ltr'>attendere,</span> <span class='ocrx_word' id='word_1_94' title='bbox 1399 1241 1552 1311; x_wconf 90' lang='lat' dir='ltr'>quod</span> <span class='ocrx_word' id='word_1_95' title='bbox 1591 1242 1820 1297; x_wconf 89' lang='lat' dir='ltr'>videtur</span> <span class='ocrx_word' id='word_1_96' title='bbox 1844 1256 1971 1298; x_wconf 91' lang='lat' dir='ltr'>sus-</span> 
     </span>
    </p>
   </div>
   <div class='ocr_carea' id='block_1_15' title="bbox 273 1329 1974 1402">
    <p class='ocr_par' dir='ltr' id='par_1_15' title="bbox 273 1329 1974 1402">
     <span class='ocr_line' id='line_1_15' title="bbox 273 1329 1974 1402; baseline 0.001 -17"><span class='ocrx_word' id='word_1_97' title='bbox 273 1345 538 1400; x_wconf 89' lang='lat' dir='ltr'>pensum,</span> <span class='ocrx_word' id='word_1_98' title='bbox 569 1338 808 1399; x_wconf 86' lang='lat' dir='ltr'>putatur</span> <span class='ocrx_word' id='word_1_99' title='bbox 839 1329 1207 1401; x_wconf 90' lang='lat' dir='ltr'>ambiguum;</span> <span class='ocrx_word' id='word_1_100' title='bbox 1243 1331 1339 1386; x_wconf 91' lang='lat' dir='ltr'>sed</span> <span class='ocrx_word' id='word_1_101' title='bbox 1381 1331 1520 1401; x_wconf 93' lang='lat' dir='ltr'><strong>quid</strong></span> <span class='ocrx_word' id='word_1_102' title='bbox 1559 1331 1764 1402; x_wconf 93' lang='lat' dir='ltr'>loquor</span> <span class='ocrx_word' id='word_1_103' title='bbox 1796 1332 1974 1387; x_wconf 90' lang='lat' dir='ltr'>ambi-</span> 
     </span>
    </p>
   </div>
   <div class='ocr_carea' id='block_1_16' title="bbox 276 1418 1974 1491">
    <p class='ocr_par' dir='ltr' id='par_1_16' title="bbox 276 1418 1974 1491">
     <span class='ocr_line' id='line_1_16' title="bbox 276 1418 1974 1491; baseline 0.001 -17"><span class='ocrx_word' id='word_1_104' title='bbox 276 1433 479 1491; x_wconf 88' lang='lat' dir='ltr'>guum,</span> <span class='ocrx_word' id='word_1_105' title='bbox 515 1433 645 1474; x_wconf 86' lang='lat' dir='ltr'>cum</span> <span class='ocrx_word' id='word_1_106' title='bbox 687 1418 1029 1488; x_wconf 87' lang='lat' dir='ltr'>ambiguum</span> <span class='ocrx_word' id='word_1_107' title='bbox 1074 1419 1298 1488; x_wconf 89' lang='lat' dir='ltr'>proprie</span> <span class='ocrx_word' id='word_1_108' title='bbox 1329 1419 1399 1474; x_wconf 87' lang='lat' dir='ltr'>sit</span> <span class='ocrx_word' id='word_1_109' title='bbox 1437 1420 1594 1489; x_wconf 92' lang='lat' dir='ltr'>quod</span> <span class='ocrx_word' id='word_1_110' title='bbox 1625 1434 1745 1475; x_wconf 91' lang='lat' dir='ltr'>esse</span> <span class='ocrx_word' id='word_1_111' title='bbox 1769 1427 1822 1475; x_wconf 91' lang='lat' dir='ltr'>et</span> <span class='ocrx_word' id='word_1_112' title='bbox 1853 1434 1974 1476; x_wconf 91' lang='lat' dir='ltr'>esse</span> 
     </span>
    </p>
   </div>
   <div class='ocr_carea' id='block_1_17' title="bbox 275 1507 1974 1576">
    <p class='ocr_par' dir='ltr' id='par_1_17' title="bbox 275 1507 1974 1576">
     <span class='ocr_line' id='line_1_17' title="bbox 275 1507 1974 1576; baseline 0.001 -14"><span class='ocrx_word' id='word_1_113' title='bbox 275 1520 390 1562; x_wconf 91' lang='lat' dir='ltr'>non</span> <span class='ocrx_word' id='word_1_114' title='bbox 434 1507 627 1576; x_wconf 90' lang='lat' dir='ltr'>possit.</span> <span class='ocrx_word' id='word_1_115' title='bbox 672 1507 788 1560; x_wconf 88' lang='lat' dir='ltr'>Hoc</span> <span class='ocrx_word' id='word_1_116' title='bbox 818 1520 952 1562; x_wconf 90' lang='lat' dir='ltr'>vero</span> <span class='ocrx_word' id='word_1_117' title='bbox 1000 1507 1348 1575; x_wconf 84' lang='lat' dir='ltr'>nullatenus,</span> <span class='ocrx_word' id='word_1_118' title='bbox 1383 1507 1492 1562; x_wconf 91' lang='lat' dir='ltr'>nisi</span> <span class='ocrx_word' id='word_1_119' title='bbox 1539 1508 1795 1576; x_wconf 91' lang='lat' dir='ltr'>seipsum</span> <span class='ocrx_word' id='word_1_120' title='bbox 1835 1508 1974 1564; x_wconf 85' lang='lat' dir='ltr'>velit</span> 
     </span>
    </p>
   </div>
   <div class='ocr_carea' id='block_1_18' title="bbox 274 1593 2057 1687">
    <p class='ocr_par' dir='ltr' id='par_1_18' title="bbox 274 1593 2057 1687">
     <span class='ocr_line' id='line_1_18' title="bbox 274 1593 2057 1687; baseline 0.002 -40"><span class='ocrx_word' id='word_1_121' title='bbox 274 1593 540 1658; x_wconf 86' lang='lat' dir='ltr'>inficiari,</span> <span class='ocrx_word' id='word_1_122' title='bbox 592 1595 692 1664; x_wconf 92' lang='lat' dir='ltr'><strong>qui</strong></span> <span class='ocrx_word' id='word_1_123' title='bbox 739 1601 822 1649; x_wconf 92' lang='lat' dir='ltr'>est</span> <span class='ocrx_word' id='word_1_124' title='bbox 869 1594 1080 1650; x_wconf 88' lang='lat' dir='ltr'>veritas</span> <span class='ocrx_word' id='word_1_125' title='bbox 1111 1596 1279 1651; x_wconf 90' lang='lat' dir='ltr'>Deus.</span> <span class='ocrx_word' id='word_1_126' title='bbox 1337 1594 1485 1650; x_wconf 83' lang='lat' dir='ltr'>Adeo</span> <span class='ocrx_word' id='word_1_127' title='bbox 1532 1604 1726 1650; x_wconf 92' lang='lat' dir='ltr'>autem</span> <span class='ocrx_word' id='word_1_128' title='bbox 1777 1596 1974 1651; x_wconf 91' lang='lat' dir='ltr'>surdi-</span> <span class='ocrx_word' id='word_1_129' title='bbox 2017 1635 2057 1687; x_wconf 76' lang='grc' dir='ltr'>Β</span> 
     </span>
    </p>
   </div>
   <div class='ocr_carea' id='block_1_19' title="bbox 277 1681 1980 1754">
    <p class='ocr_par' dir='ltr' id='par_1_19' title="bbox 277 1681 1980 1754">
     <span class='ocr_line' id='line_1_19' title="bbox 277 1681 1980 1754; baseline 0.002 -18"><span class='ocrx_word' id='word_1_130' title='bbox 277 1681 412 1737; x_wconf 90' lang='lat' dir='ltr'>tatis</span> <span class='ocrx_word' id='word_1_131' title='bbox 439 1681 645 1752; x_wconf 65' lang='lat' dir='ltr'>ineptae</span> <span class='ocrx_word' id='word_1_132' title='bbox 673 1682 1041 1749; x_wconf 84' lang='lat' dir='ltr'>miraculum,</span> <span class='ocrx_word' id='word_1_133' title='bbox 1067 1683 1222 1752; x_wconf 93' lang='lat' dir='ltr'>quod</span> <span class='ocrx_word' id='word_1_134' title='bbox 1244 1683 1302 1737; x_wconf 92' lang='lat' dir='ltr'>in</span> <span class='ocrx_word' id='word_1_135' title='bbox 1333 1691 1674 1754; x_wconf 89' lang='lat' dir='ltr'>argumento</span> <span class='ocrx_word' id='word_1_136' title='bbox 1699 1683 1776 1738; x_wconf 90' lang='lat' dir='ltr'>rei</span> <span class='ocrx_word' id='word_1_137' title='bbox 1799 1684 1980 1754; x_wconf 91' lang='lat' dir='ltr'>hujus</span> 
     </span>
    </p>
   </div>
   <div class='ocr_carea' id='block_1_20' title="bbox 280 1770 1980 1842">
    <p class='ocr_par' dir='ltr' id='par_1_20' title="bbox 280 1770 1980 1842">
     <span class='ocr_line' id='line_1_20' title="bbox 280 1770 1980 1842; baseline 0.002 -18"><span class='ocrx_word' id='word_1_138' title='bbox 280 1784 352 1825; x_wconf 92' lang='lat' dir='ltr'>ne</span> <span class='ocrx_word' id='word_1_139' title='bbox 375 1770 624 1825; x_wconf 92' lang='lat' dir='ltr'>multum</span> <span class='ocrx_word' id='word_1_140' title='bbox 657 1770 890 1840; x_wconf 90' lang='lat' dir='ltr'>quidem</span> <span class='ocrx_word' id='word_1_141' title='bbox 936 1770 1125 1839; x_wconf 82' lang='lat' dir='ltr'>faciat,</span> <span class='ocrx_word' id='word_1_142' title='bbox 1177 1785 1309 1827; x_wconf 91' lang='lat' dir='ltr'>cum</span> <span class='ocrx_word' id='word_1_143' title='bbox 1353 1771 1527 1827; x_wconf 86' lang='lat' dir='ltr'>stulte</span> <span class='ocrx_word' id='word_1_144' title='bbox 1579 1771 1858 1842; x_wconf 92' lang='lat' dir='ltr'>scriptum</span> <span class='ocrx_word' id='word_1_145' title='bbox 1888 1773 1980 1841; x_wconf 89' lang='lat' dir='ltr'>sit,</span> 
     </span>
    </p>
   </div>
   <div class='ocr_carea' id='block_1_21' title="bbox 278 1858 1064 1928">
    <p class='ocr_par' dir='ltr' id='par_1_21' title="bbox 278 1858 1064 1928">
     <span class='ocr_line' id='line_1_21' title="bbox 278 1858 1064 1928; baseline -0.003 -14"><span class='ocrx_word' id='word_1_146' title='bbox 278 1858 505 1914; x_wconf 90' lang='lat' dir='ltr'>stultior</span> <span class='ocrx_word' id='word_1_147' title='bbox 533 1866 616 1913; x_wconf 90' lang='lat' dir='ltr'>est</span> <span class='ocrx_word' id='word_1_148' title='bbox 640 1860 740 1928; x_wconf 91' lang='lat' dir='ltr'>qui</span> <span class='ocrx_word' id='word_1_149' title='bbox 771 1867 1064 1914; x_wconf 86' lang='lat' dir='ltr'>retractat.</span> 
     </span>
    </p>
   </div>
   <div class='ocr_carea' id='block_1_22' title="bbox 350 1947 1982 2022">
    <p class='ocr_par' dir='ltr' id='par_1_22' title="bbox 350 1947 1982 2022">
     <span class='ocr_line' id='line_1_22' title="bbox 350 1947 1982 2022; baseline 0.002 -22"><span class='ocrx_word' id='word_1_150' title='bbox 350 1948 476 2014; x_wconf 87' lang='lat' dir='ltr'>§II.</span> <span class='ocrx_word' id='word_1_151' title='bbox 525 1949 679 2001; x_wconf 87' lang='lat' dir='ltr'>Deus</span> <span class='ocrx_word' id='word_1_152' title='bbox 724 1947 827 2001; x_wconf 90' lang='lat' dir='ltr'>ille</span> <span class='ocrx_word' id='word_1_153' title='bbox 871 1947 1062 2002; x_wconf 78' lang='lat' dir='ltr'>sancti</span> <span class='ocrx_word' id='word_1_154' title='bbox 1111 1947 1440 2020; x_wconf 85' lang='lat' dir='ltr'>cujuspiam</span> <span class='ocrx_word' id='word_1_155' title='bbox 1496 1966 1619 2002; x_wconf 86' lang='lat' dir='ltr'>esse</span> <span class='ocrx_word' id='word_1_156' title='bbox 1659 1951 1863 2022; x_wconf 82' lang='lat' dir='ltr'>potest.</span> <span class='ocrx_word' id='word_1_157' title='bbox 1915 1980 1982 1990; x_wconf 93' lang='lat'>—</span> 
     </span>
    </p>
   </div>
   <div class='ocr_carea' id='block_1_23' title="bbox 279 2035 1984 2107">
    <p class='ocr_par' dir='ltr' id='par_1_23' title="bbox 279 2035 1984 2107">
     <span class='ocr_line' id='line_1_23' title="bbox 279 2035 1984 2107; baseline 0.004 -19"><span class='ocrx_word' id='word_1_158' title='bbox 279 2035 452 2088; x_wconf 87' lang='lat' dir='ltr'>Fides</span> <span class='ocrx_word' id='word_1_159' title='bbox 491 2035 698 2106; x_wconf 70' lang='lat' dir='ltr'>saepius</span> <span class='ocrx_word' id='word_1_160' title='bbox 733 2051 911 2090; x_wconf 88' lang='lat' dir='ltr'>causa</span> <span class='ocrx_word' id='word_1_161' title='bbox 958 2037 1392 2091; x_wconf 79' lang='lat' dir='ltr'>miraculorum.</span> <span class='ocrx_word' id='word_1_162' title='bbox 1430 2069 1495 2078; x_wconf 90' lang='grc'>--</span> <span class='ocrx_word' id='word_1_163' title='bbox 1545 2038 1883 2107; x_wconf 87' lang='lat' dir='ltr'>Sequuntur</span> <span class='ocrx_word' id='word_1_164' title='bbox 1929 2047 1984 2094; x_wconf 88' lang='lat' dir='ltr'>et</span> 
     </span>
    </p>
   </div>
   <div class='ocr_carea' id='block_1_24' title="bbox 280 2123 1986 2197">
    <p class='ocr_par' dir='ltr' id='par_1_24' title="bbox 280 2123 1986 2197">
     <span class='ocr_line' id='line_1_24' title="bbox 280 2123 1986 2197; baseline 0.001 -17"><span class='ocrx_word' id='word_1_165' title='bbox 280 2123 394 2180; x_wconf 87' lang='lat' dir='ltr'>alia</span> <span class='ocrx_word' id='word_1_166' title='bbox 422 2139 540 2178; x_wconf 93' lang='lat' dir='ltr'>non</span> <span class='ocrx_word' id='word_1_167' title='bbox 580 2124 773 2180; x_wconf 92' lang='lat' dir='ltr'>minus</span> <span class='ocrx_word' id='word_1_168' title='bbox 801 2124 998 2192; x_wconf 90' lang='lat' dir='ltr'>dubia,</span> <span class='ocrx_word' id='word_1_169' title='bbox 1036 2139 1166 2195; x_wconf 61' lang='lat' dir='ltr'>quae</span> <span class='ocrx_word' id='word_1_170' title='bbox 1197 2126 1408 2181; x_wconf 92' lang='lat' dir='ltr'>idcirco</span> <span class='ocrx_word' id='word_1_171' title='bbox 1451 2126 1570 2181; x_wconf 83' lang='lat' dir='ltr'>dixi</span> <span class='ocrx_word' id='word_1_172' title='bbox 1618 2126 1813 2189; x_wconf 89' lang='lat' dir='ltr'>dubia,</span> <span class='ocrx_word' id='word_1_173' title='bbox 1847 2127 1986 2197; x_wconf 91' lang='lat' dir='ltr'><strong>quia</strong></span> 
     </span>
    </p>
   </div>
   <div class='ocr_carea' id='block_1_25' title="bbox 281 2213 1980 2284">
    <p class='ocr_par' dir='ltr' id='par_1_25' title="bbox 281 2213 1980 2284">
     <span class='ocr_line' id='line_1_25' title="bbox 281 2213 1980 2284; baseline 0.001 -16"><span class='ocrx_word' id='word_1_174' title='bbox 281 2213 353 2268; x_wconf 90' lang='lat' dir='ltr'>ad</span> <span class='ocrx_word' id='word_1_175' title='bbox 384 2213 438 2268; x_wconf 91' lang='lat' dir='ltr'>id</span> <span class='ocrx_word' id='word_1_176' title='bbox 471 2214 914 2282; x_wconf 92' lang='lat' dir='ltr'>approbandum</span> <span class='ocrx_word' id='word_1_177' title='bbox 961 2214 1194 2269; x_wconf 84' lang='lat' dir='ltr'>omnino</span> <span class='ocrx_word' id='word_1_178' title='bbox 1232 2223 1368 2270; x_wconf 91' lang='lat' dir='ltr'>sunt</span> <span class='ocrx_word' id='word_1_179' title='bbox 1411 2223 1590 2270; x_wconf 89' lang='lat' dir='ltr'>muta.</span> <span class='ocrx_word' id='word_1_180' title='bbox 1640 2215 1757 2270; x_wconf 90' lang='lat' dir='ltr'>Hoc</span> <span class='ocrx_word' id='word_1_181' title='bbox 1806 2218 1980 2284; x_wconf 89' lang='lat' dir='ltr'>enim,</span> 
     </span>
    </p>
   </div>
   <div class='ocr_carea' id='block_1_26' title="bbox 283 2301 1981 2373">
    <p class='ocr_par' dir='ltr' id='par_1_26' title="bbox 283 2301 1981 2373">
     <span class='ocr_line' id='line_1_26' title="bbox 283 2301 1981 2373; baseline 0.001 -17"><span class='ocrx_word' id='word_1_182' title='bbox 283 2301 374 2356; x_wconf 91' lang='lat' dir='ltr'>cui</span> <span class='ocrx_word' id='word_1_183' title='bbox 406 2301 640 2372; x_wconf 91' lang='lat' dir='ltr'>signum</span> <span class='ocrx_word' id='word_1_184' title='bbox 671 2302 1000 2369; x_wconf 85' lang='lat' dir='ltr'>ascribitur,</span> <span class='ocrx_word' id='word_1_185' title='bbox 1039 2311 1303 2357; x_wconf 89' lang='lat' dir='ltr'>sanctum</span> <span class='ocrx_word' id='word_1_186' title='bbox 1338 2302 1571 2357; x_wconf 89' lang='lat' dir='ltr'>aliunde</span> <span class='ocrx_word' id='word_1_187' title='bbox 1603 2317 1723 2358; x_wconf 91' lang='lat' dir='ltr'>esse</span> <span class='ocrx_word' id='word_1_188' title='bbox 1771 2311 1981 2373; x_wconf 90' lang='lat' dir='ltr'>potest;</span> 
     </span>
    </p>
   </div>
   <div class='ocr_carea' id='block_1_27' title="bbox 282 2389 1982 2460">
    <p class='ocr_par' dir='ltr' id='par_1_27' title="bbox 282 2389 1982 2460">
     <span class='ocr_line' id='line_1_27' title="bbox 282 2389 1982 2460; baseline 0.001 -16"><span class='ocrx_word' id='word_1_189' title='bbox 282 2389 390 2445; x_wconf 92' lang='lat' dir='ltr'>hoc</span> <span class='ocrx_word' id='word_1_190' title='bbox 419 2396 611 2445; x_wconf 90' lang='lat' dir='ltr'>autem</span> <span class='ocrx_word' id='word_1_191' title='bbox 643 2390 797 2460; x_wconf 90' lang='lat' dir='ltr'>quod</span> <span class='ocrx_word' id='word_1_192' title='bbox 824 2389 1054 2455; x_wconf 88' lang='lat' dir='ltr'>dicitur,</span> <span class='ocrx_word' id='word_1_193' title='bbox 1084 2404 1205 2445; x_wconf 91' lang='lat' dir='ltr'>esse</span> <span class='ocrx_word' id='word_1_194' title='bbox 1254 2405 1367 2445; x_wconf 92' lang='lat' dir='ltr'>non</span> <span class='ocrx_word' id='word_1_195' title='bbox 1398 2399 1605 2460; x_wconf 87' lang='lat' dir='ltr'>potest;</span> <span class='ocrx_word' id='word_1_196' title='bbox 1639 2399 1694 2446; x_wconf 92' lang='lat' dir='ltr'>et</span> <span class='ocrx_word' id='word_1_197' title='bbox 1741 2392 1785 2446; x_wconf 93' lang='lat' dir='ltr'>si</span> <span class='ocrx_word' id='word_1_198' title='bbox 1820 2397 1982 2459; x_wconf 87' lang='lat' dir='ltr'>esset,</span> 
     </span>
    </p>
   </div>
   <div class='ocr_carea' id='block_1_28' title="bbox 286 2477 1981 2548">
    <p class='ocr_par' dir='ltr' id='par_1_28' title="bbox 286 2477 1981 2548">
     <span class='ocr_line' id='line_1_28' title="bbox 286 2477 1981 2548; baseline 0.002 -16"><span class='ocrx_word' id='word_1_199' title='bbox 286 2477 490 2533; x_wconf 89' lang='lat' dir='ltr'>talium</span> <span class='ocrx_word' id='word_1_200' title='bbox 540 2477 840 2547; x_wconf 91' lang='lat' dir='ltr'>signorum</span> <span class='ocrx_word' id='word_1_201' title='bbox 884 2478 1224 2545; x_wconf 89' lang='lat' dir='ltr'>testimonio,</span> <span class='ocrx_word' id='word_1_202' title='bbox 1271 2479 1411 2548; x_wconf 91' lang='lat' dir='ltr'><strong>quia</strong></span> <span class='ocrx_word' id='word_1_203' title='bbox 1443 2479 1583 2534; x_wconf 91' lang='lat' dir='ltr'>dens</span> <span class='ocrx_word' id='word_1_204' title='bbox 1617 2479 1686 2534; x_wconf 89' lang='lat' dir='ltr'>sit</span> <span class='ocrx_word' id='word_1_205' title='bbox 1724 2481 1981 2535; x_wconf 91' lang='lat' dir='ltr'>Domini-</span> 
     </span>
    </p>
   </div>
   <div class='ocr_carea' id='block_1_29' title="bbox 289 2566 1983 2638">
    <p class='ocr_par' dir='ltr' id='par_1_29' title="bbox 289 2566 1983 2638">
     <span class='ocr_line' id='line_1_29' title="bbox 289 2566 1983 2638; baseline 0.002 -18"><span class='ocrx_word' id='word_1_206' title='bbox 289 2581 411 2634; x_wconf 92' lang='lat' dir='ltr'>cus,</span> <span class='ocrx_word' id='word_1_207' title='bbox 472 2566 732 2636; x_wconf 90' lang='lat' dir='ltr'>portendi</span> <span class='ocrx_word' id='word_1_208' title='bbox 787 2580 903 2621; x_wconf 90' lang='lat' dir='ltr'>non</span> <span class='ocrx_word' id='word_1_209' title='bbox 961 2573 1166 2634; x_wconf 88' lang='lat' dir='ltr'>posset.</span> <span class='ocrx_word' id='word_1_210' title='bbox 1219 2566 1408 2622; x_wconf 90' lang='lat' dir='ltr'>Sancti</span> <span class='ocrx_word' id='word_1_211' title='bbox 1468 2582 1604 2637; x_wconf 89' lang='lat' dir='ltr'>ergo</span> <span class='ocrx_word' id='word_1_212' title='bbox 1658 2569 1983 2638; x_wconf 90' lang='lat' dir='ltr'>cujuspiam</span> 
     </span>
    </p>
   </div>
   <div class='ocr_carea' id='block_1_30' title="bbox 289 2654 1983 2725">
    <p class='ocr_par' dir='ltr' id='par_1_30' title="bbox 289 2654 1983 2725">
     <span class='ocr_line' id='line_1_30' title="bbox 289 2654 1983 2725; baseline 0.001 -16"><span class='ocrx_word' id='word_1_213' title='bbox 289 2654 431 2709; x_wconf 90' lang='lat' dir='ltr'>dens</span> <span class='ocrx_word' id='word_1_214' title='bbox 481 2654 571 2708; x_wconf 91' lang='lat' dir='ltr'>ille</span> <span class='ocrx_word' id='word_1_215' title='bbox 616 2654 906 2718; x_wconf 92' lang='lat' dir='ltr'>credatur,</span> <span class='ocrx_word' id='word_1_216' title='bbox 958 2654 1127 2723; x_wconf 89' lang='lat' dir='ltr'>cujus</span> <span class='ocrx_word' id='word_1_217' title='bbox 1173 2655 1374 2709; x_wconf 91' lang='lat' dir='ltr'>merito</span> <span class='ocrx_word' id='word_1_218' title='bbox 1415 2654 1649 2709; x_wconf 77' lang='lat' dir='ltr'>forsitan</span> <span class='ocrx_word' id='word_1_219' title='bbox 1695 2655 1804 2709; x_wconf 85' lang='lat' dir='ltr'>tale</span> <span class='ocrx_word' id='word_1_220' title='bbox 1842 2655 1983 2725; x_wconf 88' lang='lat' dir='ltr'>quid</span> 
     </span>
    </p>
   </div>
   <div class='ocr_carea' id='block_1_31' title="bbox 287 2727 1986 2811">
    <p class='ocr_par' dir='ltr' id='par_1_31' title="bbox 287 2727 1986 2811">
     <span class='ocr_line' id='line_1_31' title="bbox 287 2727 1986 2811; baseline 0.002 -15"><span class='ocrx_word' id='word_1_221' title='bbox 287 2727 674 2811; x_wconf 79' lang='lat' dir='ltr'>concedatur;</span> <span class='ocrx_word' id='word_1_222' title='bbox 703 2749 758 2796; x_wconf 93' lang='lat' dir='ltr'>et</span> <span class='ocrx_word' id='word_1_223' title='bbox 787 2742 834 2796; x_wconf 92' lang='lat' dir='ltr'><strong>si</strong></span> <span class='ocrx_word' id='word_1_224' title='bbox 878 2750 1028 2797; x_wconf 84' lang='lat' dir='ltr'>certe</span> <span class='ocrx_word' id='word_1_225' title='bbox 1059 2742 1278 2798; x_wconf 91' lang='lat' dir='ltr'>nullius</span> <span class='ocrx_word' id='word_1_226' title='bbox 1307 2744 1490 2798; x_wconf 88' lang='lat' dir='ltr'>sancti</span> <span class='ocrx_word' id='word_1_227' title='bbox 1529 2752 1690 2810; x_wconf 87' lang='lat' dir='ltr'>esset,</span> <span class='ocrx_word' id='word_1_228' title='bbox 1724 2743 1813 2799; x_wconf 90' lang='lat' dir='ltr'>vel</span> <span class='ocrx_word' id='word_1_229' title='bbox 1849 2744 1986 2799; x_wconf 89' lang='lat' dir='ltr'>fides</span> 
     </span>
    </p>
   </div>
   <div class='ocr_carea' id='block_1_32' title="bbox 288 2829 1984 2901">
    <p class='ocr_par' dir='ltr' id='par_1_32' title="bbox 288 2829 1984 2901">
     <span class='ocr_line' id='line_1_32' title="bbox 288 2829 1984 2901; baseline 0.002 -17"><span class='ocrx_word' id='word_1_230' title='bbox 288 2829 458 2899; x_wconf 90' lang='lat' dir='ltr'>plane</span> <span class='ocrx_word' id='word_1_231' title='bbox 505 2829 858 2886; x_wconf 90' lang='lat' dir='ltr'>credentium</span> <span class='ocrx_word' id='word_1_232' title='bbox 907 2831 1162 2900; x_wconf 81' lang='lat' dir='ltr'>exigeret</span> <span class='ocrx_word' id='word_1_233' title='bbox 1206 2839 1269 2886; x_wconf 93' lang='lat' dir='ltr'>ut</span> <span class='ocrx_word' id='word_1_234' title='bbox 1315 2833 1469 2901; x_wconf 92' lang='lat' dir='ltr'>quod</span> <span class='ocrx_word' id='word_1_235' title='bbox 1513 2839 1844 2901; x_wconf 86' lang='lat' dir='ltr'>speraretur</span> <span class='ocrx_word' id='word_1_236' title='bbox 1883 2833 1984 2888; x_wconf 93' lang='lat' dir='ltr'>ob-</span> 
     </span>
    </p>
   </div>
   <div class='ocr_carea' id='block_1_33' title="bbox 2083 450 3209 520">
    <p class='ocr_par' dir='ltr' id='par_1_33' title="bbox 2083 450 3209 520">
     <span class='ocr_line' id='line_1_33' title="bbox 2083 450 3209 520; baseline 0.002 -15"><span class='ocrx_word' id='word_1_237' title='bbox 2083 451 2337 519; x_wconf 83' lang='lat' dir='ltr'>accipere</span> <span class='ocrx_word' id='word_1_238' title='bbox 2371 450 2626 507; x_wconf 90' lang='lat' dir='ltr'>beneficii</span> <span class='ocrx_word' id='word_1_239' title='bbox 2661 451 2899 519; x_wconf 90' lang='lat' dir='ltr'>fructus,</span> <span class='ocrx_word' id='word_1_240' title='bbox 2929 453 3209 520; x_wconf 74' lang='lat' dir='ltr'>excurrit,</span> 
     </span>
    </p>
   </div>
   <div class='ocr_carea' id='block_1_34' title="bbox 2152 537 3810 610">
    <p class='ocr_par' dir='ltr' id='par_1_34' title="bbox 2152 537 3810 610">
     <span class='ocr_line' id='line_1_34' title="bbox 2152 537 3810 610; baseline 0.002 -19"><span class='ocrx_word' id='word_1_241' title='bbox 2152 539 2178 604; x_wconf 84' lang='lat'>§</span> <span class='ocrx_word' id='word_1_242' title='bbox 2209 539 2301 594; x_wconf 87' lang='lat' dir='ltr'>IV.</span> <span class='ocrx_word' id='word_1_243' title='bbox 2337 539 2422 592; x_wconf 89' lang='lat' dir='ltr'>De</span> <span class='ocrx_word' id='word_1_244' title='bbox 2460 538 2707 608; x_wconf 86' lang='lat' dir='ltr'>quodam</span> <span class='ocrx_word' id='word_1_245' title='bbox 2736 541 3051 592; x_wconf 87' lang='lat' dir='ltr'>scortatore</span> <span class='ocrx_word' id='word_1_246' title='bbox 3090 537 3259 610; x_wconf 84' lang='lat' dir='ltr'>aquis</span> <span class='ocrx_word' id='word_1_247' title='bbox 3297 539 3586 610; x_wconf 86' lang='lat' dir='ltr'>absorpta.</span> <span class='ocrx_word' id='word_1_248' title='bbox 3616 569 3692 579; x_wconf 92' lang='lat'>—-</span> <span class='ocrx_word' id='word_1_249' title='bbox 3731 540 3810 594; x_wconf 81' lang='grc' dir='ltr'>Αι</span> 
     </span>
    </p>
   </div>
   <div class='ocr_carea' id='block_1_35' title="bbox 2081 625 3806 696">
    <p class='ocr_par' dir='ltr' id='par_1_35' title="bbox 2081 625 3806 696">
     <span class='ocr_line' id='line_1_35' title="bbox 2081 625 3806 696; baseline 0.001 -17"><span class='ocrx_word' id='word_1_250' title='bbox 2081 625 2381 696; x_wconf 90' lang='lat' dir='ltr'>signorum</span> <span class='ocrx_word' id='word_1_251' title='bbox 2440 626 2668 682; x_wconf 92' lang='lat' dir='ltr'>illorum</span> <span class='ocrx_word' id='word_1_252' title='bbox 2709 625 2898 682; x_wconf 91' lang='lat' dir='ltr'>tenuis</span> <span class='ocrx_word' id='word_1_253' title='bbox 2945 627 3082 682; x_wconf 88' lang='lat' dir='ltr'>mihi</span> <span class='ocrx_word' id='word_1_254' title='bbox 3127 627 3292 682; x_wconf 88' lang='lat' dir='ltr'>valde</span> <span class='ocrx_word' id='word_1_255' title='bbox 3324 628 3547 682; x_wconf 89' lang='lat' dir='ltr'>videtur</span> <span class='ocrx_word' id='word_1_256' title='bbox 3581 635 3806 682; x_wconf 87' lang='lat' dir='ltr'>aucto-</span> 
     </span>
    </p>
   </div>
   <div class='ocr_carea' id='block_1_36' title="bbox 2082 714 3811 785">
    <p class='ocr_par' dir='ltr' id='par_1_36' title="bbox 2082 714 3811 785">
     <span class='ocr_line' id='line_1_36' title="bbox 2082 714 3811 785; baseline -0.001 -16"><span class='ocrx_word' id='word_1_257' title='bbox 2082 716 2240 779; x_wconf 89' lang='lat' dir='ltr'>ritas,</span> <span class='ocrx_word' id='word_1_258' title='bbox 2295 715 2408 769; x_wconf 92' lang='lat' dir='ltr'>imo</span> <span class='ocrx_word' id='word_1_259' title='bbox 2448 714 2639 784; x_wconf 79' lang='lat' dir='ltr'>scripti</span> <span class='ocrx_word' id='word_1_260' title='bbox 2674 715 2824 769; x_wconf 74' lang='lat' dir='ltr'>illius</span> <span class='ocrx_word' id='word_1_261' title='bbox 2863 715 2992 769; x_wconf 91' lang='lat' dir='ltr'>vilis</span> <span class='ocrx_word' id='word_1_262' title='bbox 3031 715 3338 770; x_wconf 88' lang='lat' dir='ltr'>admodum</span> <span class='ocrx_word' id='word_1_263' title='bbox 3383 716 3675 785; x_wconf 89' lang='lat' dir='ltr'>probatur</span> <span class='ocrx_word' id='word_1_264' title='bbox 3724 717 3811 769; x_wconf 84' lang='lat' dir='ltr'><strong>in-</strong></span> 
     </span>
    </p>
   </div>
   <div class='ocr_carea' id='block_1_37' title="bbox 2081 802 3804 873">
    <p class='ocr_par' dir='ltr' id='par_1_37' title="bbox 2081 802 3804 873">
     <span class='ocr_line' id='line_1_37' title="bbox 2081 802 3804 873; baseline 0.001 -16"><span class='ocrx_word' id='word_1_265' title='bbox 2081 803 2346 873; x_wconf 84' lang='lat' dir='ltr'>dignitas.</span> <span class='ocrx_word' id='word_1_266' title='bbox 2382 803 2522 858; x_wconf 86' lang='lat' dir='ltr'>Nam</span> <span class='ocrx_word' id='word_1_267' title='bbox 2565 803 2621 857; x_wconf 93' lang='lat' dir='ltr'>in</span> <span class='ocrx_word' id='word_1_268' title='bbox 2647 819 2845 858; x_wconf 67' lang='lat' dir='ltr'>eorum</span> <span class='ocrx_word' id='word_1_269' title='bbox 2885 802 3073 858; x_wconf 90' lang='lat' dir='ltr'>libello</span> <span class='ocrx_word' id='word_1_270' title='bbox 3120 803 3221 872; x_wconf 92' lang='lat' dir='ltr'>qui</span> <span class='ocrx_word' id='word_1_271' title='bbox 3253 818 3423 873; x_wconf 88' lang='lat' dir='ltr'>super</span> <span class='ocrx_word' id='word_1_272' title='bbox 3454 804 3624 858; x_wconf 87' lang='lat' dir='ltr'>dente</span> <span class='ocrx_word' id='word_1_273' title='bbox 3666 803 3804 870; x_wconf 84' lang='lat' dir='ltr'>hoc,</span> 
     </span>
    </p>
   </div>
   <div class='ocr_carea' id='block_1_38' title="bbox 2079 891 3809 958">
    <p class='ocr_par' dir='ltr' id='par_1_38' title="bbox 2079 891 3809 958">
     <span class='ocr_line' id='line_1_38' title="bbox 2079 891 3809 958; baseline 0 -12"><span class='ocrx_word' id='word_1_274' title='bbox 2079 899 2134 946; x_wconf 92' lang='lat' dir='ltr'>et</span> <span class='ocrx_word' id='word_1_275' title='bbox 2193 897 2522 946; x_wconf 86' lang='lat' dir='ltr'>sanctorum</span> <span class='ocrx_word' id='word_1_276' title='bbox 2588 891 2691 946; x_wconf 88' lang='lat' dir='ltr'>loci</span> <span class='ocrx_word' id='word_1_277' title='bbox 2745 891 3040 946; x_wconf 91' lang='lat' dir='ltr'>miraculis</span> <span class='ocrx_word' id='word_1_278' title='bbox 3094 892 3309 958; x_wconf 92' lang='lat' dir='ltr'>actitat,</span> <span class='ocrx_word' id='word_1_279' title='bbox 3373 893 3440 946; x_wconf 85' lang='lat' dir='ltr'>de</span> <span class='ocrx_word' id='word_1_280' title='bbox 3503 892 3809 947; x_wconf 88' lang='lat' dir='ltr'>monacho</span> 
     </span>
    </p>
   </div>
   <div class='ocr_carea' id='block_1_39' title="bbox 2082 977 3804 1048">
    <p class='ocr_par' dir='ltr' id='par_1_39' title="bbox 2082 977 3804 1048">
     <span class='ocr_line' id='line_1_39' title="bbox 2082 977 3804 1048; baseline -0.001 -15"><span class='ocrx_word' id='word_1_281' title='bbox 2082 979 2279 1048; x_wconf 90' lang='lat' dir='ltr'>aliquo</span> <span class='ocrx_word' id='word_1_282' title='bbox 2314 979 2576 1046; x_wconf 83' lang='lat' dir='ltr'>refertur,</span> <span class='ocrx_word' id='word_1_283' title='bbox 2632 979 2787 1048; x_wconf 90' lang='lat' dir='ltr'>quod</span> <span class='ocrx_word' id='word_1_284' title='bbox 2841 985 3025 1032; x_wconf 88' lang='lat' dir='ltr'>scorto</span> <span class='ocrx_word' id='word_1_285' title='bbox 3060 977 3262 1033; x_wconf 91' lang='lat' dir='ltr'>soleret</span> <span class='ocrx_word' id='word_1_286' title='bbox 3314 978 3552 1034; x_wconf 82' lang='lat' dir='ltr'>muliere</span> <span class='ocrx_word' id='word_1_287' title='bbox 3595 979 3804 1044; x_wconf 91' lang='lat' dir='ltr'>abuti,</span> 
     </span>
    </p>
   </div>
   <div class='ocr_carea' id='block_1_40' title="bbox 2083 1066 3801 1136">
    <p class='ocr_par' dir='ltr' id='par_1_40' title="bbox 2083 1066 3801 1136">
     <span class='ocr_line' id='line_1_40' title="bbox 2083 1066 3801 1136; baseline 0 -16"><span class='ocrx_word' id='word_1_288' title='bbox 2083 1080 2198 1134; x_wconf 90' lang='lat' dir='ltr'>quo</span> <span class='ocrx_word' id='word_1_289' title='bbox 2233 1074 2419 1120; x_wconf 89' lang='lat' dir='ltr'>tamen</span> <span class='ocrx_word' id='word_1_290' title='bbox 2454 1073 2625 1121; x_wconf 92' lang='lat' dir='ltr'>noctu</span> <span class='ocrx_word' id='word_1_291' title='bbox 2663 1066 2801 1121; x_wconf 92' lang='lat' dir='ltr'>dum</span> <span class='ocrx_word' id='word_1_292' title='bbox 2839 1073 3116 1135; x_wconf 82' lang='lat' dir='ltr'>pergeret,</span> <span class='ocrx_word' id='word_1_293' title='bbox 3161 1079 3346 1134; x_wconf 88' lang='lat' dir='ltr'><strong>aquas</strong></span> <span class='ocrx_word' id='word_1_294' title='bbox 3391 1075 3626 1120; x_wconf 88' lang='lat' dir='ltr'>tranare</span> <span class='ocrx_word' id='word_1_295' title='bbox 3664 1081 3801 1136; x_wconf 90' lang='lat' dir='ltr'>pro-</span> 
     </span>
    </p>
   </div>
   <div class='ocr_carea' id='block_1_41' title="bbox 2083 1154 3805 1224">
    <p class='ocr_par' dir='ltr' id='par_1_41' title="bbox 2083 1154 3805 1224">
     <span class='ocr_line' id='line_1_41' title="bbox 2083 1154 3805 1224; baseline 0.002 -18"><span class='ocrx_word' id='word_1_296' title='bbox 2083 1154 2332 1223; x_wconf 88' lang='lat' dir='ltr'>pinquas</span> <span class='ocrx_word' id='word_1_297' title='bbox 2361 1154 2680 1209; x_wconf 89' lang='lat' dir='ltr'>necessario</span> <span class='ocrx_word' id='word_1_298' title='bbox 2708 1157 3025 1224; x_wconf 85' lang='lat' dir='ltr'>oporteret;</span> <span class='ocrx_word' id='word_1_299' title='bbox 3061 1154 3119 1208; x_wconf 92' lang='lat' dir='ltr'><strong>in</strong></span> <span class='ocrx_word' id='word_1_300' title='bbox 3162 1169 3280 1223; x_wconf 92' lang='lat' dir='ltr'>quo</span> <span class='ocrx_word' id='word_1_301' title='bbox 3328 1156 3600 1221; x_wconf 89' lang='lat' dir='ltr'>transitu,</span> <span class='ocrx_word' id='word_1_302' title='bbox 3645 1156 3805 1212; x_wconf 90' lang='lat' dir='ltr'>inter</span> 
     </span>
    </p>
   </div>
   <div class='ocr_carea' id='block_1_42' title="bbox 2083 1241 3803 1311">
    <p class='ocr_par' dir='ltr' id='par_1_42' title="bbox 2083 1241 3803 1311">
     <span class='ocr_line' id='line_1_42' title="bbox 2083 1241 3803 1311; baseline 0 -15"><span class='ocrx_word' id='word_1_303' title='bbox 2083 1241 2269 1296; x_wconf 91' lang='lat' dir='ltr'>undas</span> <span class='ocrx_word' id='word_1_304' title='bbox 2296 1255 2428 1296; x_wconf 91' lang='lat' dir='ltr'>eum</span> <span class='ocrx_word' id='word_1_305' title='bbox 2471 1243 2682 1311; x_wconf 89' lang='lat' dir='ltr'>peccati</span> <span class='ocrx_word' id='word_1_306' title='bbox 2730 1243 2818 1298; x_wconf 92' lang='lat' dir='ltr'>sui</span> <span class='ocrx_word' id='word_1_307' title='bbox 2859 1241 3085 1310; x_wconf 88' lang='lat' dir='ltr'>pondus</span> <span class='ocrx_word' id='word_1_308' title='bbox 3114 1243 3358 1296; x_wconf 89' lang='lat' dir='ltr'>enecuit.</span> <span class='ocrx_word' id='word_1_309' title='bbox 3405 1241 3513 1307; x_wconf 88' lang='lat' dir='ltr'>Qui</span> <span class='ocrx_word' id='word_1_310' title='bbox 3562 1242 3803 1296; x_wconf 84' lang='lat' dir='ltr'>abbatis</span> 
     </span>
    </p>
   </div>
   <div class='ocr_carea' id='block_1_43' title="bbox 2079 1327 3796 1398">
    <p class='ocr_par' dir='ltr' id='par_1_43' title="bbox 2079 1327 3796 1398">
     <span class='ocr_line' id='line_1_43' title="bbox 2079 1327 3796 1398; baseline -0.001 -15"><span class='ocrx_word' id='word_1_311' title='bbox 2079 1327 2296 1398; x_wconf 90' lang='lat' dir='ltr'>judicio</span> <span class='ocrx_word' id='word_1_312' title='bbox 2349 1341 2383 1381; x_wconf 90' lang='lat' dir='ltr'>a</span> <span class='ocrx_word' id='word_1_313' title='bbox 2431 1328 2750 1383; x_wconf 74' lang='lat' dir='ltr'>cmmeterio</span> <span class='ocrx_word' id='word_1_314' title='bbox 2800 1328 3041 1384; x_wconf 84' lang='lat' dir='ltr'>fratrum</span> <span class='ocrx_word' id='word_1_315' title='bbox 3090 1329 3338 1384; x_wconf 88' lang='lat' dir='ltr'>extorris</span> <span class='ocrx_word' id='word_1_316' title='bbox 3394 1337 3479 1384; x_wconf 90' lang='lat' dir='ltr'>est</span> <span class='ocrx_word' id='word_1_317' title='bbox 3529 1328 3796 1382; x_wconf 87' lang='lat' dir='ltr'>habitus.</span> 
     </span>
    </p>
   </div>
   <div class='ocr_carea' id='block_1_44' title="bbox 2085 1416 3800 1487">
    <p class='ocr_par' dir='ltr' id='par_1_44' title="bbox 2085 1416 3800 1487">
     <span class='ocr_line' id='line_1_44' title="bbox 2085 1416 3800 1487; baseline -0.001 -15"><span class='ocrx_word' id='word_1_318' title='bbox 2085 1417 2188 1472; x_wconf 88' lang='lat' dir='ltr'>Sed</span> <span class='ocrx_word' id='word_1_319' title='bbox 2220 1416 2432 1482; x_wconf 87' lang='lat' dir='ltr'>abbati,</span> <span class='ocrx_word' id='word_1_320' title='bbox 2468 1424 2531 1472; x_wconf 91' lang='lat' dir='ltr'>ut</span> <span class='ocrx_word' id='word_1_321' title='bbox 2578 1416 2788 1486; x_wconf 82' lang='lat' dir='ltr'>pagina</span> <span class='ocrx_word' id='word_1_322' title='bbox 2822 1417 2917 1472; x_wconf 89' lang='lat' dir='ltr'>illa</span> <span class='ocrx_word' id='word_1_323' title='bbox 2947 1417 3132 1483; x_wconf 85' lang='lat' dir='ltr'>refert,</span> <span class='ocrx_word' id='word_1_324' title='bbox 3167 1418 3356 1472; x_wconf 89' lang='lat' dir='ltr'>nescio</span> <span class='ocrx_word' id='word_1_325' title='bbox 3389 1416 3521 1487; x_wconf 93' lang='lat' dir='ltr'><strong>quis</strong></span> <span class='ocrx_word' id='word_1_326' title='bbox 3553 1424 3800 1470; x_wconf 87' lang='lat' dir='ltr'>sancto-</span> 
     </span>
    </p>
   </div>
   <div class='ocr_carea' id='block_1_45' title="bbox 2084 1504 3799 1575">
    <p class='ocr_par' dir='ltr' id='par_1_45' title="bbox 2084 1504 3799 1575">
     <span class='ocr_line' id='line_1_45' title="bbox 2084 1504 3799 1575; baseline -0.001 -15"><span class='ocrx_word' id='word_1_327' title='bbox 2084 1519 2213 1560; x_wconf 91' lang='lat' dir='ltr'>rum</span> <span class='ocrx_word' id='word_1_328' title='bbox 2273 1504 2434 1571; x_wconf 92' lang='lat' dir='ltr'>inibi,</span> <span class='ocrx_word' id='word_1_329' title='bbox 2485 1511 2549 1559; x_wconf 91' lang='lat' dir='ltr'>ut</span> <span class='ocrx_word' id='word_1_330' title='bbox 2604 1505 2834 1572; x_wconf 91' lang='lat' dir='ltr'>dicitur,</span> <span class='ocrx_word' id='word_1_331' title='bbox 2887 1505 3180 1574; x_wconf 87' lang='lat' dir='ltr'>apparuit,</span> <span class='ocrx_word' id='word_1_332' title='bbox 3211 1504 3400 1575; x_wconf 90' lang='lat' dir='ltr'>eique,</span> <span class='ocrx_word' id='word_1_333' title='bbox 3446 1512 3509 1560; x_wconf 90' lang='lat' dir='ltr'>ut</span> <span class='ocrx_word' id='word_1_334' title='bbox 3553 1505 3799 1570; x_wconf 87' lang='lat' dir='ltr'>dicitur,</span> 
     </span>
    </p>
   </div>
   <div class='ocr_carea' id='block_1_46' title="bbox 2085 1591 3803 1663">
    <p class='ocr_par' dir='ltr' id='par_1_46' title="bbox 2085 1591 3803 1663">
     <span class='ocr_line' id='line_1_46' title="bbox 2085 1591 3803 1663; baseline -0.001 -15"><span class='ocrx_word' id='word_1_335' title='bbox 2085 1593 2229 1648; x_wconf 86' lang='lat' dir='ltr'>dixit</span> <span class='ocrx_word' id='word_1_336' title='bbox 2263 1608 2276 1646; x_wconf 90' lang='lat'>:</span> <span class='ocrx_word' id='word_1_337' title='bbox 2317 1616 2336 1640; x_wconf 72' lang='grc' dir='ltr'><strong>ε</strong></span> <span class='ocrx_word' id='word_1_338' title='bbox 2382 1591 2605 1659; x_wconf 91' lang='lat' dir='ltr'>Confer,</span> <span class='ocrx_word' id='word_1_339' title='bbox 2646 1593 2746 1660; x_wconf 91' lang='lat' dir='ltr'>ait,</span> <span class='ocrx_word' id='word_1_340' title='bbox 2777 1607 2908 1648; x_wconf 92' lang='lat' dir='ltr'>cum</span> <span class='ocrx_word' id='word_1_341' title='bbox 2955 1593 3197 1659; x_wconf 68' lang='lat' dir='ltr'>caeteris,</span> <span class='ocrx_word' id='word_1_342' title='bbox 3230 1594 3371 1663; x_wconf 91' lang='lat' dir='ltr'>quia</span> <span class='ocrx_word' id='word_1_343' title='bbox 3419 1597 3474 1647; x_wconf 90' lang='lat' dir='ltr'>in</span> <span class='ocrx_word' id='word_1_344' title='bbox 3509 1593 3803 1648; x_wconf 90' lang='lat' dir='ltr'>obedien-</span> 
     </span>
    </p>
   </div>
   <div class='ocr_carea' id='block_1_47' title="bbox 2088 1679 3803 1751">
    <p class='ocr_par' dir='ltr' id='par_1_47' title="bbox 2088 1679 3803 1751">
     <span class='ocr_line' id='line_1_47' title="bbox 2088 1679 3803 1751; baseline -0.003 -13"><span class='ocrx_word' id='word_1_345' title='bbox 2088 1681 2166 1738; x_wconf 91' lang='lat' dir='ltr'>tia</span> <span class='ocrx_word' id='word_1_346' title='bbox 2200 1689 2301 1737; x_wconf 89' lang='lat' dir='ltr'>tua</span> <span class='ocrx_word' id='word_1_347' title='bbox 2348 1689 2612 1736; x_wconf 91' lang='lat' dir='ltr'>mortuus</span> <span class='ocrx_word' id='word_1_348' title='bbox 2650 1688 2753 1736; x_wconf 90' lang='lat' dir='ltr'>est.</span> <span class='ocrx_word' id='word_1_349' title='bbox 2790 1702 2810 1729; x_wconf 77' lang='grc' dir='ltr'><strong>ι</strong></span> <span class='ocrx_word' id='word_1_350' title='bbox 2856 1681 2921 1736; x_wconf 95' lang='lat' dir='ltr'>In</span> <span class='ocrx_word' id='word_1_351' title='bbox 2962 1694 3101 1751; x_wconf 88' lang='lat' dir='ltr'>qua,</span> <span class='ocrx_word' id='word_1_352' title='bbox 3152 1696 3368 1751; x_wconf 72' lang='lat' dir='ltr'>quaeso,</span> <span class='ocrx_word' id='word_1_353' title='bbox 3425 1679 3803 1736; x_wconf 81' lang='lat' dir='ltr'>obedientia?</span> 
     </span>
    </p>
   </div>
   <div class='ocr_carea' id='block_1_48' title="bbox 2089 1769 3803 1840">
    <p class='ocr_par' dir='ltr' id='par_1_48' title="bbox 2089 1769 3803 1840">
     <span class='ocr_line' id='line_1_48' title="bbox 2089 1769 3803 1840; baseline -0.001 -15"><span class='ocrx_word' id='word_1_354' title='bbox 2089 1771 2178 1826; x_wconf 83' lang='lat' dir='ltr'>An</span> <span class='ocrx_word' id='word_1_355' title='bbox 2228 1770 2406 1825; x_wconf 88' lang='lat' dir='ltr'>abbas</span> <span class='ocrx_word' id='word_1_356' title='bbox 2435 1770 2486 1824; x_wconf 89' lang='lat' dir='ltr'>ei</span> <span class='ocrx_word' id='word_1_357' title='bbox 2535 1777 2882 1840; x_wconf 65' lang='lat' dir='ltr'>prmeeperat</span> <span class='ocrx_word' id='word_1_358' title='bbox 2925 1777 2988 1825; x_wconf 91' lang='lat' dir='ltr'>ut</span> <span class='ocrx_word' id='word_1_359' title='bbox 3018 1783 3076 1825; x_wconf 91' lang='lat' dir='ltr'>se</span> <span class='ocrx_word' id='word_1_360' title='bbox 3123 1769 3375 1839; x_wconf 87' lang='lat' dir='ltr'>periculo</span> <span class='ocrx_word' id='word_1_361' title='bbox 3409 1769 3678 1825; x_wconf 86' lang='lat' dir='ltr'>ﬂuminis</span> <span class='ocrx_word' id='word_1_362' title='bbox 3711 1769 3803 1823; x_wconf 89' lang='lat' dir='ltr'>in-</span> 
     </span>
    </p>
   </div>
   <div class='ocr_carea' id='block_1_49' title="bbox 2090 1857 3804 1929">
    <p class='ocr_par' dir='ltr' id='par_1_49' title="bbox 2090 1857 3804 1929">
     <span class='ocr_line' id='line_1_49' title="bbox 2090 1857 3804 1929; baseline -0.001 -16"><span class='ocrx_word' id='word_1_363' title='bbox 2090 1872 2311 1929; x_wconf 87' lang='lat' dir='ltr'>gerens,</span> <span class='ocrx_word' id='word_1_364' title='bbox 2389 1858 2696 1927; x_wconf 68' lang='lat' dir='ltr'>impudicaa</span> <span class='ocrx_word' id='word_1_365' title='bbox 2770 1857 3144 1913; x_wconf 87' lang='lat' dir='ltr'>concubitum</span> <span class='ocrx_word' id='word_1_366' title='bbox 3204 1857 3564 1913; x_wconf 83' lang='lat' dir='ltr'>sectaretur?</span> <span class='ocrx_word' id='word_1_367' title='bbox 3634 1858 3804 1913; x_wconf 86' lang='lat' dir='ltr'>Certe</span> 
     </span>
    </p>
   </div>
   <div class='ocr_carea' id='block_1_50' title="bbox 2090 1945 3804 2016">
    <p class='ocr_par' dir='ltr' id='par_1_50' title="bbox 2090 1945 3804 2016">
     <span class='ocr_line' id='line_1_50' title="bbox 2090 1945 3804 2016; baseline -0.001 -15"><span class='ocrx_word' id='word_1_368' title='bbox 2090 1960 2326 2016; x_wconf 92' lang='lat' dir='ltr'>quoquo</span> <span class='ocrx_word' id='word_1_369' title='bbox 2358 1953 2522 2015; x_wconf 87' lang='lat' dir='ltr'>pacto</span> <span class='ocrx_word' id='word_1_370' title='bbox 2552 1954 2790 2002; x_wconf 89' lang='lat' dir='ltr'>eatenus</span> <span class='ocrx_word' id='word_1_371' title='bbox 2833 1946 3023 2001; x_wconf 90' lang='lat' dir='ltr'>abbati</span> <span class='ocrx_word' id='word_1_372' title='bbox 3072 1945 3214 2001; x_wconf 90' lang='lat' dir='ltr'>alias</span> <span class='ocrx_word' id='word_1_373' title='bbox 3243 1946 3545 2012; x_wconf 88' lang='lat' dir='ltr'>obedisset,</span> <span class='ocrx_word' id='word_1_374' title='bbox 3597 1947 3660 2000; x_wconf 92' lang='lat' dir='ltr'>in</span> <span class='ocrx_word' id='word_1_375' title='bbox 3696 1946 3804 2001; x_wconf 85' lang='lat' dir='ltr'>hac</span> 
     </span>
    </p>
   </div>
   <div class='ocr_carea' id='block_1_51' title="bbox 2090 2033 3805 2104">
    <p class='ocr_par' dir='ltr' id='par_1_51' title="bbox 2090 2033 3805 2104">
     <span class='ocr_line' id='line_1_51' title="bbox 2090 2033 3805 2104; baseline 0 -16"><span class='ocrx_word' id='word_1_376' title='bbox 2090 2034 2335 2104; x_wconf 87' lang='lat' dir='ltr'>profecto</span> <span class='ocrx_word' id='word_1_377' title='bbox 2367 2047 2426 2090; x_wconf 92' lang='lat' dir='ltr'>re</span> <span class='ocrx_word' id='word_1_378' title='bbox 2465 2034 2719 2090; x_wconf 91' lang='lat' dir='ltr'>obedisse</span> <span class='ocrx_word' id='word_1_379' title='bbox 2751 2034 2861 2088; x_wconf 90' lang='lat' dir='ltr'>dici</span> <span class='ocrx_word' id='word_1_380' title='bbox 2895 2048 3009 2089; x_wconf 94' lang='lat' dir='ltr'>non</span> <span class='ocrx_word' id='word_1_381' title='bbox 3041 2042 3238 2103; x_wconf 83' lang='lat' dir='ltr'>potest.</span> <span class='ocrx_word' id='word_1_382' title='bbox 3282 2035 3420 2104; x_wconf 88' lang='lat' dir='ltr'>quia</span> <span class='ocrx_word' id='word_1_383' title='bbox 3468 2033 3805 2089; x_wconf 90' lang='lat' dir='ltr'>obedientia</span> 
     </span>
    </p>
   </div>
   <div class='ocr_carea' id='block_1_52' title="bbox 2090 2120 3805 2192">
    <p class='ocr_par' dir='ltr' id='par_1_52' title="bbox 2090 2120 3805 2192">
     <span class='ocr_line' id='line_1_52' title="bbox 2090 2120 3805 2192; baseline -0.002 -16"><span class='ocrx_word' id='word_1_384' title='bbox 2090 2136 2381 2192; x_wconf 84' lang='lat' dir='ltr'><strong>nusquam</strong></span> <span class='ocrx_word' id='word_1_385' title='bbox 2422 2122 2530 2178; x_wconf 91' lang='lat' dir='ltr'>nisi</span> <span class='ocrx_word' id='word_1_386' title='bbox 2584 2122 2642 2176; x_wconf 92' lang='lat' dir='ltr'>in</span> <span class='ocrx_word' id='word_1_387' title='bbox 2673 2122 2840 2187; x_wconf 90' lang='lat' dir='ltr'>bono,</span> <span class='ocrx_word' id='word_1_388' title='bbox 2875 2122 2987 2176; x_wconf 92' lang='lat' dir='ltr'>nisi</span> <span class='ocrx_word' id='word_1_389' title='bbox 3017 2135 3115 2190; x_wconf 92' lang='lat' dir='ltr'>per</span> <span class='ocrx_word' id='word_1_390' title='bbox 3154 2121 3512 2188; x_wconf 89' lang='lat' dir='ltr'>abusionem,</span> <span class='ocrx_word' id='word_1_391' title='bbox 3550 2120 3805 2191; x_wconf 86' lang='lat' dir='ltr'>intelligi</span> 
     </span>
    </p>
   </div>
   <div class='ocr_carea' id='block_1_53' title="bbox 2094 2208 3805 2282">
    <p class='ocr_par' dir='ltr' id='par_1_53' title="bbox 2094 2208 3805 2282">
     <span class='ocr_line' id='line_1_53' title="bbox 2094 2208 3805 2282; baseline -0.002 -16"><span class='ocrx_word' id='word_1_392' title='bbox 2094 2218 2290 2281; x_wconf 90' lang='lat' dir='ltr'>potest.</span> <span class='ocrx_word' id='word_1_393' title='bbox 2326 2212 2389 2265; x_wconf 89' lang='lat' dir='ltr'>In</span> <span class='ocrx_word' id='word_1_394' title='bbox 2430 2225 2548 2280; x_wconf 90' lang='lat' dir='ltr'>qua</span> <span class='ocrx_word' id='word_1_395' title='bbox 2601 2210 2778 2282; x_wconf 86' lang='lat' dir='ltr'>igitur</span> <span class='ocrx_word' id='word_1_396' title='bbox 2816 2209 3138 2266; x_wconf 87' lang='lat' dir='ltr'>obedientia</span> <span class='ocrx_word' id='word_1_397' title='bbox 3183 2217 3446 2265; x_wconf 89' lang='lat' dir='ltr'>mortuus</span> <span class='ocrx_word' id='word_1_398' title='bbox 3474 2208 3600 2265; x_wconf 87' lang='lat' dir='ltr'>est?</span> <span class='ocrx_word' id='word_1_399' title='bbox 3654 2209 3805 2264; x_wconf 88' lang='lat' dir='ltr'>Sane</span> 
     </span>
    </p>
   </div>
   <div class='ocr_carea' id='block_1_54' title="bbox 2091 2297 3807 2367">
    <p class='ocr_par' dir='ltr' id='par_1_54' title="bbox 2091 2297 3807 2367">
     <span class='ocr_line' id='line_1_54' title="bbox 2091 2297 3807 2367; baseline -0.002 -12"><span class='ocrx_word' id='word_1_400' title='bbox 2091 2300 2136 2355; x_wconf 91' lang='lat' dir='ltr'>si</span> <span class='ocrx_word' id='word_1_401' title='bbox 2185 2300 2252 2355; x_wconf 93' lang='lat' dir='ltr'>de</span> <span class='ocrx_word' id='word_1_402' title='bbox 2300 2300 2637 2355; x_wconf 69' lang='lat' dir='ltr'>obedientire</span> <span class='ocrx_word' id='word_1_403' title='bbox 2679 2300 2909 2354; x_wconf 89' lang='lat' dir='ltr'>nomine</span> <span class='ocrx_word' id='word_1_404' title='bbox 2963 2298 3283 2363; x_wconf 88' lang='lat' dir='ltr'>dubitatur,</span> <span class='ocrx_word' id='word_1_405' title='bbox 3318 2297 3517 2352; x_wconf 90' lang='lat' dir='ltr'>audiat</span> <span class='ocrx_word' id='word_1_406' title='bbox 3559 2299 3807 2367; x_wconf 78' lang='lat' dir='ltr'>Aposto-</span> 
     </span>
    </p>
   </div>
   <div class='ocr_carea' id='block_1_55' title="bbox 2093 2386 3805 2456">
    <p class='ocr_par' dir='ltr' id='par_1_55' title="bbox 2093 2386 3805 2456">
     <span class='ocr_line' id='line_1_55' title="bbox 2093 2386 3805 2456; baseline -0.001 -13"><span class='ocrx_word' id='word_1_407' title='bbox 2093 2388 2210 2443; x_wconf 93' lang='lat' dir='ltr'>lum</span> <span class='ocrx_word' id='word_1_408' title='bbox 2247 2388 2315 2442; x_wconf 90' lang='lat' dir='ltr'>de</span> <span class='ocrx_word' id='word_1_409' title='bbox 2346 2388 2467 2456; x_wconf 91' lang='lat' dir='ltr'>ipso</span> <span class='ocrx_word' id='word_1_410' title='bbox 2501 2388 2638 2442; x_wconf 88' lang='lat' dir='ltr'>Filio</span> <span class='ocrx_word' id='word_1_411' title='bbox 2673 2387 2770 2442; x_wconf 87' lang='lat' dir='ltr'>Dei</span> <span class='ocrx_word' id='word_1_412' title='bbox 2808 2403 2820 2442; x_wconf 90' lang='lat'>:</span> <span class='ocrx_word' id='word_1_413' title='bbox 2853 2409 2880 2435; x_wconf 87' lang='grc'>‹‹</span> <span class='ocrx_word' id='word_1_414' title='bbox 2929 2387 3015 2441; x_wconf 88' lang='lat' dir='ltr'>Ex</span> <span class='ocrx_word' id='word_1_415' title='bbox 3051 2386 3139 2454; x_wconf 93' lang='lat' dir='ltr'>iis,</span> <span class='ocrx_word' id='word_1_416' title='bbox 3173 2386 3381 2455; x_wconf 92' lang='lat' dir='ltr'><strong>inquit,</strong></span> <span class='ocrx_word' id='word_1_417' title='bbox 3419 2399 3554 2455; x_wconf 74' lang='lat' dir='ltr'>quae</span> <span class='ocrx_word' id='word_1_418' title='bbox 3594 2399 3805 2455; x_wconf 88' lang='lat' dir='ltr'>passus</span> 
     </span>
    </p>
   </div>
   <div class='ocr_carea' id='block_1_56' title="bbox 2089 2473 3324 2545">
    <p class='ocr_par' dir='ltr' id='par_1_56' title="bbox 2089 2473 3324 2545">
     <span class='ocr_line' id='line_1_56' title="bbox 2089 2473 3324 2545; baseline -0.005 -14"><span class='ocrx_word' id='word_1_419' title='bbox 2089 2483 2192 2541; x_wconf 87' lang='lat' dir='ltr'>est,</span> <span class='ocrx_word' id='word_1_420' title='bbox 2227 2475 2422 2531; x_wconf 87' lang='lat' dir='ltr'>didicit</span> <span class='ocrx_word' id='word_1_421' title='bbox 2451 2475 2833 2531; x_wconf 89' lang='lat' dir='ltr'>obedientiam</span> <span class='ocrx_word' id='word_1_422' title='bbox 2869 2474 3072 2545; x_wconf 89' lang='lat' dir='ltr'>(Hebr.</span> <span class='ocrx_word' id='word_1_423' title='bbox 3103 2489 3157 2541; x_wconf 90' lang='lat' dir='ltr'>v,</span> <span class='ocrx_word' id='word_1_424' title='bbox 3191 2473 3264 2543; x_wconf 91' lang='lat'>8).</span> <span class='ocrx_word' id='word_1_425' title='bbox 3296 2494 3324 2521; x_wconf 85' lang='lat'>»</span> 
     </span>
    </p>
   </div>
   <div class='ocr_carea' id='block_1_57' title="bbox 2163 2562 3804 2634">
    <p class='ocr_par' dir='ltr' id='par_1_57' title="bbox 2163 2562 3804 2634">
     <span class='ocr_line' id='line_1_57' title="bbox 2163 2562 3804 2634; baseline 0 -16"><span class='ocrx_word' id='word_1_426' title='bbox 2163 2565 2350 2620; x_wconf 88' lang='lat' dir='ltr'>Potest</span> <span class='ocrx_word' id='word_1_427' title='bbox 2383 2565 2576 2634; x_wconf 87' lang='lat' dir='ltr'><strong>itaque</strong></span> <span class='ocrx_word' id='word_1_428' title='bbox 2609 2564 2833 2634; x_wconf 89' lang='lat' dir='ltr'>conjici,</span> <span class='ocrx_word' id='word_1_429' title='bbox 2882 2565 3020 2633; x_wconf 89' lang='lat' dir='ltr'><strong>quia</strong></span> <span class='ocrx_word' id='word_1_430' title='bbox 3063 2562 3278 2633; x_wconf 91' lang='lat' dir='ltr'>quibus</span> <span class='ocrx_word' id='word_1_431' title='bbox 3317 2570 3522 2631; x_wconf 66' lang='lat' dir='ltr'>praeter</span> <span class='ocrx_word' id='word_1_432' title='bbox 3557 2562 3804 2618; x_wconf 90' lang='lat' dir='ltr'>modum</span> 
     </span>
    </p>
   </div>
   <div class='ocr_carea' id='block_1_58' title="bbox 2091 2650 3804 2718">
    <p class='ocr_par' dir='ltr' id='par_1_58' title="bbox 2091 2650 3804 2718">
     <span class='ocr_line' id='line_1_58' title="bbox 2091 2650 3804 2718; baseline -0.001 -11"><span class='ocrx_word' id='word_1_433' title='bbox 2091 2652 2266 2708; x_wconf 88' lang='lat' dir='ltr'>totius</span> <span class='ocrx_word' id='word_1_434' title='bbox 2296 2652 2535 2707; x_wconf 89' lang='lat' dir='ltr'>rationis</span> <span class='ocrx_word' id='word_1_435' title='bbox 2581 2653 2717 2707; x_wconf 87' lang='lat' dir='ltr'>talia</span> <span class='ocrx_word' id='word_1_436' title='bbox 2759 2653 2984 2706; x_wconf 88' lang='lat' dir='ltr'>adnexa</span> <span class='ocrx_word' id='word_1_437' title='bbox 3021 2659 3174 2718; x_wconf 89' lang='lat' dir='ltr'>sunt,</span> <span class='ocrx_word' id='word_1_438' title='bbox 3217 2650 3324 2705; x_wconf 82' lang='lat' dir='ltr'>fide</span> <span class='ocrx_word' id='word_1_439' title='bbox 3361 2658 3414 2705; x_wconf 89' lang='lat' dir='ltr'>et</span> <span class='ocrx_word' id='word_1_440' title='bbox 3466 2650 3682 2705; x_wconf 88' lang='lat' dir='ltr'>idcirco</span> <span class='ocrx_word' id='word_1_441' title='bbox 3713 2666 3804 2706; x_wconf 81' lang='lat' dir='ltr'>su-</span> 
     </span>
    </p>
   </div>
   <div class='ocr_carea' id='block_1_59' title="bbox 2092 2739 3804 2810">
    <p class='ocr_par' dir='ltr' id='par_1_59' title="bbox 2092 2739 3804 2810">
     <span class='ocr_line' id='line_1_59' title="bbox 2092 2739 3804 2810; baseline -0.001 -14"><span class='ocrx_word' id='word_1_442' title='bbox 2092 2742 2378 2810; x_wconf 88' lang='lat' dir='ltr'>sceptione</span> <span class='ocrx_word' id='word_1_443' title='bbox 2426 2741 2654 2810; x_wconf 89' lang='lat' dir='ltr'>penitus</span> <span class='ocrx_word' id='word_1_444' title='bbox 2709 2741 2948 2809; x_wconf 86' lang='lat' dir='ltr'>indigna</span> <span class='ocrx_word' id='word_1_445' title='bbox 3002 2747 3156 2795; x_wconf 93' lang='lat' dir='ltr'>sunt.</span> <span class='ocrx_word' id='word_1_446' title='bbox 3212 2741 3280 2794; x_wconf 88' lang='lat' dir='ltr'>Et</span> <span class='ocrx_word' id='word_1_447' title='bbox 3328 2747 3478 2794; x_wconf 91' lang='lat' dir='ltr'>certe</span> <span class='ocrx_word' id='word_1_448' title='bbox 3531 2739 3804 2795; x_wconf 84' lang='lat' dir='ltr'>videmus</span> 
     </span>
    </p>
   </div>
   <div class='ocr_carea' id='block_1_60' title="bbox 2093 2826 3802 2900">
    <p class='ocr_par' dir='ltr' id='par_1_60' title="bbox 2093 2826 3802 2900">
     <span class='ocr_line' id='line_1_60' title="bbox 2093 2826 3802 2900; baseline -0.002 -16"><span class='ocrx_word' id='word_1_449' title='bbox 2093 2829 2398 2900; x_wconf 90' lang='lat' dir='ltr'>gemmulis</span> <span class='ocrx_word' id='word_1_450' title='bbox 2428 2841 2494 2882; x_wconf 90' lang='lat' dir='ltr'>ac</span> <span class='ocrx_word' id='word_1_451' title='bbox 2521 2827 2779 2897; x_wconf 86' lang='lat' dir='ltr'>pernulis</span> <span class='ocrx_word' id='word_1_452' title='bbox 2810 2826 3058 2897; x_wconf 85' lang='lat' dir='ltr'>[metius,</span> <span class='ocrx_word' id='word_1_453' title='bbox 3088 2827 3321 2897; x_wconf 88' lang='lat' dir='ltr'>perulis,</span> <span class='ocrx_word' id='word_1_454' title='bbox 3353 2826 3410 2881; x_wconf 92' lang='lat' dir='ltr'>id</span> <span class='ocrx_word' id='word_1_455' title='bbox 3439 2834 3523 2882; x_wconf 92' lang='lat' dir='ltr'>est</span> <span class='ocrx_word' id='word_1_456' title='bbox 3556 2841 3802 2897; x_wconf 81' lang='lat' dir='ltr'>marga-</span> 
     </span>
    </p>
   </div>
   <div class='ocr_carea' id='block_1_61' title="bbox 291 2915 3803 2991">
    <p class='ocr_par' dir='ltr' id='par_1_61' title="bbox 291 2915 3803 2991">
     <span class='ocr_line' id='line_1_61' title="bbox 291 2915 3803 2991; baseline -0.001 -17"><span class='ocrx_word' id='word_1_457' title='bbox 291 2918 548 2988; x_wconf 90' lang='lat' dir='ltr'>tingeret.</span> <span class='ocrx_word' id='word_1_458' title='bbox 597 2918 778 2973; x_wconf 90' lang='lat' dir='ltr'>Multa</span> <span class='ocrx_word' id='word_1_459' title='bbox 819 2919 972 2974; x_wconf 91' lang='lat' dir='ltr'>enim</span> <span class='ocrx_word' id='word_1_460' title='bbox 1025 2919 1148 2974; x_wconf 87' lang='lat' dir='ltr'>fieri</span> <span class='ocrx_word' id='word_1_461' title='bbox 1202 2928 1461 2989; x_wconf 89' lang='lat' dir='ltr'>possunt,</span> <span class='ocrx_word' id='word_1_462' title='bbox 1524 2935 1638 2975; x_wconf 92' lang='lat' dir='ltr'>non</span> <span class='ocrx_word' id='word_1_463' title='bbox 1690 2928 1803 2976; x_wconf 91' lang='lat' dir='ltr'>tam</span> <span class='ocrx_word' id='word_1_464' title='bbox 1857 2921 1984 2991; x_wconf 88' lang='lat' dir='ltr'>ejus</span> <span class='ocrx_word' id='word_1_465' title='bbox 2024 2934 2063 2989; x_wconf 74' lang='grc' dir='ltr'>ο</span> <span class='ocrx_word' id='word_1_466' title='bbox 2095 2917 2235 2973; x_wconf 88' lang='lat' dir='ltr'>ritis.</span> <span class='ocrx_word' id='word_1_467' title='bbox 2287 2917 2405 2973; x_wconf 87' lang='lat' dir='ltr'>Gal.</span> <span class='ocrx_word' id='word_1_468' title='bbox 2445 2915 2654 2987; x_wconf 82' lang='lat' dir='ltr'>perles]</span> <span class='ocrx_word' id='word_1_469' title='bbox 2702 2917 3134 2986; x_wconf 86' lang='lat' dir='ltr'>peregrinorum</span> <span class='ocrx_word' id='word_1_470' title='bbox 3185 2915 3444 2969; x_wconf 85' lang='lat' dir='ltr'>littorum</span> <span class='ocrx_word' id='word_1_471' title='bbox 3497 2916 3803 2971; x_wconf 86' lang='lat' dir='ltr'>undecun-</span> 
     </span>
    </p>
   </div>
   <div class='ocr_carea' id='block_1_62' title="bbox 290 3006 1984 3079">
    <p class='ocr_par' dir='ltr' id='par_1_62' title="bbox 290 3006 1984 3079">
     <span class='ocr_line' id='line_1_62' title="bbox 290 3006 1984 3079; baseline 0.002 -18"><span class='ocrx_word' id='word_1_472' title='bbox 290 3006 512 3074; x_wconf 90' lang='lat' dir='ltr'>merito,</span> <span class='ocrx_word' id='word_1_473' title='bbox 557 3021 655 3076; x_wconf 91' lang='lat' dir='ltr'>per</span> <span class='ocrx_word' id='word_1_474' title='bbox 693 3021 864 3078; x_wconf 91' lang='lat' dir='ltr'>quem</span> <span class='ocrx_word' id='word_1_475' title='bbox 903 3016 1283 3079; x_wconf 68' lang='lat' dir='ltr'>praerogatur,</span> <span class='ocrx_word' id='word_1_476' title='bbox 1326 3022 1502 3079; x_wconf 93' lang='lat' dir='ltr'>quam</span> <span class='ocrx_word' id='word_1_477' title='bbox 1542 3009 1694 3065; x_wconf 91' lang='lat' dir='ltr'>illius</span> <span class='ocrx_word' id='word_1_478' title='bbox 1743 3009 1834 3066; x_wconf 90' lang='lat' dir='ltr'>cui</span> <span class='ocrx_word' id='word_1_479' title='bbox 1879 3010 1984 3064; x_wconf 92' lang='lat' dir='ltr'><strong>im-</strong></span> 
     </span>
    </p>
   </div>
   <div class='ocr_carea' id='block_1_63' title="bbox 291 3095 1412 3166">
    <p class='ocr_par' dir='ltr' id='par_1_63' title="bbox 291 3095 1412 3166">
     <span class='ocr_line' id='line_1_63' title="bbox 291 3095 1412 3166; baseline -0.001 -16"><span class='ocrx_word' id='word_1_480' title='bbox 291 3095 585 3166; x_wconf 88' lang='lat' dir='ltr'>penditur.</span> <span class='ocrx_word' id='word_1_481' title='bbox 1410 3114 1412 3116; x_wconf 92' lang='grc'><strong>·</strong></span> 
     </span>
    </p>
   </div>
   <div class='ocr_carea' id='block_1_64' title="bbox 361 3183 1988 3258">
    <p class='ocr_par' dir='ltr' id='par_1_64' title="bbox 361 3183 1988 3258">
     <span class='ocr_line' id='line_1_64' title="bbox 361 3183 1988 3258; baseline 0.002 -20"><span class='ocrx_word' id='word_1_482' title='bbox 361 3189 509 3238; x_wconf 75' lang='lat'>358</span> <span class='ocrx_word' id='word_1_483' title='bbox 567 3186 594 3251; x_wconf 87' lang='lat'>§</span> <span class='ocrx_word' id='word_1_484' title='bbox 622 3185 722 3239; x_wconf 93' lang='lat' dir='ltr'>III.</span> <span class='ocrx_word' id='word_1_485' title='bbox 760 3186 831 3238; x_wconf 89' lang='lat' dir='ltr'>In</span> <span class='ocrx_word' id='word_1_486' title='bbox 860 3183 1110 3240; x_wconf 77' lang='lat' dir='ltr'>Lunensi</span> <span class='ocrx_word' id='word_1_487' title='bbox 1136 3185 1272 3240; x_wconf 85' lang='lat' dir='ltr'>urbe</span> <span class='ocrx_word' id='word_1_488' title='bbox 1310 3203 1457 3258; x_wconf 86' lang='lat' dir='ltr'>puer</span> <span class='ocrx_word' id='word_1_489' title='bbox 1491 3185 1723 3242; x_wconf 80' lang='lat' dir='ltr'>nuntiat</span> <span class='ocrx_word' id='word_1_490' title='bbox 1759 3187 1988 3258; x_wconf 78' lang='lat' dir='ltr'>piratas</span> 
     </span>
    </p>
   </div>
   <div class='ocr_carea' id='block_1_65' title="bbox 289 3272 1985 3348">
    <p class='ocr_par' dir='ltr' id='par_1_65' title="bbox 289 3272 1985 3348">
     <span class='ocr_line' id='line_1_65' title="bbox 289 3272 1985 3348; baseline 0.002 -20"><span class='ocrx_word' id='word_1_491' title='bbox 289 3273 490 3328; x_wconf 84' lang='lat' dir='ltr'>adesse</span> <span class='ocrx_word' id='word_1_492' title='bbox 507 3272 568 3327; x_wconf 90' lang='lat' dir='ltr'>in</span> <span class='ocrx_word' id='word_1_493' title='bbox 584 3275 760 3345; x_wconf 84' lang='lat' dir='ltr'>portu</span> <span class='ocrx_word' id='word_1_494' title='bbox 772 3273 908 3328; x_wconf 85' lang='lat' dir='ltr'>dum</span> <span class='ocrx_word' id='word_1_495' title='bbox 927 3273 1134 3346; x_wconf 73' lang='lat' dir='ltr'>vigiliae</span> <span class='ocrx_word' id='word_1_496' title='bbox 1155 3275 1395 3331; x_wconf 92' lang='lat' dir='ltr'>Natalis</span> <span class='ocrx_word' id='word_1_497' title='bbox 1414 3276 1646 3331; x_wconf 87' lang='lat' dir='ltr'>Domini</span> <span class='ocrx_word' id='word_1_498' title='bbox 1657 3280 1985 3348; x_wconf 78' lang='lat' dir='ltr'>agerentur.</span> 
     </span>
    </p>
   </div>
   <div class='ocr_carea' id='block_1_66' title="bbox 290 3361 1989 3432">
    <p class='ocr_par' dir='ltr' id='par_1_66' title="bbox 290 3361 1989 3432">
     <span class='ocr_line' id='line_1_66' title="bbox 290 3361 1989 3432; baseline 0.003 -16"><span class='ocrx_word' id='word_1_499' title='bbox 290 3361 427 3430; x_wconf 85' lang='lat' dir='ltr'>(Isa.</span> <span class='ocrx_word' id='word_1_500' title='bbox 460 3376 555 3430; x_wconf 78' lang='lat' dir='ltr'>XL,</span> <span class='ocrx_word' id='word_1_501' title='bbox 598 3363 672 3432; x_wconf 83' lang='lat' dir='ltr'>l).</span> <span class='ocrx_word' id='word_1_502' title='bbox 707 3393 773 3402; x_wconf 98' lang='lat'>—</span> <span class='ocrx_word' id='word_1_503' title='bbox 803 3362 965 3429; x_wconf 86' lang='lat' dir='ltr'>Quod</span> <span class='ocrx_word' id='word_1_504' title='bbox 1009 3364 1066 3418; x_wconf 93' lang='lat' dir='ltr'>in</span> <span class='ocrx_word' id='word_1_505' title='bbox 1104 3364 1356 3420; x_wconf 91' lang='lat' dir='ltr'>Lunensi</span> <span class='ocrx_word' id='word_1_506' title='bbox 1402 3365 1548 3420; x_wconf 91' lang='lat' dir='ltr'>urbe</span> <span class='ocrx_word' id='word_1_507' title='bbox 1582 3368 1687 3432; x_wconf 84' lang='lat'>(30)</span> <span class='ocrx_word' id='word_1_508' title='bbox 1725 3372 1856 3420; x_wconf 87' lang='lat' dir='ltr'>ante</span> <span class='ocrx_word' id='word_1_509' title='bbox 1885 3380 1989 3421; x_wconf 90' lang='lat' dir='ltr'>an-</span> 
     </span>
    </p>
   </div>
   <div class='ocr_carea' id='block_1_67' title="bbox 289 3449 1990 3524">
    <p class='ocr_par' dir='ltr' id='par_1_67' title="bbox 289 3449 1990 3524">
     <span class='ocr_line' id='line_1_67' title="bbox 289 3449 1990 3524; baseline 0.002 -19"><span class='ocrx_word' id='word_1_510' title='bbox 289 3465 394 3506; x_wconf 92' lang='lat' dir='ltr'>nos</span> <span class='ocrx_word' id='word_1_511' title='bbox 414 3449 633 3520; x_wconf 91' lang='lat' dir='ltr'>aliquot</span> <span class='ocrx_word' id='word_1_512' title='bbox 659 3451 962 3521; x_wconf 89' lang='lat' dir='ltr'>contigisse</span> <span class='ocrx_word' id='word_1_513' title='bbox 994 3450 1370 3522; x_wconf 87' lang='lat' dir='ltr'>dignoscitur.</span> <span class='ocrx_word' id='word_1_514' title='bbox 1396 3453 1620 3524; x_wconf 69' lang='lat' dir='ltr'>Vigilize</span> <span class='ocrx_word' id='word_1_515' title='bbox 1641 3453 1858 3509; x_wconf 86' lang='lat' dir='ltr'>Natalis</span> <span class='ocrx_word' id='word_1_516' title='bbox 1891 3455 1990 3509; x_wconf 89' lang='lat' dir='ltr'>Do-</span> 
     </span>
    </p>
   </div>
   <div class='ocr_carea' id='block_1_68' title="bbox 290 3528 1990 3612">
    <p class='ocr_par' dir='ltr' id='par_1_68' title="bbox 290 3528 1990 3612">
     <span class='ocr_line' id='line_1_68' title="bbox 290 3528 1990 3612; baseline 0.002 -18"><span class='ocrx_word' id='word_1_517' title='bbox 290 3539 430 3594; x_wconf 91' lang='lat' dir='ltr'>mini</span> <span class='ocrx_word' id='word_1_518' title='bbox 459 3553 493 3594; x_wconf 91' lang='lat' dir='ltr'>a</span> <span class='ocrx_word' id='word_1_519' title='bbox 520 3538 664 3594; x_wconf 87' lang='lat' dir='ltr'>fideli</span> <span class='ocrx_word' id='word_1_520' title='bbox 688 3539 898 3608; x_wconf 92' lang='lat' dir='ltr'>populo</span> <span class='ocrx_word' id='word_1_521' title='bbox 930 3539 1067 3594; x_wconf 91' lang='lat' dir='ltr'><strong>inibi</strong></span> <span class='ocrx_word' id='word_1_522' title='bbox 1102 3541 1448 3610; x_wconf 90' lang='lat' dir='ltr'>agebantur.</span> <span class='ocrx_word' id='word_1_523' title='bbox 1485 3542 1716 3597; x_wconf 90' lang='lat' dir='ltr'>Interim</span> <span class='ocrx_word' id='word_1_524' title='bbox 1750 3528 1990 3612; x_wconf 89' lang='lat' dir='ltr'>piratica</span> 
     </span>
    </p>
   </div>
   <div class='ocr_carea' id='block_1_69' title="bbox 292 3627 1986 3700">
    <p class='ocr_par' dir='ltr' id='par_1_69' title="bbox 292 3627 1986 3700">
     <span class='ocr_line' id='line_1_69' title="bbox 292 3627 1986 3700; baseline 0.003 -17"><span class='ocrx_word' id='word_1_525' title='bbox 292 3627 489 3684; x_wconf 89' lang='lat' dir='ltr'>classis</span> <span class='ocrx_word' id='word_1_526' title='bbox 551 3628 739 3698; x_wconf 87' lang='lat' dir='ltr'>portui</span> <span class='ocrx_word' id='word_1_527' title='bbox 805 3628 1315 3698; x_wconf 89' lang='lat' dir='ltr'>allabebatur,qui</span> <span class='ocrx_word' id='word_1_528' title='bbox 1377 3630 1700 3700; x_wconf 88' lang='lat' dir='ltr'>appellatur</span> <span class='ocrx_word' id='word_1_529' title='bbox 1732 3632 1986 3700; x_wconf 89' lang='lat' dir='ltr'>Veneris,</span> 
     </span>
    </p>
   </div>
   <div class='ocr_carea' id='block_1_70' title="bbox 292 3716 1991 3786">
    <p class='ocr_par' dir='ltr' id='par_1_70' title="bbox 292 3716 1991 3786">
     <span class='ocr_line' id='line_1_70' title="bbox 292 3716 1991 3786; baseline 0.002 -13"><span class='ocrx_word' id='word_1_530' title='bbox 292 3717 496 3773; x_wconf 90' lang='lat' dir='ltr'>urbem</span> <span class='ocrx_word' id='word_1_531' title='bbox 526 3716 945 3786; x_wconf 88' lang='lat' dir='ltr'>depopulatura</span> <span class='ocrx_word' id='word_1_532' title='bbox 975 3719 1285 3786; x_wconf 91' lang='lat' dir='ltr'>repentinis</span> <span class='ocrx_word' id='word_1_533' title='bbox 1319 3719 1666 3786; x_wconf 90' lang='lat' dir='ltr'>incursibus,</span> <span class='ocrx_word' id='word_1_534' title='bbox 1714 3720 1851 3775; x_wconf 91' lang='lat' dir='ltr'>dum</span> <span class='ocrx_word' id='word_1_535' title='bbox 1903 3736 1991 3778; x_wconf 92' lang='lat' dir='ltr'>res</span> 
     </span>
    </p>
   </div>
   <div class='ocr_carea' id='block_1_71' title="bbox 295 3805 1987 3880">
    <p class='ocr_par' dir='ltr' id='par_1_71' title="bbox 295 3805 1987 3880">
     <span class='ocr_line' id='line_1_71' title="bbox 295 3805 1987 3880; baseline 0.004 -22"><span class='ocrx_word' id='word_1_536' title='bbox 295 3813 466 3860; x_wconf 91' lang='lat' dir='ltr'>noctu</span> <span class='ocrx_word' id='word_1_537' title='bbox 498 3805 696 3859; x_wconf 91' lang='lat' dir='ltr'>divina</span> <span class='ocrx_word' id='word_1_538' title='bbox 741 3805 1118 3874; x_wconf 90' lang='lat' dir='ltr'>protenditur.</span> <span class='ocrx_word' id='word_1_539' title='bbox 1163 3807 1384 3862; x_wconf 89' lang='lat' dir='ltr'>Interea</span> <span class='ocrx_word' id='word_1_540' title='bbox 1433 3807 1571 3863; x_wconf 91' lang='lat' dir='ltr'>dum</span> <span class='ocrx_word' id='word_1_541' title='bbox 1610 3808 1796 3864; x_wconf 86' lang='lat' dir='ltr'>citatis</span> <span class='ocrx_word' id='word_1_542' title='bbox 1832 3824 1987 3880; x_wconf 82' lang='lat' dir='ltr'>myo-</span> 
     </span>
    </p>
   </div>
   <div class='ocr_carea' id='block_1_72' title="bbox 295 3892 1992 3963">
    <p class='ocr_par' dir='ltr' id='par_1_72' title="bbox 295 3892 1992 3963">
     <span class='ocr_line' id='line_1_72' title="bbox 295 3892 1992 3963; baseline 0.004 -16"><span class='ocrx_word' id='word_1_543' title='bbox 295 3892 607 3961; x_wconf 90' lang='lat' dir='ltr'>paronibus</span> <span class='ocrx_word' id='word_1_544' title='bbox 632 3893 909 3948; x_wconf 83' lang='lat' dir='ltr'>vadosum</span> <span class='ocrx_word' id='word_1_545' title='bbox 943 3904 1368 3963; x_wconf 76' lang='lat' dir='ltr'>praeproperam</span> <span class='ocrx_word' id='word_1_546' title='bbox 1398 3896 1655 3951; x_wconf 90' lang='lat' dir='ltr'>scindere</span> <span class='ocrx_word' id='word_1_547' title='bbox 1683 3905 1866 3953; x_wconf 91' lang='lat' dir='ltr'>rostra</span> <span class='ocrx_word' id='word_1_548' title='bbox 1895 3913 1992 3954; x_wconf 90' lang='lat' dir='ltr'>sa-</span> 
     </span>
    </p>
   </div>
   <div class='ocr_carea' id='block_1_73' title="bbox 296 3979 1991 4052">
    <p class='ocr_par' dir='ltr' id='par_1_73' title="bbox 296 3979 1991 4052">
     <span class='ocr_line' id='line_1_73' title="bbox 296 3979 1991 4052; baseline 0.004 -16"><span class='ocrx_word' id='word_1_549' title='bbox 296 3981 439 4044; x_wconf 87' lang='lat' dir='ltr'>lum,</span> <span class='ocrx_word' id='word_1_550' title='bbox 457 3981 516 4035; x_wconf 94' lang='lat' dir='ltr'>in</span> <span class='ocrx_word' id='word_1_551' title='bbox 545 3979 781 4036; x_wconf 90' lang='lat' dir='ltr'>ecclesia</span> <span class='ocrx_word' id='word_1_552' title='bbox 802 3981 1114 4036; x_wconf 80' lang='lat' dir='ltr'>cathedrali</span> <span class='ocrx_word' id='word_1_553' title='bbox 1138 3996 1283 4050; x_wconf 90' lang='lat' dir='ltr'>puer</span> <span class='ocrx_word' id='word_1_554' title='bbox 1315 3983 1556 4052; x_wconf 90' lang='lat' dir='ltr'>primam</span> <span class='ocrx_word' id='word_1_555' title='bbox 1579 3985 1768 4041; x_wconf 89' lang='lat' dir='ltr'>nescio</span> <span class='ocrx_word' id='word_1_556' title='bbox 1799 4001 1872 4041; x_wconf 92' lang='lat' dir='ltr'>an</span> <span class='ocrx_word' id='word_1_557' title='bbox 1898 4001 1991 4043; x_wconf 92' lang='lat' dir='ltr'>se-</span> 
     </span>
    </p>
   </div>
   <div class='ocr_carea' id='block_1_74' title="bbox 297 4067 1993 4139">
    <p class='ocr_par' dir='ltr' id='par_1_74' title="bbox 297 4067 1993 4139">
     <span class='ocr_line' id='line_1_74' title="bbox 297 4067 1993 4139; baseline 0.002 -16"><span class='ocrx_word' id='word_1_558' title='bbox 297 4069 546 4124; x_wconf 89' lang='lat' dir='ltr'>cundam</span> <span class='ocrx_word' id='word_1_559' title='bbox 581 4069 748 4138; x_wconf 91' lang='lat' dir='ltr'>primi</span> <span class='ocrx_word' id='word_1_560' title='bbox 779 4068 1047 4123; x_wconf 88' lang='lat' dir='ltr'>nocturni</span> <span class='ocrx_word' id='word_1_561' title='bbox 1079 4067 1376 4124; x_wconf 87' lang='lat' dir='ltr'>lectionem</span> <span class='ocrx_word' id='word_1_562' title='bbox 1418 4070 1708 4139; x_wconf 91' lang='lat' dir='ltr'>pulpitum</span> <span class='ocrx_word' id='word_1_563' title='bbox 1739 4072 1993 4127; x_wconf 90' lang='lat' dir='ltr'>lecturus</span> 
     </span>
    </p>
   </div>
   <div class='ocr_carea' id='block_1_75' title="bbox 297 4156 1996 4227">
    <p class='ocr_par' dir='ltr' id='par_1_75' title="bbox 297 4156 1996 4227">
     <span class='ocr_line' id='line_1_75' title="bbox 297 4156 1996 4227; baseline 0.001 -14"><span class='ocrx_word' id='word_1_564' title='bbox 297 4157 570 4213; x_wconf 89' lang='lat' dir='ltr'>ascendit.</span> <span class='ocrx_word' id='word_1_565' title='bbox 615 4156 878 4226; x_wconf 90' lang='lat' dir='ltr'>Cumque</span> <span class='ocrx_word' id='word_1_566' title='bbox 924 4157 1315 4213; x_wconf 89' lang='lat' dir='ltr'>benedictione</span> <span class='ocrx_word' id='word_1_567' title='bbox 1363 4166 1628 4227; x_wconf 89' lang='lat' dir='ltr'>suscepta</span> <span class='ocrx_word' id='word_1_568' title='bbox 1670 4159 1996 4215; x_wconf 88' lang='lat' dir='ltr'>adoriretur</span> 
     </span>
    </p>
   </div>
   <div class='ocr_carea' id='block_1_76' title="bbox 2094 3002 3800 3078">
    <p class='ocr_par' dir='ltr' id='par_1_76' title="bbox 2094 3002 3800 3078">
     <span class='ocr_line' id='line_1_76' title="bbox 2094 3002 3800 3078; baseline -0.002 -16"><span class='ocrx_word' id='word_1_569' title='bbox 2094 3022 2210 3078; x_wconf 92' lang='lat' dir='ltr'>que</span> <span class='ocrx_word' id='word_1_570' title='bbox 2239 3013 2530 3071; x_wconf 90' lang='lat' dir='ltr'>ornatum,</span> <span class='ocrx_word' id='word_1_571' title='bbox 2571 3019 2641 3060; x_wconf 93' lang='lat' dir='ltr'>ex</span> <span class='ocrx_word' id='word_1_572' title='bbox 2685 3004 3031 3074; x_wconf 90' lang='lat' dir='ltr'>antiquitate</span> <span class='ocrx_word' id='word_1_573' title='bbox 3073 3004 3258 3059; x_wconf 88' lang='lat' dir='ltr'>dentis</span> <span class='ocrx_word' id='word_1_574' title='bbox 3301 3002 3641 3059; x_wconf 90' lang='lat' dir='ltr'>memoriam</span> <span class='ocrx_word' id='word_1_575' title='bbox 3685 3019 3800 3059; x_wconf 92' lang='lat' dir='ltr'>non</span> 
     </span>
    </p>
   </div>
   <div class='ocr_carea' id='block_1_77' title="bbox 2093 3092 3800 3162">
    <p class='ocr_par' dir='ltr' id='par_1_77' title="bbox 2093 3092 3800 3162">
     <span class='ocr_line' id='line_1_77' title="bbox 2093 3092 3800 3162; baseline -0.001 -12"><span class='ocrx_word' id='word_1_576' title='bbox 2093 3097 2319 3150; x_wconf 89' lang='lat' dir='ltr'>dentem</span> <span class='ocrx_word' id='word_1_577' title='bbox 2367 3108 2488 3149; x_wconf 90' lang='lat' dir='ltr'>esse</span> <span class='ocrx_word' id='word_1_578' title='bbox 2541 3093 2851 3148; x_wconf 89' lang='lat' dir='ltr'>traditione</span> <span class='ocrx_word' id='word_1_579' title='bbox 2919 3101 3275 3162; x_wconf 89' lang='lat' dir='ltr'>susceptum,</span> <span class='ocrx_word' id='word_1_580' title='bbox 3329 3099 3384 3147; x_wconf 91' lang='lat' dir='ltr'>et</span> <span class='ocrx_word' id='word_1_581' title='bbox 3441 3092 3585 3161; x_wconf 90' lang='lat' dir='ltr'>quid</span> <span class='ocrx_word' id='word_1_582' title='bbox 3648 3093 3800 3148; x_wconf 88' lang='lat' dir='ltr'>intra</span> 
     </span>
    </p>
   </div>
   <div class='ocr_carea' id='block_1_78' title="bbox 2094 3180 3796 3250">
    <p class='ocr_par' dir='ltr' id='par_1_78' title="bbox 2094 3180 3796 3250">
     <span class='ocr_line' id='line_1_78' title="bbox 2094 3180 3796 3250; baseline 0.001 -15"><span class='ocrx_word' id='word_1_583' title='bbox 2094 3181 2241 3236; x_wconf 91' lang='lat' dir='ltr'>idem</span> <span class='ocrx_word' id='word_1_584' title='bbox 2273 3180 2692 3250; x_wconf 84' lang='lat' dir='ltr'>phylacterium</span> <span class='ocrx_word' id='word_1_585' title='bbox 2733 3181 2905 3235; x_wconf 89' lang='lat' dir='ltr'>lateat</span> <span class='ocrx_word' id='word_1_586' title='bbox 2953 3195 3066 3235; x_wconf 91' lang='lat' dir='ltr'>non</span> <span class='ocrx_word' id='word_1_587' title='bbox 3105 3180 3494 3248; x_wconf 88' lang='lat' dir='ltr'>experimento</span> <span class='ocrx_word' id='word_1_588' title='bbox 3536 3194 3796 3250; x_wconf 68' lang='lat' dir='ltr'>praesen-</span> 
     </span>
    </p>
   </div>
   <div class='ocr_carea' id='block_1_79' title="bbox 2093 3268 3789 3339">
    <p class='ocr_par' dir='ltr' id='par_1_79' title="bbox 2093 3268 3789 3339">
     <span class='ocr_line' id='line_1_79' title="bbox 2093 3268 3789 3339; baseline -0.001 -13"><span class='ocrx_word' id='word_1_589' title='bbox 2093 3269 2259 3336; x_wconf 91' lang='lat' dir='ltr'>tium,</span> <span class='ocrx_word' id='word_1_590' title='bbox 2311 3270 2408 3324; x_wconf 91' lang='lat' dir='ltr'>sed</span> <span class='ocrx_word' id='word_1_591' title='bbox 2455 3268 2561 3324; x_wconf 89' lang='lat' dir='ltr'>sibi</span> <span class='ocrx_word' id='word_1_592' title='bbox 2611 3269 3038 3325; x_wconf 89' lang='lat' dir='ltr'>succedentium</span> <span class='ocrx_word' id='word_1_593' title='bbox 3087 3269 3206 3324; x_wconf 91' lang='lat' dir='ltr'>sola</span> <span class='ocrx_word' id='word_1_594' title='bbox 3258 3270 3477 3324; x_wconf 89' lang='lat' dir='ltr'>ratione</span> <span class='ocrx_word' id='word_1_595' title='bbox 3535 3271 3789 3339; x_wconf 88' lang='lat' dir='ltr'>probari.</span> 
     </span>
    </p>
   </div>
   <div class='ocr_carea' id='block_1_80' title="bbox 2095 3357 3790 3428">
    <p class='ocr_par' dir='ltr' id='par_1_80' title="bbox 2095 3357 3790 3428">
     <span class='ocr_line' id='line_1_80' title="bbox 2095 3357 3790 3428; baseline 0 -13"><span class='ocrx_word' id='word_1_596' title='bbox 2095 3357 2460 3415; x_wconf 84' lang='lat' dir='ltr'>Venerantur</span> <span class='ocrx_word' id='word_1_597' title='bbox 2504 3371 2640 3428; x_wconf 90' lang='lat' dir='ltr'>ergo</span> <span class='ocrx_word' id='word_1_598' title='bbox 2694 3357 2801 3426; x_wconf 91' lang='lat' dir='ltr'>ipsi</span> <span class='ocrx_word' id='word_1_599' title='bbox 2855 3358 3120 3412; x_wconf 81' lang='lat' dir='ltr'>bifariam</span> <span class='ocrx_word' id='word_1_600' title='bbox 3169 3357 3268 3414; x_wconf 87' lang='lat' dir='ltr'>illa</span> <span class='ocrx_word' id='word_1_601' title='bbox 3317 3373 3447 3426; x_wconf 68' lang='lat' dir='ltr'>quae</span> <span class='ocrx_word' id='word_1_602' title='bbox 3501 3360 3790 3428; x_wconf 90' lang='lat' dir='ltr'>nesciunt,</span> 
     </span>
    </p>
   </div>
   <div class='ocr_carea' id='block_1_81' title="bbox 2096 3445 3794 3517">
    <p class='ocr_par' dir='ltr' id='par_1_81' title="bbox 2096 3445 3794 3517">
     <span class='ocr_line' id='line_1_81' title="bbox 2096 3445 3794 3517; baseline 0.001 -15"><span class='ocrx_word' id='word_1_603' title='bbox 2096 3446 2235 3502; x_wconf 92' lang='lat' dir='ltr'>dum</span> <span class='ocrx_word' id='word_1_604' title='bbox 2289 3460 2385 3501; x_wconf 92' lang='lat' dir='ltr'>eos</span> <span class='ocrx_word' id='word_1_605' title='bbox 2434 3459 2666 3514; x_wconf 91' lang='lat' dir='ltr'>prorsus</span> <span class='ocrx_word' id='word_1_606' title='bbox 2724 3446 2858 3501; x_wconf 87' lang='lat' dir='ltr'>latet</span> <span class='ocrx_word' id='word_1_607' title='bbox 2917 3445 3073 3515; x_wconf 90' lang='lat' dir='ltr'>quod</span> <span class='ocrx_word' id='word_1_608' title='bbox 3128 3459 3272 3501; x_wconf 90' lang='lat' dir='ltr'>auro</span> <span class='ocrx_word' id='word_1_609' title='bbox 3328 3445 3423 3500; x_wconf 93' lang='lat' dir='ltr'>illo</span> <span class='ocrx_word' id='word_1_610' title='bbox 3482 3461 3549 3502; x_wconf 89' lang='lat' dir='ltr'>ac</span> <span class='ocrx_word' id='word_1_611' title='bbox 3609 3447 3794 3517; x_wconf 76' lang='lat' dir='ltr'>lapide</span> 
     </span>
    </p>
   </div>
   <div class='ocr_carea' id='block_1_82' title="bbox 2097 3534 3794 3608">
    <p class='ocr_par' dir='ltr' id='par_1_82' title="bbox 2097 3534 3794 3608">
     <span class='ocr_line' id='line_1_82' title="bbox 2097 3534 3794 3608; baseline 0.001 -17"><span class='ocrx_word' id='word_1_612' title='bbox 2097 3535 2409 3600; x_wconf 87' lang='lat' dir='ltr'>clauditur,</span> <span class='ocrx_word' id='word_1_613' title='bbox 2455 3541 2508 3590; x_wconf 91' lang='lat' dir='ltr'>et</span> <span class='ocrx_word' id='word_1_614' title='bbox 2567 3534 2726 3589; x_wconf 91' lang='lat' dir='ltr'>nullo</span> <span class='ocrx_word' id='word_1_615' title='bbox 2778 3535 2943 3590; x_wconf 90' lang='lat' dir='ltr'>modo</span> <span class='ocrx_word' id='word_1_616' title='bbox 2994 3542 3257 3590; x_wconf 89' lang='lat' dir='ltr'>constare</span> <span class='ocrx_word' id='word_1_617' title='bbox 3308 3535 3585 3604; x_wconf 84' lang='lat' dir='ltr'>praevalet</span> <span class='ocrx_word' id='word_1_618' title='bbox 3637 3537 3794 3608; x_wconf 92' lang='lat' dir='ltr'>quod</span> 
     </span>
    </p>
   </div>
   <div class='ocr_carea' id='block_1_83' title="bbox 2096 3624 3010 3693">
    <p class='ocr_par' dir='ltr' id='par_1_83' title="bbox 2096 3624 3010 3693">
     <span class='ocr_line' id='line_1_83' title="bbox 2096 3624 3010 3693; baseline -0.003 -14"><span class='ocrx_word' id='word_1_619' title='bbox 2096 3624 2384 3679; x_wconf 90' lang='lat' dir='ltr'>continere</span> <span class='ocrx_word' id='word_1_620' title='bbox 2418 3624 2577 3678; x_wconf 90' lang='lat' dir='ltr'>theca</span> <span class='ocrx_word' id='word_1_621' title='bbox 2612 3624 2733 3693; x_wconf 89' lang='lat' dir='ltr'>ipsa</span> <span class='ocrx_word' id='word_1_622' title='bbox 2753 3631 3010 3692; x_wconf 89' lang='lat' dir='ltr'>putatur.</span> 
     </span>
    </p>
   </div>
   <div class='ocr_carea' id='block_1_84' title="bbox 2167 3711 3795 3784">
    <p class='ocr_par' dir='ltr' id='par_1_84' title="bbox 2167 3711 3795 3784">
     <span class='ocr_line' id='line_1_84' title="bbox 2167 3711 3795 3784; baseline 0 -16"><span class='ocrx_word' id='word_1_623' title='bbox 2167 3715 2193 3779; x_wconf 87' lang='lat'><strong>§</strong></span> <span class='ocrx_word' id='word_1_624' title='bbox 2235 3713 2301 3769; x_wconf 89' lang='lat' dir='ltr'>V.</span> <span class='ocrx_word' id='word_1_625' title='bbox 2348 3712 2568 3766; x_wconf 87' lang='lat' dir='ltr'>Nullas</span> <span class='ocrx_word' id='word_1_626' title='bbox 2606 3712 2867 3781; x_wconf 84' lang='lat' dir='ltr'>corporis</span> <span class='ocrx_word' id='word_1_627' title='bbox 2915 3711 3058 3766; x_wconf 89' lang='lat' dir='ltr'>Filii</span> <span class='ocrx_word' id='word_1_628' title='bbox 3106 3711 3199 3766; x_wconf 87' lang='lat' dir='ltr'>sui</span> <span class='ocrx_word' id='word_1_629' title='bbox 3235 3711 3514 3784; x_wconf 83' lang='lat' dir='ltr'>reliquias</span> <span class='ocrx_word' id='word_1_630' title='bbox 3549 3714 3795 3784; x_wconf 74' lang='lat' dir='ltr'>posteris</span> 
     </span>
    </p>
   </div>
   <div class='ocr_carea' id='block_1_85' title="bbox 2095 3801 3794 3874">
    <p class='ocr_par' dir='ltr' id='par_1_85' title="bbox 2095 3801 3794 3874">
     <span class='ocr_line' id='line_1_85' title="bbox 2095 3801 3794 3874; baseline 0.002 -19"><span class='ocrx_word' id='word_1_631' title='bbox 2095 3801 2446 3856; x_wconf 79' lang='lat' dir='ltr'>conservavit</span> <span class='ocrx_word' id='word_1_632' title='bbox 2477 3802 2542 3854; x_wconf 88' lang='grc' dir='ltr'>Β.</span> <span class='ocrx_word' id='word_1_633' title='bbox 2577 3801 2769 3872; x_wconf 84' lang='lat' dir='ltr'>Virgo.</span> <span class='ocrx_word' id='word_1_634' title='bbox 2811 3832 2877 3840; x_wconf 95' lang='lat'><strong>—</strong></span> <span class='ocrx_word' id='word_1_635' title='bbox 2907 3801 3095 3856; x_wconf 82' lang='lat' dir='ltr'>Matri</span> <span class='ocrx_word' id='word_1_636' title='bbox 3133 3817 3253 3856; x_wconf 59' lang='lat' dir='ltr'>sua</span> <span class='ocrx_word' id='word_1_637' title='bbox 3294 3803 3565 3858; x_wconf 73' lang='lat' dir='ltr'>Salvator</span> <span class='ocrx_word' id='word_1_638' title='bbox 3603 3805 3794 3874; x_wconf 79' lang='lat' dir='ltr'>primo</span> 
     </span>
    </p>
   </div>
   <div class='ocr_carea' id='block_1_86' title="bbox 2097 3889 3790 3962">
    <p class='ocr_par' dir='ltr' id='par_1_86' title="bbox 2097 3889 3790 3962">
     <span class='ocr_line' id='line_1_86' title="bbox 2097 3889 3790 3962; baseline 0.001 -19"><span class='ocrx_word' id='word_1_639' title='bbox 2097 3905 2209 3943; x_wconf 89' lang='lat' dir='ltr'>non</span> <span class='ocrx_word' id='word_1_640' title='bbox 2229 3893 2497 3960; x_wconf 86' lang='lat' dir='ltr'>apparet,</span> <span class='ocrx_word' id='word_1_641' title='bbox 2527 3889 2662 3960; x_wconf 89' lang='lat' dir='ltr'>quia</span> <span class='ocrx_word' id='word_1_642' title='bbox 2691 3894 2840 3944; x_wconf 87' lang='lat' dir='ltr'>certo</span> <span class='ocrx_word' id='word_1_643' title='bbox 2868 3891 3337 3945; x_wconf 80' lang='lat' dir='ltr'>resurrectionem</span> <span class='ocrx_word' id='word_1_644' title='bbox 3381 3890 3511 3962; x_wconf 82' lang='lat' dir='ltr'>ipsa</span> <span class='ocrx_word' id='word_1_645' title='bbox 3541 3893 3790 3948; x_wconf 83' lang='lat' dir='ltr'>tenebat.</span> 
     </span>
    </p>
   </div>
   <div class='ocr_carea' id='block_1_87' title="bbox 2100 3978 3793 4050">
    <p class='ocr_par' dir='ltr' id='par_1_87' title="bbox 2100 3978 3793 4050">
     <span class='ocr_line' id='line_1_87' title="bbox 2100 3978 3793 4050; baseline 0.003 -18"><span class='ocrx_word' id='word_1_646' title='bbox 2100 4009 2168 4018; x_wconf 94' lang='lat'>—</span> <span class='ocrx_word' id='word_1_647' title='bbox 2214 3979 2602 4048; x_wconf 91' lang='lat' dir='ltr'>Imputabitur</span> <span class='ocrx_word' id='word_1_648' title='bbox 2644 3979 2840 4047; x_wconf 88' lang='lat' dir='ltr'>itaque</span> <span class='ocrx_word' id='word_1_649' title='bbox 2870 3978 3096 4048; x_wconf 47' lang='lat' dir='ltr'>,Mariaa,</span> <span class='ocrx_word' id='word_1_650' title='bbox 3140 3980 3292 4049; x_wconf 91' lang='lat' dir='ltr'>quod</span> <span class='ocrx_word' id='word_1_651' title='bbox 3325 3995 3456 4049; x_wconf 67' lang='lat' dir='ltr'>quae</span> <span class='ocrx_word' id='word_1_652' title='bbox 3487 3981 3640 4050; x_wconf 85' lang='lat' dir='ltr'>apud</span> <span class='ocrx_word' id='word_1_653' title='bbox 3673 3982 3793 4037; x_wconf 92' lang='lat' dir='ltr'>illos</span> 
     </span>
    </p>
   </div>
   <div class='ocr_carea' id='block_1_88' title="bbox 2102 4067 3788 4139">
    <p class='ocr_par' dir='ltr' id='par_1_88' title="bbox 2102 4067 3788 4139">
     <span class='ocr_line' id='line_1_88' title="bbox 2102 4067 3788 4139; baseline 0.001 -17"><span class='ocrx_word' id='word_1_654' title='bbox 2102 4068 2297 4123; x_wconf 88' lang='lat' dir='ltr'>haberi</span> <span class='ocrx_word' id='word_1_655' title='bbox 2331 4067 2626 4134; x_wconf 90' lang='lat' dir='ltr'>dicuntur,</span> <span class='ocrx_word' id='word_1_656' title='bbox 2682 4068 2802 4122; x_wconf 89' lang='lat' dir='ltr'>sola</span> <span class='ocrx_word' id='word_1_657' title='bbox 2860 4082 3092 4123; x_wconf 90' lang='lat' dir='ltr'>servare</span> <span class='ocrx_word' id='word_1_658' title='bbox 3139 4068 3424 4137; x_wconf 89' lang='lat' dir='ltr'>potuerit?</span> <span class='ocrx_word' id='word_1_659' title='bbox 3454 4069 3608 4139; x_wconf 91' lang='lat' dir='ltr'>Ergo</span> <span class='ocrx_word' id='word_1_660' title='bbox 3645 4085 3788 4126; x_wconf 88' lang='lat' dir='ltr'>eam.</span> 
     </span>
    </p>
   </div>
   <div class='ocr_carea' id='block_1_89' title="bbox 2101 4157 3791 4229">
    <p class='ocr_par' dir='ltr' id='par_1_89' title="bbox 2101 4157 3791 4229">
     <span class='ocr_line' id='line_1_89' title="bbox 2101 4157 3791 4229; baseline 0.002 -18"><span class='ocrx_word' id='word_1_661' title='bbox 2101 4171 2232 4225; x_wconf 71' lang='lat' dir='ltr'>quae</span> <span class='ocrx_word' id='word_1_662' title='bbox 2265 4169 2336 4211; x_wconf 90' lang='lat' dir='ltr'>ex</span> <span class='ocrx_word' id='word_1_663' title='bbox 2368 4157 2481 4212; x_wconf 90' lang='lat' dir='ltr'>Deo</span> <span class='ocrx_word' id='word_1_664' title='bbox 2523 4170 2698 4226; x_wconf 89' lang='lat' dir='ltr'>supra</span> <span class='ocrx_word' id='word_1_665' title='bbox 2729 4171 2955 4211; x_wconf 91' lang='lat' dir='ltr'>omnem</span> <span class='ocrx_word' id='word_1_666' title='bbox 2995 4157 3313 4227; x_wconf 90' lang='lat' dir='ltr'>angelicam</span> <span class='ocrx_word' id='word_1_667' title='bbox 3363 4158 3791 4229; x_wconf 85' lang='lat' dir='ltr'>humanamque</span> 
     </span>
    </p>
   </div>
   <div class='ocr_carea' id='block_1_90' title="bbox 296 4233 3792 4317">
    <p class='ocr_par' dir='ltr' id='par_1_90' title="bbox 296 4233 3792 4317">
     <span class='ocr_line' id='line_1_90' title="bbox 296 4233 3792 4317; baseline 0.001 -17"><span class='ocrx_word' id='word_1_668' title='bbox 296 4245 483 4315; x_wconf 87' lang='lat' dir='ltr'>legere</span> <span class='ocrx_word' id='word_1_669' title='bbox 520 4259 532 4299; x_wconf 91' lang='lat'><strong><em>:</em></strong></span> <span class='ocrx_word' id='word_1_670' title='bbox 564 4265 591 4292; x_wconf 87' lang='grc'>‹‹</span> <span class='ocrx_word' id='word_1_671' title='bbox 628 4243 1032 4312; x_wconf 88' lang='lat' dir='ltr'>Consolamini,</span> <span class='ocrx_word' id='word_1_672' title='bbox 1066 4245 1464 4312; x_wconf 79' lang='lat' dir='ltr'>consolaniini,</span> <span class='ocrx_word' id='word_1_673' title='bbox 1500 4247 1706 4316; x_wconf 91' lang='lat' dir='ltr'>popule</span> <span class='ocrx_word' id='word_1_674' title='bbox 1747 4261 1926 4306; x_wconf 88' lang='lat' dir='ltr'>meus.</span> <span class='ocrx_word' id='word_1_675' title='bbox 1958 4268 1986 4297; x_wconf 88' lang='grc'><strong>››</strong></span> <span class='ocrx_word' id='word_1_676' title='bbox 2031 4233 2072 4286; x_wconf 80' lang='grc' dir='ltr'>Ι)</span> <span class='ocrx_word' id='word_1_677' title='bbox 2105 4253 2372 4300; x_wconf 88' lang='lat' dir='ltr'>naturam</span> <span class='ocrx_word' id='word_1_678' title='bbox 2404 4252 2614 4300; x_wconf 90' lang='lat' dir='ltr'>statum</span> <span class='ocrx_word' id='word_1_679' title='bbox 2648 4245 2774 4300; x_wconf 91' lang='lat' dir='ltr'>Filii</span> <span class='ocrx_word' id='word_1_680' title='bbox 2801 4249 2890 4300; x_wconf 92' lang='lat' dir='ltr'>sui</span> <span class='ocrx_word' id='word_1_681' title='bbox 2920 4245 3182 4302; x_wconf 92' lang='lat' dir='ltr'>futurum</span> <span class='ocrx_word' id='word_1_682' title='bbox 3215 4245 3568 4317; x_wconf 88' lang='lat' dir='ltr'>agnoscerit,</span> <span class='ocrx_word' id='word_1_683' title='bbox 3619 4249 3792 4304; x_wconf 89' lang='lat' dir='ltr'>nimi-</span> 
     </span>
    </p>
   </div>
   <div class='ocr_carea' id='block_1_91' title="bbox 295 4331 1992 4405">
    <p class='ocr_par' dir='ltr' id='par_1_91' title="bbox 295 4331 1992 4405">
     <span class='ocr_line' id='line_1_91' title="bbox 295 4331 1992 4405; baseline 0.002 -16"><span class='ocrx_word' id='word_1_684' title='bbox 295 4333 445 4389; x_wconf 88' lang='lat' dir='ltr'>illico</span> <span class='ocrx_word' id='word_1_685' title='bbox 466 4347 536 4389; x_wconf 89' lang='lat' dir='ltr'>ex</span> <span class='ocrx_word' id='word_1_686' title='bbox 550 4333 675 4403; x_wconf 90' lang='lat' dir='ltr'>ejus</span> <span class='ocrx_word' id='word_1_687' title='bbox 692 4346 787 4388; x_wconf 89' lang='lat' dir='ltr'>ore</span> <span class='ocrx_word' id='word_1_688' title='bbox 809 4331 1054 4402; x_wconf 89' lang='lat' dir='ltr'>Spiritus</span> <span class='ocrx_word' id='word_1_689' title='bbox 1066 4341 1301 4388; x_wconf 92' lang='lat' dir='ltr'>sanctus</span> <span class='ocrx_word' id='word_1_690' title='bbox 1321 4334 1836 4405; x_wconf 91' lang='lat' dir='ltr'>subdistinguendo</span> <span class='ocrx_word' id='word_1_691' title='bbox 1858 4337 1992 4393; x_wconf 91' lang='lat' dir='ltr'>sub-</span> 
     </span>
    </p>
   </div>
   <div class='ocr_carea' id='block_1_92' title="bbox 292 4421 1994 4495">
    <p class='ocr_par' dir='ltr' id='par_1_92' title="bbox 292 4421 1994 4495">
     <span class='ocr_line' id='line_1_92' title="bbox 292 4421 1994 4495; baseline 0.002 -18"><span class='ocrx_word' id='word_1_692' title='bbox 292 4422 428 4493; x_wconf 89' lang='lat' dir='ltr'>jecit</span> <span class='ocrx_word' id='word_1_693' title='bbox 453 4422 648 4477; x_wconf 91' lang='lat' dir='ltr'>dicens</span> <span class='ocrx_word' id='word_1_694' title='bbox 683 4442 703 4469; x_wconf 78' lang='grc' dir='ltr'>ι</span> <span class='ocrx_word' id='word_1_695' title='bbox 729 4421 812 4476; x_wconf 82' lang='lat' dir='ltr'>Ad</span> <span class='ocrx_word' id='word_1_696' title='bbox 835 4431 1060 4490; x_wconf 87' lang='lat' dir='ltr'>portum</span> <span class='ocrx_word' id='word_1_697' title='bbox 1095 4421 1330 4478; x_wconf 88' lang='lat' dir='ltr'>Veneris</span> <span class='ocrx_word' id='word_1_698' title='bbox 1360 4422 1651 4479; x_wconf 75' lang='lat' dir='ltr'>Salandrte</span> <span class='ocrx_word' id='word_1_699' title='bbox 1681 4423 1994 4495; x_wconf 69' lang='lat' dir='ltr'>(Salandrae</span> 
     </span>
    </p>
   </div>
   <div class='ocr_carea' id='block_1_93' title="bbox 298 4509 1995 4580">
    <p class='ocr_par' dir='ltr' id='par_1_93' title="bbox 298 4509 1995 4580">
     <span class='ocr_line' id='line_1_93' title="bbox 298 4509 1995 4580; baseline 0.002 -15"><span class='ocrx_word' id='word_1_700' title='bbox 298 4519 491 4566; x_wconf 88' lang='lat' dir='ltr'>autem</span> <span class='ocrx_word' id='word_1_701' title='bbox 514 4523 692 4564; x_wconf 88' lang='lat' dir='ltr'>naves</span> <span class='ocrx_word' id='word_1_702' title='bbox 713 4509 990 4565; x_wconf 90' lang='lat' dir='ltr'>dicuntur</span> <span class='ocrx_word' id='word_1_703' title='bbox 1011 4523 1044 4563; x_wconf 91' lang='lat' dir='ltr'>a</span> <span class='ocrx_word' id='word_1_704' title='bbox 1063 4509 1324 4564; x_wconf 86' lang='lat' dir='ltr'>saliendo</span> <span class='ocrx_word' id='word_1_705' title='bbox 1347 4513 1596 4580; x_wconf 78' lang='lat' dir='ltr'>vocatae).</span> <span class='ocrx_word' id='word_1_706' title='bbox 1634 4533 1654 4559; x_wconf 76' lang='grc' dir='ltr'><strong>ι</strong></span> <span class='ocrx_word' id='word_1_707' title='bbox 1681 4511 1840 4578; x_wconf 89' lang='lat' dir='ltr'>Quod</span> <span class='ocrx_word' id='word_1_708' title='bbox 1863 4527 1995 4569; x_wconf 91' lang='lat' dir='ltr'>cum</span> 
     </span>
    </p>
   </div>
   <div class='ocr_carea' id='block_1_94' title="bbox 296 4598 1996 4670">
    <p class='ocr_par' dir='ltr' id='par_1_94' title="bbox 296 4598 1996 4670">
     <span class='ocr_line' id='line_1_94' title="bbox 296 4598 1996 4670; baseline 0.002 -15"><span class='ocrx_word' id='word_1_709' title='bbox 296 4599 370 4655; x_wconf 88' lang='lat' dir='ltr'>ab</span> <span class='ocrx_word' id='word_1_710' title='bbox 398 4599 668 4654; x_wconf 91' lang='lat' dir='ltr'>omnibus</span> <span class='ocrx_word' id='word_1_711' title='bbox 696 4613 811 4653; x_wconf 92' lang='lat' dir='ltr'>non</span> <span class='ocrx_word' id='word_1_712' title='bbox 844 4598 1220 4666; x_wconf 88' lang='lat' dir='ltr'>mussitando,</span> <span class='ocrx_word' id='word_1_713' title='bbox 1253 4599 1349 4654; x_wconf 91' lang='lat' dir='ltr'>sed</span> <span class='ocrx_word' id='word_1_714' title='bbox 1384 4600 1686 4668; x_wconf 90' lang='lat' dir='ltr'>strependo</span> <span class='ocrx_word' id='word_1_715' title='bbox 1724 4603 1898 4670; x_wconf 92' lang='lat' dir='ltr'>repeti</span> <span class='ocrx_word' id='word_1_716' title='bbox 1929 4617 1996 4658; x_wconf 91' lang='lat' dir='ltr'>ac</span> 
     </span>
    </p>
   </div>
   <div class='ocr_carea' id='block_1_95' title="bbox 294 4687 1995 4760">
    <p class='ocr_par' dir='ltr' id='par_1_95' title="bbox 294 4687 1995 4760">
     <span class='ocr_line' id='line_1_95' title="bbox 294 4687 1995 4760; baseline 0.002 -17"><span class='ocrx_word' id='word_1_717' title='bbox 294 4688 506 4758; x_wconf 89' lang='lat' dir='ltr'>corrigi</span> <span class='ocrx_word' id='word_1_718' title='bbox 525 4687 844 4758; x_wconf 90' lang='lat' dir='ltr'>juberetur,</span> <span class='ocrx_word' id='word_1_719' title='bbox 880 4701 1024 4756; x_wconf 90' lang='lat' dir='ltr'>puer</span> <span class='ocrx_word' id='word_1_720' title='bbox 1078 4701 1229 4756; x_wconf 71' lang='lat' dir='ltr'>saepe</span> <span class='ocrx_word' id='word_1_721' title='bbox 1255 4701 1494 4742; x_wconf 90' lang='lat' dir='ltr'>numero</span> <span class='ocrx_word' id='word_1_722' title='bbox 1524 4688 1719 4744; x_wconf 90' lang='lat' dir='ltr'>eadem</span> <span class='ocrx_word' id='word_1_723' title='bbox 1750 4690 1995 4760; x_wconf 89' lang='lat' dir='ltr'>replica-</span> 
     </span>
    </p>
   </div>
   <div class='ocr_carea' id='block_1_96' title="bbox 295 4774 1990 4846">
    <p class='ocr_par' dir='ltr' id='par_1_96' title="bbox 295 4774 1990 4846">
     <span class='ocr_line' id='line_1_96' title="bbox 295 4774 1990 4846; baseline 0.001 -13"><span class='ocrx_word' id='word_1_724' title='bbox 295 4778 400 4833; x_wconf 89' lang='lat' dir='ltr'>vit.</span> <span class='ocrx_word' id='word_1_725' title='bbox 434 4777 566 4833; x_wconf 85' lang='lat' dir='ltr'>Mox</span> <span class='ocrx_word' id='word_1_726' title='bbox 611 4777 865 4831; x_wconf 87' lang='lat' dir='ltr'>decanus</span> <span class='ocrx_word' id='word_1_727' title='bbox 905 4774 1169 4831; x_wconf 66' lang='lat' dir='ltr'>Ecclesiae</span> <span class='ocrx_word' id='word_1_728' title='bbox 1207 4784 1482 4846; x_wconf 89' lang='lat' dir='ltr'>concepta</span> <span class='ocrx_word' id='word_1_729' title='bbox 1518 4777 1650 4832; x_wconf 90' lang='lat' dir='ltr'>dicti</span> <span class='ocrx_word' id='word_1_730' title='bbox 1691 4780 1990 4846; x_wconf 90' lang='lat' dir='ltr'>sententia,</span> 
     </span>
    </p>
   </div>
   <div class='ocr_carea' id='block_1_97' title="bbox 299 4864 1995 4936">
    <p class='ocr_par' dir='ltr' id='par_1_97' title="bbox 299 4864 1995 4936">
     <span class='ocr_line' id='line_1_97' title="bbox 299 4864 1995 4936; baseline 0.001 -14"><span class='ocrx_word' id='word_1_731' title='bbox 299 4866 536 4936; x_wconf 90' lang='lat' dir='ltr'>populos</span> <span class='ocrx_word' id='word_1_732' title='bbox 592 4864 651 4920; x_wconf 93' lang='lat' dir='ltr'><strong>in</strong></span> <span class='ocrx_word' id='word_1_733' title='bbox 701 4877 863 4919; x_wconf 91' lang='lat' dir='ltr'>arma</span> <span class='ocrx_word' id='word_1_734' title='bbox 929 4865 1298 4930; x_wconf 90' lang='lat' dir='ltr'>consuscitat,</span> <span class='ocrx_word' id='word_1_735' title='bbox 1367 4872 1421 4920; x_wconf 91' lang='lat' dir='ltr'>et</span> <span class='ocrx_word' id='word_1_736' title='bbox 1471 4875 1700 4934; x_wconf 90' lang='lat' dir='ltr'>portum</span> <span class='ocrx_word' id='word_1_737' title='bbox 1757 4867 1995 4924; x_wconf 86' lang='lat' dir='ltr'>Veneris</span> 
     </span>
    </p>
   </div>
   <div class='ocr_carea' id='block_1_98' title="bbox 298 4952 1992 5024">
    <p class='ocr_par' dir='ltr' id='par_1_98' title="bbox 298 4952 1992 5024">
     <span class='ocr_line' id='line_1_98' title="bbox 298 4952 1992 5024; baseline 0.002 -14"><span class='ocrx_word' id='word_1_738' title='bbox 298 4955 455 5010; x_wconf 89' lang='lat' dir='ltr'>adire</span> <span class='ocrx_word' id='word_1_739' title='bbox 482 4953 738 5009; x_wconf 91' lang='lat' dir='ltr'>mandat.</span> <span class='ocrx_word' id='word_1_740' title='bbox 785 4952 904 5008; x_wconf 90' lang='lat' dir='ltr'>Illic</span> <span class='ocrx_word' id='word_1_741' title='bbox 935 4952 1156 5022; x_wconf 91' lang='lat' dir='ltr'>ingenti</span> <span class='ocrx_word' id='word_1_742' title='bbox 1203 4953 1439 5008; x_wconf 89' lang='lat' dir='ltr'>classico</span> <span class='ocrx_word' id='word_1_743' title='bbox 1485 4955 1802 5024; x_wconf 89' lang='lat' dir='ltr'>appellente</span> <span class='ocrx_word' id='word_1_744' title='bbox 1843 4955 1992 5013; x_wconf 84' lang='lat' dir='ltr'>litto-</span> 
     </span>
    </p>
   </div>
   <div class='ocr_carea' id='block_1_99' title="bbox 298 5039 1992 5112">
    <p class='ocr_par' dir='ltr' id='par_1_99' title="bbox 298 5039 1992 5112">
     <span class='ocr_line' id='line_1_99' title="bbox 298 5039 1992 5112; baseline 0 -15"><span class='ocrx_word' id='word_1_745' title='bbox 298 5043 458 5098; x_wconf 87' lang='lat' dir='ltr'>ribus</span> <span class='ocrx_word' id='word_1_746' title='bbox 488 5041 660 5097; x_wconf 90' lang='lat' dir='ltr'>obvia</span> <span class='ocrx_word' id='word_1_747' title='bbox 699 5039 872 5095; x_wconf 89' lang='lat' dir='ltr'>turba</span> <span class='ocrx_word' id='word_1_748' title='bbox 911 5039 1136 5108; x_wconf 90' lang='lat' dir='ltr'>resistit,</span> <span class='ocrx_word' id='word_1_749' title='bbox 1178 5047 1233 5096; x_wconf 90' lang='lat' dir='ltr'>et</span> <span class='ocrx_word' id='word_1_750' title='bbox 1277 5042 1478 5097; x_wconf 89' lang='lat' dir='ltr'>urbem</span> <span class='ocrx_word' id='word_1_751' title='bbox 1516 5057 1619 5097; x_wconf 90' lang='lat' dir='ltr'>nec</span> <span class='ocrx_word' id='word_1_752' title='bbox 1650 5056 1808 5097; x_wconf 89' lang='lat' dir='ltr'>mora</span> <span class='ocrx_word' id='word_1_753' title='bbox 1863 5057 1992 5112; x_wconf 89' lang='lat' dir='ltr'>per-</span> 
     </span>
    </p>
   </div>
   <div class='ocr_carea' id='block_1_100' title="bbox 297 5129 1990 5200">
    <p class='ocr_par' dir='ltr' id='par_1_100' title="bbox 297 5129 1990 5200">
     <span class='ocr_line' id='line_1_100' title="bbox 297 5129 1990 5200; baseline 0.002 -17"><span class='ocrx_word' id='word_1_754' title='bbox 297 5129 620 5185; x_wconf 87' lang='lat' dir='ltr'>vadendam</span> <span class='ocrx_word' id='word_1_755' title='bbox 659 5142 732 5184; x_wconf 92' lang='lat' dir='ltr'>ex</span> <span class='ocrx_word' id='word_1_756' title='bbox 788 5129 900 5184; x_wconf 89' lang='lat' dir='ltr'>Deo</span> <span class='ocrx_word' id='word_1_757' title='bbox 949 5137 1191 5198; x_wconf 90' lang='lat' dir='ltr'>armata,</span> <span class='ocrx_word' id='word_1_758' title='bbox 1234 5130 1392 5186; x_wconf 86' lang='lat' dir='ltr'>hoste</span> <span class='ocrx_word' id='word_1_759' title='bbox 1443 5129 1590 5195; x_wconf 88' lang='lat' dir='ltr'>fuso,</span> <span class='ocrx_word' id='word_1_760' title='bbox 1636 5132 1990 5200; x_wconf 67' lang='lat' dir='ltr'>praemuniit.</span> 
     </span>
    </p>
   </div>
   <div class='ocr_carea' id='block_1_101' title="bbox 299 5216 1993 5289">
    <p class='ocr_par' dir='ltr' id='par_1_101' title="bbox 299 5216 1993 5289">
     <span class='ocr_line' id='line_1_101' title="bbox 299 5216 1993 5289; baseline -0.001 -16"><span class='ocrx_word' id='word_1_761' title='bbox 299 5219 452 5287; x_wconf 92' lang='lat' dir='ltr'>Ergo</span> <span class='ocrx_word' id='word_1_762' title='bbox 498 5217 646 5273; x_wconf 89' lang='lat' dir='ltr'>sicut</span> <span class='ocrx_word' id='word_1_763' title='bbox 703 5216 776 5272; x_wconf 91' lang='lat' dir='ltr'>ad</span> <span class='ocrx_word' id='word_1_764' title='bbox 830 5217 1098 5274; x_wconf 92' lang='lat' dir='ltr'>meritum</span> <span class='ocrx_word' id='word_1_765' title='bbox 1151 5217 1545 5289; x_wconf 91' lang='lat' dir='ltr'>proloquentis</span> <span class='ocrx_word' id='word_1_766' title='bbox 1592 5217 1752 5287; x_wconf 90' lang='lat' dir='ltr'>pueri</span> <span class='ocrx_word' id='word_1_767' title='bbox 1798 5217 1993 5274; x_wconf 90' lang='lat' dir='ltr'>neuti-</span> 
     </span>
    </p>
   </div>
   <div class='ocr_carea' id='block_1_102' title="bbox 299 5305 1993 5378">
    <p class='ocr_par' dir='ltr' id='par_1_102' title="bbox 299 5305 1993 5378">
     <span class='ocr_line' id='line_1_102' title="bbox 299 5305 1993 5378; baseline 0.002 -19"><span class='ocrx_word' id='word_1_768' title='bbox 299 5318 477 5375; x_wconf 90' lang='lat' dir='ltr'><strong>quam</strong></span> <span class='ocrx_word' id='word_1_769' title='bbox 506 5305 796 5374; x_wconf 87' lang='lat' dir='ltr'>pertinuit,</span> <span class='ocrx_word' id='word_1_770' title='bbox 832 5307 912 5362; x_wconf 91' lang='lat' dir='ltr'>ita</span> <span class='ocrx_word' id='word_1_771' title='bbox 948 5306 1234 5362; x_wconf 91' lang='lat' dir='ltr'>multoties</span> <span class='ocrx_word' id='word_1_772' title='bbox 1271 5321 1385 5361; x_wconf 93' lang='lat' dir='ltr'>non</span> <span class='ocrx_word' id='word_1_773' title='bbox 1436 5320 1536 5376; x_wconf 92' lang='lat' dir='ltr'>per</span> <span class='ocrx_word' id='word_1_774' title='bbox 1573 5321 1729 5375; x_wconf 92' lang='lat' dir='ltr'>eum,</span> <span class='ocrx_word' id='word_1_775' title='bbox 1775 5320 1808 5360; x_wconf 89' lang='lat' dir='ltr'>a</span> <span class='ocrx_word' id='word_1_776' title='bbox 1849 5321 1993 5378; x_wconf 89' lang='lat' dir='ltr'>quo-</span> 
     </span>
    </p>
   </div>
   <div class='ocr_carea' id='block_1_103' title="bbox 372 5459 1990 5532">
    <p class='ocr_par' dir='ltr' id='par_1_103' title="bbox 372 5459 1990 5532">
     <span class='ocr_line' id='line_1_103' title="bbox 372 5459 1990 5532; baseline 0.002 -18"><span class='ocrx_word' id='word_1_777' title='bbox 372 5462 479 5530; x_wconf 89' lang='lat'>(30)</span> <span class='ocrx_word' id='word_1_778' title='bbox 512 5459 718 5531; x_wconf 88' lang='lat' dir='ltr'>Vulgo,</span> <span class='ocrx_word' id='word_1_779' title='bbox 747 5460 912 5529; x_wconf 78' lang='lat' dir='ltr'>Lum‘,</span> <span class='ocrx_word' id='word_1_780' title='bbox 936 5462 1177 5519; x_wconf 67' lang='lat' dir='ltr'>Etruriae</span> <span class='ocrx_word' id='word_1_781' title='bbox 1198 5462 1471 5532; x_wconf 91' lang='lat' dir='ltr'>oppidum</span> <span class='ocrx_word' id='word_1_782' title='bbox 1504 5463 1576 5519; x_wconf 92' lang='lat' dir='ltr'>ad</span> <span class='ocrx_word' id='word_1_783' title='bbox 1608 5478 1766 5521; x_wconf 87' lang='lat' dir='ltr'>mare</span> <span class='ocrx_word' id='word_1_784' title='bbox 1793 5464 1990 5520; x_wconf 89' lang='lat' dir='ltr'>situm.</span> 
     </span>
    </p>
   </div>
   <div class='ocr_carea' id='block_1_104' title="bbox 2103 4335 3781 4405">
    <p class='ocr_par' dir='ltr' id='par_1_104' title="bbox 2103 4335 3781 4405">
     <span class='ocr_line' id='line_1_104' title="bbox 2103 4335 3781 4405; baseline 0 -15"><span class='ocrx_word' id='word_1_785' title='bbox 2103 4348 2236 4390; x_wconf 89' lang='lat' dir='ltr'>rum</span> <span class='ocrx_word' id='word_1_786' title='bbox 2285 4347 2461 4404; x_wconf 86' lang='lat' dir='ltr'>quam</span> <span class='ocrx_word' id='word_1_787' title='bbox 2488 4348 2665 4404; x_wconf 91' lang='lat' dir='ltr'>supra</span> <span class='ocrx_word' id='word_1_788' title='bbox 2708 4348 2876 4389; x_wconf 93' lang='lat' dir='ltr'>omne</span> <span class='ocrx_word' id='word_1_789' title='bbox 2914 4335 3068 4404; x_wconf 91' lang='lat' dir='ltr'>quod</span> <span class='ocrx_word' id='word_1_790' title='bbox 3099 4341 3181 4390; x_wconf 91' lang='lat' dir='ltr'>est</span> <span class='ocrx_word' id='word_1_791' title='bbox 3218 4343 3342 4404; x_wconf 91' lang='lat' dir='ltr'>post</span> <span class='ocrx_word' id='word_1_792' title='bbox 3373 4335 3581 4390; x_wconf 80' lang='lat' dir='ltr'>Filium</span> <span class='ocrx_word' id='word_1_793' title='bbox 3613 4336 3781 4405; x_wconf 87' lang='lat' dir='ltr'>Spiri-</span> 
     </span>
    </p>
   </div>
   <div class='ocr_carea' id='block_1_105' title="bbox 2104 4422 3791 4493">
    <p class='ocr_par' dir='ltr' id='par_1_105' title="bbox 2104 4422 3791 4493">
     <span class='ocr_line' id='line_1_105' title="bbox 2104 4422 3791 4493; baseline 0 -15"><span class='ocrx_word' id='word_1_794' title='bbox 2104 4430 2198 4478; x_wconf 91' lang='lat' dir='ltr'>tus</span> <span class='ocrx_word' id='word_1_795' title='bbox 2229 4429 2482 4489; x_wconf 92' lang='lat' dir='ltr'>sanctus,</span> <span class='ocrx_word' id='word_1_796' title='bbox 2515 4422 2802 4490; x_wconf 90' lang='lat' dir='ltr'>imbuerit,</span> <span class='ocrx_word' id='word_1_797' title='bbox 2857 4423 3146 4493; x_wconf 91' lang='lat' dir='ltr'>quomodo</span> <span class='ocrx_word' id='word_1_798' title='bbox 3184 4424 3617 4479; x_wconf 89' lang='lat' dir='ltr'>resurrectionis</span> <span class='ocrx_word' id='word_1_799' title='bbox 3661 4426 3791 4480; x_wconf 91' lang='lat' dir='ltr'>ordo</span> 
     </span>
    </p>
   </div>
   <div class='ocr_carea' id='block_1_106' title="bbox 2104 4509 3790 4582">
    <p class='ocr_par' dir='ltr' id='par_1_106' title="bbox 2104 4509 3790 4582">
     <span class='ocr_line' id='line_1_106' title="bbox 2104 4509 3790 4582; baseline 0.001 -15"><span class='ocrx_word' id='word_1_800' title='bbox 2104 4511 2370 4567; x_wconf 87' lang='lat' dir='ltr'>latuerit?</span> <span class='ocrx_word' id='word_1_801' title='bbox 2409 4509 2463 4566; x_wconf 91' lang='lat' dir='ltr'>Si</span> <span class='ocrx_word' id='word_1_802' title='bbox 2502 4511 2655 4566; x_wconf 92' lang='lat' dir='ltr'>enim</span> <span class='ocrx_word' id='word_1_803' title='bbox 2710 4510 2987 4579; x_wconf 88' lang='lat' dir='ltr'>latuisset,</span> <span class='ocrx_word' id='word_1_804' title='bbox 3029 4512 3271 4581; x_wconf 88' lang='lat' dir='ltr'>dignum</span> <span class='ocrx_word' id='word_1_805' title='bbox 3310 4512 3560 4582; x_wconf 87' lang='lat' dir='ltr'>profecto</span> <span class='ocrx_word' id='word_1_806' title='bbox 3598 4511 3790 4568; x_wconf 79' lang='lat' dir='ltr'>fuisset</span> 
     </span>
    </p>
   </div>
   <div class='ocr_carea' id='block_1_107' title="bbox 2103 4597 3790 4668">
    <p class='ocr_par' dir='ltr' id='par_1_107' title="bbox 2103 4597 3790 4668">
     <span class='ocr_line' id='line_1_107' title="bbox 2103 4597 3790 4668; baseline -0.004 -12"><span class='ocrx_word' id='word_1_807' title='bbox 2103 4608 2186 4668; x_wconf 90' lang='lat' dir='ltr'>ut,</span> <span class='ocrx_word' id='word_1_808' title='bbox 2239 4600 2671 4656; x_wconf 89' lang='lat' dir='ltr'>resurrectionis</span> <span class='ocrx_word' id='word_1_809' title='bbox 2713 4614 2831 4655; x_wconf 66' lang='lat' dir='ltr'>suae</span> <span class='ocrx_word' id='word_1_810' title='bbox 2863 4599 3031 4655; x_wconf 89' lang='lat' dir='ltr'>fidem</span> <span class='ocrx_word' id='word_1_811' title='bbox 3065 4600 3349 4668; x_wconf 90' lang='lat' dir='ltr'>facturus,</span> <span class='ocrx_word' id='word_1_812' title='bbox 3399 4598 3504 4668; x_wconf 92' lang='lat' dir='ltr'>ipsi</span> <span class='ocrx_word' id='word_1_813' title='bbox 3545 4597 3790 4666; x_wconf 90' lang='lat' dir='ltr'><strong>primum</strong></span> 
     </span>
    </p>
   </div>
   <div class='ocr_carea' id='block_1_108' title="bbox 2103 4689 3790 4758">
    <p class='ocr_par' dir='ltr' id='par_1_108' title="bbox 2103 4689 3790 4758">
     <span class='ocr_line' id='line_1_108' title="bbox 2103 4689 3790 4758; baseline -0.002 -15"><span class='ocrx_word' id='word_1_814' title='bbox 2103 4696 2422 4758; x_wconf 90' lang='lat' dir='ltr'>appareret.</span> <span class='ocrx_word' id='word_1_815' title='bbox 2457 4689 2567 4757; x_wconf 91' lang='lat' dir='ltr'>Ipsi</span> <span class='ocrx_word' id='word_1_816' title='bbox 2603 4701 2741 4743; x_wconf 90' lang='lat' dir='ltr'>vero</span> <span class='ocrx_word' id='word_1_817' title='bbox 2783 4702 2966 4758; x_wconf 92' lang='lat' dir='ltr'>quare</span> <span class='ocrx_word' id='word_1_818' title='bbox 3006 4695 3328 4757; x_wconf 91' lang='lat' dir='ltr'>appareret,</span> <span class='ocrx_word' id='word_1_819' title='bbox 3371 4702 3504 4756; x_wconf 68' lang='lat' dir='ltr'>quae</span> <span class='ocrx_word' id='word_1_820' title='bbox 3535 4700 3790 4741; x_wconf 90' lang='lat' dir='ltr'>resurre-</span> 
     </span>
    </p>
   </div>
   <div class='ocr_carea' id='block_1_109' title="bbox 2103 4774 3794 4844">
    <p class='ocr_par' dir='ltr' id='par_1_109' title="bbox 2103 4774 3794 4844">
     <span class='ocr_line' id='line_1_109' title="bbox 2103 4774 3794 4844; baseline -0.001 -14"><span class='ocrx_word' id='word_1_821' title='bbox 2103 4782 2332 4830; x_wconf 90' lang='lat' dir='ltr'>cturum</span> <span class='ocrx_word' id='word_1_822' title='bbox 2368 4774 2604 4830; x_wconf 90' lang='lat' dir='ltr'>indubie</span> <span class='ocrx_word' id='word_1_823' title='bbox 2633 4774 2800 4830; x_wconf 90' lang='lat' dir='ltr'>scivit</span> <span class='ocrx_word' id='word_1_824' title='bbox 2834 4781 3146 4844; x_wconf 90' lang='lat' dir='ltr'>antequam</span> <span class='ocrx_word' id='word_1_825' title='bbox 3187 4781 3478 4842; x_wconf 88' lang='lat' dir='ltr'>pateretur</span> <span class='ocrx_word' id='word_1_826' title='bbox 3515 4787 3584 4828; x_wconf 91' lang='lat' dir='ltr'>ac</span> <span class='ocrx_word' id='word_1_827' title='bbox 3615 4787 3794 4828; x_wconf 88' lang='lat' dir='ltr'>resur-</span> 
     </span>
    </p>
   </div>
   <div class='ocr_carea' id='block_1_110' title="bbox 2105 4861 3794 4933">
    <p class='ocr_par' dir='ltr' id='par_1_110' title="bbox 2105 4861 3794 4933">
     <span class='ocr_line' id='line_1_110' title="bbox 2105 4861 3794 4933; baseline -0.002 -15"><span class='ocrx_word' id='word_1_828' title='bbox 2105 4865 2295 4933; x_wconf 84' lang='lat' dir='ltr'>geret?</span> <span class='ocrx_word' id='word_1_829' title='bbox 2328 4865 2392 4918; x_wconf 92' lang='lat' dir='ltr'>Et</span> <span class='ocrx_word' id='word_1_830' title='bbox 2422 4878 2558 4919; x_wconf 91' lang='lat' dir='ltr'>sane</span> <span class='ocrx_word' id='word_1_831' title='bbox 2601 4863 2818 4918; x_wconf 92' lang='lat' dir='ltr'>dictum</span> <span class='ocrx_word' id='word_1_832' title='bbox 2863 4863 3043 4918; x_wconf 90' lang='lat' dir='ltr'>scitur</span> <span class='ocrx_word' id='word_1_833' title='bbox 3072 4879 3084 4917; x_wconf 92' lang='lat'>:</span> <span class='ocrx_word' id='word_1_834' title='bbox 3117 4884 3144 4911; x_wconf 83' lang='lat'><strong>«</strong></span> <span class='ocrx_word' id='word_1_835' title='bbox 3175 4863 3379 4930; x_wconf 90' lang='lat' dir='ltr'>Tuam,</span> <span class='ocrx_word' id='word_1_836' title='bbox 3433 4861 3642 4931; x_wconf 90' lang='lat' dir='ltr'>inquit,</span> <span class='ocrx_word' id='word_1_837' title='bbox 3689 4862 3794 4915; x_wconf 91' lang='lat' dir='ltr'>ani-</span> 
     </span>
    </p>
   </div>
   <div class='ocr_carea' id='block_1_111' title="bbox 2102 4951 3793 5023">
    <p class='ocr_par' dir='ltr' id='par_1_111' title="bbox 2102 4951 3793 5023">
     <span class='ocr_line' id='line_1_111' title="bbox 2102 4951 3793 5023; baseline -0.001 -17"><span class='ocrx_word' id='word_1_838' title='bbox 2102 4967 2255 5007; x_wconf 91' lang='lat' dir='ltr'>mam</span> <span class='ocrx_word' id='word_1_839' title='bbox 2287 4951 2660 5023; x_wconf 90' lang='lat' dir='ltr'>pertransibit</span> <span class='ocrx_word' id='word_1_840' title='bbox 2698 4952 2928 5023; x_wconf 88' lang='lat' dir='ltr'>gladius</span> <span class='ocrx_word' id='word_1_841' title='bbox 2969 4951 3118 5022; x_wconf 91' lang='lat' dir='ltr'>(Luc.</span> <span class='ocrx_word' id='word_1_842' title='bbox 3162 4966 3316 5017; x_wconf 69' lang='lat' dir='ltr'>xxxx,</span> <span class='ocrx_word' id='word_1_843' title='bbox 3350 4952 3459 5020; x_wconf 87' lang='lat'>57).</span> <span class='ocrx_word' id='word_1_844' title='bbox 3495 4972 3521 5000; x_wconf 83' lang='grc'><strong>››</strong></span> <span class='ocrx_word' id='word_1_845' title='bbox 3559 4951 3717 5008; x_wconf 89' lang='lat' dir='ltr'>Unde</span> <span class='ocrx_word' id='word_1_846' title='bbox 3745 4957 3793 5006; x_wconf 88' lang='lat' dir='ltr'>et</span> 
     </span>
    </p>
   </div>
   <div class='ocr_carea' id='block_1_112' title="bbox 2102 5040 3788 5111">
    <p class='ocr_par' dir='ltr' id='par_1_112' title="bbox 2102 5040 3788 5111">
     <span class='ocr_line' id='line_1_112' title="bbox 2102 5040 3788 5111; baseline -0.001 -15"><span class='ocrx_word' id='word_1_847' title='bbox 2102 5048 2394 5110; x_wconf 91' lang='lat' dir='ltr'>eventum,</span> <span class='ocrx_word' id='word_1_848' title='bbox 2449 5049 2504 5097; x_wconf 92' lang='lat' dir='ltr'>et</span> <span class='ocrx_word' id='word_1_849' title='bbox 2561 5041 2630 5096; x_wconf 88' lang='lat' dir='ltr'>de</span> <span class='ocrx_word' id='word_1_850' title='bbox 2687 5055 2752 5096; x_wconf 90' lang='lat' dir='ltr'>eo</span> <span class='ocrx_word' id='word_1_851' title='bbox 2795 5041 3152 5111; x_wconf 89' lang='lat' dir='ltr'>loquentium</span> <span class='ocrx_word' id='word_1_852' title='bbox 3201 5040 3379 5096; x_wconf 90' lang='lat' dir='ltr'>verba</span> <span class='ocrx_word' id='word_1_853' title='bbox 3428 5053 3788 5106; x_wconf 87' lang='lat' dir='ltr'>conservans,</span> 
     </span>
    </p>
   </div>
   <div class='ocr_carea' id='block_1_113' title="bbox 2103 5128 3793 5199">
    <p class='ocr_par' dir='ltr' id='par_1_113' title="bbox 2103 5128 3793 5199">
     <span class='ocr_line' id='line_1_113' title="bbox 2103 5128 3793 5199; baseline -0.001 -14"><span class='ocrx_word' id='word_1_854' title='bbox 2103 5131 2426 5186; x_wconf 89' lang='lat' dir='ltr'>conferebat</span> <span class='ocrx_word' id='word_1_855' title='bbox 2467 5133 2523 5185; x_wconf 91' lang='lat' dir='ltr'><strong>in</strong></span> <span class='ocrx_word' id='word_1_856' title='bbox 2561 5130 2729 5186; x_wconf 90' lang='lat' dir='ltr'>corde</span> <span class='ocrx_word' id='word_1_857' title='bbox 2767 5144 2872 5186; x_wconf 92' lang='lat' dir='ltr'>suo</span> <span class='ocrx_word' id='word_1_858' title='bbox 2927 5129 3120 5197; x_wconf 82' lang='lat' dir='ltr'>(Ibid.,</span> <span class='ocrx_word' id='word_1_859' title='bbox 3167 5130 3270 5199; x_wconf 88' lang='lat' dir='ltr'>l9).</span> <span class='ocrx_word' id='word_1_860' title='bbox 3319 5128 3422 5185; x_wconf 90' lang='lat' dir='ltr'>Cui</span> <span class='ocrx_word' id='word_1_861' title='bbox 3458 5129 3614 5184; x_wconf 91' lang='lat' dir='ltr'>enim</span> <span class='ocrx_word' id='word_1_862' title='bbox 3654 5129 3793 5184; x_wconf 86' lang='lat' dir='ltr'>fidus</span> 
     </span>
    </p>
   </div>
   <div class='ocr_carea' id='block_1_114' title="bbox 2103 5217 3792 5285">
    <p class='ocr_par' dir='ltr' id='par_1_114' title="bbox 2103 5217 3792 5285">
     <span class='ocr_line' id='line_1_114' title="bbox 2103 5217 3792 5285; baseline -0.001 -11"><span class='ocrx_word' id='word_1_863' title='bbox 2103 5233 2271 5275; x_wconf 92' lang='lat' dir='ltr'>nemo</span> <span class='ocrx_word' id='word_1_864' title='bbox 2303 5219 2642 5285; x_wconf 88' lang='lat' dir='ltr'>habebatur,</span> <span class='ocrx_word' id='word_1_865' title='bbox 2677 5217 2770 5274; x_wconf 90' lang='lat' dir='ltr'>cui</span> <span class='ocrx_word' id='word_1_866' title='bbox 2818 5226 3034 5273; x_wconf 87' lang='lat' dir='ltr'>tantam</span> <span class='ocrx_word' id='word_1_867' title='bbox 3075 5232 3193 5274; x_wconf 92' lang='lat' dir='ltr'>rem</span> <span class='ocrx_word' id='word_1_868' title='bbox 3242 5217 3517 5282; x_wconf 84' lang='lat' dir='ltr'>crederet,</span> <span class='ocrx_word' id='word_1_869' title='bbox 3562 5231 3680 5272; x_wconf 93' lang='lat' dir='ltr'>non</span> <span class='ocrx_word' id='word_1_870' title='bbox 3707 5218 3792 5272; x_wconf 86' lang='lat' dir='ltr'>in—</span> 
     </span>
    </p>
   </div>
   <div class='ocr_carea' id='block_1_115' title="bbox 2102 5306 3793 5377">
    <p class='ocr_par' dir='ltr' id='par_1_115' title="bbox 2102 5306 3793 5377">
     <span class='ocr_line' id='line_1_115' title="bbox 2102 5306 3793 5377; baseline -0.002 -14"><span class='ocrx_word' id='word_1_871' title='bbox 2102 5308 2408 5363; x_wconf 90' lang='lat' dir='ltr'>concinum</span> <span class='ocrx_word' id='word_1_872' title='bbox 2462 5309 2664 5377; x_wconf 91' lang='lat' dir='ltr'>utique</span> <span class='ocrx_word' id='word_1_873' title='bbox 2720 5313 2860 5374; x_wconf 89' lang='lat' dir='ltr'>erat,</span> <span class='ocrx_word' id='word_1_874' title='bbox 2919 5313 2982 5362; x_wconf 92' lang='lat' dir='ltr'>ut</span> <span class='ocrx_word' id='word_1_875' title='bbox 3039 5321 3146 5362; x_wconf 90' lang='lat' dir='ltr'>sua</span> <span class='ocrx_word' id='word_1_876' title='bbox 3201 5306 3352 5375; x_wconf 87' lang='lat' dir='ltr'>apud</span> <span class='ocrx_word' id='word_1_877' title='bbox 3401 5320 3460 5361; x_wconf 88' lang='lat' dir='ltr'>se</span> <span class='ocrx_word' id='word_1_878' title='bbox 3517 5319 3684 5361; x_wconf 90' lang='lat' dir='ltr'>sensa</span> <span class='ocrx_word' id='word_1_879' title='bbox 3745 5314 3793 5361; x_wconf 88' lang='lat' dir='ltr'>et</span> 
     </span>
    </p>
   </div>
  </div>
