3914 6094
118 261 230 314 665

1177 261 1270 316 DE
1313 260 1731 317 PIGNORIBUS
1771 261 2212 321 SANCTORUM.
2238 293 2306 304 —-
2332 265 2453 319 LIB.
2492 266 2582 321 IV.

3531 276 3632 326 666

114 397 360 459 experta
410 396 750 460 contegeret.
809 393 952 447 Cum
1021 403 1156 462 ergo
1208 405 1398 461 neque
1459 391 1581 461 ipsa
1636 393 1815 448 futuri
1854 393 1898 450 Ο
1926 397 2027 448 est.
2061 424 2129 434 -—
2158 396 2330 450 Porro
2353 396 2420 451 de
2453 395 2671 452 caeteris
2701 397 3030 465 definimus,
3064 399 3204 469 quia
3255 400 3300 455 si
3347 401 3406 455 in
3456 416 3635 457 cano-

116 487 310 534 status
337 477 464 548 ejus
490 493 606 534 non
631 478 854 548 ignara,
889 492 1074 548 neque
1105 479 1262 534 ullus
1290 480 1392 549 qui
1436 495 1568 535 eum
1601 494 1630 534 a
1663 495 1818 536 com-

117 568 289 623 muni
340 568 640 624 hominum
689 581 874 622 massa
918 577 1252 634 secerneret,
1296 569 1419 625 haac
1463 571 1700 638 posteris
1731 585 1819 626 re-

117 656 390 722 servarit,
423 669 856 726 supervacanea
886 657 1118 712 omnino
1163 657 1488 713 habeantur
1532 674 1819 729 quaecun-

118 760 237 816 que
292 746 424 816 quis
481 747 549 800 de
602 761 836 815 corpore
889 755 1047 801 tanto
1096 749 1546 818 praesumpserit.
1591 751 1820 804 Constat

119 849 381 906 namque
414 836 568 905 apud
600 849 704 890 nos
734 835 982 904 Apostoli
1025 844 1311 904 quantum
1355 837 1544 892 brevis
1595 843 1818 892 tantum

120 932 253 979 rata
283 924 580 991 sententia,
616 925 754 994 quia
783 939 990 994 corpus
1015 924 1161 979 idem
1198 926 1605 981 annuntiatum
1635 932 1717 980 est
1747 926 1820 981 ab

119 1011 368 1082 angelis,
419 1013 792 1082 praedicatum
840 1022 922 1070 est
954 1013 1012 1068 in
1057 1014 1292 1080 mundo,
1334 1023 1692 1084 assumptum
1739 1023 1821 1070 est

117 1099 182 1153 in
211 1099 394 1168 gloria
423 1100 471 1171 (I
507 1099 652 1154 Tim.
686 1117 764 1168 ιιι,
802 1102 907 1170 16).

192 1189 291 1242 Ea:
307 1188 571 1260 reliquiis
583 1193 911 1244 sanctorum
924 1193 1197 1261 quaestum
1208 1189 1493 1262 persequi,
1512 1191 1824 1263 profanum

1929 482 2101 536 nibus
2130 489 2364 537 cautum
2411 491 2494 538 est
2528 499 2598 539 ne
2636 485 2870 554 quando
2912 486 3266 555 martyribus
3311 502 3626 544 connume-

1931 577 2090 625 retur
2115 570 2162 624 si
2205 572 2337 640 quis
2391 572 2536 626 inter
2583 573 3063 642 confringendum
3097 574 3246 630 idola
3275 575 3628 643 lperimatur,

1931 659 2041 712 alio
2066 659 2218 714 enim
2247 661 2479 715 forsitan
2511 675 2704 717 errore
2729 662 3042 722 diducitur.
3079 671 3141 719 ut
3173 663 3370 718 nullus
3419 679 3629 733 quam-

1929 748 2017 802 vis
2049 748 2264 803 bonum
2306 749 2372 802 ad
2429 751 2672 818 speciem
2722 749 2922 805 habitu
2962 751 3220 816 efferens,
3273 766 3376 820 pro
3429 761 3627 808 sancto

1931 836 2094 891 facile
2129 838 2426 900 habeatur,
2475 838 2580 893 nisi
2618 854 2851 908 quoquo
2899 848 3060 908 pacto
3105 854 3169 895 ex
3225 840 3421 896 divina
3476 855 3632 897 reve-

1930 925 2141 980 latione
2177 927 2470 994 probetur.
2529 927 2822 992 Quaestum
2895 937 3087 984 autem
3149 943 3222 984 ex
3296 937 3628 986 sanctorum

1929 1015 2019 1070 vel
2089 1015 2538 1082 circumlatione,
2609 1018 2697 1072 vel
2771 1017 2987 1072 ossium
3047 1032 3250 1073 eorum
3307 1019 3628 1074 ostensione

1935 1116 2212 1172 quaerere,
2273 1117 2448 1171 quam
2539 1105 2840 1172 profanum
2909 1106 2981 1160 sit
3058 1106 3270 1174 discite,
3337 1108 3380 1161 si
3446 1107 3631 1162 velitis

1934 1206 2097 1261 aeque
2127 1199 2353 1246 sanctos
2377 1191 2800 1263 avaritiamque
2828 1202 3045 1250 taxare.

1259 1446 1709 1532 LIBER
1802 1446 2511 1544 QUARTUS.

1425 1640 1532 1705 DE
1582 1639 1661 1704 IN
1670 1638 1996 1704 TERIORI
2046 1640 2324 1706 MUNDO

660 1899 897 1956 CAPUT
936 1898 1238 1955 PRIMUM.

189 1995 343 2044 359
375 1991 403 2056 §
430 1990 474 2044 Ι.
507 1991 623 2043 Res
652 1991 916 2044 (mena:
948 1987 1218 2041 abdicare
1237 1985 1400 2040 debet
1432 1984 1532 2056 qui
1555 1987 1813 2038 contem-

108 2078 366 2150 plationi
416 2095 478 2132 se
540 2077 773 2132 addicit.
833 2106 901 2116 —
954 2076 1248 2132 Interioris
1298 2075 1497 2130 mundi
1574 2081 1811 2139 statum,

110 2181 291 2239 quem
334 2167 478 2222 visio
515 2175 757 2223 externa
796 2181 910 2222 non
954 2165 1123 2234 capit,
1161 2163 1496 2234 imaginatio
1531 2162 1648 2217 ulla
1696 2176 1812 2216 non

111 2256 382 2326 concipit,
416 2256 537 2311 sola
566 2257 842 2311 nimirum
886 2255 1072 2310 virtus
1113 2253 1604 2322 contemplationis
1647 2252 1814 2307 attin-

112 2347 218 2418 git.
250 2346 358 2403 Ubi
388 2346 540 2400 enim
567 2345 711 2401 nihil
754 2343 1058 2411 materiale,
1105 2357 1208 2398 nec
1255 2343 1408 2412 quod
1455 2341 1811 2397 sensualitati

112 2434 414 2506 subjaceat
440 2434 750 2501 invenitur,
786 2449 902 2489 uno
936 2433 1104 2502 plane
1140 2431 1642 2487 intellectualitatis
1674 2445 1812 2486 acu-

112 2524 273 2581 mine
303 2528 637 2594 penetratur
669 2538 681 2577 :
724 2523 820 2578 illo
855 2521 1053 2592 procul
1093 2521 1270 2577 dubio
1319 2535 1434 2576 uno
1471 2520 1657 2586 oculo,
1718 2519 1812 2574 illo

117 2627 242 2670 uno
270 2611 397 2668 colli
425 2611 515 2666 sui
545 2611 722 2678 crine,
757 2610 812 2664 id
839 2617 922 2666 est
951 2609 1120 2665 unica
1157 2617 1213 2665 et
1243 2607 1580 2664 indivisibili
1609 2609 1814 2678 cogita-

116 2703 344 2758 tionum
400 2700 712 2756 intentione
768 2706 823 2754 et
893 2698 1256 2763 cohibitione,
1318 2711 1437 2768 qua
1492 2711 1702 2766 sponsa
1754 2698 1812 2751 in

117 2789 368 2845 Canticis
430 2802 637 2858 sponso
715 2787 1072 2856 potissimum
1149 2787 1371 2855 placere
1455 2785 1813 2855 dignoscitur

117 2880 316 2948 (Cant.
351 2891 428 2947 iv,
459 2876 536 2946 9).
571 2875 750 2945 Cujus
779 2875 1059 2930 intuitum
1107 2861 1255 2929 sicut
1287 2875 1341 2928 in
1379 2874 1446 2929 iis
1494 2874 1813 2928 tractabili-

113 2965 226 3020 bus
257 2963 464 3020 habere
493 2978 607 3019 non
656 2977 978 3034 possumus,
1034 2963 1110 3017 ita
1160 2964 1414 3018 locorum
1467 2977 1724 3032 corpora,
1759 2969 1814 3017 et

113 3052 238 3108 loca
269 3066 574 3122 corporum
606 3051 665 3107 in
715 3051 870 3107 illius
920 3051 1371 3106 consideratione
1407 3051 1617 3106 sentire
1668 3066 1812 3106 neu-

112 3141 338 3211 tiquam
397 3140 780 3211 pervalemus.
848 3140 1006 3196 Sicut
1051 3139 1110 3194 in
1168 3139 1423 3209 qualibet
1475 3140 1705 3210 pagina,
1766 3139 1812 3194 si

113 3230 456 3286 sententiam
507 3229 1011 3297 contemplativam
1066 3229 1392 3293 attenderis,
1453 3228 1578 3284 aliis
1631 3228 1813 3283 oculis

115 3320 354 3384 litteras,
403 3318 618 3389 quibus
648 3318 930 3373 sententia
975 3318 1322 3383 continetur,
1381 3317 1630 3386 inspicis,
1689 3317 1814 3372 aliis

115 3409 225 3464 hoc
253 3408 462 3478 ipsum,
507 3407 661 3477 quod
690 3407 812 3462 sola
855 3405 1075 3462 ratione
1126 3406 1436 3476 colligitur,
1471 3405 1815 3475 contempla-

114 3511 215 3552 I‘IS.
677 3521 694 3527 ’

184 3586 270 3641 Ad
306 3584 428 3640 haec
451 3591 643 3640 autem
675 3584 762 3640 vis
794 3583 1273 3651 imaginationum
1294 3583 1456 3638 nulla
1494 3598 1553 3638 se
1574 3584 1808 3650 confert,

114 3675 256 3746 quia
291 3675 392 3730 ubi
415 3687 516 3729 nec
541 3673 948 3742 temporalitas,
975 3686 1078 3728 nec
1115 3671 1517 3741 temporalitati
1563 3672 1815 3727 obnoxia

115 3763 295 3819 moles
351 3763 551 3832 aliqua
609 3761 784 3816 menti
846 3776 905 3817 se
955 3762 1180 3832 ingerit,
1242 3761 1386 3815 nihil
1441 3760 1654 3827 visum,
1713 3768 1814 3815 aut

115 3852 270 3922 quod
293 3851 476 3906 videri
509 3851 700 3920 possit,
733 3851 990 3906 exterius
1020 3851 1076 3904 in
1109 3864 1168 3905 se
1198 3849 1466 3905 admittit.
1501 3849 1638 3915 Quae
1658 3848 1811 3904 enim

113 3940 346 3997 nonnisi
406 3940 616 3996 formas
701 3948 756 3996 et
815 3939 1284 4009 corruptibilium
1341 3939 1812 3994 consuetudinem

116 4028 332 4098 recipit,
366 4042 588 4098 semper
629 4028 922 4083 tenuitatis
972 4027 1272 4097 impatiens
1327 4027 1672 4082 usitatarum
1731 4041 1816 4082 re-

115 4132 246 4174 rum
283 4117 669 4172 recordatione
715 4115 1033 4186 grossescit.
1088 4115 1246 4179 Quod
1292 4115 1337 4170 si
1372 4116 1445 4170 ad
1496 4116 1814 4186 quamlibet

114 4208 356 4275 speciem
405 4204 737 4260 subtilitatis
788 4204 922 4259 velit
981 4204 1142 4269 eniti,
1201 4219 1314 4259 non
1375 4204 1484 4258 nisi
1561 4213 1812 4261 externa:

115 4293 351 4349 visionis
379 4300 617 4348 extrusa
667 4292 990 4362 frequentia
1036 4292 1106 4346 ad
1140 4292 1544 4347 intellectualia
1595 4293 1812 4348 discer-

116 4383 308 4437 nenda
349 4381 500 4436 valet
540 4381 775 4436 intendi.
826 4381 964 4436 Inde
1011 4389 1066 4437 et
1109 4381 1304 4435 clauso
1351 4381 1494 4435 ostio
1536 4381 1814 4451 iubemur

1853 1897 1893 1950 Β
1928 1903 2174 1964 portant.
2207 1897 2352 1953 Cum
2380 1898 2535 1955 enim
2564 1899 2621 1954 in
2654 1901 2752 1957 Dei
2799 1903 3019 1959 visione
3061 1905 3338 1965 Ezechiel,
3383 1913 3438 1962 et
3482 1920 3621 1962 ven-

1923 1992 2044 2039 tum
2069 1985 2315 2041 turbinis
2334 1995 2389 2042 et
2411 1989 2760 2058 aquilonem,
2785 1992 2994 2046 nubem
3038 2007 3305 2063 magnam
3328 2003 3383 2049 et
3429 1996 3622 2066 ignem

1922 2073 2328 2139 involventem,
2382 2075 2736 2144 splendorem
2789 2079 2844 2133 in
2891 2081 3156 2145 circuitu,
3205 2091 3459 2150 quatuor
3505 2083 3623 2138 ani-

1923 2162 2095 2217 malia
2121 2163 2504 2232 quadrifidam
2540 2165 2810 2221 habentia
2850 2168 3084 2236 speciem
3112 2170 3332 2239 (Ezech.
3377 2187 3413 2235 ι,
3449 2172 3502 2236 4,
3545 2173 3617 2241 5),

1923 2265 2052 2307 cum
2101 2253 2273 2307 etiam
2320 2253 2626 2309 zediﬁcium
2677 2255 2735 2310 in
2791 2265 2982 2312 monte
3022 2260 3209 2313 metiri
3269 2260 3620 2330 conspiceret

1923 2341 2153 2410 (Ezech.
2188 2357 2279 2406 XL,
2305 2342 2382 2411 5),
2412 2343 2552 2412 quid
2587 2345 2744 2400 aliud
2781 2360 2956 2414 quam
2991 2345 3208 2417 efﬁgies
3251 2349 3619 2417 corporalita-

1923 2437 2044 2485 tum
2082 2431 2439 2500 praescriptas
2461 2433 2721 2502 aspexit?
2765 2434 2844 2488 lbi
2893 2434 3112 2502 limina,
3156 2436 3233 2490 ibi
3280 2445 3475 2505 portae,
3540 2436 3618 2492 ibi

1921 2518 2206 2574 vestibula
2243 2527 2298 2574 et
2343 2520 2620 2587 fenestra,
2685 2521 2760 2577 ibi
2808 2523 2896 2578 vir
2951 2524 3060 2579 sub
3108 2525 3291 2592 specie
3341 2525 3487 2586 aeris,
3539 2526 3617 2580 ibi

1921 2608 2178 2664 calamus
2207 2608 2618 2678 funiculusque
2650 2612 2946 2676 mensoris,
2977 2611 3119 2677 Quid
3155 2612 3356 2681 plura?
3395 2613 3479 2668 Ibi
3520 2622 3621 2670 aut

1922 2711 2161 2766 corpora
2237 2705 2338 2752 aut
2409 2698 2811 2755 similitudines
2883 2715 3187 2769 corporum
3248 2709 3618 2769 contuentur,

1923 2797 2028 2838 nec
2083 2784 2238 2839 aliud
2281 2785 2574 2854 quidpiam
2631 2788 2981 2856 pervidetur,
3016 2789 3170 2858 quod
3237 2804 3352 2844 non
3407 2790 3621 2846 formas

1924 2872 2288 2940 praesentium
2327 2875 2712 2944 undecunque
2733 2877 3042 2946 resculpat.
3076 2879 3192 2934 Hoc
3228 2879 3424 2945 Isaias,
3466 2881 3620 2936 Iere-

1924 2960 2086 3027 mias,
2121 2961 2338 3028 Daniel,
2362 2970 2416 3017 et
2446 2963 2490 3017 si
2535 2965 2636 3033 qui
2669 2965 2786 3031 alii,
2817 2967 3034 3035 quibus
3073 2981 3132 3022 se
3179 2967 3618 3037 conspicabilem

1923 3055 2230 3124 praebuerit
2260 3057 2428 3122 Deus,
2467 3071 2580 3112 non
2627 3059 2883 3126 veritate,
2936 3061 3031 3115 sed
3077 3061 3255 3130 signis
3301 3075 3369 3116 ac
3419 3061 3620 3132 figuris

1921 3145 2244 3211 enuntiant,
2278 3145 2413 3200 dum
2465 3147 2668 3202 solium
2719 3148 2817 3203 Dei
2856 3163 2913 3204 se
2963 3149 3173 3204 vidisse
3229 3149 3614 3213 declamitant,

1923 3241 1977 3289 et
2007 3233 2127 3288 solii
2169 3235 2409 3304 speciem
2443 3236 2692 3304 saphiro,
2747 3251 2814 3291 ac
2862 3237 3210 3307 chrysolitho
3260 3245 3614 3308 comparant.

1993 3321 2134 3378 Cum
2154 3321 2308 3392 {ergo
2338 3323 2590 3378 divinam
2632 3323 2875 3380 formam
2919 3334 3020 3382 aut
3064 3327 3184 3397 igni
3242 3335 3614 3396 comportent,

1923 3408 2102 3463 autin
2136 3410 2420 3466 humanas
2443 3413 2806 3468 habitudines
2845 3429 2947 3483 per
2981 3416 3369 3471 membrorum
3417 3417 3617 3486 singu-

1923 3495 2107 3552 lorum
2139 3498 2368 3553 schema
2395 3499 2762 3566 distribuant,
2795 3515 2908 3555 non
2935 3509 3018 3556 est
3053 3503 3127 3557 ibi
3159 3503 3313 3572 quod
3357 3503 3427 3558 de
3478 3516 3618 3558 vera

1922 3585 2324 3653 omnipotentis
2357 3587 2452 3640 Dei
2482 3587 2841 3657 simplicitate
2865 3589 3108 3652 dicatur,
3151 3604 3282 3644 cum
3328 3589 3616 3659 quidquid

1923 3673 1992 3727 de
2033 3673 2128 3728 illo
2183 3673 2647 3744 incirconscripto
2712 3677 2926 3746 agitur,
2983 3677 3375 3745 corporalibus
3423 3691 3616 3749 angu-

1923 3761 2044 3816 stiis
2096 3763 2499 3831 comprehendi
2555 3778 2716 3833 posse
2778 3771 3030 3833 putetur.
3084 3765 3173 3820 Nil
3203 3766 3356 3821 enim
3409 3765 3482 3821 ibi
3532 3774 3616 3822 est

1923 3851 2074 3919 quod
2106 3853 2423 3907 secundum
2472 3853 2779 3921 puritatem
2827 3853 3187 3922 sempiternae
3227 3855 3486 3910 essentite
3524 3854 3616 3910 di-

1923 3938 2178 4005 ctitetur;
2234 3948 2318 3996 est
2385 3948 2577 3997 autem
2645 3943 2797 4012 quod
2855 3943 3057 4014 figuris
3107 3952 3163 3999 et
3211 3945 3617 4015 :enigmatibus

1923 4027 2062 4083 adeo
2095 4029 2551 4100 praestringatur,
2585 4038 2649 4086 ut
2674 4031 2743 4086 de
2772 4031 2897 4101 ejus
2935 4040 3147 4087 natura
3191 4034 3270 4088 nil
3299 4035 3614 4103 proprium,

1923 4119 2017 4176 sed
2051 4119 2202 4188 quod
2232 4119 2502 4174 membris
2533 4119 2713 4189 ipsius
2752 4120 3052 4190 allegorice
3093 4123 3350 4189 attineat,
3419 4123 3617 4193 praedi-

1922 4216 2100 4264 cetur.
2151 4207 2338 4277 Signis
2385 4208 2564 4278 igitur
2611 4222 2678 4263 ac
2717 4209 2918 4279 ﬁguris
2956 4224 3087 4265 cum
3136 4211 3378 4266 univera
3427 4214 3614 4270 consi-

1923 4304 2095 4362 stant,
2128 4303 2181 4351 et
2215 4297 2269 4350 in
2302 4297 2520 4352 Veteris
2548 4297 2890 4352 Testamenti
2925 4299 3261 4355 auctoribus
3293 4301 3435 4355 nihil
3461 4301 3615 4371 quod

1923 4385 1990 4440 de
2021 4385 2134 4439 Deo
2187 4383 2483 4439 essentiale
2536 4385 2821 4453 credatur,
2862 4387 3108 4441 inveniri
3162 4395 3356 4456 queat,
3412 4396 3617 4457 praeter

115 4484 283 4525 orare
315 4470 536 4525 Patrem
567 4469 793 4536 (Matth.
827 4483 907 4535 χι,
948 4469 1022 4538 6).
1062 4471 1176 4524 Hoc
1207 4475 1262 4523 et
1316 4469 1586 4540 primum,
1619 4478 1673 4524 et
1719 4485 1810 4526 se—
1848 4489 1892 4542 Ι)
1925 4472 2066 4527 illud
2109 4487 2122 4526 :
2161 4495 2182 4521 ι
2220 4475 2341 4543 Ego
2363 4488 2492 4528 sum
2519 4474 2791 4543 quisum.
2826 4497 2853 4524 »
2885 4475 2954 4530 Et
2989 4491 3001 4529 :
3037 4496 3056 4523 ι
3095 4475 3198 4541 Qui
3232 4483 3313 4530 est
3345 4475 3496 4529 misit
3527 4488 3614 4528 me

116 4558 396 4624 cundum,
446 4565 500 4613 et
551 4557 778 4613 tertium
829 4557 1056 4625 coelum,
1108 4558 1177 4612 de
1225 4573 1340 4627 quo
1373 4558 1679 4627 Apostolus
1718 4559 1817 4626 (II

115 4649 239 4703 Cor.
271 4662 330 4712 ιι,
359 4649 430 4708 9.).
475 4646 594 4702 Hoc
623 4645 800 4716 igitur
829 4646 994 4701 modo
1039 4661 1170 4702 cum
1220 4647 1596 4716 spiritualitas
1646 4649 1812 4718 quasi

114 4735 184 4789 ad
217 4735 509 4805 quoddam
555 4734 866 4789 aethereum
909 4734 1116 4789 coelum
1161 4742 1215 4790 et
1270 4735 1410 4803 sola,
1459 4743 1512 4790 et
1549 4749 1582 4789 a
1640 4744 1811 4792 terre-

114 4823 203 4878 nis
229 4822 504 4877 omnibus
533 4822 862 4878 incomitata
909 4823 1294 4893 progreditur,
1336 4823 1658 4892 specialiter
1696 4825 1810 4893 spi-

111 4911 421 4968 ritualibus
473 4911 796 4981 spiritualia
860 4921 1170 4980 comparat,
1241 4913 1382 4968 dum
1443 4913 1809 4968 intellectuali

109 5000 430 5056 subtilitate
455 4999 821 5070 incorporeas
853 4999 981 5056 illas
1019 5001 1229 5070 species
1281 5001 1482 5057 mundi
1527 5001 1814 5058 interioris

111 5087 430 5144 examinat.

179 5178 207 5243 §
235 5176 303 5231 II.
347 5174 610 5230 Visiones
623 5175 685 5229 in
710 5174 897 5230 sacris
921 5176 1234 5248 Scripturis
1261 5178 1445 5234 menti
1471 5178 1656 5233 solum
1682 5195 1811 5233 cor-

103 5278 318 5334 pareas
336 5263 605 5334 ingerunt
626 5261 926 5334 imagines.
958 5293 1027 5303 —
1059 5263 1163 5319 Sed
1199 5264 1354 5335 quod
1386 5264 1630 5320 dicimus
1665 5279 1811 5334 prae—

112 5350 307 5419 pedire
328 5349 497 5405 valde
524 5363 823 5406 sacrarum
849 5350 906 5405 in
939 5351 1124 5407 Veteri
1159 5365 1224 5407 ac
1259 5351 1416 5407 Novo
1454 5353 1813 5409 Testamento

115 5438 402 5494 visionum
457 5438 730 5494 videntur
776 5439 1046 5506 historiae,
1097 5454 1228 5510 quae
1276 5441 1348 5495 ad
1404 5440 1566 5496 illum
1605 5451 1813 5498 evectae

115 5536 329 5584 statum
384 5527 610 5583 nonnisi
652 5541 888 5597 corpore
933 5541 1132 5585 earum
1183 5528 1501 5600 imaginum
1551 5530 1674 5585 visa
1719 5545 1812 5587 re-

1929 4560 2001 4614 ad
2032 4575 2134 4616 vos
2166 4560 2375 4632 (Exod.
2404 4577 2482 4627 ιιι,
2521 4562 2624 4632 14),
2663 4585 2683 4610 ι
2727 4572 2932 4619 czetera
2964 4578 3094 4632 quae
3125 4564 3192 4618 de
3237 4577 3302 4617 eo
3350 4563 3617 4618 feruntur

1919 4655 2212 4717 tantopere
2249 4650 2518 4704 humanae
2550 4651 2979 4706 consuetudinis
3019 4651 3172 4705 dicta
3225 4651 3489 4721 factaque
3526 4665 3614 4706 re-

1921 4736 2130 4803 dolent,
2161 4741 2307 4792 utin
2335 4738 2492 4792 omni
2529 4747 2730 4807 praeter
2772 4747 3062 4807 peccatum
3097 4739 3359 4807 passione
3405 4739 3616 4794 nostris

1921 4826 2180 4880 moribus
2208 4825 2297 4880 vel
2319 4827 2569 4881 motibus
2596 4841 2807 4882 morem
2841 4834 3062 4897 gerant.

1995 4914 2126 4969 iizec
2147 4913 2380 4983 quidem
2412 4914 2562 4984 apud
2595 4915 2864 4984 antiquos
2897 4930 3040 4984 pene
3068 4917 3262 4972 omnia
3296 4917 3614 4987 figuraliter

1921 5003 2224 5073 contigisse
2271 5003 2686 5073 cognoscimus,
2735 5012 3048 5073 testemque
3099 5007 3426 5075 Apostolum
3483 5006 3614 5062 hinc

1923 5090 2200 5147 habemus
2230 5091 2286 5161 (I
2315 5094 2436 5148 Cor.
2471 5107 2528 5157 χ,
2564 5093 2666 5162 tl).
2707 5092 2814 5148 Sed
2846 5101 2899 5148 et
2938 5093 2995 5147 in
3043 5093 3201 5150 Novo
3257 5095 3616 5151 Testamento

1922 5193 2035 5234 non
2069 5179 2235 5250 longe
2272 5194 2437 5235 secus
2485 5194 2552 5234 ac
2606 5180 2748 5235 alias
2789 5195 2848 5236 se
2889 5194 2981 5236 res
3029 5183 3216 5248 habet,
3268 5182 3406 5237 dum
3453 5197 3614 5252 quie-

1921 5282 2156 5339 cunque
2197 5273 2346 5322 300
2394 5269 2453 5323 in
2502 5269 2836 5338 Apocalypsi
2890 5269 3184 5336 dicuntur,
3237 5285 3271 5325 a
3326 5271 3523 5326 formis
3554 5273 3614 5326 in

1895 5357 2083 5413 .nullo
2143 5357 2482 5413 extrinsecis
2556 5357 2855 5413 dissentire
2922 5358 3213 5414 videntur.
3275 5359 3408 5415 Vide
3478 5375 3616 5431 ergo

1922 5460 2100 5514 quam
2132 5445 2222 5500 die
2254 5445 2546 5501 Dominica
2575 5455 2630 5503 et
2656 5447 2825 5516 cujus
2859 5460 2927 5502 ac
2971 5447 3019 5502 si
3071 5448 3618 5517 circumscriptionis

1925 5531 2165 5588 formam
2198 5532 2418 5590 viderit.
2460 5533 2529 5587 Et
2567 5548 2932 5606 summopere
2968 5542 3158 5593 tamen
3206 5537 3618 5595 attendendum
