  <div class='ocr_page' id='page_1' title='image "/cluster/home/n/w/nwhite01/storage/ocr_20150623/156/hvd.32044054760145/339.png"; bbox 0 0 3920 6080; ppageno 0'>
   <div class='ocr_carea' id='block_1_1' title="bbox 264 218 366 269">
    <p class='ocr_par' dir='ltr' id='par_1_1' title="bbox 264 218 366 269">
     <span class='ocr_line' id='line_1_1' title="bbox 264 218 366 269; baseline 0 0"><span class='ocrx_word' id='word_1_1' title='bbox 264 218 366 269; x_wconf 76' lang='lat'><strong>667</strong></span> 
     </span>
    </p>
   </div>
   <div class='ocr_carea' id='block_1_2' title="bbox 1177 207 2877 267">
    <p class='ocr_par' dir='ltr' id='par_1_2' title="bbox 1177 207 2877 267">
     <span class='ocr_line' id='line_1_2' title="bbox 1177 207 2877 267; baseline 0 -4"><span class='ocrx_word' id='word_1_2' title='bbox 1177 212 1236 263; x_wconf 88' lang='lat' dir='ltr'><strong>V.</strong></span> <span class='ocrx_word' id='word_1_3' title='bbox 1280 208 1608 267; x_wconf 80' lang='lat' dir='ltr'><strong>GUIBERTI</strong></span> <span class='ocrx_word' id='word_1_4' title='bbox 1646 207 1938 263; x_wconf 81' lang='lat' dir='ltr'><strong>ABBATIS</strong></span> <span class='ocrx_word' id='word_1_5' title='bbox 1975 208 2030 263; x_wconf 90' lang='lat' dir='ltr'><strong>S.</strong></span> <span class='ocrx_word' id='word_1_6' title='bbox 2074 208 2318 264; x_wconf 68' lang='lat' dir='ltr'><strong>MARIAS</strong></span> <span class='ocrx_word' id='word_1_7' title='bbox 2355 208 2445 262; x_wconf 86' lang='lat' dir='ltr'><strong>DE</strong></span> <span class='ocrx_word' id='word_1_8' title='bbox 2483 207 2877 265; x_wconf 86' lang='lat' dir='ltr'><strong>NUVIGENTO</strong></span> 
     </span>
    </p>
   </div>
   <div class='ocr_carea' id='block_1_3' title="bbox 3655 211 3759 262">
    <p class='ocr_par' dir='ltr' id='par_1_3' title="bbox 3655 211 3759 262">
     <span class='ocr_line' id='line_1_3' title="bbox 3655 211 3759 262; baseline 0 0"><span class='ocrx_word' id='word_1_9' title='bbox 3655 211 3759 262; x_wconf 84' lang='lat'><strong>668</strong></span> 
     </span>
    </p>
   </div>
   <div class='ocr_carea' id='block_1_4' title="bbox 265 339 3764 419">
    <p class='ocr_par' dir='ltr' id='par_1_4' title="bbox 265 339 3764 419">
     <span class='ocr_line' id='line_1_4' title="bbox 265 339 3764 419; baseline -0.003 -16"><span class='ocrx_word' id='word_1_10' title='bbox 265 345 420 419; x_wconf 90' lang='lat' dir='ltr'><strong>quod</strong></span> <span class='ocrx_word' id='word_1_11' title='bbox 445 345 657 402; x_wconf 89' lang='lat' dir='ltr'><strong>dicitur</strong></span> <span class='ocrx_word' id='word_1_12' title='bbox 689 359 702 399; x_wconf 92' lang='lat'><strong><em>:</em></strong></span> <span class='ocrx_word' id='word_1_13' title='bbox 737 365 764 394; x_wconf 74' lang='grc' dir='ltr'><strong>α</strong></span> <span class='ocrx_word' id='word_1_14' title='bbox 786 342 896 400; x_wconf 87' lang='lat' dir='ltr'><strong>Fui</strong></span> <span class='ocrx_word' id='word_1_15' title='bbox 936 343 1000 397; x_wconf 84' lang='lat' dir='ltr'><strong>in</strong></span> <span class='ocrx_word' id='word_1_16' title='bbox 1033 341 1245 413; x_wconf 78' lang='lat' dir='ltr'><strong>spiritu</strong></span> <span class='ocrx_word' id='word_1_17' title='bbox 1275 343 1479 413; x_wconf 73' lang='lat' dir='ltr'><strong>(Apoc.</strong></span> <span class='ocrx_word' id='word_1_18' title='bbox 1511 357 1546 409; x_wconf 88' lang='grc' dir='ltr'><strong>ι,</strong></span> <span class='ocrx_word' id='word_1_19' title='bbox 1592 341 1696 412; x_wconf 78' lang='grc'><strong>10).</strong></span> <span class='ocrx_word' id='word_1_20' title='bbox 1738 362 1757 389; x_wconf 73' lang='grc' dir='ltr'><strong>ο</strong></span> <span class='ocrx_word' id='word_1_21' title='bbox 1814 339 1962 407; x_wconf 85' lang='lat' dir='ltr'><strong>Quid</strong></span> <span class='ocrx_word' id='word_1_22' title='bbox 1997 339 2042 394; x_wconf 77' lang='grc' dir='ltr'>Α</span> <span class='ocrx_word' id='word_1_23' title='bbox 2072 340 2407 409; x_wconf 88' lang='lat' dir='ltr'><strong>quotidiano</strong></span> <span class='ocrx_word' id='word_1_24' title='bbox 2436 340 2702 397; x_wconf 82' lang='lat' dir='ltr'><strong>animalis</strong></span> <span class='ocrx_word' id='word_1_25' title='bbox 2733 341 2920 397; x_wconf 91' lang='lat' dir='ltr'><strong>nescio</strong></span> <span class='ocrx_word' id='word_1_26' title='bbox 2950 340 3121 412; x_wconf 89' lang='lat' dir='ltr'>cujus</span> <span class='ocrx_word' id='word_1_27' title='bbox 3157 354 3354 396; x_wconf 90' lang='lat' dir='ltr'><strong>morsu</strong></span> <span class='ocrx_word' id='word_1_28' title='bbox 3389 353 3638 406; x_wconf 90' lang='lat' dir='ltr'><strong>corrosa,</strong></span> <span class='ocrx_word' id='word_1_29' title='bbox 3673 353 3764 409; x_wconf 88' lang='lat' dir='ltr'><strong>pe-</strong></span> 
     </span>
    </p>
   </div>
   <div class='ocr_carea' id='block_1_5' title="bbox 265 431 1962 504">
    <p class='ocr_par' dir='ltr' id='par_1_5' title="bbox 265 431 1962 504">
     <span class='ocr_line' id='line_1_5' title="bbox 265 431 1962 504; baseline -0.004 -12"><span class='ocrx_word' id='word_1_30' title='bbox 265 444 349 492; x_wconf 89' lang='lat' dir='ltr'><strong>est</strong></span> <span class='ocrx_word' id='word_1_31' title='bbox 384 435 466 491; x_wconf 88' lang='lat' dir='ltr'><strong>fui</strong></span> <span class='ocrx_word' id='word_1_32' title='bbox 513 436 571 491; x_wconf 91' lang='lat' dir='ltr'><strong>in</strong></span> <span class='ocrx_word' id='word_1_33' title='bbox 604 433 851 504; x_wconf 75' lang='lat' dir='ltr'><strong>spiritu?</strong></span> <span class='ocrx_word' id='word_1_34' title='bbox 905 431 1126 488; x_wconf 79' lang='lat' dir='ltr'><strong>Scilicet</strong></span> <span class='ocrx_word' id='word_1_35' title='bbox 1171 432 1228 486; x_wconf 93' lang='lat' dir='ltr'><strong>in</strong></span> <span class='ocrx_word' id='word_1_36' title='bbox 1283 431 1670 501; x_wconf 78' lang='lat' dir='ltr'><strong>spiritualium</strong></span> <span class='ocrx_word' id='word_1_37' title='bbox 1718 440 1962 487; x_wconf 89' lang='lat' dir='ltr'><strong>contem-</strong></span> 
     </span>
    </p>
   </div>
   <div class='ocr_carea' id='block_1_6' title="bbox 267 520 1961 596">
    <p class='ocr_par' dir='ltr' id='par_1_6' title="bbox 267 520 1961 596">
     <span class='ocr_line' id='line_1_6' title="bbox 267 520 1961 596; baseline -0.002 -16"><span class='ocrx_word' id='word_1_38' title='bbox 267 525 533 596; x_wconf 87' lang='lat' dir='ltr'><strong>platione.</strong></span> <span class='ocrx_word' id='word_1_39' title='bbox 570 524 634 578; x_wconf 88' lang='lat' dir='ltr'><strong>In</strong></span> <span class='ocrx_word' id='word_1_40' title='bbox 670 521 878 591; x_wconf 76' lang='lat' dir='ltr'><strong>spiritu</strong></span> <span class='ocrx_word' id='word_1_41' title='bbox 901 521 1054 576; x_wconf 91' lang='lat' dir='ltr'><strong>enim</strong></span> <span class='ocrx_word' id='word_1_42' title='bbox 1082 535 1197 575; x_wconf 91' lang='lat' dir='ltr'><strong>non</strong></span> <span class='ocrx_word' id='word_1_43' title='bbox 1239 521 1455 587; x_wconf 88' lang='lat' dir='ltr'><strong>fuisset,</strong></span> <span class='ocrx_word' id='word_1_44' title='bbox 1503 520 1608 576; x_wconf 85' lang='lat' dir='ltr'><strong>nisi</strong></span> <span class='ocrx_word' id='word_1_45' title='bbox 1642 521 1795 591; x_wconf 88' lang='lat' dir='ltr'><strong>quod</strong></span> <span class='ocrx_word' id='word_1_46' title='bbox 1838 521 1961 590; x_wconf 91' lang='lat' dir='ltr'><strong>spi-</strong></span> 
     </span>
    </p>
   </div>
   <div class='ocr_carea' id='block_1_7' title="bbox 266 609 1960 680">
    <p class='ocr_par' dir='ltr' id='par_1_7' title="bbox 266 609 1960 680">
     <span class='ocr_line' id='line_1_7' title="bbox 266 609 1960 680; baseline -0.003 -11"><span class='ocrx_word' id='word_1_47' title='bbox 266 613 472 669; x_wconf 89' lang='lat' dir='ltr'><strong>rituale</strong></span> <span class='ocrx_word' id='word_1_48' title='bbox 496 618 600 677; x_wconf 89' lang='lat' dir='ltr'><strong>est,</strong></span> <span class='ocrx_word' id='word_1_49' title='bbox 629 610 1008 679; x_wconf 90' lang='lat' dir='ltr'><strong>conspicuum</strong></span> <span class='ocrx_word' id='word_1_50' title='bbox 1050 609 1358 664; x_wconf 84' lang='lat' dir='ltr'><strong>habuisset.</strong></span> <span class='ocrx_word' id='word_1_51' title='bbox 1392 609 1445 664; x_wconf 91' lang='lat' dir='ltr'><strong>Si</strong></span> <span class='ocrx_word' id='word_1_52' title='bbox 1490 623 1625 680; x_wconf 91' lang='lat' dir='ltr'><strong>ergo</strong></span> <span class='ocrx_word' id='word_1_53' title='bbox 1659 609 1802 664; x_wconf 86' lang='lat' dir='ltr'><strong>nihil</strong></span> <span class='ocrx_word' id='word_1_54' title='bbox 1850 609 1960 664; x_wconf 87' lang='lat' dir='ltr'><strong>nisi</strong></span> 
     </span>
    </p>
   </div>
   <div class='ocr_carea' id='block_1_8' title="bbox 267 697 1960 771">
    <p class='ocr_par' dir='ltr' id='par_1_8' title="bbox 267 697 1960 771">
     <span class='ocr_line' id='line_1_8' title="bbox 267 697 1960 771; baseline -0.003 -14"><span class='ocrx_word' id='word_1_55' title='bbox 267 699 565 771; x_wconf 89' lang='lat' dir='ltr'><strong>spirituale</strong></span> <span class='ocrx_word' id='word_1_56' title='bbox 611 699 991 768; x_wconf 90' lang='lat' dir='ltr'><strong>conspicuum</strong></span> <span class='ocrx_word' id='word_1_57' title='bbox 1040 698 1146 754; x_wconf 89' lang='lat' dir='ltr'><strong>sibi</strong></span> <span class='ocrx_word' id='word_1_58' title='bbox 1181 697 1308 764; x_wconf 91' lang='lat' dir='ltr'><strong>fuit,</strong></span> <span class='ocrx_word' id='word_1_59' title='bbox 1355 698 1497 767; x_wconf 91' lang='lat' dir='ltr'><strong>quid</strong></span> <span class='ocrx_word' id='word_1_60' title='bbox 1531 707 1615 753; x_wconf 90' lang='lat' dir='ltr'><strong>est</strong></span> <span class='ocrx_word' id='word_1_61' title='bbox 1654 699 1806 769; x_wconf 92' lang='lat' dir='ltr'><strong>quod</strong></span> <span class='ocrx_word' id='word_1_62' title='bbox 1851 699 1960 753; x_wconf 91' lang='lat' dir='ltr'><strong>nisi</strong></span> 
     </span>
    </p>
   </div>
   <div class='ocr_carea' id='block_1_9' title="bbox 265 787 1962 857">
    <p class='ocr_par' dir='ltr' id='par_1_9' title="bbox 265 787 1962 857">
     <span class='ocr_line' id='line_1_9' title="bbox 265 787 1962 857; baseline -0.001 -13"><span class='ocrx_word' id='word_1_63' title='bbox 265 789 478 844; x_wconf 82' lang='lat' dir='ltr'><strong>formas</strong></span> <span class='ocrx_word' id='word_1_64' title='bbox 535 801 834 857; x_wconf 90' lang='lat' dir='ltr'><strong>corporeas</strong></span> <span class='ocrx_word' id='word_1_65' title='bbox 873 787 1060 843; x_wconf 79' lang='lat' dir='ltr'><strong>dicere</strong></span> <span class='ocrx_word' id='word_1_66' title='bbox 1104 802 1217 842; x_wconf 92' lang='lat' dir='ltr'><strong>non</strong></span> <span class='ocrx_word' id='word_1_67' title='bbox 1255 787 1459 856; x_wconf 89' lang='lat' dir='ltr'><strong>potuit,</strong></span> <span class='ocrx_word' id='word_1_68' title='bbox 1499 800 1646 856; x_wconf 91' lang='lat' dir='ltr'><strong>quas</strong></span> <span class='ocrx_word' id='word_1_69' title='bbox 1674 787 1962 842; x_wconf 79' lang='lat' dir='ltr'><strong>duntaxat</strong></span> 
     </span>
    </p>
   </div>
   <div class='ocr_carea' id='block_1_10' title="bbox 266 875 871 947">
    <p class='ocr_par' dir='ltr' id='par_1_10' title="bbox 266 875 871 947">
     <span class='ocr_line' id='line_1_10' title="bbox 266 875 871 947; baseline -0.002 -15"><span class='ocrx_word' id='word_1_70' title='bbox 266 891 384 947; x_wconf 68' lang='lat' dir='ltr'><strong>pra:</strong></span> <span class='ocrx_word' id='word_1_71' title='bbox 416 875 598 931; x_wconf 89' lang='lat' dir='ltr'><strong>oculis</strong></span> <span class='ocrx_word' id='word_1_72' title='bbox 631 875 871 932; x_wconf 83' lang='lat' dir='ltr'><strong>habuit?</strong></span> 
     </span>
    </p>
   </div>
   <div class='ocr_carea' id='block_1_11' title="bbox 333 963 1962 1034">
    <p class='ocr_par' dir='ltr' id='par_1_11' title="bbox 333 963 1962 1034">
     <span class='ocr_line' id='line_1_11' title="bbox 333 963 1962 1034; baseline 0.001 -15"><span class='ocrx_word' id='word_1_73' title='bbox 333 964 579 1020; x_wconf 80' lang='lat' dir='ltr'><strong>Attende</strong></span> <span class='ocrx_word' id='word_1_74' title='bbox 629 964 824 1034; x_wconf 85' lang='lat' dir='ltr'><strong>itaque</strong></span> <span class='ocrx_word' id='word_1_75' title='bbox 879 963 1090 1020; x_wconf 59' lang='lat' dir='ltr'><strong>divinae</strong></span> <span class='ocrx_word' id='word_1_76' title='bbox 1142 963 1539 1034; x_wconf 85' lang='lat' dir='ltr'><strong>descriptionis</strong></span> <span class='ocrx_word' id='word_1_77' title='bbox 1585 964 1811 1020; x_wconf 90' lang='lat' dir='ltr'><strong>nonnisi</strong></span> <span class='ocrx_word' id='word_1_78' title='bbox 1857 965 1962 1020; x_wconf 91' lang='lat' dir='ltr'><strong>hu-</strong></span> 
     </span>
    </p>
   </div>
   <div class='ocr_carea' id='block_1_12' title="bbox 263 1053 1960 1124">
    <p class='ocr_par' dir='ltr' id='par_1_12' title="bbox 263 1053 1960 1124">
     <span class='ocr_line' id='line_1_12' title="bbox 263 1053 1960 1124; baseline 0.001 -16"><span class='ocrx_word' id='word_1_79' title='bbox 263 1066 503 1109; x_wconf 90' lang='lat' dir='ltr'><strong>manum</strong></span> <span class='ocrx_word' id='word_1_80' title='bbox 531 1053 792 1119; x_wconf 89' lang='lat' dir='ltr'><strong>modum;</strong></span> <span class='ocrx_word' id='word_1_81' title='bbox 828 1053 1056 1108; x_wconf 89' lang='lat' dir='ltr'><strong>attende</strong></span> <span class='ocrx_word' id='word_1_82' title='bbox 1090 1053 1344 1124; x_wconf 85' lang='lat' dir='ltr'><strong>gladium</strong></span> <span class='ocrx_word' id='word_1_83' title='bbox 1378 1054 1462 1109; x_wconf 91' lang='lat' dir='ltr'><strong>bis</strong></span> <span class='ocrx_word' id='word_1_84' title='bbox 1509 1063 1766 1120; x_wconf 90' lang='lat' dir='ltr'><strong>acutum,</strong></span> <span class='ocrx_word' id='word_1_85' title='bbox 1816 1069 1960 1110; x_wconf 88' lang='lat' dir='ltr'><strong>can-</strong></span> 
     </span>
    </p>
   </div>
   <div class='ocr_carea' id='block_1_13' title="bbox 263 1141 1959 1212">
    <p class='ocr_par' dir='ltr' id='par_1_13' title="bbox 263 1141 1959 1212">
     <span class='ocr_line' id='line_1_13' title="bbox 263 1141 1959 1212; baseline 0.001 -16"><span class='ocrx_word' id='word_1_86' title='bbox 263 1141 517 1207; x_wconf 90' lang='lat' dir='ltr'><strong>delabra,</strong></span> <span class='ocrx_word' id='word_1_87' title='bbox 547 1145 604 1196; x_wconf 90' lang='lat' dir='ltr'><strong>et</strong></span> <span class='ocrx_word' id='word_1_88' title='bbox 650 1141 869 1210; x_wconf 85' lang='lat' dir='ltr'><strong>stellas;</strong></span> <span class='ocrx_word' id='word_1_89' title='bbox 913 1149 987 1207; x_wconf 88' lang='lat' dir='ltr'><strong>et,</strong></span> <span class='ocrx_word' id='word_1_90' title='bbox 1041 1149 1102 1198; x_wconf 91' lang='lat' dir='ltr'><strong>ut</strong></span> <span class='ocrx_word' id='word_1_91' title='bbox 1143 1142 1214 1197; x_wconf 89' lang='lat' dir='ltr'><strong>ad</strong></span> <span class='ocrx_word' id='word_1_92' title='bbox 1269 1143 1528 1198; x_wconf 89' lang='lat' dir='ltr'><strong>habitum</strong></span> <span class='ocrx_word' id='word_1_93' title='bbox 1578 1143 1826 1212; x_wconf 87' lang='lat' dir='ltr'><strong>redeam,</strong></span> <span class='ocrx_word' id='word_1_94' title='bbox 1871 1143 1959 1198; x_wconf 91' lang='lat' dir='ltr'><strong>la-</strong></span> 
     </span>
    </p>
   </div>
   <div class='ocr_carea' id='block_1_14' title="bbox 263 1229 1960 1308">
    <p class='ocr_par' dir='ltr' id='par_1_14' title="bbox 263 1229 1960 1308">
     <span class='ocr_line' id='line_1_14' title="bbox 263 1229 1960 1308; baseline 0.002 -24"><span class='ocrx_word' id='word_1_95' title='bbox 263 1245 352 1285; x_wconf 80' lang='lat' dir='ltr'><strong>nae</strong></span> <span class='ocrx_word' id='word_1_96' title='bbox 406 1229 550 1285; x_wconf 62' lang='lat' dir='ltr'><strong>albae</strong></span> <span class='ocrx_word' id='word_1_97' title='bbox 572 1229 820 1298; x_wconf 88' lang='lat' dir='ltr'><strong>capillos,</strong></span> <span class='ocrx_word' id='word_1_98' title='bbox 866 1231 1032 1300; x_wconf 90' lang='lat' dir='ltr'><strong>pedes</strong></span> <span class='ocrx_word' id='word_1_99' title='bbox 1089 1231 1417 1286; x_wconf 87' lang='lat' dir='ltr'><strong>aurichalco</strong></span> <span class='ocrx_word' id='word_1_100' title='bbox 1454 1232 1810 1308; x_wconf 87' lang='lat' dir='ltr'><strong>compositos.</strong></span> <span class='ocrx_word' id='word_1_101' title='bbox 1874 1233 1960 1287; x_wconf 89' lang='lat' dir='ltr'><strong>lta</strong></span> 
     </span>
    </p>
   </div>
   <div class='ocr_carea' id='block_1_15' title="bbox 263 1319 1960 1389">
    <p class='ocr_par' dir='ltr' id='par_1_15' title="bbox 263 1319 1960 1389">
     <span class='ocr_line' id='line_1_15' title="bbox 263 1319 1960 1389; baseline 0.001 -15"><span class='ocrx_word' id='word_1_102' title='bbox 263 1319 601 1374; x_wconf 88' lang='lat' dir='ltr'><strong>universum</strong></span> <span class='ocrx_word' id='word_1_103' title='bbox 618 1319 886 1374; x_wconf 90' lang='lat' dir='ltr'><strong>volumen</strong></span> <span class='ocrx_word' id='word_1_104' title='bbox 903 1319 1134 1388; x_wconf 89' lang='lat' dir='ltr'><strong>evolve;</strong></span> <span class='ocrx_word' id='word_1_105' title='bbox 1161 1333 1447 1389; x_wconf 79' lang='lat' dir='ltr'><strong>nusquam</strong></span> <span class='ocrx_word' id='word_1_106' title='bbox 1478 1319 1583 1375; x_wconf 90' lang='lat' dir='ltr'><strong>nisi</strong></span> <span class='ocrx_word' id='word_1_107' title='bbox 1623 1320 1960 1375; x_wconf 89' lang='lat' dir='ltr'><strong>humanitus</strong></span> 
     </span>
    </p>
   </div>
   <div class='ocr_carea' id='block_1_16' title="bbox 263 1407 1958 1477">
    <p class='ocr_par' dir='ltr' id='par_1_16' title="bbox 263 1407 1958 1477">
     <span class='ocr_line' id='line_1_16' title="bbox 263 1407 1958 1477; baseline 0.001 -15"><span class='ocrx_word' id='word_1_108' title='bbox 263 1407 414 1462; x_wconf 85' lang='lat' dir='ltr'><strong>dicta</strong></span> <span class='ocrx_word' id='word_1_109' title='bbox 446 1408 722 1476; x_wconf 72' lang='lat' dir='ltr'><strong>reperies;</strong></span> <span class='ocrx_word' id='word_1_110' title='bbox 757 1423 1048 1477; x_wconf 88' lang='lat' dir='ltr'><strong>nusquam</strong></span> <span class='ocrx_word' id='word_1_111' title='bbox 1093 1423 1206 1464; x_wconf 91' lang='lat' dir='ltr'><strong>non</strong></span> <span class='ocrx_word' id='word_1_112' title='bbox 1246 1409 1372 1464; x_wconf 81' lang='lat' dir='ltr'><strong>dico</strong></span> <span class='ocrx_word' id='word_1_113' title='bbox 1415 1408 1812 1476; x_wconf 89' lang='lat' dir='ltr'><strong>substantiale,</strong></span> <span class='ocrx_word' id='word_1_114' title='bbox 1861 1409 1958 1464; x_wconf 88' lang='lat' dir='ltr'><strong>sed</strong></span> 
     </span>
    </p>
   </div>
   <div class='ocr_carea' id='block_1_17' title="bbox 261 1496 1956 1567">
    <p class='ocr_par' dir='ltr' id='par_1_17' title="bbox 261 1496 1956 1567">
     <span class='ocr_line' id='line_1_17' title="bbox 261 1496 1956 1567; baseline 0.001 -17"><span class='ocrx_word' id='word_1_115' title='bbox 261 1496 558 1551; x_wconf 88' lang='lat' dir='ltr'><strong>essentiale</strong></span> <span class='ocrx_word' id='word_1_116' title='bbox 589 1497 808 1566; x_wconf 90' lang='lat' dir='ltr'><strong>aliquid</strong></span> <span class='ocrx_word' id='word_1_117' title='bbox 837 1497 904 1552; x_wconf 90' lang='lat' dir='ltr'><strong>de</strong></span> <span class='ocrx_word' id='word_1_118' title='bbox 933 1498 1045 1552; x_wconf 88' lang='lat' dir='ltr'><strong>Deo</strong></span> <span class='ocrx_word' id='word_1_119' title='bbox 1079 1497 1486 1567; x_wconf 86' lang='lat' dir='ltr'><strong>ibiprofertur;</strong></span> <span class='ocrx_word' id='word_1_120' title='bbox 1521 1497 1568 1552; x_wconf 90' lang='lat' dir='ltr'><strong>si</strong></span> <span class='ocrx_word' id='word_1_121' title='bbox 1598 1497 1738 1567; x_wconf 89' lang='lat' dir='ltr'><strong>quid</strong></span> <span class='ocrx_word' id='word_1_122' title='bbox 1765 1505 1956 1553; x_wconf 88' lang='lat' dir='ltr'><strong>autem</strong></span> 
     </span>
    </p>
   </div>
   <div class='ocr_carea' id='block_1_18' title="bbox 265 1584 1955 1656">
    <p class='ocr_par' dir='ltr' id='par_1_18' title="bbox 265 1584 1955 1656">
     <span class='ocr_line' id='line_1_18' title="bbox 265 1584 1955 1656; baseline 0.002 -18"><span class='ocrx_word' id='word_1_123' title='bbox 265 1584 550 1654; x_wconf 90' lang='lat' dir='ltr'><strong>prolatum</strong></span> <span class='ocrx_word' id='word_1_124' title='bbox 604 1585 810 1641; x_wconf 88' lang='lat' dir='ltr'><strong>ibidem</strong></span> <span class='ocrx_word' id='word_1_125' title='bbox 843 1593 1082 1651; x_wconf 89' lang='lat' dir='ltr'><strong>constat,</strong></span> <span class='ocrx_word' id='word_1_126' title='bbox 1137 1585 1316 1640; x_wconf 90' lang='lat' dir='ltr'><strong>multo</strong></span> <span class='ocrx_word' id='word_1_127' title='bbox 1355 1585 1759 1656; x_wconf 88' lang='lat' dir='ltr'><strong>allegoriarum</strong></span> <span class='ocrx_word' id='word_1_128' title='bbox 1803 1587 1955 1642; x_wconf 88' lang='lat' dir='ltr'><strong>vela-</strong></span> 
     </span>
    </p>
   </div>
   <div class='ocr_carea' id='block_1_19' title="bbox 263 1673 1956 1744">
    <p class='ocr_par' dir='ltr' id='par_1_19' title="bbox 263 1673 1956 1744">
     <span class='ocr_line' id='line_1_19' title="bbox 263 1673 1956 1744; baseline 0.002 -16"><span class='ocrx_word' id='word_1_129' title='bbox 263 1673 416 1728; x_wconf 88' lang='lat' dir='ltr'><strong>mine</strong></span> <span class='ocrx_word' id='word_1_130' title='bbox 469 1673 756 1743; x_wconf 88' lang='lat' dir='ltr'><strong>palliatur.</strong></span> <span class='ocrx_word' id='word_1_131' title='bbox 816 1673 1107 1744; x_wconf 82' lang='lat' dir='ltr'><strong>Quidquid</strong></span> <span class='ocrx_word' id='word_1_132' title='bbox 1178 1689 1411 1744; x_wconf 90' lang='lat' dir='ltr'><strong>quoque</strong></span> <span class='ocrx_word' id='word_1_133' title='bbox 1469 1675 1582 1731; x_wconf 91' lang='lat' dir='ltr'><strong>illic</strong></span> <span class='ocrx_word' id='word_1_134' title='bbox 1643 1676 1712 1730; x_wconf 91' lang='lat' dir='ltr'><strong>de</strong></span> <span class='ocrx_word' id='word_1_135' title='bbox 1803 1683 1956 1732; x_wconf 89' lang='lat' dir='ltr'><strong>statu</strong></span> 
     </span>
    </p>
   </div>
   <div class='ocr_carea' id='block_1_20' title="bbox 262 1763 1960 1832">
    <p class='ocr_par' dir='ltr' id='par_1_20' title="bbox 262 1763 1960 1832">
     <span class='ocr_line' id='line_1_20' title="bbox 262 1763 1960 1832; baseline 0.002 -15"><span class='ocrx_word' id='word_1_136' title='bbox 262 1769 473 1818; x_wconf 69' lang='lat' dir='ltr'><strong>sanctae</strong></span> <span class='ocrx_word' id='word_1_137' title='bbox 509 1763 772 1818; x_wconf 67' lang='lat' dir='ltr'><strong>Ecclesiae</strong></span> <span class='ocrx_word' id='word_1_138' title='bbox 831 1770 1236 1832; x_wconf 70' lang='lat' dir='ltr'><strong>praecantatur,</strong></span> <span class='ocrx_word' id='word_1_139' title='bbox 1285 1763 1548 1818; x_wconf 87' lang='lat' dir='ltr'><strong>coloratis</strong></span> <span class='ocrx_word' id='word_1_140' title='bbox 1595 1765 1960 1820; x_wconf 90' lang='lat' dir='ltr'><strong>sermonibus</strong></span> 
     </span>
    </p>
   </div>
   <div class='ocr_carea' id='block_1_21' title="bbox 263 1850 1958 1921">
    <p class='ocr_par' dir='ltr' id='par_1_21' title="bbox 263 1850 1958 1921">
     <span class='ocr_line' id='line_1_21' title="bbox 263 1850 1958 1921; baseline 0.002 -16"><span class='ocrx_word' id='word_1_141' title='bbox 263 1850 652 1917; x_wconf 88' lang='lat' dir='ltr'><strong>inumbratur,</strong></span> <span class='ocrx_word' id='word_1_142' title='bbox 689 1859 743 1907; x_wconf 90' lang='lat' dir='ltr'><strong>et</strong></span> <span class='ocrx_word' id='word_1_143' title='bbox 774 1851 901 1906; x_wconf 89' lang='lat' dir='ltr'><strong>licet</strong></span> <span class='ocrx_word' id='word_1_144' title='bbox 958 1851 1057 1921; x_wconf 92' lang='lat' dir='ltr'><strong>qui</strong></span> <span class='ocrx_word' id='word_1_145' title='bbox 1120 1851 1346 1917; x_wconf 89' lang='lat' dir='ltr'><strong>viderit,</strong></span> <span class='ocrx_word' id='word_1_146' title='bbox 1404 1852 1461 1906; x_wconf 91' lang='lat' dir='ltr'><strong>in</strong></span> <span class='ocrx_word' id='word_1_147' title='bbox 1517 1853 1724 1921; x_wconf 86' lang='lat' dir='ltr'><strong>spiritu</strong></span> <span class='ocrx_word' id='word_1_148' title='bbox 1783 1853 1958 1908; x_wconf 85' lang='lat' dir='ltr'><strong>fuisse</strong></span> 
     </span>
    </p>
   </div>
   <div class='ocr_carea' id='block_1_22' title="bbox 263 1939 1958 2010">
    <p class='ocr_par' dir='ltr' id='par_1_22' title="bbox 263 1939 1958 2010">
     <span class='ocr_line' id='line_1_22' title="bbox 263 1939 1958 2010; baseline 0.002 -16"><span class='ocrx_word' id='word_1_149' title='bbox 263 1939 508 2007; x_wconf 88' lang='lat' dir='ltr'><strong>dicatur,</strong></span> <span class='ocrx_word' id='word_1_150' title='bbox 542 1954 909 2010; x_wconf 79' lang='lat' dir='ltr'><strong>quaecunque</strong></span> <span class='ocrx_word' id='word_1_151' title='bbox 954 1940 1300 1996; x_wconf 87' lang='lat' dir='ltr'><strong>intrinsecus</strong></span> <span class='ocrx_word' id='word_1_152' title='bbox 1330 1940 1707 2010; x_wconf 90' lang='lat' dir='ltr'><strong>spiritualitas</strong></span> <span class='ocrx_word' id='word_1_153' title='bbox 1755 1942 1958 1997; x_wconf 86' lang='lat' dir='ltr'><strong>delite-</strong></span> 
     </span>
    </p>
   </div>
   <div class='ocr_carea' id='block_1_23' title="bbox 263 2027 1960 2099">
    <p class='ocr_par' dir='ltr' id='par_1_23' title="bbox 263 2027 1960 2099">
     <span class='ocr_line' id='line_1_23' title="bbox 263 2027 1960 2099; baseline 0.002 -17"><span class='ocrx_word' id='word_1_154' title='bbox 263 2037 401 2094; x_wconf 91' lang='lat' dir='ltr'><strong>scat,</strong></span> <span class='ocrx_word' id='word_1_155' title='bbox 467 2027 612 2083; x_wconf 87' lang='lat' dir='ltr'><strong>nihil</strong></span> <span class='ocrx_word' id='word_1_156' title='bbox 682 2027 790 2083; x_wconf 89' lang='lat' dir='ltr'><strong>nisi</strong></span> <span class='ocrx_word' id='word_1_157' title='bbox 857 2028 1245 2097; x_wconf 90' lang='lat' dir='ltr'><strong>corruptibilis</strong></span> <span class='ocrx_word' id='word_1_158' title='bbox 1301 2029 1503 2098; x_wconf 86' lang='lat' dir='ltr'><strong>speciei</strong></span> <span class='ocrx_word' id='word_1_159' title='bbox 1560 2037 1614 2085; x_wconf 93' lang='lat' dir='ltr'><strong>et</strong></span> <span class='ocrx_word' id='word_1_160' title='bbox 1667 2029 1960 2099; x_wconf 86' lang='lat' dir='ltr'><strong>corporale</strong></span> 
     </span>
    </p>
   </div>
   <div class='ocr_carea' id='block_1_24' title="bbox 266 2115 651 2184">
    <p class='ocr_par' dir='ltr' id='par_1_24' title="bbox 266 2115 651 2184">
     <span class='ocr_line' id='line_1_24' title="bbox 266 2115 651 2184; baseline -0.008 -13"><span class='ocrx_word' id='word_1_161' title='bbox 266 2115 651 2184; x_wconf 90' lang='lat' dir='ltr'><strong>proloquitur.</strong></span> 
     </span>
    </p>
   </div>
   <div class='ocr_carea' id='block_1_25' title="bbox 333 2205 1954 2279">
    <p class='ocr_par' dir='ltr' id='par_1_25' title="bbox 333 2205 1954 2279">
     <span class='ocr_line' id='line_1_25' title="bbox 333 2205 1954 2279; baseline 0.002 -23"><span class='ocrx_word' id='word_1_162' title='bbox 333 2205 361 2270; x_wconf 84' lang='lat'>§</span> <span class='ocrx_word' id='word_1_163' title='bbox 395 2205 486 2257; x_wconf 93' lang='lat' dir='ltr'><strong>Ill.</strong></span> <span class='ocrx_word' id='word_1_164' title='bbox 517 2205 648 2270; x_wconf 71' lang='lat' dir='ltr'><strong>Quae</strong></span> <span class='ocrx_word' id='word_1_165' title='bbox 673 2205 739 2260; x_wconf 90' lang='lat' dir='ltr'><strong>in</strong></span> <span class='ocrx_word' id='word_1_166' title='bbox 756 2205 986 2268; x_wconf 89' lang='lat' dir='ltr'><strong>mundo,</strong></span> <span class='ocrx_word' id='word_1_167' title='bbox 1009 2205 1098 2261; x_wconf 87' lang='lat' dir='ltr'><strong>nil</strong></span> <span class='ocrx_word' id='word_1_168' title='bbox 1115 2205 1235 2261; x_wconf 87' lang='lat' dir='ltr'><strong>nisi</strong></span> <span class='ocrx_word' id='word_1_169' title='bbox 1263 2205 1602 2261; x_wconf 84' lang='lat' dir='ltr'><strong>materialia</strong></span> <span class='ocrx_word' id='word_1_170' title='bbox 1623 2209 1954 2279; x_wconf 84' lang='lat' dir='ltr'><strong>suggerunt.</strong></span> 
     </span>
    </p>
   </div>
   <div class='ocr_carea' id='block_1_26' title="bbox 262 2293 1959 2364">
    <p class='ocr_par' dir='ltr' id='par_1_26' title="bbox 262 2293 1959 2364">
     <span class='ocr_line' id='line_1_26' title="bbox 262 2293 1959 2364; baseline 0.003 -17"><span class='ocrx_word' id='word_1_171' title='bbox 262 2293 546 2362; x_wconf 88' lang='lat' dir='ltr'><strong>—lgitur</strong></span> <span class='ocrx_word' id='word_1_172' title='bbox 608 2295 883 2362; x_wconf 91' lang='lat' dir='ltr'><strong>quoniam</strong></span> <span class='ocrx_word' id='word_1_173' title='bbox 941 2295 1039 2364; x_wconf 91' lang='lat' dir='ltr'><strong>qui</strong></span> <span class='ocrx_word' id='word_1_174' title='bbox 1099 2295 1168 2351; x_wconf 92' lang='lat' dir='ltr'><strong>de</strong></span> <span class='ocrx_word' id='word_1_175' title='bbox 1217 2295 1581 2364; x_wconf 65' lang='lat' dir='ltr'><strong>praesentium</strong></span> <span class='ocrx_word' id='word_1_176' title='bbox 1623 2296 1841 2352; x_wconf 89' lang='lat' dir='ltr'><strong>visione</strong></span> <span class='ocrx_word' id='word_1_177' title='bbox 1887 2297 1959 2352; x_wconf 90' lang='lat' dir='ltr'><strong>ad</strong></span> 
     </span>
    </p>
   </div>
   <div class='ocr_carea' id='block_1_27' title="bbox 265 2380 1961 2454">
    <p class='ocr_par' dir='ltr' id='par_1_27' title="bbox 265 2380 1961 2454">
     <span class='ocr_line' id='line_1_27' title="bbox 265 2380 1961 2454; baseline 0.002 -18"><span class='ocrx_word' id='word_1_178' title='bbox 265 2380 491 2436; x_wconf 90' lang='lat' dir='ltr'><strong>interna</strong></span> <span class='ocrx_word' id='word_1_179' title='bbox 520 2381 767 2437; x_wconf 88' lang='lat' dir='ltr'><strong>videnda</strong></span> <span class='ocrx_word' id='word_1_180' title='bbox 808 2384 1209 2454; x_wconf 87' lang='lat' dir='ltr'><strong>eommigrant,</strong></span> <span class='ocrx_word' id='word_1_181' title='bbox 1255 2383 1334 2438; x_wconf 92' lang='lat' dir='ltr'><strong>nil</strong></span> <span class='ocrx_word' id='word_1_182' title='bbox 1385 2384 1540 2440; x_wconf 89' lang='lat' dir='ltr'><strong>aliud</strong></span> <span class='ocrx_word' id='word_1_183' title='bbox 1586 2399 1762 2453; x_wconf 86' lang='lat' dir='ltr'><strong>quam</strong></span> <span class='ocrx_word' id='word_1_184' title='bbox 1805 2385 1961 2454; x_wconf 91' lang='lat' dir='ltr'><strong>quod</strong></span> 
     </span>
    </p>
   </div>
   <div class='ocr_carea' id='block_1_28' title="bbox 266 2467 1959 2542">
    <p class='ocr_par' dir='ltr' id='par_1_28' title="bbox 266 2467 1959 2542">
     <span class='ocr_line' id='line_1_28' title="bbox 266 2467 1959 2542; baseline 0.004 -20"><span class='ocrx_word' id='word_1_185' title='bbox 266 2467 324 2522; x_wconf 92' lang='lat' dir='ltr'><strong>in</strong></span> <span class='ocrx_word' id='word_1_186' title='bbox 355 2469 570 2524; x_wconf 91' lang='lat' dir='ltr'><strong>mundo</strong></span> <span class='ocrx_word' id='word_1_187' title='bbox 595 2478 1011 2526; x_wconf 86' lang='lat' dir='ltr'><strong>consueverant</strong></span> <span class='ocrx_word' id='word_1_188' title='bbox 1053 2471 1246 2527; x_wconf 90' lang='lat' dir='ltr'><strong>videre</strong></span> <span class='ocrx_word' id='word_1_189' title='bbox 1283 2479 1591 2540; x_wconf 82' lang='lat' dir='ltr'><strong>reportant,</strong></span> <span class='ocrx_word' id='word_1_190' title='bbox 1644 2473 1834 2542; x_wconf 90' lang='lat' dir='ltr'><strong>putari</strong></span> <span class='ocrx_word' id='word_1_191' title='bbox 1887 2474 1959 2528; x_wconf 90' lang='lat' dir='ltr'><strong>ab</strong></span> 
     </span>
    </p>
   </div>
   <div class='ocr_carea' id='block_1_29' title="bbox 265 2557 1962 2630">
    <p class='ocr_par' dir='ltr' id='par_1_29' title="bbox 265 2557 1962 2630">
     <span class='ocr_line' id='line_1_29' title="bbox 265 2557 1962 2630; baseline 0.004 -19"><span class='ocrx_word' id='word_1_192' title='bbox 265 2557 461 2625; x_wconf 89' lang='lat' dir='ltr'><strong>aliquo</strong></span> <span class='ocrx_word' id='word_1_193' title='bbox 491 2566 674 2627; x_wconf 87' lang='lat' dir='ltr'><strong>posset</strong></span> <span class='ocrx_word' id='word_1_194' title='bbox 712 2559 866 2628; x_wconf 89' lang='lat' dir='ltr'><strong>quod</strong></span> <span class='ocrx_word' id='word_1_195' title='bbox 913 2559 1122 2614; x_wconf 73' lang='lat' dir='ltr'><strong>eaedem</strong></span> <span class='ocrx_word' id='word_1_196' title='bbox 1185 2560 1380 2615; x_wconf 84' lang='lat' dir='ltr'><strong>formae</strong></span> <span class='ocrx_word' id='word_1_197' title='bbox 1425 2561 1577 2628; x_wconf 87' lang='lat' dir='ltr'><strong>apud</strong></span> <span class='ocrx_word' id='word_1_198' title='bbox 1638 2561 1962 2630; x_wconf 91' lang='lat' dir='ltr'><strong>spiritualia</strong></span> 
     </span>
    </p>
   </div>
   <div class='ocr_carea' id='block_1_30' title="bbox 266 2645 1957 2718">
    <p class='ocr_par' dir='ltr' id='par_1_30' title="bbox 266 2645 1957 2718">
     <span class='ocr_line' id='line_1_30' title="bbox 266 2645 1957 2718; baseline 0.003 -18"><span class='ocrx_word' id='word_1_199' title='bbox 266 2645 636 2713; x_wconf 85' lang='lat' dir='ltr'><strong>haberentur,</strong></span> <span class='ocrx_word' id='word_1_200' title='bbox 681 2661 813 2716; x_wconf 69' lang='lat' dir='ltr'><strong>quae</strong></span> <span class='ocrx_word' id='word_1_201' title='bbox 850 2648 1003 2716; x_wconf 88' lang='lat' dir='ltr'><strong>apud</strong></span> <span class='ocrx_word' id='word_1_202' title='bbox 1051 2663 1308 2717; x_wconf 89' lang='lat' dir='ltr'><strong>superos,</strong></span> <span class='ocrx_word' id='word_1_203' title='bbox 1371 2649 1481 2704; x_wconf 93' lang='lat' dir='ltr'><strong>imo</strong></span> <span class='ocrx_word' id='word_1_204' title='bbox 1530 2649 1684 2718; x_wconf 89' lang='lat' dir='ltr'><strong>apud</strong></span> <span class='ocrx_word' id='word_1_205' title='bbox 1729 2649 1957 2718; x_wconf 90' lang='lat' dir='ltr'><strong>inferos,</strong></span> 
     </span>
    </p>
   </div>
   <div class='ocr_carea' id='block_1_31' title="bbox 267 2735 1962 2804">
    <p class='ocr_par' dir='ltr' id='par_1_31' title="bbox 267 2735 1962 2804">
     <span class='ocr_line' id='line_1_31' title="bbox 267 2735 1962 2804; baseline 0.004 -15"><span class='ocrx_word' id='word_1_206' title='bbox 267 2735 419 2804; x_wconf 90' lang='lat' dir='ltr'><strong>quod</strong></span> <span class='ocrx_word' id='word_1_207' title='bbox 443 2750 545 2791; x_wconf 90' lang='lat' dir='ltr'><strong>nos</strong></span> <span class='ocrx_word' id='word_1_208' title='bbox 567 2750 790 2799; x_wconf 88' lang='lat' dir='ltr'><strong>sumus,</strong></span> <span class='ocrx_word' id='word_1_209' title='bbox 831 2736 1029 2791; x_wconf 90' lang='lat' dir='ltr'><strong>haberi</strong></span> <span class='ocrx_word' id='word_1_210' title='bbox 1083 2737 1370 2793; x_wconf 90' lang='lat' dir='ltr'><strong>videntur.</strong></span> <span class='ocrx_word' id='word_1_211' title='bbox 1416 2737 1553 2804; x_wconf 70' lang='lat' dir='ltr'><strong>Quae</strong></span> <span class='ocrx_word' id='word_1_212' title='bbox 1599 2738 1962 2795; x_wconf 90' lang='lat' dir='ltr'><strong>uniformitas</strong></span> 
     </span>
    </p>
   </div>
   <div class='ocr_carea' id='block_1_32' title="bbox 264 2823 1958 2895">
    <p class='ocr_par' dir='ltr' id='par_1_32' title="bbox 264 2823 1958 2895">
     <span class='ocr_line' id='line_1_32' title="bbox 264 2823 1958 2895; baseline 0.003 -18"><span class='ocrx_word' id='word_1_213' title='bbox 264 2823 581 2891; x_wconf 89' lang='lat' dir='ltr'><strong>specierum</strong></span> <span class='ocrx_word' id='word_1_214' title='bbox 605 2824 653 2880; x_wconf 91' lang='lat' dir='ltr'><strong>si</strong></span> <span class='ocrx_word' id='word_1_215' title='bbox 685 2825 760 2879; x_wconf 89' lang='lat' dir='ltr'><strong>ita</strong></span> <span class='ocrx_word' id='word_1_216' title='bbox 784 2832 886 2891; x_wconf 89' lang='lat' dir='ltr'><strong>est,</strong></span> <span class='ocrx_word' id='word_1_217' title='bbox 919 2825 1070 2894; x_wconf 91' lang='lat' dir='ltr'><strong>quod</strong></span> <span class='ocrx_word' id='word_1_218' title='bbox 1116 2825 1448 2880; x_wconf 87' lang='lat' dir='ltr'><strong>nullatenus</strong></span> <span class='ocrx_word' id='word_1_219' title='bbox 1477 2826 1824 2882; x_wconf 89' lang='lat' dir='ltr'><strong>credendum</strong></span> <span class='ocrx_word' id='word_1_220' title='bbox 1856 2835 1958 2895; x_wconf 90' lang='lat' dir='ltr'><strong>est,</strong></span> 
     </span>
    </p>
   </div>
   <div class='ocr_carea' id='block_1_33' title="bbox 2066 430 3762 501">
    <p class='ocr_par' dir='ltr' id='par_1_33' title="bbox 2066 430 3762 501">
     <span class='ocr_line' id='line_1_33' title="bbox 2066 430 3762 501; baseline -0.001 -17"><span class='ocrx_word' id='word_1_221' title='bbox 2066 430 2653 501; x_wconf 80' lang='lat' dir='ltr'><strong>cumarum-quoque</strong></span> <span class='ocrx_word' id='word_1_222' title='bbox 2698 439 2936 498; x_wconf 88' lang='lat' dir='ltr'><strong>montes,</strong></span> <span class='ocrx_word' id='word_1_223' title='bbox 2976 430 3148 501; x_wconf 88' lang='lat' dir='ltr'><strong>pallia</strong></span> <span class='ocrx_word' id='word_1_224' title='bbox 3189 438 3241 485; x_wconf 85' lang='lat' dir='ltr'><strong>et</strong></span> <span class='ocrx_word' id='word_1_225' title='bbox 3290 430 3580 495; x_wconf 89' lang='lat' dir='ltr'><strong>oloserica,</strong></span> <span class='ocrx_word' id='word_1_226' title='bbox 3634 442 3762 498; x_wconf 90' lang='lat' dir='ltr'><strong>pan-</strong></span> 
     </span>
    </p>
   </div>
   <div class='ocr_carea' id='block_1_34' title="bbox 2069 518 3766 589">
    <p class='ocr_par' dir='ltr' id='par_1_34' title="bbox 2069 518 3766 589">
     <span class='ocr_line' id='line_1_34' title="bbox 2069 518 3766 589; baseline -0.001 -16"><span class='ocrx_word' id='word_1_227' title='bbox 2069 533 2172 574; x_wconf 90' lang='lat' dir='ltr'><strong>nos</strong></span> <span class='ocrx_word' id='word_1_228' title='bbox 2191 519 2425 589; x_wconf 90' lang='lat' dir='ltr'><strong>opipare</strong></span> <span class='ocrx_word' id='word_1_229' title='bbox 2466 527 2667 586; x_wconf 87' lang='lat' dir='ltr'><strong>textos,</strong></span> <span class='ocrx_word' id='word_1_230' title='bbox 2721 520 3062 576; x_wconf 88' lang='lat' dir='ltr'><strong>multifidam</strong></span> <span class='ocrx_word' id='word_1_231' title='bbox 3105 518 3534 589; x_wconf 90' lang='lat' dir='ltr'><strong>supellectilem,</strong></span> <span class='ocrx_word' id='word_1_232' title='bbox 3591 518 3662 572; x_wconf 90' lang='lat' dir='ltr'><strong>iis</strong></span> <span class='ocrx_word' id='word_1_233' title='bbox 3708 519 3766 571; x_wconf 91' lang='lat' dir='ltr'><strong>in</strong></span> 
     </span>
    </p>
   </div>
   <div class='ocr_carea' id='block_1_35' title="bbox 2068 608 3767 679">
    <p class='ocr_par' dir='ltr' id='par_1_35' title="bbox 2068 608 3767 679">
     <span class='ocr_line' id='line_1_35' title="bbox 2068 608 3767 679; baseline -0.001 -17"><span class='ocrx_word' id='word_1_234' title='bbox 2068 608 2162 663; x_wconf 91' lang='lat' dir='ltr'><strong>illo</strong></span> <span class='ocrx_word' id='word_1_235' title='bbox 2183 609 2449 664; x_wconf 78' lang='lat' dir='ltr'><strong>examine</strong></span> <span class='ocrx_word' id='word_1_236' title='bbox 2479 610 2550 665; x_wconf 91' lang='lat' dir='ltr'><strong>ad</strong></span> <span class='ocrx_word' id='word_1_237' title='bbox 2581 624 2698 665; x_wconf 64' lang='lat' dir='ltr'><strong>suae</strong></span> <span class='ocrx_word' id='word_1_238' title='bbox 2724 609 3111 678; x_wconf 88' lang='lat' dir='ltr'><strong>perversitatis</strong></span> <span class='ocrx_word' id='word_1_239' title='bbox 3138 616 3545 679; x_wconf 85' lang='lat' dir='ltr'><strong>argumentum</strong></span> <span class='ocrx_word' id='word_1_240' title='bbox 3586 621 3767 676; x_wconf 93' lang='lat' dir='ltr'><strong>oppo-</strong></span> 
     </span>
    </p>
   </div>
   <div class='ocr_carea' id='block_1_36' title="bbox 2066 695 3772 768">
    <p class='ocr_par' dir='ltr' id='par_1_36' title="bbox 2066 695 3772 768">
     <span class='ocr_line' id='line_1_36' title="bbox 2066 695 3772 768; baseline -0.002 -16"><span class='ocrx_word' id='word_1_241' title='bbox 2066 698 2273 765; x_wconf 88' lang='lat' dir='ltr'><strong>nenda,</strong></span> <span class='ocrx_word' id='word_1_242' title='bbox 2333 697 2432 768; x_wconf 92' lang='lat' dir='ltr'><strong>qui</strong></span> <span class='ocrx_word' id='word_1_243' title='bbox 2497 699 2734 754; x_wconf 88' lang='lat' dir='ltr'><strong>libenter</strong></span> <span class='ocrx_word' id='word_1_244' title='bbox 2782 699 3076 767; x_wconf 89' lang='lat' dir='ltr'><strong>accipiunt</strong></span> <span class='ocrx_word' id='word_1_245' title='bbox 3133 711 3392 763; x_wconf 89' lang='lat' dir='ltr'><strong>munera,</strong></span> <span class='ocrx_word' id='word_1_246' title='bbox 3445 703 3507 752; x_wconf 91' lang='lat' dir='ltr'><strong>ut</strong></span> <span class='ocrx_word' id='word_1_247' title='bbox 3553 695 3772 750; x_wconf 90' lang='lat' dir='ltr'><strong>scilicet</strong></span> 
     </span>
    </p>
   </div>
   <div class='ocr_carea' id='block_1_37' title="bbox 2068 783 3767 857">
    <p class='ocr_par' dir='ltr' id='par_1_37' title="bbox 2068 783 3767 857">
     <span class='ocr_line' id='line_1_37' title="bbox 2068 783 3767 857; baseline -0.002 -16"><span class='ocrx_word' id='word_1_248' title='bbox 2068 794 2396 856; x_wconf 86' lang='lat' dir='ltr'><strong>pervertant</strong></span> <span class='ocrx_word' id='word_1_249' title='bbox 2432 787 2670 857; x_wconf 88' lang='lat' dir='ltr'><strong>judicia.</strong></span> <span class='ocrx_word' id='word_1_250' title='bbox 2732 787 2846 843; x_wconf 89' lang='lat' dir='ltr'><strong>Nec</strong></span> <span class='ocrx_word' id='word_1_251' title='bbox 2895 788 3103 842; x_wconf 91' lang='lat' dir='ltr'><strong>desunt</strong></span> <span class='ocrx_word' id='word_1_252' title='bbox 3155 785 3420 853; x_wconf 85' lang='lat' dir='ltr'><strong>exempla</strong></span> <span class='ocrx_word' id='word_1_253' title='bbox 3466 783 3767 850; x_wconf 89' lang='lat' dir='ltr'><strong>moderna,</strong></span> 
     </span>
    </p>
   </div>
   <div class='ocr_carea' id='block_1_38' title="bbox 2065 873 3770 945">
    <p class='ocr_par' dir='ltr' id='par_1_38' title="bbox 2065 873 3770 945">
     <span class='ocr_line' id='line_1_38' title="bbox 2065 873 3770 945; baseline -0.002 -15"><span class='ocrx_word' id='word_1_254' title='bbox 2065 889 2199 930; x_wconf 89' lang='lat' dir='ltr'><strong>cum</strong></span> <span class='ocrx_word' id='word_1_255' title='bbox 2227 875 2270 930; x_wconf 91' lang='lat' dir='ltr'><strong>si</strong></span> <span class='ocrx_word' id='word_1_256' title='bbox 2299 890 2416 945; x_wconf 91' lang='lat' dir='ltr'><strong>qua</strong></span> <span class='ocrx_word' id='word_1_257' title='bbox 2447 876 2627 930; x_wconf 89' lang='lat' dir='ltr'><strong>videri</strong></span> <span class='ocrx_word' id='word_1_258' title='bbox 2653 876 2720 930; x_wconf 90' lang='lat' dir='ltr'><strong>de</strong></span> <span class='ocrx_word' id='word_1_259' title='bbox 2742 875 3068 930; x_wconf 86' lang='lat' dir='ltr'><strong>animarum</strong></span> <span class='ocrx_word' id='word_1_260' title='bbox 3103 882 3256 930; x_wconf 90' lang='lat' dir='ltr'><strong>statu</strong></span> <span class='ocrx_word' id='word_1_261' title='bbox 3301 873 3581 942; x_wconf 88' lang='lat' dir='ltr'><strong>hodieque</strong></span> <span class='ocrx_word' id='word_1_262' title='bbox 3627 887 3770 927; x_wconf 85' lang='lat' dir='ltr'><strong>con-</strong></span> 
     </span>
    </p>
   </div>
   <div class='ocr_carea' id='block_1_39' title="bbox 2065 960 3772 1034">
    <p class='ocr_par' dir='ltr' id='par_1_39' title="bbox 2065 960 3772 1034">
     <span class='ocr_line' id='line_1_39' title="bbox 2065 960 3772 1034; baseline -0.001 -16"><span class='ocrx_word' id='word_1_263' title='bbox 2065 963 2269 1033; x_wconf 88' lang='lat' dir='ltr'><strong>tingat,</strong></span> <span class='ocrx_word' id='word_1_264' title='bbox 2294 978 2328 1018; x_wconf 91' lang='lat' dir='ltr'><strong>a</strong></span> <span class='ocrx_word' id='word_1_265' title='bbox 2360 964 2523 1020; x_wconf 92' lang='lat' dir='ltr'><strong>modo</strong></span> <span class='ocrx_word' id='word_1_266' title='bbox 2554 978 2726 1034; x_wconf 88' lang='lat' dir='ltr'><strong>quem</strong></span> <span class='ocrx_word' id='word_1_267' title='bbox 2766 963 3139 1034; x_wconf 68' lang='lat' dir='ltr'><strong>praediximus</strong></span> <span class='ocrx_word' id='word_1_268' title='bbox 3185 962 3347 1018; x_wconf 91' lang='lat' dir='ltr'><strong>nulla</strong></span> <span class='ocrx_word' id='word_1_269' title='bbox 3389 960 3772 1032; x_wconf 88' lang='lat' dir='ltr'><strong>disparilitate</strong></span> 
     </span>
    </p>
   </div>
   <div class='ocr_carea' id='block_1_40' title="bbox 2067 1051 2314 1108">
    <p class='ocr_par' dir='ltr' id='par_1_40' title="bbox 2067 1051 2314 1108">
     <span class='ocr_line' id='line_1_40' title="bbox 2067 1051 2314 1108; baseline -0.008 -1"><span class='ocrx_word' id='word_1_270' title='bbox 2067 1051 2314 1108; x_wconf 69' lang='lat' dir='ltr'><strong>differat.</strong></span> 
     </span>
    </p>
   </div>
   <div class='ocr_carea' id='block_1_41' title="bbox 2137 1137 3772 1212">
    <p class='ocr_par' dir='ltr' id='par_1_41' title="bbox 2137 1137 3772 1212">
     <span class='ocr_line' id='line_1_41' title="bbox 2137 1137 3772 1212; baseline -0.002 -19"><span class='ocrx_word' id='word_1_271' title='bbox 2137 1142 2247 1207; x_wconf 85' lang='lat' dir='ltr'><strong>§V.</strong></span> <span class='ocrx_word' id='word_1_272' title='bbox 2281 1141 2492 1195; x_wconf 83' lang='lat' dir='ltr'><strong>Itidem</strong></span> <span class='ocrx_word' id='word_1_273' title='bbox 2540 1141 2819 1196; x_wconf 84' lang='lat' dir='ltr'><strong>Dominus</strong></span> <span class='ocrx_word' id='word_1_274' title='bbox 2878 1140 2940 1195; x_wconf 89' lang='lat' dir='ltr'><strong>in</strong></span> <span class='ocrx_word' id='word_1_275' title='bbox 2989 1139 3312 1212; x_wconf 84' lang='lat' dir='ltr'><strong>Evangelia</strong></span> <span class='ocrx_word' id='word_1_276' title='bbox 3369 1137 3772 1193; x_wconf 68' lang='lat' dir='ltr'><strong>materialibus</strong></span> 
     </span>
    </p>
   </div>
   <div class='ocr_carea' id='block_1_42' title="bbox 2020 1227 3771 1301">
    <p class='ocr_par' dir='ltr' id='par_1_42' title="bbox 2020 1227 3771 1301">
     <span class='ocr_line' id='line_1_42' title="bbox 2020 1227 3771 1301; baseline -0.003 -17"><span class='ocrx_word' id='word_1_277' title='bbox 2020 1251 2032 1262; x_wconf 65' lang='grc' dir='ltr'><em>ί</em></span> <span class='ocrx_word' id='word_1_278' title='bbox 2064 1229 2252 1285; x_wconf 84' lang='lat' dir='ltr'><strong>utitur</strong></span> <span class='ocrx_word' id='word_1_279' title='bbox 2299 1229 2592 1301; x_wconf 71' lang='lat' dir='ltr'><strong>exemplis.</strong></span> <span class='ocrx_word' id='word_1_280' title='bbox 2641 1261 2706 1270; x_wconf 87' lang='lat'><strong>-</strong></span> <span class='ocrx_word' id='word_1_281' title='bbox 2752 1231 2935 1300; x_wconf 90' lang='lat' dir='ltr'><strong>Super</strong></span> <span class='ocrx_word' id='word_1_282' title='bbox 2972 1231 3092 1284; x_wconf 63' lang='lat' dir='ltr'><strong>hinc</strong></span> <span class='ocrx_word' id='word_1_283' title='bbox 3130 1238 3316 1284; x_wconf 89' lang='lat' dir='ltr'><strong>autem</strong></span> <span class='ocrx_word' id='word_1_284' title='bbox 3359 1227 3551 1282; x_wconf 88' lang='lat' dir='ltr'><strong>omnia</strong></span> <span class='ocrx_word' id='word_1_285' title='bbox 3599 1229 3771 1280; x_wconf 84' lang='lat' dir='ltr'><strong>Jesus</strong></span> 
     </span>
    </p>
   </div>
   <div class='ocr_carea' id='block_1_43' title="bbox 2066 1316 3770 1388">
    <p class='ocr_par' dir='ltr' id='par_1_43' title="bbox 2066 1316 3770 1388">
     <span class='ocr_line' id='line_1_43' title="bbox 2066 1316 3770 1388; baseline -0.002 -17"><span class='ocrx_word' id='word_1_286' title='bbox 2066 1318 2185 1387; x_wconf 90' lang='lat' dir='ltr'><strong>ipse</strong></span> <span class='ocrx_word' id='word_1_287' title='bbox 2213 1318 2491 1374; x_wconf 90' lang='lat' dir='ltr'><strong>Dominus</strong></span> <span class='ocrx_word' id='word_1_288' title='bbox 2520 1319 2660 1388; x_wconf 92' lang='lat' dir='ltr'><strong>quid</strong></span> <span class='ocrx_word' id='word_1_289' title='bbox 2695 1318 2801 1373; x_wconf 89' lang='lat' dir='ltr'><strong>nisi</strong></span> <span class='ocrx_word' id='word_1_290' title='bbox 2836 1318 3129 1374; x_wconf 89' lang='lat' dir='ltr'><strong>materiale</strong></span> <span class='ocrx_word' id='word_1_291' title='bbox 3149 1317 3494 1387; x_wconf 90' lang='lat' dir='ltr'><strong>supplicium</strong></span> <span class='ocrx_word' id='word_1_292' title='bbox 3538 1316 3770 1370; x_wconf 87' lang='lat' dir='ltr'><strong>minita-</strong></span> 
     </span>
    </p>
   </div>
   <div class='ocr_carea' id='block_1_44' title="bbox 2065 1405 3766 1478">
    <p class='ocr_par' dir='ltr' id='par_1_44' title="bbox 2065 1405 3766 1478">
     <span class='ocr_line' id='line_1_44' title="bbox 2065 1405 3766 1478; baseline -0.002 -17"><span class='ocrx_word' id='word_1_293' title='bbox 2065 1406 2111 1462; x_wconf 93' lang='lat' dir='ltr'><strong>ri</strong></span> <span class='ocrx_word' id='word_1_294' title='bbox 2147 1406 2410 1462; x_wconf 86' lang='lat' dir='ltr'><strong>videtur?</strong></span> <span class='ocrx_word' id='word_1_295' title='bbox 2441 1407 2541 1464; x_wconf 92' lang='lat' dir='ltr'><strong>Ubi</strong></span> <span class='ocrx_word' id='word_1_296' title='bbox 2569 1407 2720 1462; x_wconf 92' lang='lat' dir='ltr'><strong>enim</strong></span> <span class='ocrx_word' id='word_1_297' title='bbox 2748 1407 2910 1478; x_wconf 87' lang='lat' dir='ltr'><strong>ligari</strong></span> <span class='ocrx_word' id='word_1_298' title='bbox 2951 1421 3158 1462; x_wconf 87' lang='lat' dir='ltr'><strong>manus</strong></span> <span class='ocrx_word' id='word_1_299' title='bbox 3202 1413 3256 1461; x_wconf 89' lang='lat' dir='ltr'><strong>et</strong></span> <span class='ocrx_word' id='word_1_300' title='bbox 3289 1405 3454 1476; x_wconf 90' lang='lat' dir='ltr'><strong>pedes</strong></span> <span class='ocrx_word' id='word_1_301' title='bbox 3502 1405 3766 1467; x_wconf 86' lang='lat' dir='ltr'><strong>mandat,</strong></span> 
     </span>
    </p>
   </div>
   <div class='ocr_carea' id='block_1_45' title="bbox 2068 1493 3767 1564">
    <p class='ocr_par' dir='ltr' id='par_1_45' title="bbox 2068 1493 3767 1564">
     <span class='ocr_line' id='line_1_45' title="bbox 2068 1493 3767 1564; baseline -0.001 -16"><span class='ocrx_word' id='word_1_302' title='bbox 2068 1495 2125 1549; x_wconf 91' lang='lat' dir='ltr'><strong>in</strong></span> <span class='ocrx_word' id='word_1_303' title='bbox 2176 1495 2437 1551; x_wconf 85' lang='lat' dir='ltr'><strong>tenebras</strong></span> <span class='ocrx_word' id='word_1_304' title='bbox 2480 1510 2713 1564; x_wconf 85' lang='lat' dir='ltr'><strong>quoque</strong></span> <span class='ocrx_word' id='word_1_305' title='bbox 2741 1495 3050 1550; x_wconf 88' lang='lat' dir='ltr'><strong>exteriores</strong></span> <span class='ocrx_word' id='word_1_306' title='bbox 3097 1494 3290 1564; x_wconf 89' lang='lat' dir='ltr'><strong>projici</strong></span> <span class='ocrx_word' id='word_1_307' title='bbox 3331 1493 3592 1563; x_wconf 90' lang='lat' dir='ltr'><strong>imperat,</strong></span> <span class='ocrx_word' id='word_1_308' title='bbox 3649 1493 3767 1547; x_wconf 90' lang='lat' dir='ltr'><strong>ibi-</strong></span> 
     </span>
    </p>
   </div>
   <div class='ocr_carea' id='block_1_46' title="bbox 2066 1582 3768 1653">
    <p class='ocr_par' dir='ltr' id='par_1_46' title="bbox 2066 1582 3768 1653">
     <span class='ocr_line' id='line_1_46' title="bbox 2066 1582 3768 1653; baseline -0.002 -15"><span class='ocrx_word' id='word_1_309' title='bbox 2066 1598 2180 1653; x_wconf 88' lang='lat' dir='ltr'><strong>que</strong></span> <span class='ocrx_word' id='word_1_310' title='bbox 2210 1583 2406 1639; x_wconf 88' lang='lat' dir='ltr'><strong>ﬂetum</strong></span> <span class='ocrx_word' id='word_1_311' title='bbox 2441 1583 2760 1639; x_wconf 80' lang='lat' dir='ltr'><strong>all‘uturum</strong></span> <span class='ocrx_word' id='word_1_312' title='bbox 2793 1592 2845 1639; x_wconf 88' lang='lat' dir='ltr'><strong>et</strong></span> <span class='ocrx_word' id='word_1_313' title='bbox 2885 1583 3180 1639; x_wconf 85' lang='lat' dir='ltr'><strong>stridorem</strong></span> <span class='ocrx_word' id='word_1_314' title='bbox 3235 1583 3492 1638; x_wconf 88' lang='lat' dir='ltr'><strong>dentium</strong></span> <span class='ocrx_word' id='word_1_315' title='bbox 3552 1582 3768 1650; x_wconf 89' lang='lat' dir='ltr'><strong>pariter</strong></span> 
     </span>
    </p>
   </div>
   <div class='ocr_carea' id='block_1_47' title="bbox 2067 1671 3766 1742">
    <p class='ocr_par' dir='ltr' id='par_1_47' title="bbox 2067 1671 3766 1742">
     <span class='ocr_line' id='line_1_47' title="bbox 2067 1671 3766 1742; baseline -0.002 -15"><span class='ocrx_word' id='word_1_316' title='bbox 2067 1672 2366 1728; x_wconf 89' lang='lat' dir='ltr'><strong>denuntiat</strong></span> <span class='ocrx_word' id='word_1_317' title='bbox 2396 1673 2627 1742; x_wconf 79' lang='lat' dir='ltr'><strong>(Matth.</strong></span> <span class='ocrx_word' id='word_1_318' title='bbox 2673 1687 2809 1739; x_wconf 84' lang='lat' dir='ltr'><strong>xxn,</strong></span> <span class='ocrx_word' id='word_1_319' title='bbox 2864 1676 2971 1742; x_wconf 89' lang='lat' dir='ltr'><strong>l3),</strong></span> <span class='ocrx_word' id='word_1_320' title='bbox 3019 1672 3159 1742; x_wconf 91' lang='lat' dir='ltr'><strong>quid</strong></span> <span class='ocrx_word' id='word_1_321' title='bbox 3191 1671 3348 1726; x_wconf 91' lang='lat' dir='ltr'><strong>aliud</strong></span> <span class='ocrx_word' id='word_1_322' title='bbox 3397 1685 3573 1740; x_wconf 88' lang='lat' dir='ltr'><strong>quam</strong></span> <span class='ocrx_word' id='word_1_323' title='bbox 3627 1684 3766 1724; x_wconf 90' lang='lat' dir='ltr'><strong>con-</strong></span> 
     </span>
    </p>
   </div>
   <div class='ocr_carea' id='block_1_48' title="bbox 2066 1757 3766 1830">
    <p class='ocr_par' dir='ltr' id='par_1_48' title="bbox 2066 1757 3766 1830">
     <span class='ocr_line' id='line_1_48' title="bbox 2066 1757 3766 1830; baseline -0.004 -14"><span class='ocrx_word' id='word_1_324' title='bbox 2066 1761 2494 1817; x_wconf 89' lang='lat' dir='ltr'><strong>suetudinarias</strong></span> <span class='ocrx_word' id='word_1_325' title='bbox 2523 1761 2688 1817; x_wconf 91' lang='lat' dir='ltr'><strong>nobis</strong></span> <span class='ocrx_word' id='word_1_326' title='bbox 2739 1764 3029 1830; x_wconf 89' lang='lat' dir='ltr'><strong>passiones</strong></span> <span class='ocrx_word' id='word_1_327' title='bbox 3062 1758 3346 1816; x_wconf 79' lang='lat' dir='ltr'><strong>ostentat?</strong></span> <span class='ocrx_word' id='word_1_328' title='bbox 3392 1761 3458 1814; x_wconf 84' lang='lat' dir='ltr'><strong>Et</strong></span> <span class='ocrx_word' id='word_1_329' title='bbox 3513 1767 3667 1814; x_wconf 90' lang='lat' dir='ltr'><strong>certe</strong></span> <span class='ocrx_word' id='word_1_330' title='bbox 3717 1757 3766 1811; x_wconf 90' lang='lat' dir='ltr'><strong>si</strong></span> 
     </span>
    </p>
   </div>
   <div class='ocr_carea' id='block_1_49' title="bbox 2066 1848 3764 1918">
    <p class='ocr_par' dir='ltr' id='par_1_49' title="bbox 2066 1848 3764 1918">
     <span class='ocr_line' id='line_1_49' title="bbox 2066 1848 3764 1918; baseline -0.002 -12"><span class='ocrx_word' id='word_1_331' title='bbox 2066 1850 2266 1906; x_wconf 89' lang='lat' dir='ltr'><strong>vexari</strong></span> <span class='ocrx_word' id='word_1_332' title='bbox 2314 1851 2673 1918; x_wconf 90' lang='lat' dir='ltr'><strong>criminosas,</strong></span> <span class='ocrx_word' id='word_1_333' title='bbox 2721 1850 2840 1906; x_wconf 86' lang='lat' dir='ltr'><strong>sive</strong></span> <span class='ocrx_word' id='word_1_334' title='bbox 2885 1850 3067 1905; x_wconf 91' lang='lat' dir='ltr'><strong>levius</strong></span> <span class='ocrx_word' id='word_1_335' title='bbox 3115 1849 3456 1918; x_wconf 88' lang='lat' dir='ltr'><strong>peccatrices</strong></span> <span class='ocrx_word' id='word_1_336' title='bbox 3517 1848 3764 1912; x_wconf 88' lang='lat' dir='ltr'><strong>animas,</strong></span> 
     </span>
    </p>
   </div>
   <div class='ocr_carea' id='block_1_50' title="bbox 2065 1936 3766 2008">
    <p class='ocr_par' dir='ltr' id='par_1_50' title="bbox 2065 1936 3766 2008">
     <span class='ocr_line' id='line_1_50' title="bbox 2065 1936 3766 2008; baseline -0.002 -15"><span class='ocrx_word' id='word_1_337' title='bbox 2065 1939 2262 1994; x_wconf 91' lang='lat' dir='ltr'><strong>eodem</strong></span> <span class='ocrx_word' id='word_1_338' title='bbox 2296 1938 2580 1994; x_wconf 89' lang='lat' dir='ltr'><strong>materiali</strong></span> <span class='ocrx_word' id='word_1_339' title='bbox 2619 1939 2902 2008; x_wconf 91' lang='lat' dir='ltr'><strong>supplicio</strong></span> <span class='ocrx_word' id='word_1_340' title='bbox 2953 1953 3067 2008; x_wconf 93' lang='lat' dir='ltr'><strong>quo</strong></span> <span class='ocrx_word' id='word_1_341' title='bbox 3106 1951 3344 2006; x_wconf 84' lang='lat' dir='ltr'><strong>corpora</strong></span> <span class='ocrx_word' id='word_1_342' title='bbox 3378 1936 3766 2006; x_wconf 67' lang='lat' dir='ltr'><strong>Iazstimamus,</strong></span> 
     </span>
    </p>
   </div>
   <div class='ocr_carea' id='block_1_51' title="bbox 2067 2025 3770 2097">
    <p class='ocr_par' dir='ltr' id='par_1_51' title="bbox 2067 2025 3770 2097">
     <span class='ocr_line' id='line_1_51' title="bbox 2067 2025 3770 2097; baseline -0.002 -15"><span class='ocrx_word' id='word_1_343' title='bbox 2067 2042 2182 2082; x_wconf 91' lang='lat' dir='ltr'><strong>non</strong></span> <span class='ocrx_word' id='word_1_344' title='bbox 2216 2027 2562 2096; x_wconf 87' lang='lat' dir='ltr'><strong>bene,juxta</strong></span> <span class='ocrx_word' id='word_1_345' title='bbox 2590 2027 2946 2097; x_wconf 85' lang='lat' dir='ltr'><strong>Apostolum.</strong></span> <span class='ocrx_word' id='word_1_346' title='bbox 2986 2027 3387 2096; x_wconf 85' lang='lat' dir='ltr'><strong>spiritualibus</strong></span> <span class='ocrx_word' id='word_1_347' title='bbox 3439 2025 3770 2096; x_wconf 88' lang='lat' dir='ltr'><strong>spiritualia</strong></span> 
     </span>
    </p>
   </div>
   <div class='ocr_carea' id='block_1_52' title="bbox 2067 2113 3767 2187">
    <p class='ocr_par' dir='ltr' id='par_1_52' title="bbox 2067 2113 3767 2187">
     <span class='ocr_line' id='line_1_52' title="bbox 2067 2113 3767 2187; baseline -0.002 -15"><span class='ocrx_word' id='word_1_348' title='bbox 2067 2129 2469 2185; x_wconf 89' lang='lat' dir='ltr'><strong>comparamus</strong></span> <span class='ocrx_word' id='word_1_349' title='bbox 2514 2118 2570 2186; x_wconf 86' lang='grc' dir='ltr'><strong>(Ι</strong></span> <span class='ocrx_word' id='word_1_350' title='bbox 2600 2118 2734 2170; x_wconf 89' lang='lat' dir='ltr'><strong>Cor.</strong></span> <span class='ocrx_word' id='word_1_351' title='bbox 2777 2131 2835 2183; x_wconf 87' lang='lat' dir='ltr'><strong>ll,</strong></span> <span class='ocrx_word' id='word_1_352' title='bbox 2890 2116 2993 2187; x_wconf 86' lang='lat' dir='ltr'><strong>l3).</strong></span> <span class='ocrx_word' id='word_1_353' title='bbox 3053 2116 3213 2183; x_wconf 90' lang='lat' dir='ltr'><strong>Quod</strong></span> <span class='ocrx_word' id='word_1_354' title='bbox 3257 2125 3445 2172; x_wconf 89' lang='lat' dir='ltr'><strong>tamen</strong></span> <span class='ocrx_word' id='word_1_355' title='bbox 3499 2113 3767 2184; x_wconf 86' lang='lat' dir='ltr'><strong>exemplo</strong></span> 
     </span>
    </p>
   </div>
   <div class='ocr_carea' id='block_1_53' title="bbox 2068 2204 3050 2274">
    <p class='ocr_par' dir='ltr' id='par_1_53' title="bbox 2068 2204 3050 2274">
     <span class='ocr_line' id='line_1_53' title="bbox 2068 2204 3050 2274; baseline -0.002 -15"><span class='ocrx_word' id='word_1_356' title='bbox 2068 2204 2355 2274; x_wconf 90' lang='lat' dir='ltr'><strong>proposito</strong></span> <span class='ocrx_word' id='word_1_357' title='bbox 2385 2205 2565 2260; x_wconf 89' lang='lat' dir='ltr'><strong>satius</strong></span> <span class='ocrx_word' id='word_1_358' title='bbox 2592 2205 3050 2274; x_wconf 91' lang='lat' dir='ltr'><strong>comprobamus.</strong></span> 
     </span>
    </p>
   </div>
   <div class='ocr_carea' id='block_1_54' title="bbox 2141 2290 3773 2364">
    <p class='ocr_par' dir='ltr' id='par_1_54' title="bbox 2141 2290 3773 2364">
     <span class='ocr_line' id='line_1_54' title="bbox 2141 2290 3773 2364; baseline -0.001 -18"><span class='ocrx_word' id='word_1_359' title='bbox 2141 2295 2322 2358; x_wconf 85' lang='lat' dir='ltr'><strong>Quam</strong></span> <span class='ocrx_word' id='word_1_360' title='bbox 2360 2292 2530 2346; x_wconf 78' lang='lat' dir='ltr'><strong>multi</strong></span> <span class='ocrx_word' id='word_1_361' title='bbox 2575 2293 2642 2347; x_wconf 88' lang='lat' dir='ltr'><strong>ob</strong></span> <span class='ocrx_word' id='word_1_362' title='bbox 2685 2297 2912 2347; x_wconf 85' lang='lat' dir='ltr'><strong>terrena</strong></span> <span class='ocrx_word' id='word_1_363' title='bbox 2957 2291 3312 2364; x_wconf 87' lang='lat' dir='ltr'><strong>acquirenda</strong></span> <span class='ocrx_word' id='word_1_364' title='bbox 3363 2290 3669 2364; x_wconf 84' lang='lat' dir='ltr'><strong>suppliciis</strong></span> <span class='ocrx_word' id='word_1_365' title='bbox 3716 2293 3773 2344; x_wconf 82' lang='lat' dir='ltr'><strong>et</strong></span> 
     </span>
    </p>
   </div>
   <div class='ocr_carea' id='block_1_55' title="bbox 2068 2381 3771 2438">
    <p class='ocr_par' dir='ltr' id='par_1_55' title="bbox 2068 2381 3771 2438">
     <span class='ocr_line' id='line_1_55' title="bbox 2068 2381 3771 2438; baseline 0.001 -3"><span class='ocrx_word' id='word_1_366' title='bbox 2068 2381 2356 2436; x_wconf 78' lang='lat' dir='ltr'><strong>laboribus</strong></span> <span class='ocrx_word' id='word_1_367' title='bbox 2381 2381 2622 2436; x_wconf 80' lang='lat' dir='ltr'><strong>diversis</strong></span> <span class='ocrx_word' id='word_1_368' title='bbox 2656 2399 2780 2436; x_wconf 87' lang='lat' dir='ltr'><strong>sese</strong></span> <span class='ocrx_word' id='word_1_369' title='bbox 2823 2381 3146 2436; x_wconf 89' lang='lat' dir='ltr'><strong>immolant.</strong></span> <span class='ocrx_word' id='word_1_370' title='bbox 3181 2412 3248 2420; x_wconf 89' lang='lat'>—</span> <span class='ocrx_word' id='word_1_371' title='bbox 3298 2381 3435 2438; x_wconf 84' lang='lat' dir='ltr'><strong>Vide</strong></span> <span class='ocrx_word' id='word_1_372' title='bbox 3477 2381 3771 2436; x_wconf 84' lang='lat' dir='ltr'><strong>hominem</strong></span> 
     </span>
    </p>
   </div>
   <div class='ocr_carea' id='block_1_56' title="bbox 2071 2469 3773 2544">
    <p class='ocr_par' dir='ltr' id='par_1_56' title="bbox 2071 2469 3773 2544">
     <span class='ocr_line' id='line_1_56' title="bbox 2071 2469 3773 2544; baseline -0.001 -20"><span class='ocrx_word' id='word_1_373' title='bbox 2071 2469 2297 2544; x_wconf 84' lang='lat' dir='ltr'><strong>infinita</strong></span> <span class='ocrx_word' id='word_1_374' title='bbox 2337 2479 2595 2540; x_wconf 66' lang='lat' dir='ltr'><strong>quiestus</strong></span> <span class='ocrx_word' id='word_1_375' title='bbox 2631 2471 2938 2539; x_wconf 82' lang='lat' dir='ltr'><strong>cupiditate</strong></span> <span class='ocrx_word' id='word_1_376' title='bbox 2981 2471 3297 2536; x_wconf 90' lang='lat' dir='ltr'><strong>detentum,</strong></span> <span class='ocrx_word' id='word_1_377' title='bbox 3355 2469 3773 2524; x_wconf 89' lang='lat' dir='ltr'><strong>cruentissimis</strong></span> 
     </span>
    </p>
   </div>
   <div class='ocr_carea' id='block_1_57' title="bbox 2069 2558 3775 2629">
    <p class='ocr_par' dir='ltr' id='par_1_57' title="bbox 2069 2558 3775 2629">
     <span class='ocr_line' id='line_1_57' title="bbox 2069 2558 3775 2629; baseline -0.002 -14"><span class='ocrx_word' id='word_1_378' title='bbox 2069 2567 2134 2615; x_wconf 91' lang='lat' dir='ltr'><strong>ut</strong></span> <span class='ocrx_word' id='word_1_379' title='bbox 2163 2559 2357 2628; x_wconf 89' lang='lat' dir='ltr'><strong>cupita</strong></span> <span class='ocrx_word' id='word_1_380' title='bbox 2378 2561 2642 2629; x_wconf 90' lang='lat' dir='ltr'><strong>acquirat</strong></span> <span class='ocrx_word' id='word_1_381' title='bbox 2674 2559 2990 2614; x_wconf 85' lang='lat' dir='ltr'><strong>ambienter</strong></span> <span class='ocrx_word' id='word_1_382' title='bbox 3015 2559 3199 2615; x_wconf 89' lang='lat' dir='ltr'><strong>addici</strong></span> <span class='ocrx_word' id='word_1_383' title='bbox 3231 2558 3542 2624; x_wconf 88' lang='lat' dir='ltr'><strong>laboribus,</strong></span> <span class='ocrx_word' id='word_1_384' title='bbox 3586 2572 3775 2627; x_wconf 89' lang='lat' dir='ltr'><strong>quan-</strong></span> 
     </span>
    </p>
   </div>
   <div class='ocr_carea' id='block_1_58' title="bbox 2070 2646 3776 2717">
    <p class='ocr_par' dir='ltr' id='par_1_58' title="bbox 2070 2646 3776 2717">
     <span class='ocr_line' id='line_1_58' title="bbox 2070 2646 3776 2717; baseline -0.002 -14"><span class='ocrx_word' id='word_1_385' title='bbox 2070 2654 2128 2703; x_wconf 90' lang='lat' dir='ltr'><strong>ta</strong></span> <span class='ocrx_word' id='word_1_386' title='bbox 2159 2647 2305 2702; x_wconf 85' lang='lat' dir='ltr'><strong>fame</strong></span> <span class='ocrx_word' id='word_1_387' title='bbox 2344 2661 2463 2702; x_wconf 92' lang='lat' dir='ltr'><strong>sese</strong></span> <span class='ocrx_word' id='word_1_388' title='bbox 2510 2647 2829 2714; x_wconf 89' lang='lat' dir='ltr'><strong>discruciet,</strong></span> <span class='ocrx_word' id='word_1_389' title='bbox 2881 2647 3116 2717; x_wconf 90' lang='lat' dir='ltr'><strong>quantis</strong></span> <span class='ocrx_word' id='word_1_390' title='bbox 3147 2647 3462 2711; x_wconf 89' lang='lat' dir='ltr'><strong>insomniis,</strong></span> <span class='ocrx_word' id='word_1_391' title='bbox 3511 2646 3776 2715; x_wconf 88' lang='lat' dir='ltr'><strong>quantis-</strong></span> 
     </span>
    </p>
   </div>
   <div class='ocr_carea' id='block_1_59' title="bbox 2071 2731 3774 2806">
    <p class='ocr_par' dir='ltr' id='par_1_59' title="bbox 2071 2731 3774 2806">
     <span class='ocr_line' id='line_1_59' title="bbox 2071 2731 3774 2806; baseline -0.001 -16"><span class='ocrx_word' id='word_1_392' title='bbox 2071 2750 2183 2806; x_wconf 92' lang='lat' dir='ltr'><strong>que</strong></span> <span class='ocrx_word' id='word_1_393' title='bbox 2237 2735 2565 2802; x_wconf 88' lang='lat' dir='ltr'><strong>sudoribus,</strong></span> <span class='ocrx_word' id='word_1_394' title='bbox 2628 2743 2691 2791; x_wconf 90' lang='lat' dir='ltr'><strong>ut</strong></span> <span class='ocrx_word' id='word_1_395' title='bbox 2746 2743 2896 2791; x_wconf 89' lang='lat' dir='ltr'><strong>certe</strong></span> <span class='ocrx_word' id='word_1_396' title='bbox 2947 2735 3115 2791; x_wconf 90' lang='lat' dir='ltr'><strong>celeri</strong></span> <span class='ocrx_word' id='word_1_397' title='bbox 3187 2734 3363 2790; x_wconf 87' lang='lat' dir='ltr'><strong>vitam</strong></span> <span class='ocrx_word' id='word_1_398' title='bbox 3431 2731 3774 2790; x_wconf 87' lang='lat' dir='ltr'><strong>terminaret</strong></span> 
     </span>
    </p>
   </div>
   <div class='ocr_carea' id='block_1_60' title="bbox 2067 2822 3769 2894">
    <p class='ocr_par' dir='ltr' id='par_1_60' title="bbox 2067 2822 3769 2894">
     <span class='ocr_line' id='line_1_60' title="bbox 2067 2822 3769 2894; baseline -0.002 -14"><span class='ocrx_word' id='word_1_399' title='bbox 2067 2825 2260 2892; x_wconf 89' lang='lat' dir='ltr'><strong>exitio,</strong></span> <span class='ocrx_word' id='word_1_400' title='bbox 2311 2825 2356 2879; x_wconf 92' lang='lat' dir='ltr'><strong>si</strong></span> <span class='ocrx_word' id='word_1_401' title='bbox 2393 2825 2445 2878; x_wconf 91' lang='lat' dir='ltr'><strong>id</strong></span> <span class='ocrx_word' id='word_1_402' title='bbox 2504 2825 2819 2880; x_wconf 68' lang='lat' dir='ltr'><strong>tolerantiae</strong></span> <span class='ocrx_word' id='word_1_403' title='bbox 2872 2823 3042 2879; x_wconf 91' lang='lat' dir='ltr'><strong>alicui</strong></span> <span class='ocrx_word' id='word_1_404' title='bbox 3092 2823 3520 2894; x_wconf 90' lang='lat' dir='ltr'><strong>intorqueretur</strong></span> <span class='ocrx_word' id='word_1_405' title='bbox 3560 2822 3769 2877; x_wconf 92' lang='lat' dir='ltr'><strong>invito.</strong></span> 
     </span>
    </p>
   </div>
   <div class='ocr_carea' id='block_1_61' title="bbox 265 2911 3773 2985">
    <p class='ocr_par' dir='ltr' id='par_1_61' title="bbox 265 2911 3773 2985">
     <span class='ocr_line' id='line_1_61' title="bbox 265 2911 3773 2985; baseline 0 -20"><span class='ocrx_word' id='word_1_406' title='bbox 265 2926 402 2981; x_wconf 86' lang='lat' dir='ltr'><strong>ergo</strong></span> <span class='ocrx_word' id='word_1_407' title='bbox 425 2913 572 2968; x_wconf 88' lang='lat' dir='ltr'><strong>inter</strong></span> <span class='ocrx_word' id='word_1_408' title='bbox 593 2927 802 2982; x_wconf 88' lang='lat' dir='ltr'><strong>corpus</strong></span> <span class='ocrx_word' id='word_1_409' title='bbox 835 2920 890 2969; x_wconf 91' lang='lat' dir='ltr'><strong>et</strong></span> <span class='ocrx_word' id='word_1_410' title='bbox 926 2913 1192 2983; x_wconf 90' lang='lat' dir='ltr'><strong>spiritum</strong></span> <span class='ocrx_word' id='word_1_411' title='bbox 1242 2928 1343 2969; x_wconf 92' lang='lat' dir='ltr'><strong>nec</strong></span> <span class='ocrx_word' id='word_1_412' title='bbox 1381 2915 1653 2970; x_wconf 89' lang='lat' dir='ltr'><strong>distantia</strong></span> <span class='ocrx_word' id='word_1_413' title='bbox 1691 2929 1795 2970; x_wconf 91' lang='lat' dir='ltr'><strong>nec</strong></span> <span class='ocrx_word' id='word_1_414' title='bbox 1839 2916 1961 2971; x_wconf 92' lang='lat' dir='ltr'><strong>dis-</strong></span> <span class='ocrx_word' id='word_1_415' title='bbox 2000 2931 2038 2985; x_wconf 74' lang='grc' dir='ltr'><strong>ς,</strong></span> <span class='ocrx_word' id='word_1_416' title='bbox 2069 2911 2225 2979; x_wconf 87' lang='lat' dir='ltr'><strong>Quod</strong></span> <span class='ocrx_word' id='word_1_417' title='bbox 2261 2913 2608 2982; x_wconf 88' lang='lat' dir='ltr'><strong>perpendere</strong></span> <span class='ocrx_word' id='word_1_418' title='bbox 2660 2927 2732 2968; x_wconf 89' lang='lat' dir='ltr'><strong>ex</strong></span> <span class='ocrx_word' id='word_1_419' title='bbox 2762 2913 3119 2981; x_wconf 89' lang='lat' dir='ltr'><strong>captivorum</strong></span> <span class='ocrx_word' id='word_1_420' title='bbox 3172 2911 3463 2982; x_wconf 83' lang='lat' dir='ltr'><strong>patientia,</strong></span> <span class='ocrx_word' id='word_1_421' title='bbox 3518 2911 3620 2981; x_wconf 91' lang='lat' dir='ltr'><strong>qui</strong></span> <span class='ocrx_word' id='word_1_422' title='bbox 3669 2925 3773 2980; x_wconf 89' lang='lat' dir='ltr'><strong>pro</strong></span> 
     </span>
    </p>
   </div>
   <div class='ocr_carea' id='block_1_62' title="bbox 265 2999 1958 3072">
    <p class='ocr_par' dir='ltr' id='par_1_62' title="bbox 265 2999 1958 3072">
     <span class='ocr_line' id='line_1_62' title="bbox 265 2999 1958 3072; baseline 0.005 -19"><span class='ocrx_word' id='word_1_423' title='bbox 265 2999 582 3055; x_wconf 88' lang='lat' dir='ltr'><strong>similitudo</strong></span> <span class='ocrx_word' id='word_1_424' title='bbox 617 3009 720 3068; x_wconf 93' lang='lat' dir='ltr'><strong>est,</strong></span> <span class='ocrx_word' id='word_1_425' title='bbox 773 3002 904 3067; x_wconf 90' lang='lat' dir='ltr'><strong>imo,</strong></span> <span class='ocrx_word' id='word_1_426' title='bbox 967 3009 1030 3057; x_wconf 92' lang='lat' dir='ltr'><strong>ut</strong></span> <span class='ocrx_word' id='word_1_427' title='bbox 1083 3002 1317 3059; x_wconf 90' lang='lat' dir='ltr'><strong>brevius</strong></span> <span class='ocrx_word' id='word_1_428' title='bbox 1363 3003 1556 3058; x_wconf 90' lang='lat' dir='ltr'><strong>omnia</strong></span> <span class='ocrx_word' id='word_1_429' title='bbox 1601 3005 1958 3072; x_wconf 89' lang='lat' dir='ltr'><strong>contraham,</strong></span> 
     </span>
    </p>
   </div>
   <div class='ocr_carea' id='block_1_63' title="bbox 266 3090 1962 3162">
    <p class='ocr_par' dir='ltr' id='par_1_63' title="bbox 266 3090 1962 3162">
     <span class='ocr_line' id='line_1_63' title="bbox 266 3090 1962 3162; baseline 0.003 -19"><span class='ocrx_word' id='word_1_430' title='bbox 266 3096 416 3144; x_wconf 89' lang='lat' dir='ltr'><strong>certe</strong></span> <span class='ocrx_word' id='word_1_431' title='bbox 474 3103 579 3144; x_wconf 90' lang='lat' dir='ltr'><strong>nec</strong></span> <span class='ocrx_word' id='word_1_432' title='bbox 632 3090 755 3159; x_wconf 90' lang='lat' dir='ltr'><strong>ipsa</strong></span> <span class='ocrx_word' id='word_1_433' title='bbox 810 3090 1186 3159; x_wconf 88' lang='lat' dir='ltr'><strong>spiritualitas</strong></span> <span class='ocrx_word' id='word_1_434' title='bbox 1242 3091 1463 3162; x_wconf 90' lang='lat' dir='ltr'><strong>aliquid</strong></span> <span class='ocrx_word' id='word_1_435' title='bbox 1527 3100 1628 3147; x_wconf 91' lang='lat' dir='ltr'><strong>est.</strong></span> <span class='ocrx_word' id='word_1_436' title='bbox 1694 3093 1746 3148; x_wconf 93' lang='lat' dir='ltr'><strong>Si</strong></span> <span class='ocrx_word' id='word_1_437' title='bbox 1808 3094 1962 3149; x_wconf 91' lang='lat' dir='ltr'><strong>enim</strong></span> 
     </span>
    </p>
   </div>
   <div class='ocr_carea' id='block_1_64' title="bbox 265 3176 1962 3251">
    <p class='ocr_par' dir='ltr' id='par_1_64' title="bbox 265 3176 1962 3251">
     <span class='ocr_line' id='line_1_64' title="bbox 265 3176 1962 3251; baseline 0.004 -21"><span class='ocrx_word' id='word_1_438' title='bbox 265 3176 465 3231; x_wconf 90' lang='lat' dir='ltr'><strong>nullus</strong></span> <span class='ocrx_word' id='word_1_439' title='bbox 481 3177 757 3233; x_wconf 61' lang='lat' dir='ltr'><strong>saeculum</strong></span> <span class='ocrx_word' id='word_1_440' title='bbox 799 3178 947 3234; x_wconf 91' lang='lat' dir='ltr'><strong>inter</strong></span> <span class='ocrx_word' id='word_1_441' title='bbox 979 3187 1296 3249; x_wconf 89' lang='lat' dir='ltr'><strong>utrumque</strong></span> <span class='ocrx_word' id='word_1_442' title='bbox 1320 3179 1556 3250; x_wconf 88' lang='lat' dir='ltr'><strong>gradus.</strong></span> <span class='ocrx_word' id='word_1_443' title='bbox 1589 3181 1631 3235; x_wconf 88' lang='lat' dir='ltr'><strong>si</strong></span> <span class='ocrx_word' id='word_1_444' title='bbox 1660 3180 1741 3251; x_wconf 61' lang='lat' dir='ltr'><strong>{de</strong></span> <span class='ocrx_word' id='word_1_445' title='bbox 1783 3181 1962 3237; x_wconf 90' lang='lat' dir='ltr'><strong>altero</strong></span> 
     </span>
    </p>
   </div>
   <div class='ocr_carea' id='block_1_65' title="bbox 269 3265 1959 3338">
    <p class='ocr_par' dir='ltr' id='par_1_65' title="bbox 269 3265 1959 3338">
     <span class='ocr_line' id='line_1_65' title="bbox 269 3265 1959 3338; baseline 0.003 -19"><span class='ocrx_word' id='word_1_446' title='bbox 269 3266 327 3320; x_wconf 90' lang='lat' dir='ltr'><strong>in</strong></span> <span class='ocrx_word' id='word_1_447' title='bbox 357 3265 601 3321; x_wconf 88' lang='lat' dir='ltr'><strong>alterum</strong></span> <span class='ocrx_word' id='word_1_448' title='bbox 651 3267 816 3336; x_wconf 90' lang='lat' dir='ltr'><strong>quasi</strong></span> <span class='ocrx_word' id='word_1_449' title='bbox 866 3267 936 3322; x_wconf 89' lang='lat' dir='ltr'><strong>de</strong></span> <span class='ocrx_word' id='word_1_450' title='bbox 991 3281 1227 3336; x_wconf 90' lang='lat' dir='ltr'><strong>corpore</strong></span> <span class='ocrx_word' id='word_1_451' title='bbox 1276 3267 1555 3323; x_wconf 87' lang='lat' dir='ltr'><strong>transitur</strong></span> <span class='ocrx_word' id='word_1_452' title='bbox 1609 3267 1667 3322; x_wconf 91' lang='lat' dir='ltr'><strong>in</strong></span> <span class='ocrx_word' id='word_1_453' title='bbox 1729 3283 1959 3338; x_wconf 91' lang='lat' dir='ltr'><strong>corpus,</strong></span> 
     </span>
    </p>
   </div>
   <div class='ocr_carea' id='block_1_66' title="bbox 266 3354 1961 3425">
    <p class='ocr_par' dir='ltr' id='par_1_66' title="bbox 266 3354 1961 3425">
     <span class='ocr_line' id='line_1_66' title="bbox 266 3354 1961 3425; baseline 0.002 -17"><span class='ocrx_word' id='word_1_454' title='bbox 266 3367 572 3422; x_wconf 89' lang='lat' dir='ltr'><strong>nunquam</strong></span> <span class='ocrx_word' id='word_1_455' title='bbox 607 3354 675 3408; x_wconf 90' lang='lat' dir='ltr'><strong>de</strong></span> <span class='ocrx_word' id='word_1_456' title='bbox 705 3355 966 3423; x_wconf 71' lang='lat' dir='ltr'><strong>praesenti</strong></span> <span class='ocrx_word' id='word_1_457' title='bbox 1002 3356 1106 3410; x_wconf 91' lang='lat' dir='ltr'><strong>hoc</strong></span> <span class='ocrx_word' id='word_1_458' title='bbox 1137 3355 1534 3425; x_wconf 84' lang='lat' dir='ltr'><strong>qualicunque</strong></span> <span class='ocrx_word' id='word_1_459' title='bbox 1566 3357 1712 3413; x_wconf 91' lang='lat' dir='ltr'><strong>bono</strong></span> <span class='ocrx_word' id='word_1_460' title='bbox 1757 3358 1961 3413; x_wconf 88' lang='lat' dir='ltr'><strong>transi-</strong></span> 
     </span>
    </p>
   </div>
   <div class='ocr_carea' id='block_1_67' title="bbox 271 3442 1961 3511">
    <p class='ocr_par' dir='ltr' id='par_1_67' title="bbox 271 3442 1961 3511">
     <span class='ocr_line' id='line_1_67' title="bbox 271 3442 1961 3511; baseline 0.004 -15"><span class='ocrx_word' id='word_1_461' title='bbox 271 3449 364 3497; x_wconf 90' lang='lat' dir='ltr'><strong>tur</strong></span> <span class='ocrx_word' id='word_1_462' title='bbox 405 3442 461 3496; x_wconf 89' lang='lat' dir='ltr'><strong>in</strong></span> <span class='ocrx_word' id='word_1_463' title='bbox 504 3442 727 3498; x_wconf 88' lang='lat' dir='ltr'><strong>melius.</strong></span> <span class='ocrx_word' id='word_1_464' title='bbox 779 3443 932 3498; x_wconf 90' lang='lat' dir='ltr'><strong>Bona</strong></span> <span class='ocrx_word' id='word_1_465' title='bbox 979 3443 1129 3497; x_wconf 90' lang='lat' dir='ltr'><strong>enim</strong></span> <span class='ocrx_word' id='word_1_466' title='bbox 1170 3452 1306 3499; x_wconf 91' lang='lat' dir='ltr'><strong>sunt</strong></span> <span class='ocrx_word' id='word_1_467' title='bbox 1347 3458 1380 3498; x_wconf 89' lang='lat' dir='ltr'><strong>a</strong></span> <span class='ocrx_word' id='word_1_468' title='bbox 1429 3445 1541 3500; x_wconf 90' lang='lat' dir='ltr'><strong>Deo</strong></span> <span class='ocrx_word' id='word_1_469' title='bbox 1569 3446 1814 3511; x_wconf 89' lang='lat' dir='ltr'><strong>condita,</strong></span> <span class='ocrx_word' id='word_1_470' title='bbox 1866 3446 1961 3502; x_wconf 90' lang='lat' dir='ltr'><strong>sed</strong></span> 
     </span>
    </p>
   </div>
   <div class='ocr_carea' id='block_1_68' title="bbox 269 3529 1963 3603">
    <p class='ocr_par' dir='ltr' id='par_1_68' title="bbox 269 3529 1963 3603">
     <span class='ocr_line' id='line_1_68' title="bbox 269 3529 1963 3603; baseline 0.003 -18"><span class='ocrx_word' id='word_1_471' title='bbox 269 3530 639 3603; x_wconf 88' lang='lat' dir='ltr'><strong>imaginaria;</strong></span> <span class='ocrx_word' id='word_1_472' title='bbox 667 3529 752 3586; x_wconf 92' lang='lat' dir='ltr'><strong>his</strong></span> <span class='ocrx_word' id='word_1_473' title='bbox 783 3533 1005 3587; x_wconf 90' lang='lat' dir='ltr'><strong>utimur</strong></span> <span class='ocrx_word' id='word_1_474' title='bbox 1037 3532 1284 3600; x_wconf 89' lang='lat' dir='ltr'><strong>interim,</strong></span> <span class='ocrx_word' id='word_1_475' title='bbox 1315 3533 1493 3588; x_wconf 90' lang='lat' dir='ltr'><strong>donec</strong></span> <span class='ocrx_word' id='word_1_476' title='bbox 1523 3533 1636 3589; x_wconf 89' lang='lat' dir='ltr'><strong>frui</strong></span> <span class='ocrx_word' id='word_1_477' title='bbox 1686 3535 1855 3590; x_wconf 91' lang='lat' dir='ltr'><strong>detur</strong></span> <span class='ocrx_word' id='word_1_478' title='bbox 1894 3535 1963 3590; x_wconf 91' lang='lat' dir='ltr'><strong>iis</strong></span> 
     </span>
    </p>
   </div>
   <div class='ocr_carea' id='block_1_69' title="bbox 269 3619 1851 3690">
    <p class='ocr_par' dir='ltr' id='par_1_69' title="bbox 269 3619 1851 3690">
     <span class='ocr_line' id='line_1_69' title="bbox 269 3619 1851 3690; baseline 0.002 -16"><span class='ocrx_word' id='word_1_479' title='bbox 269 3634 418 3690; x_wconf 74' lang='lat' dir='ltr'><strong>quae,</strong></span> <span class='ocrx_word' id='word_1_480' title='bbox 453 3620 524 3676; x_wconf 91' lang='lat' dir='ltr'><strong>ob</strong></span> <span class='ocrx_word' id='word_1_481' title='bbox 555 3619 1014 3675; x_wconf 87' lang='lat' dir='ltr'><strong>transibilitatem</strong></span> <span class='ocrx_word' id='word_1_482' title='bbox 1048 3621 1273 3688; x_wconf 90' lang='lat' dir='ltr'><strong>horum,</strong></span> <span class='ocrx_word' id='word_1_483' title='bbox 1309 3631 1590 3677; x_wconf 90' lang='lat' dir='ltr'><strong>vocantur</strong></span> <span class='ocrx_word' id='word_1_484' title='bbox 1617 3631 1851 3678; x_wconf 71' lang='lat' dir='ltr'><strong>aeterna.</strong></span> 
     </span>
    </p>
   </div>
   <div class='ocr_carea' id='block_1_70' title="bbox 337 3707 1964 3782">
    <p class='ocr_par' dir='ltr' id='par_1_70' title="bbox 337 3707 1964 3782">
     <span class='ocr_line' id='line_1_70' title="bbox 337 3707 1964 3782; baseline 0.002 -20"><span class='ocrx_word' id='word_1_485' title='bbox 337 3709 481 3775; x_wconf 86' lang='lat' dir='ltr'><strong>§lV.</strong></span> <span class='ocrx_word' id='word_1_486' title='bbox 517 3708 626 3774; x_wconf 89' lang='lat' dir='ltr'><strong>Qui</strong></span> <span class='ocrx_word' id='word_1_487' title='bbox 655 3707 901 3763; x_wconf 73' lang='lat' dir='ltr'><strong>visiones</strong></span> <span class='ocrx_word' id='word_1_488' title='bbox 927 3709 1246 3763; x_wconf 83' lang='lat' dir='ltr'><strong>retulerunt</strong></span> <span class='ocrx_word' id='word_1_489' title='bbox 1283 3727 1440 3777; x_wconf 85' lang='lat' dir='ltr'><strong>suas,</strong></span> <span class='ocrx_word' id='word_1_490' title='bbox 1481 3711 1770 3782; x_wconf 72' lang='lat' dir='ltr'><strong>corporeis</strong></span> <span class='ocrx_word' id='word_1_491' title='bbox 1796 3712 1964 3767; x_wconf 87' lang='lat' dir='ltr'><strong>rebus</strong></span> 
     </span>
    </p>
   </div>
   <div class='ocr_carea' id='block_1_71' title="bbox 265 3795 1962 3868">
    <p class='ocr_par' dir='ltr' id='par_1_71' title="bbox 265 3795 1962 3868">
     <span class='ocr_line' id='line_1_71' title="bbox 265 3795 1962 3868; baseline 0.003 -19"><span class='ocrx_word' id='word_1_492' title='bbox 265 3795 487 3850; x_wconf 84' lang='lat' dir='ltr'><strong>similia</strong></span> <span class='ocrx_word' id='word_1_493' title='bbox 533 3796 849 3851; x_wconf 75' lang='lat' dir='ltr'><strong>exhibuere.</strong></span> <span class='ocrx_word' id='word_1_494' title='bbox 909 3827 978 3837; x_wconf 91' lang='lat'><strong><em>—</em></strong></span> <span class='ocrx_word' id='word_1_495' title='bbox 1019 3798 1278 3867; x_wconf 91' lang='lat' dir='ltr'><strong>Denique</strong></span> <span class='ocrx_word' id='word_1_496' title='bbox 1327 3806 1386 3854; x_wconf 89' lang='lat' dir='ltr'><strong>et</strong></span> <span class='ocrx_word' id='word_1_497' title='bbox 1434 3799 1726 3868; x_wconf 74' lang='lat' dir='ltr'><strong>praelibato</strong></span> <span class='ocrx_word' id='word_1_498' title='bbox 1769 3800 1962 3856; x_wconf 91' lang='lat' dir='ltr'><strong>sensui</strong></span> 
     </span>
    </p>
   </div>
   <div class='ocr_carea' id='block_1_72' title="bbox 269 3885 1963 3959">
    <p class='ocr_par' dir='ltr' id='par_1_72' title="bbox 269 3885 1963 3959">
     <span class='ocr_line' id='line_1_72' title="bbox 269 3885 1963 3959; baseline 0.002 -20"><span class='ocrx_word' id='word_1_499' title='bbox 269 3885 451 3940; x_wconf 90' lang='lat' dir='ltr'><strong>adniti</strong></span> <span class='ocrx_word' id='word_1_500' title='bbox 478 3885 724 3952; x_wconf 90' lang='lat' dir='ltr'><strong>videtur,</strong></span> <span class='ocrx_word' id='word_1_501' title='bbox 745 3886 896 3954; x_wconf 91' lang='lat' dir='ltr'><strong>quod</strong></span> <span class='ocrx_word' id='word_1_502' title='bbox 921 3886 1074 3956; x_wconf 89' lang='lat' dir='ltr'><strong>apud</strong></span> <span class='ocrx_word' id='word_1_503' title='bbox 1113 3887 1343 3942; x_wconf 90' lang='lat' dir='ltr'><strong>beatum</strong></span> <span class='ocrx_word' id='word_1_504' title='bbox 1389 3901 1592 3957; x_wconf 87' lang='lat' dir='ltr'><strong>papam</strong></span> <span class='ocrx_word' id='word_1_505' title='bbox 1625 3888 1963 3959; x_wconf 85' lang='lat' dir='ltr'><strong>Gregorium</strong></span> 
     </span>
    </p>
   </div>
   <div class='ocr_carea' id='block_1_73' title="bbox 270 3973 1963 4043">
    <p class='ocr_par' dir='ltr' id='par_1_73' title="bbox 270 3973 1963 4043">
     <span class='ocr_line' id='line_1_73' title="bbox 270 3973 1963 4043; baseline 0.001 -15"><span class='ocrx_word' id='word_1_506' title='bbox 270 3988 467 4028; x_wconf 88' lang='lat' dir='ltr'><strong>omnes</strong></span> <span class='ocrx_word' id='word_1_507' title='bbox 495 3973 594 4043; x_wconf 93' lang='lat' dir='ltr'><strong>qui</strong></span> <span class='ocrx_word' id='word_1_508' title='bbox 630 3974 697 4028; x_wconf 92' lang='lat' dir='ltr'><strong>de</strong></span> <span class='ocrx_word' id='word_1_509' title='bbox 722 3975 988 4031; x_wconf 83' lang='lat' dir='ltr'><strong>exteriori</strong></span> <span class='ocrx_word' id='word_1_510' title='bbox 1034 3975 1138 4031; x_wconf 92' lang='lat' dir='ltr'><strong>isto</strong></span> <span class='ocrx_word' id='word_1_511' title='bbox 1167 3976 1238 4030; x_wconf 90' lang='lat' dir='ltr'><strong>ad</strong></span> <span class='ocrx_word' id='word_1_512' title='bbox 1271 3976 1512 4031; x_wconf 89' lang='lat' dir='ltr'><strong>interius</strong></span> <span class='ocrx_word' id='word_1_513' title='bbox 1552 3976 1689 4032; x_wconf 91' lang='lat' dir='ltr'><strong>illud</strong></span> <span class='ocrx_word' id='word_1_514' title='bbox 1722 3976 1963 4032; x_wconf 88' lang='lat' dir='ltr'><strong>redituri</strong></span> 
     </span>
    </p>
   </div>
   <div class='ocr_carea' id='block_1_74' title="bbox 270 4061 1960 4134">
    <p class='ocr_par' dir='ltr' id='par_1_74' title="bbox 270 4061 1960 4134">
     <span class='ocr_line' id='line_1_74' title="bbox 270 4061 1960 4134; baseline 0.003 -18"><span class='ocrx_word' id='word_1_515' title='bbox 270 4061 664 4130; x_wconf 87' lang='lat' dir='ltr'><strong>rapiebantur,</strong></span> <span class='ocrx_word' id='word_1_516' title='bbox 701 4063 925 4118; x_wconf 90' lang='lat' dir='ltr'><strong>nonnisi</strong></span> <span class='ocrx_word' id='word_1_517' title='bbox 957 4064 1025 4119; x_wconf 90' lang='lat' dir='ltr'><strong>iis</strong></span> <span class='ocrx_word' id='word_1_518' title='bbox 1055 4065 1263 4120; x_wconf 89' lang='lat' dir='ltr'><strong>similia</strong></span> <span class='ocrx_word' id='word_1_519' title='bbox 1289 4079 1420 4134; x_wconf 74' lang='lat' dir='ltr'><strong>quae</strong></span> <span class='ocrx_word' id='word_1_520' title='bbox 1442 4065 1532 4120; x_wconf 88' lang='lat' dir='ltr'><strong>hic</strong></span> <span class='ocrx_word' id='word_1_521' title='bbox 1569 4074 1960 4133; x_wconf 87' lang='lat' dir='ltr'><strong>assueverant,</strong></span> 
     </span>
    </p>
   </div>
   <div class='ocr_carea' id='block_1_75' title="bbox 273 4149 1962 4222">
    <p class='ocr_par' dir='ltr' id='par_1_75' title="bbox 273 4149 1962 4222">
     <span class='ocr_line' id='line_1_75' title="bbox 273 4149 1962 4222; baseline 0.004 -19"><span class='ocrx_word' id='word_1_522' title='bbox 273 4149 478 4204; x_wconf 87' lang='lat' dir='ltr'><strong>vidisse</strong></span> <span class='ocrx_word' id='word_1_523' title='bbox 506 4163 566 4204; x_wconf 90' lang='lat' dir='ltr'><strong>se</strong></span> <span class='ocrx_word' id='word_1_524' title='bbox 595 4149 980 4207; x_wconf 89' lang='lat' dir='ltr'><strong>recoluerunt.</strong></span> <span class='ocrx_word' id='word_1_525' title='bbox 1023 4151 1076 4206; x_wconf 93' lang='lat' dir='ltr'><strong>Si</strong></span> <span class='ocrx_word' id='word_1_526' title='bbox 1106 4152 1261 4208; x_wconf 91' lang='lat' dir='ltr'><strong>enim</strong></span> <span class='ocrx_word' id='word_1_527' title='bbox 1302 4167 1516 4221; x_wconf 86' lang='lat' dir='ltr'><strong>pontes,</strong></span> <span class='ocrx_word' id='word_1_528' title='bbox 1554 4153 1598 4209; x_wconf 93' lang='lat' dir='ltr'><strong>si</strong></span> <span class='ocrx_word' id='word_1_529' title='bbox 1639 4153 1866 4222; x_wconf 90' lang='lat' dir='ltr'><strong>ﬂuvios,</strong></span> <span class='ocrx_word' id='word_1_530' title='bbox 1916 4155 1962 4210; x_wconf 90' lang='lat' dir='ltr'><strong>si</strong></span> 
     </span>
    </p>
   </div>
   <div class='ocr_carea' id='block_1_76' title="bbox 271 4237 1960 4313">
    <p class='ocr_par' dir='ltr' id='par_1_76' title="bbox 271 4237 1960 4313">
     <span class='ocr_line' id='line_1_76' title="bbox 271 4237 1960 4313; baseline 0.004 -21"><span class='ocrx_word' id='word_1_531' title='bbox 271 4237 474 4292; x_wconf 91' lang='lat' dir='ltr'><strong>fetores</strong></span> <span class='ocrx_word' id='word_1_532' title='bbox 547 4238 908 4308; x_wconf 88' lang='lat' dir='ltr'><strong>sulphureos,</strong></span> <span class='ocrx_word' id='word_1_533' title='bbox 959 4239 1004 4294; x_wconf 93' lang='lat' dir='ltr'><strong>si</strong></span> <span class='ocrx_word' id='word_1_534' title='bbox 1067 4254 1320 4296; x_wconf 78' lang='lat' dir='ltr'><strong>anuenos</strong></span> <span class='ocrx_word' id='word_1_535' title='bbox 1391 4249 1662 4310; x_wconf 68' lang='lat' dir='ltr'><strong>praeterea</strong></span> <span class='ocrx_word' id='word_1_536' title='bbox 1708 4257 1960 4313; x_wconf 91' lang='lat' dir='ltr'><strong>campos,</strong></span> 
     </span>
    </p>
   </div>
   <div class='ocr_carea' id='block_1_77' title="bbox 272 4326 1964 4402">
    <p class='ocr_par' dir='ltr' id='par_1_77' title="bbox 272 4326 1964 4402">
     <span class='ocr_line' id='line_1_77' title="bbox 272 4326 1964 4402; baseline 0.004 -21"><span class='ocrx_word' id='word_1_537' title='bbox 272 4326 318 4381; x_wconf 88' lang='lat' dir='ltr'><strong>si</strong></span> <span class='ocrx_word' id='word_1_538' title='bbox 350 4327 539 4381; x_wconf 90' lang='lat' dir='ltr'><strong>aureis</strong></span> <span class='ocrx_word' id='word_1_539' title='bbox 569 4326 858 4383; x_wconf 89' lang='lat' dir='ltr'><strong>laterculis</strong></span> <span class='ocrx_word' id='word_1_540' title='bbox 888 4328 1275 4385; x_wconf 66' lang='lat' dir='ltr'><strong>exaedificatas</strong></span> <span class='ocrx_word' id='word_1_541' title='bbox 1302 4331 1498 4386; x_wconf 89' lang='lat' dir='ltr'><strong>domos</strong></span> <span class='ocrx_word' id='word_1_542' title='bbox 1546 4332 1764 4402; x_wconf 89' lang='lat' dir='ltr'><strong>quique</strong></span> <span class='ocrx_word' id='word_1_543' title='bbox 1810 4340 1964 4388; x_wconf 90' lang='lat' dir='ltr'><strong>retu-</strong></span> 
     </span>
    </p>
   </div>
   <div class='ocr_carea' id='block_1_78' title="bbox 269 4413 1965 4489">
    <p class='ocr_par' dir='ltr' id='par_1_78' title="bbox 269 4413 1965 4489">
     <span class='ocr_line' id='line_1_78' title="bbox 269 4413 1965 4489; baseline 0.005 -20"><span class='ocrx_word' id='word_1_544' title='bbox 269 4413 458 4482; x_wconf 91' lang='lat' dir='ltr'><strong>lerint,</strong></span> <span class='ocrx_word' id='word_1_545' title='bbox 485 4416 588 4471; x_wconf 88' lang='lat' dir='ltr'><strong>hoc</strong></span> <span class='ocrx_word' id='word_1_546' title='bbox 619 4416 893 4472; x_wconf 91' lang='lat' dir='ltr'><strong>nimirum</strong></span> <span class='ocrx_word' id='word_1_547' title='bbox 927 4417 996 4473; x_wconf 92' lang='lat' dir='ltr'><strong>de</strong></span> <span class='ocrx_word' id='word_1_548' title='bbox 1046 4418 1405 4475; x_wconf 89' lang='lat' dir='ltr'><strong>sinilitudine</strong></span> <span class='ocrx_word' id='word_1_549' title='bbox 1448 4422 1740 4489; x_wconf 66' lang='lat' dir='ltr'><strong>praesentis</strong></span> <span class='ocrx_word' id='word_1_550' title='bbox 1782 4429 1965 4478; x_wconf 90' lang='lat' dir='ltr'><strong>status</strong></span> 
     </span>
    </p>
   </div>
   <div class='ocr_carea' id='block_1_79' title="bbox 272 4503 1968 4579">
    <p class='ocr_par' dir='ltr' id='par_1_79' title="bbox 272 4503 1968 4579">
     <span class='ocr_line' id='line_1_79' title="bbox 272 4503 1968 4579; baseline 0.005 -22"><span class='ocrx_word' id='word_1_551' title='bbox 272 4503 589 4560; x_wconf 90' lang='lat' dir='ltr'><strong>intulerint.</strong></span> <span class='ocrx_word' id='word_1_552' title='bbox 622 4505 735 4560; x_wconf 91' lang='lat' dir='ltr'><strong>Nec</strong></span> <span class='ocrx_word' id='word_1_553' title='bbox 764 4505 1085 4562; x_wconf 90' lang='lat' dir='ltr'><strong>secundum</strong></span> <span class='ocrx_word' id='word_1_554' title='bbox 1119 4507 1298 4563; x_wconf 90' lang='lat' dir='ltr'><strong>solam</strong></span> <span class='ocrx_word' id='word_1_555' title='bbox 1343 4508 1552 4579; x_wconf 86' lang='lat' dir='ltr'><strong>dialogi</strong></span> <span class='ocrx_word' id='word_1_556' title='bbox 1595 4509 1799 4565; x_wconf 90' lang='lat' dir='ltr'><strong>seriem</strong></span> <span class='ocrx_word' id='word_1_557' title='bbox 1846 4510 1968 4566; x_wconf 73' lang='lat' dir='ltr'><strong>haec</strong></span> 
     </span>
    </p>
   </div>
   <div class='ocr_carea' id='block_1_80' title="bbox 271 4592 1967 4667">
    <p class='ocr_par' dir='ltr' id='par_1_80' title="bbox 271 4592 1967 4667">
     <span class='ocr_line' id='line_1_80' title="bbox 271 4592 1967 4667; baseline 0.004 -20"><span class='ocrx_word' id='word_1_558' title='bbox 271 4592 567 4662; x_wconf 68' lang='lat' dir='ltr'><strong>aliquibus</strong></span> <span class='ocrx_word' id='word_1_559' title='bbox 611 4594 948 4662; x_wconf 87' lang='lat' dir='ltr'><strong>apparuisse</strong></span> <span class='ocrx_word' id='word_1_560' title='bbox 996 4595 1308 4664; x_wconf 87' lang='lat' dir='ltr'><strong>putaveris,</strong></span> <span class='ocrx_word' id='word_1_561' title='bbox 1358 4600 1414 4651; x_wconf 90' lang='lat' dir='ltr'><strong>et</strong></span> <span class='ocrx_word' id='word_1_562' title='bbox 1460 4611 1572 4651; x_wconf 91' lang='lat' dir='ltr'><strong>non</strong></span> <span class='ocrx_word' id='word_1_563' title='bbox 1631 4599 1820 4665; x_wconf 91' lang='lat' dir='ltr'><strong>potius</strong></span> <span class='ocrx_word' id='word_1_564' title='bbox 1867 4612 1967 4667; x_wconf 90' lang='lat' dir='ltr'><strong>per</strong></span> 
     </span>
    </p>
   </div>
   <div class='ocr_carea' id='block_1_81' title="bbox 269 4683 1968 4754">
    <p class='ocr_par' dir='ltr' id='par_1_81' title="bbox 269 4683 1968 4754">
     <span class='ocr_line' id='line_1_81' title="bbox 269 4683 1968 4754; baseline 0.002 -16"><span class='ocrx_word' id='word_1_565' title='bbox 269 4695 467 4738; x_wconf 90' lang='lat' dir='ltr'><strong>omnes</strong></span> <span class='ocrx_word' id='word_1_566' title='bbox 494 4695 640 4751; x_wconf 88' lang='lat' dir='ltr'><strong>quas</strong></span> <span class='ocrx_word' id='word_1_567' title='bbox 675 4697 762 4738; x_wconf 92' lang='lat' dir='ltr'><strong>me</strong></span> <span class='ocrx_word' id='word_1_568' title='bbox 786 4698 904 4739; x_wconf 89' lang='lat' dir='ltr'><strong>non</strong></span> <span class='ocrx_word' id='word_1_569' title='bbox 939 4683 1065 4739; x_wconf 90' lang='lat' dir='ltr'><strong>dico</strong></span> <span class='ocrx_word' id='word_1_570' title='bbox 1105 4683 1324 4754; x_wconf 75' lang='lat' dir='ltr'><strong>legisse,</strong></span> <span class='ocrx_word' id='word_1_571' title='bbox 1381 4685 1478 4741; x_wconf 91' lang='lat' dir='ltr'><strong>sed</strong></span> <span class='ocrx_word' id='word_1_572' title='bbox 1523 4686 1692 4742; x_wconf 89' lang='lat' dir='ltr'><strong>etiam</strong></span> <span class='ocrx_word' id='word_1_573' title='bbox 1741 4687 1968 4743; x_wconf 90' lang='lat' dir='ltr'><strong>audisse</strong></span> 
     </span>
    </p>
   </div>
   <div class='ocr_carea' id='block_1_82' title="bbox 271 4769 1876 4844">
    <p class='ocr_par' dir='ltr' id='par_1_82' title="bbox 271 4769 1876 4844">
     <span class='ocr_line' id='line_1_82' title="bbox 271 4769 1876 4844; baseline 0.002 -20"><span class='ocrx_word' id='word_1_574' title='bbox 271 4769 629 4824; x_wconf 90' lang='lat' dir='ltr'><strong>meminerim</strong></span> <span class='ocrx_word' id='word_1_575' title='bbox 658 4770 926 4826; x_wconf 90' lang='lat' dir='ltr'><strong>visiones.</strong></span> <span class='ocrx_word' id='word_1_576' title='bbox 1848 4823 1876 4844; x_wconf 69' lang='grc'>,</span> 
     </span>
    </p>
   </div>
   <div class='ocr_carea' id='block_1_83' title="bbox 340 4857 1967 4934">
    <p class='ocr_par' dir='ltr' id='par_1_83' title="bbox 340 4857 1967 4934">
     <span class='ocr_line' id='line_1_83' title="bbox 340 4857 1967 4934; baseline 0.004 -22"><span class='ocrx_word' id='word_1_577' title='bbox 340 4857 489 4924; x_wconf 88' lang='lat' dir='ltr'><strong>Quid</strong></span> <span class='ocrx_word' id='word_1_578' title='bbox 529 4858 682 4913; x_wconf 89' lang='lat' dir='ltr'><strong>enim</strong></span> <span class='ocrx_word' id='word_1_579' title='bbox 723 4860 878 4928; x_wconf 91' lang='lat' dir='ltr'><strong>quod</strong></span> <span class='ocrx_word' id='word_1_580' title='bbox 923 4861 1074 4915; x_wconf 91' lang='lat' dir='ltr'><strong>Beda</strong></span> <span class='ocrx_word' id='word_1_581' title='bbox 1117 4860 1173 4916; x_wconf 89' lang='lat' dir='ltr'><strong>in</strong></span> <span class='ocrx_word' id='word_1_582' title='bbox 1219 4861 1400 4918; x_wconf 90' lang='lat' dir='ltr'><strong>Gestis</strong></span> <span class='ocrx_word' id='word_1_583' title='bbox 1459 4863 1775 4934; x_wconf 81' lang='lat' dir='ltr'><strong>Anglorum</strong></span> <span class='ocrx_word' id='word_1_584' title='bbox 1829 4865 1967 4919; x_wconf 91' lang='lat' dir='ltr'><strong>dum</strong></span> 
     </span>
    </p>
   </div>
   <div class='ocr_carea' id='block_1_84' title="bbox 272 4947 1970 5022">
    <p class='ocr_par' dir='ltr' id='par_1_84' title="bbox 272 4947 1970 5022">
     <span class='ocr_line' id='line_1_84' title="bbox 272 4947 1970 5022; baseline 0.004 -20"><span class='ocrx_word' id='word_1_585' title='bbox 272 4947 408 5002; x_wconf 91' lang='lat' dir='ltr'><strong>hinc</strong></span> <span class='ocrx_word' id='word_1_586' title='bbox 428 4947 669 5012; x_wconf 88' lang='lat' dir='ltr'><strong>timoris,</strong></span> <span class='ocrx_word' id='word_1_587' title='bbox 704 4947 838 5003; x_wconf 91' lang='lat' dir='ltr'><strong>hinc</strong></span> <span class='ocrx_word' id='word_1_588' title='bbox 869 4949 1063 5018; x_wconf 71' lang='lat' dir='ltr'><strong>gloriae</strong></span> <span class='ocrx_word' id='word_1_589' title='bbox 1095 4949 1294 5020; x_wconf 90' lang='lat' dir='ltr'><strong>plenas</strong></span> <span class='ocrx_word' id='word_1_590' title='bbox 1322 4965 1441 5006; x_wconf 68' lang='lat' dir='ltr'><strong>suae</strong></span> <span class='ocrx_word' id='word_1_591' title='bbox 1468 4953 1618 5021; x_wconf 88' lang='lat' dir='ltr'><strong>genti</strong></span> <span class='ocrx_word' id='word_1_592' title='bbox 1657 4952 1970 5022; x_wconf 91' lang='lat' dir='ltr'><strong>aliquando</strong></span> 
     </span>
    </p>
   </div>
   <div class='ocr_carea' id='block_1_85' title="bbox 271 5035 1972 5107">
    <p class='ocr_par' dir='ltr' id='par_1_85' title="bbox 271 5035 1972 5107">
     <span class='ocr_line' id='line_1_85' title="bbox 271 5035 1972 5107; baseline 0.003 -17"><span class='ocrx_word' id='word_1_593' title='bbox 271 5035 666 5091; x_wconf 82' lang='lat' dir='ltr'><strong>manifeStatas</strong></span> <span class='ocrx_word' id='word_1_594' title='bbox 717 5036 1093 5092; x_wconf 87' lang='lat' dir='ltr'><strong>revelationes</strong></span> <span class='ocrx_word' id='word_1_595' title='bbox 1137 5038 1362 5107; x_wconf 84' lang='lat' dir='ltr'><strong>intexit,</strong></span> <span class='ocrx_word' id='word_1_596' title='bbox 1399 5040 1562 5095; x_wconf 91' lang='lat' dir='ltr'><strong>nulla</strong></span> <span class='ocrx_word' id='word_1_597' title='bbox 1609 5041 1716 5095; x_wconf 90' lang='lat' dir='ltr'><strong>nisi</strong></span> <span class='ocrx_word' id='word_1_598' title='bbox 1763 5041 1972 5095; x_wconf 91' lang='lat' dir='ltr'><strong>nostris</strong></span> 
     </span>
    </p>
   </div>
   <div class='ocr_carea' id='block_1_86' title="bbox 271 5124 1972 5184">
    <p class='ocr_par' dir='ltr' id='par_1_86' title="bbox 271 5124 1972 5184">
     <span class='ocr_line' id='line_1_86' title="bbox 271 5124 1972 5184; baseline 0.004 -6"><span class='ocrx_word' id='word_1_599' title='bbox 271 5124 476 5179; x_wconf 89' lang='lat' dir='ltr'><strong>usibus</strong></span> <span class='ocrx_word' id='word_1_600' title='bbox 511 5125 1056 5181; x_wconf 87' lang='lat' dir='ltr'><strong>convenientissima</strong></span> <span class='ocrx_word' id='word_1_601' title='bbox 1085 5125 1316 5183; x_wconf 91' lang='lat' dir='ltr'><strong>dicitur.</strong></span> <span class='ocrx_word' id='word_1_602' title='bbox 1366 5127 1486 5183; x_wconf 93' lang='lat' dir='ltr'><strong>lllic</strong></span> <span class='ocrx_word' id='word_1_603' title='bbox 1519 5129 1672 5183; x_wconf 91' lang='lat' dir='ltr'><strong>enim</strong></span> <span class='ocrx_word' id='word_1_604' title='bbox 1705 5137 1759 5183; x_wconf 92' lang='lat' dir='ltr'><strong>et</strong></span> <span class='ocrx_word' id='word_1_605' title='bbox 1803 5143 1972 5184; x_wconf 90' lang='lat' dir='ltr'><strong>mon—</strong></span> 
     </span>
    </p>
   </div>
   <div class='ocr_carea' id='block_1_87' title="bbox 273 5213 1974 5286">
    <p class='ocr_par' dir='ltr' id='par_1_87' title="bbox 273 5213 1974 5286">
     <span class='ocr_line' id='line_1_87' title="bbox 273 5213 1974 5286; baseline 0.005 -21"><span class='ocrx_word' id='word_1_606' title='bbox 273 5219 375 5278; x_wconf 91' lang='lat' dir='ltr'><strong>tes,</strong></span> <span class='ocrx_word' id='word_1_607' title='bbox 445 5219 500 5267; x_wconf 89' lang='lat' dir='ltr'><strong>et</strong></span> <span class='ocrx_word' id='word_1_608' title='bbox 551 5213 803 5275; x_wconf 90' lang='lat' dir='ltr'><strong>castella,</strong></span> <span class='ocrx_word' id='word_1_609' title='bbox 883 5214 1274 5270; x_wconf 90' lang='lat' dir='ltr'><strong>inclementias</strong></span> <span class='ocrx_word' id='word_1_610' title='bbox 1325 5215 1492 5282; x_wconf 86' lang='lat' dir='ltr'><strong>aeris,</strong></span> <span class='ocrx_word' id='word_1_611' title='bbox 1558 5224 1614 5271; x_wconf 88' lang='lat' dir='ltr'><strong>et</strong></span> <span class='ocrx_word' id='word_1_612' title='bbox 1674 5216 1974 5286; x_wconf 88' lang='lat' dir='ltr'><strong>plumbeas</strong></span> 
     </span>
    </p>
   </div>
   <div class='ocr_carea' id='block_1_88' title="bbox 275 5300 1973 5374">
    <p class='ocr_par' dir='ltr' id='par_1_88' title="bbox 275 5300 1973 5374">
     <span class='ocr_line' id='line_1_88' title="bbox 275 5300 1973 5374; baseline 0.005 -21"><span class='ocrx_word' id='word_1_613' title='bbox 275 5300 682 5356; x_wconf 87' lang='lat' dir='ltr'><strong>damnatorum</strong></span> <span class='ocrx_word' id='word_1_614' title='bbox 757 5315 940 5371; x_wconf 89' lang='lat' dir='ltr'><strong>arcas,</strong></span> <span class='ocrx_word' id='word_1_615' title='bbox 1003 5303 1220 5359; x_wconf 86' lang='lat' dir='ltr'><strong>laceras</strong></span> <span class='ocrx_word' id='word_1_616' title='bbox 1276 5303 1335 5359; x_wconf 91' lang='lat' dir='ltr'><strong>in</strong></span> <span class='ocrx_word' id='word_1_617' title='bbox 1407 5304 1588 5374; x_wconf 78' lang='lat' dir='ltr'><strong>ptenis</strong></span> <span class='ocrx_word' id='word_1_618' title='bbox 1660 5306 1973 5374; x_wconf 90' lang='lat' dir='ltr'><strong>positorum</strong></span> 
     </span>
    </p>
   </div>
   <div class='ocr_carea' id='block_1_89' title="bbox 277 5387 1973 5464">
    <p class='ocr_par' dir='ltr' id='par_1_89' title="bbox 277 5387 1973 5464">
     <span class='ocr_line' id='line_1_89' title="bbox 277 5387 1973 5464; baseline 0.005 -23"><span class='ocrx_word' id='word_1_619' title='bbox 277 5387 466 5456; x_wconf 86' lang='lat' dir='ltr'><strong>tibias,</strong></span> <span class='ocrx_word' id='word_1_620' title='bbox 496 5389 762 5457; x_wconf 65' lang='lat' dir='ltr'><strong>quaedam</strong></span> <span class='ocrx_word' id='word_1_621' title='bbox 805 5390 926 5445; x_wconf 92' lang='lat' dir='ltr'><strong>loca</strong></span> <span class='ocrx_word' id='word_1_622' title='bbox 984 5392 1286 5461; x_wconf 90' lang='lat' dir='ltr'><strong>putoribus</strong></span> <span class='ocrx_word' id='word_1_623' title='bbox 1323 5393 1656 5449; x_wconf 85' lang='lat' dir='ltr'><strong>exhalantia</strong></span> <span class='ocrx_word' id='word_1_624' title='bbox 1693 5394 1973 5464; x_wconf 89' lang='lat' dir='ltr'><strong>supplicio</strong></span> 
     </span>
    </p>
   </div>
   <div class='ocr_carea' id='block_1_90' title="bbox 275 5476 1970 5553">
    <p class='ocr_par' dir='ltr' id='par_1_90' title="bbox 275 5476 1970 5553">
     <span class='ocr_line' id='line_1_90' title="bbox 275 5476 1970 5553; baseline 0.006 -23"><span class='ocrx_word' id='word_1_625' title='bbox 275 5476 612 5544; x_wconf 90' lang='lat' dir='ltr'><strong>punitorum</strong></span> <span class='ocrx_word' id='word_1_626' title='bbox 699 5487 992 5548; x_wconf 89' lang='lat' dir='ltr'><strong>apparata,</strong></span> <span class='ocrx_word' id='word_1_627' title='bbox 1075 5481 1350 5552; x_wconf 90' lang='lat' dir='ltr'><strong>principis</strong></span> <span class='ocrx_word' id='word_1_628' title='bbox 1405 5482 1708 5553; x_wconf 85' lang='lat' dir='ltr'><strong>cujusdam</strong></span> <span class='ocrx_word' id='word_1_629' title='bbox 1783 5483 1970 5540; x_wconf 86' lang='lat' dir='ltr'><strong>virilia</strong></span> 
     </span>
    </p>
   </div>
   <div class='ocr_carea' id='block_1_91' title="bbox 2074 3000 3774 3072">
    <p class='ocr_par' dir='ltr' id='par_1_91' title="bbox 2074 3000 3774 3072">
     <span class='ocr_line' id='line_1_91' title="bbox 2074 3000 3774 3072; baseline -0.003 -14"><span class='ocrx_word' id='word_1_630' title='bbox 2074 3003 2331 3072; x_wconf 90' lang='lat' dir='ltr'><strong>pecuniis</strong></span> <span class='ocrx_word' id='word_1_631' title='bbox 2380 3002 2735 3068; x_wconf 88' lang='lat' dir='ltr'><strong>cruciantur,</strong></span> <span class='ocrx_word' id='word_1_632' title='bbox 2780 3010 2864 3057; x_wconf 91' lang='lat' dir='ltr'><strong>est</strong></span> <span class='ocrx_word' id='word_1_633' title='bbox 2910 3000 3218 3072; x_wconf 92' lang='lat' dir='ltr'><strong>liquidum.</strong></span> <span class='ocrx_word' id='word_1_634' title='bbox 3279 3001 3420 3056; x_wconf 90' lang='lat' dir='ltr'><strong>Nam</strong></span> <span class='ocrx_word' id='word_1_635' title='bbox 3475 3000 3774 3055; x_wconf 89' lang='lat' dir='ltr'><strong>tormentis</strong></span> 
     </span>
    </p>
   </div>
   <div class='ocr_carea' id='block_1_92' title="bbox 2073 3088 3773 3158">
    <p class='ocr_par' dir='ltr' id='par_1_92' title="bbox 2073 3088 3773 3158">
     <span class='ocr_line' id='line_1_92' title="bbox 2073 3088 3773 3158; baseline -0.002 -14"><span class='ocrx_word' id='word_1_636' title='bbox 2073 3091 2212 3146; x_wconf 89' lang='lat' dir='ltr'><strong>adeo</strong></span> <span class='ocrx_word' id='word_1_637' title='bbox 2235 3091 2569 3146; x_wconf 91' lang='lat' dir='ltr'><strong>enormibus</strong></span> <span class='ocrx_word' id='word_1_638' title='bbox 2609 3091 2731 3146; x_wconf 91' lang='lat' dir='ltr'><strong>illos</strong></span> <span class='ocrx_word' id='word_1_639' title='bbox 2769 3089 3171 3145; x_wconf 83' lang='lat' dir='ltr'><strong>excarnificari</strong></span> <span class='ocrx_word' id='word_1_640' title='bbox 3219 3089 3502 3153; x_wconf 88' lang='lat' dir='ltr'><strong>videmus,</strong></span> <span class='ocrx_word' id='word_1_641' title='bbox 3543 3088 3773 3158; x_wconf 91' lang='lat' dir='ltr'><strong>pollici-</strong></span> 
     </span>
    </p>
   </div>
   <div class='ocr_carea' id='block_1_93' title="bbox 2073 3177 3772 3249">
    <p class='ocr_par' dir='ltr' id='par_1_93' title="bbox 2073 3177 3772 3249">
     <span class='ocr_line' id='line_1_93' title="bbox 2073 3177 3772 3249; baseline -0.002 -16"><span class='ocrx_word' id='word_1_642' title='bbox 2073 3179 2183 3234; x_wconf 91' lang='lat' dir='ltr'><strong>bus</strong></span> <span class='ocrx_word' id='word_1_643' title='bbox 2233 3180 2698 3249; x_wconf 80' lang='lat' dir='ltr'><strong>genitalibuSque</strong></span> <span class='ocrx_word' id='word_1_644' title='bbox 2745 3179 3037 3248; x_wconf 90' lang='lat' dir='ltr'><strong>suspendi,</strong></span> <span class='ocrx_word' id='word_1_645' title='bbox 3102 3178 3299 3234; x_wconf 90' lang='lat' dir='ltr'><strong>dentes</strong></span> <span class='ocrx_word' id='word_1_646' title='bbox 3350 3177 3562 3246; x_wconf 80' lang='lat' dir='ltr'><strong>forcipe</strong></span> <span class='ocrx_word' id='word_1_647' title='bbox 3617 3177 3772 3243; x_wconf 89' lang='lat' dir='ltr'><strong>erui,</strong></span> 
     </span>
    </p>
   </div>
   <div class='ocr_carea' id='block_1_94' title="bbox 2072 3265 3775 3338">
    <p class='ocr_par' dir='ltr' id='par_1_94' title="bbox 2072 3265 3775 3338">
     <span class='ocr_line' id='line_1_94' title="bbox 2072 3265 3775 3338; baseline -0.004 -14"><span class='ocrx_word' id='word_1_648' title='bbox 2072 3281 2299 3338; x_wconf 87' lang='lat' dir='ltr'><strong>ungues</strong></span> <span class='ocrx_word' id='word_1_649' title='bbox 2340 3267 2494 3338; x_wconf 89' lang='lat' dir='ltr'><strong>ligno</strong></span> <span class='ocrx_word' id='word_1_650' title='bbox 2526 3273 2664 3322; x_wconf 72' lang='lat' dir='ltr'><strong>ac:</strong></span> <span class='ocrx_word' id='word_1_651' title='bbox 2716 3274 3040 3323; x_wconf 91' lang='lat' dir='ltr'><strong>coarctante</strong></span> <span class='ocrx_word' id='word_1_652' title='bbox 3073 3265 3408 3332; x_wconf 90' lang='lat' dir='ltr'><strong>comminui,</strong></span> <span class='ocrx_word' id='word_1_653' title='bbox 3440 3265 3623 3321; x_wconf 89' lang='lat' dir='ltr'><strong>calces</strong></span> <span class='ocrx_word' id='word_1_654' title='bbox 3651 3265 3775 3320; x_wconf 88' lang='lat' dir='ltr'><strong>sale</strong></span> 
     </span>
    </p>
   </div>
   <div class='ocr_carea' id='block_1_95' title="bbox 2074 3353 3775 3427">
    <p class='ocr_par' dir='ltr' id='par_1_95' title="bbox 2074 3353 3775 3427">
     <span class='ocr_line' id='line_1_95' title="bbox 2074 3353 3775 3427; baseline -0.001 -17"><span class='ocrx_word' id='word_1_655' title='bbox 2074 3356 2242 3412; x_wconf 89' lang='lat' dir='ltr'><strong>illitos</strong></span> <span class='ocrx_word' id='word_1_656' title='bbox 2305 3371 2610 3425; x_wconf 89' lang='lat' dir='ltr'><strong>caprarum</strong></span> <span class='ocrx_word' id='word_1_657' title='bbox 2675 3357 2874 3427; x_wconf 84' lang='lat' dir='ltr'><strong>lingua</strong></span> <span class='ocrx_word' id='word_1_658' title='bbox 2928 3355 3237 3422; x_wconf 89' lang='lat' dir='ltr'><strong>sublamhi,</strong></span> <span class='ocrx_word' id='word_1_659' title='bbox 3289 3363 3345 3410; x_wconf 94' lang='lat' dir='ltr'><strong>et</strong></span> <span class='ocrx_word' id='word_1_660' title='bbox 3399 3355 3519 3410; x_wconf 71' lang='lat' dir='ltr'><strong>haec</strong></span> <span class='ocrx_word' id='word_1_661' title='bbox 3576 3353 3775 3408; x_wconf 88' lang='lat' dir='ltr'><strong>omnia</strong></span> 
     </span>
    </p>
   </div>
   <div class='ocr_carea' id='block_1_96' title="bbox 2073 3441 3770 3514">
    <p class='ocr_par' dir='ltr' id='par_1_96' title="bbox 2073 3441 3770 3514">
     <span class='ocr_line' id='line_1_96' title="bbox 2073 3441 3770 3514; baseline -0.002 -15"><span class='ocrx_word' id='word_1_662' title='bbox 2073 3452 2232 3500; x_wconf 90' lang='lat' dir='ltr'><strong>tanta</strong></span> <span class='ocrx_word' id='word_1_663' title='bbox 2269 3444 2720 3514; x_wconf 67' lang='lat' dir='ltr'><strong>aequanimitate,</strong></span> <span class='ocrx_word' id='word_1_664' title='bbox 2764 3445 2875 3498; x_wconf 91' lang='lat' dir='ltr'><strong>imo</strong></span> <span class='ocrx_word' id='word_1_665' title='bbox 2912 3443 3084 3498; x_wconf 88' lang='lat' dir='ltr'><strong>animi</strong></span> <span class='ocrx_word' id='word_1_666' title='bbox 3118 3442 3480 3513; x_wconf 87' lang='lat' dir='ltr'><strong>jucunditate</strong></span> <span class='ocrx_word' id='word_1_667' title='bbox 3531 3441 3770 3510; x_wconf 88' lang='lat' dir='ltr'><strong>perpeti,</strong></span> 
     </span>
    </p>
   </div>
   <div class='ocr_carea' id='block_1_97' title="bbox 2073 3529 3775 3602">
    <p class='ocr_par' dir='ltr' id='par_1_97' title="bbox 2073 3529 3775 3602">
     <span class='ocr_line' id='line_1_97' title="bbox 2073 3529 3775 3602; baseline -0.001 -14"><span class='ocrx_word' id='word_1_668' title='bbox 2073 3541 2291 3602; x_wconf 87' lang='lat' dir='ltr'><strong>quanta</strong></span> <span class='ocrx_word' id='word_1_669' title='bbox 2309 3533 2560 3589; x_wconf 88' lang='lat' dir='ltr'><strong>thesauri</strong></span> <span class='ocrx_word' id='word_1_670' title='bbox 2594 3546 2694 3602; x_wconf 90' lang='lat' dir='ltr'><strong>spe</strong></span> <span class='ocrx_word' id='word_1_671' title='bbox 2715 3531 2944 3601; x_wconf 88' lang='lat' dir='ltr'><strong>repositi</strong></span> <span class='ocrx_word' id='word_1_672' title='bbox 2974 3532 3231 3586; x_wconf 89' lang='lat' dir='ltr'><strong>animum</strong></span> <span class='ocrx_word' id='word_1_673' title='bbox 3277 3531 3335 3585; x_wconf 90' lang='lat' dir='ltr'><strong>in</strong></span> <span class='ocrx_word' id='word_1_674' title='bbox 3373 3529 3491 3586; x_wconf 90' lang='lat' dir='ltr'><strong>suis</strong></span> <span class='ocrx_word' id='word_1_675' title='bbox 3539 3529 3775 3600; x_wconf 85' lang='lat' dir='ltr'><strong>angulis</strong></span> 
     </span>
    </p>
   </div>
   <div class='ocr_carea' id='block_1_98' title="bbox 2069 3619 3268 3690">
    <p class='ocr_par' dir='ltr' id='par_1_98' title="bbox 2069 3619 3268 3690">
     <span class='ocr_line' id='line_1_98' title="bbox 2069 3619 3268 3690; baseline -0.004 -13"><span class='ocrx_word' id='word_1_676' title='bbox 2069 3622 2455 3678; x_wconf 88' lang='lat' dir='ltr'><strong>exsultantem</strong></span> <span class='ocrx_word' id='word_1_677' title='bbox 2486 3621 2765 3690; x_wconf 85' lang='lat' dir='ltr'><strong>conjicere</strong></span> <span class='ocrx_word' id='word_1_678' title='bbox 2796 3621 2988 3676; x_wconf 88' lang='lat' dir='ltr'><strong>valeas</strong></span> <span class='ocrx_word' id='word_1_679' title='bbox 3021 3619 3268 3675; x_wconf 88' lang='lat' dir='ltr'><strong>deliniri.</strong></span> 
     </span>
    </p>
   </div>
   <div class='ocr_carea' id='block_1_99' title="bbox 2143 3707 3774 3779">
    <p class='ocr_par' dir='ltr' id='par_1_99' title="bbox 2143 3707 3774 3779">
     <span class='ocr_line' id='line_1_99' title="bbox 2143 3707 3774 3779; baseline -0.001 -15"><span class='ocrx_word' id='word_1_680' title='bbox 2143 3710 2306 3766; x_wconf 90' lang='lat' dir='ltr'><strong>Certe</strong></span> <span class='ocrx_word' id='word_1_681' title='bbox 2355 3711 2558 3766; x_wconf 88' lang='lat' dir='ltr'><strong>turrim</strong></span> <span class='ocrx_word' id='word_1_682' title='bbox 2609 3710 2766 3765; x_wconf 75' lang='lat' dir='ltr'><strong>mirae</strong></span> <span class='ocrx_word' id='word_1_683' title='bbox 2819 3708 3236 3779; x_wconf 83' lang='lat' dir='ltr'><strong>magnitudinis</strong></span> <span class='ocrx_word' id='word_1_684' title='bbox 3282 3708 3514 3779; x_wconf 89' lang='lat' dir='ltr'><strong>ignibus</strong></span> <span class='ocrx_word' id='word_1_685' title='bbox 3555 3707 3774 3763; x_wconf 88' lang='lat' dir='ltr'><strong>cande-</strong></span> 
     </span>
    </p>
   </div>
   <div class='ocr_carea' id='block_1_100' title="bbox 2071 3797 3776 3870">
    <p class='ocr_par' dir='ltr' id='par_1_100' title="bbox 2071 3797 3776 3870">
     <span class='ocr_line' id='line_1_100' title="bbox 2071 3797 3776 3870; baseline -0.002 -15"><span class='ocrx_word' id='word_1_686' title='bbox 2071 3808 2322 3856; x_wconf 90' lang='lat' dir='ltr'><strong>scentem</strong></span> <span class='ocrx_word' id='word_1_687' title='bbox 2343 3800 2734 3870; x_wconf 87' lang='lat' dir='ltr'><strong>experimento</strong></span> <span class='ocrx_word' id='word_1_688' title='bbox 2765 3798 3090 3864; x_wconf 88' lang='lat' dir='ltr'><strong>didicimus,</strong></span> <span class='ocrx_word' id='word_1_689' title='bbox 3117 3797 3316 3867; x_wconf 86' lang='lat' dir='ltr'><strong>lingua</strong></span> <span class='ocrx_word' id='word_1_690' title='bbox 3334 3797 3640 3867; x_wconf 88' lang='lat' dir='ltr'><strong>quemdam</strong></span> <span class='ocrx_word' id='word_1_691' title='bbox 3663 3810 3776 3852; x_wconf 90' lang='lat' dir='ltr'><strong>sua</strong></span> 
     </span>
    </p>
   </div>
   <div class='ocr_carea' id='block_1_101' title="bbox 2072 3885 3774 3958">
    <p class='ocr_par' dir='ltr' id='par_1_101' title="bbox 2072 3885 3774 3958">
     <span class='ocr_line' id='line_1_101' title="bbox 2072 3885 3774 3958; baseline -0.002 -15"><span class='ocrx_word' id='word_1_692' title='bbox 2072 3889 2323 3944; x_wconf 89' lang='lat' dir='ltr'><strong>madenti</strong></span> <span class='ocrx_word' id='word_1_693' title='bbox 2369 3902 2602 3958; x_wconf 89' lang='lat' dir='ltr'><strong>prorsus</strong></span> <span class='ocrx_word' id='word_1_694' title='bbox 2644 3887 3010 3958; x_wconf 88' lang='lat' dir='ltr'><strong>exstinguere</strong></span> <span class='ocrx_word' id='word_1_695' title='bbox 3048 3886 3306 3954; x_wconf 91' lang='lat' dir='ltr'><strong>solitum,</strong></span> <span class='ocrx_word' id='word_1_696' title='bbox 3361 3886 3432 3941; x_wconf 92' lang='lat' dir='ltr'><strong>ob</strong></span> <span class='ocrx_word' id='word_1_697' title='bbox 3483 3886 3536 3940; x_wconf 91' lang='lat' dir='ltr'><strong>id</strong></span> <span class='ocrx_word' id='word_1_698' title='bbox 3593 3885 3774 3940; x_wconf 88' lang='lat' dir='ltr'><strong>studii</strong></span> 
     </span>
    </p>
   </div>
   <div class='ocr_carea' id='block_1_102' title="bbox 2073 3974 3775 4045">
    <p class='ocr_par' dir='ltr' id='par_1_102' title="bbox 2073 3974 3775 4045">
     <span class='ocr_line' id='line_1_102' title="bbox 2073 3974 3775 4045; baseline -0.002 -14"><span class='ocrx_word' id='word_1_699' title='bbox 2073 3976 2430 4032; x_wconf 91' lang='lat' dir='ltr'><strong>solummodo</strong></span> <span class='ocrx_word' id='word_1_700' title='bbox 2452 3975 2775 4045; x_wconf 85' lang='lat' dir='ltr'><strong>exigentem</strong></span> <span class='ocrx_word' id='word_1_701' title='bbox 2816 3975 3040 4030; x_wconf 90' lang='lat' dir='ltr'><strong>nummi</strong></span> <span class='ocrx_word' id='word_1_702' title='bbox 3086 3975 3351 4044; x_wconf 91' lang='lat' dir='ltr'><strong>pretium.</strong></span> <span class='ocrx_word' id='word_1_703' title='bbox 3385 3974 3438 4029; x_wconf 93' lang='lat' dir='ltr'><strong>Si</strong></span> <span class='ocrx_word' id='word_1_704' title='bbox 3477 3987 3612 4044; x_wconf 87' lang='lat' dir='ltr'><strong>ergo</strong></span> <span class='ocrx_word' id='word_1_705' title='bbox 3637 3987 3775 4028; x_wconf 90' lang='lat' dir='ltr'><strong>cor—</strong></span> 
     </span>
    </p>
   </div>
   <div class='ocr_carea' id='block_1_103' title="bbox 2074 4059 3776 4135">
    <p class='ocr_par' dir='ltr' id='par_1_103' title="bbox 2074 4059 3776 4135">
     <span class='ocr_line' id='line_1_103' title="bbox 2074 4059 3776 4135; baseline -0.002 -16"><span class='ocrx_word' id='word_1_706' title='bbox 2074 4078 2207 4135; x_wconf 87' lang='lat' dir='ltr'><strong>pore</strong></span> <span class='ocrx_word' id='word_1_707' title='bbox 2237 4063 2408 4118; x_wconf 89' lang='lat' dir='ltr'><strong>tantis</strong></span> <span class='ocrx_word' id='word_1_708' title='bbox 2451 4062 2754 4134; x_wconf 85' lang='lat' dir='ltr'><strong>proﬂigato</strong></span> <span class='ocrx_word' id='word_1_709' title='bbox 2798 4063 3041 4118; x_wconf 91' lang='lat' dir='ltr'><strong>miseriis</strong></span> <span class='ocrx_word' id='word_1_710' title='bbox 3088 4062 3319 4118; x_wconf 89' lang='lat' dir='ltr'><strong>animus</strong></span> <span class='ocrx_word' id='word_1_711' title='bbox 3365 4063 3481 4131; x_wconf 90' lang='lat' dir='ltr'><strong>spei</strong></span> <span class='ocrx_word' id='word_1_712' title='bbox 3526 4059 3776 4126; x_wconf 68' lang='lat' dir='ltr'><strong>[occultae</strong></span> 
     </span>
    </p>
   </div>
   <div class='ocr_carea' id='block_1_104' title="bbox 2082 4150 3772 4224">
    <p class='ocr_par' dir='ltr' id='par_1_104' title="bbox 2082 4150 3772 4224">
     <span class='ocr_line' id='line_1_104' title="bbox 2082 4150 3772 4224; baseline -0.002 -16"><span class='ocrx_word' id='word_1_713' title='bbox 2082 4153 2293 4224; x_wconf 87' lang='lat' dir='ltr'><strong>gaudio</strong></span> <span class='ocrx_word' id='word_1_714' title='bbox 2347 4152 2643 4207; x_wconf 90' lang='lat' dir='ltr'><strong>debriatus</strong></span> <span class='ocrx_word' id='word_1_715' title='bbox 2698 4152 2771 4207; x_wconf 88' lang='lat' dir='ltr'><strong>ab</strong></span> <span class='ocrx_word' id='word_1_716' title='bbox 2827 4153 3024 4207; x_wconf 88' lang='lat' dir='ltr'><strong>eadem</strong></span> <span class='ocrx_word' id='word_1_717' title='bbox 3076 4151 3332 4207; x_wconf 89' lang='lat' dir='ltr'><strong>molestia</strong></span> <span class='ocrx_word' id='word_1_718' title='bbox 3393 4150 3772 4220; x_wconf 90' lang='lat' dir='ltr'><strong>conquiescit,</strong></span> 
     </span>
    </p>
   </div>
   <div class='ocr_carea' id='block_1_105' title="bbox 2081 4237 3778 4310">
    <p class='ocr_par' dir='ltr' id='par_1_105' title="bbox 2081 4237 3778 4310">
     <span class='ocr_line' id='line_1_105' title="bbox 2081 4237 3778 4310; baseline -0.004 -13"><span class='ocrx_word' id='word_1_719' title='bbox 2081 4253 2312 4297; x_wconf 88' lang='lat' dir='ltr'><strong>cernere</strong></span> <span class='ocrx_word' id='word_1_720' title='bbox 2340 4239 2398 4295; x_wconf 88' lang='lat' dir='ltr'><strong>in</strong></span> <span class='ocrx_word' id='word_1_721' title='bbox 2425 4247 2694 4309; x_wconf 88' lang='lat' dir='ltr'><strong>promptu</strong></span> <span class='ocrx_word' id='word_1_722' title='bbox 2719 4247 2805 4296; x_wconf 89' lang='lat' dir='ltr'><strong>est</strong></span> <span class='ocrx_word' id='word_1_723' title='bbox 2835 4239 2993 4310; x_wconf 92' lang='lat' dir='ltr'><strong>quia,</strong></span> <span class='ocrx_word' id='word_1_724' title='bbox 3031 4240 3178 4295; x_wconf 91' lang='lat' dir='ltr'><strong>sicut</strong></span> <span class='ocrx_word' id='word_1_725' title='bbox 3207 4253 3339 4294; x_wconf 90' lang='lat' dir='ltr'><strong>caro</strong></span> <span class='ocrx_word' id='word_1_726' title='bbox 3370 4237 3778 4294; x_wconf 88' lang='lat' dir='ltr'><strong>vexationibus</strong></span> 
     </span>
    </p>
   </div>
   <div class='ocr_carea' id='block_1_106' title="bbox 2073 4325 3777 4401">
    <p class='ocr_par' dir='ltr' id='par_1_106' title="bbox 2073 4325 3777 4401">
     <span class='ocr_line' id='line_1_106' title="bbox 2073 4325 3777 4401; baseline -0.004 -15"><span class='ocrx_word' id='word_1_727' title='bbox 2073 4331 2286 4401; x_wconf 86' lang='lat' dir='ltr'><strong>agitur,</strong></span> <span class='ocrx_word' id='word_1_728' title='bbox 2315 4329 2508 4385; x_wconf 89' lang='lat' dir='ltr'><strong>anima</strong></span> <span class='ocrx_word' id='word_1_729' title='bbox 2538 4329 2958 4398; x_wconf 89' lang='lat' dir='ltr'><strong>aliquantisper</strong></span> <span class='ocrx_word' id='word_1_730' title='bbox 3006 4327 3177 4383; x_wconf 91' lang='lat' dir='ltr'><strong>tantis</strong></span> <span class='ocrx_word' id='word_1_731' title='bbox 3221 4336 3464 4382; x_wconf 91' lang='lat' dir='ltr'><strong>vacante</strong></span> <span class='ocrx_word' id='word_1_732' title='bbox 3519 4325 3777 4381; x_wconf 90' lang='lat' dir='ltr'><strong>turbini—</strong></span> 
     </span>
    </p>
   </div>
   <div class='ocr_carea' id='block_1_107' title="bbox 2074 4414 3774 4487">
    <p class='ocr_par' dir='ltr' id='par_1_107' title="bbox 2074 4414 3774 4487">
     <span class='ocr_line' id='line_1_107' title="bbox 2074 4414 3774 4487; baseline -0.005 -11"><span class='ocrx_word' id='word_1_733' title='bbox 2074 4421 2203 4486; x_wconf 92' lang='lat' dir='ltr'><strong>bus,</strong></span> <span class='ocrx_word' id='word_1_734' title='bbox 2239 4421 2318 4474; x_wconf 87' lang='lat' dir='ltr'><strong>ila</strong></span> <span class='ocrx_word' id='word_1_735' title='bbox 2342 4429 2577 4487; x_wconf 89' lang='lat' dir='ltr'><strong>corpore</strong></span> <span class='ocrx_word' id='word_1_736' title='bbox 2616 4417 2948 4473; x_wconf 90' lang='lat' dir='ltr'><strong>nullatenus</strong></span> <span class='ocrx_word' id='word_1_737' title='bbox 2978 4417 3273 4472; x_wconf 87' lang='lat' dir='ltr'><strong>molestato</strong></span> <span class='ocrx_word' id='word_1_738' title='bbox 3316 4416 3510 4471; x_wconf 90' lang='lat' dir='ltr'><strong>anima</strong></span> <span class='ocrx_word' id='word_1_739' title='bbox 3564 4414 3774 4470; x_wconf 89' lang='lat' dir='ltr'><strong>multo-</strong></span> 
     </span>
    </p>
   </div>
   <div class='ocr_carea' id='block_1_108' title="bbox 2074 4507 3306 4576">
    <p class='ocr_par' dir='ltr' id='par_1_108' title="bbox 2074 4507 3306 4576">
     <span class='ocr_line' id='line_1_108' title="bbox 2074 4507 3306 4576; baseline -0.006 -9"><span class='ocrx_word' id='word_1_740' title='bbox 2074 4511 2177 4567; x_wconf 87' lang='lat' dir='ltr'><strong>ties</strong></span> <span class='ocrx_word' id='word_1_741' title='bbox 2194 4508 2570 4565; x_wconf 76' lang='lat' dir='ltr'><strong>solatristitiae</strong></span> <span class='ocrx_word' id='word_1_742' title='bbox 2602 4507 2968 4576; x_wconf 89' lang='lat' dir='ltr'><strong>conceptione</strong></span> <span class='ocrx_word' id='word_1_743' title='bbox 3003 4513 3306 4560; x_wconf 90' lang='lat' dir='ltr'><strong>mactatur.</strong></span> 
     </span>
    </p>
   </div>
   <div class='ocr_carea' id='block_1_109' title="bbox 2144 4591 3772 4666">
    <p class='ocr_par' dir='ltr' id='par_1_109' title="bbox 2144 4591 3772 4666">
     <span class='ocr_line' id='line_1_109' title="bbox 2144 4591 3772 4666; baseline -0.004 -16"><span class='ocrx_word' id='word_1_744' title='bbox 2144 4594 2346 4650; x_wconf 81' lang='lat' dir='ltr'><strong>Sancti</strong></span> <span class='ocrx_word' id='word_1_745' title='bbox 2355 4591 2988 4666; x_wconf 80' lang='lat' dir='ltr'><strong>martyresspiritualia</strong></span> <span class='ocrx_word' id='word_1_746' title='bbox 3000 4591 3772 4663; x_wconf 82' lang='lat' dir='ltr'><strong>spiritualibuscomparant.</strong></span> 
     </span>
    </p>
   </div>
   <div class='ocr_carea' id='block_1_110' title="bbox 2075 4679 3780 4753">
    <p class='ocr_par' dir='ltr' id='par_1_110' title="bbox 2075 4679 3780 4753">
     <span class='ocr_line' id='line_1_110' title="bbox 2075 4679 3780 4753; baseline -0.003 -14"><span class='ocrx_word' id='word_1_747' title='bbox 2075 4684 2269 4739; x_wconf 81' lang='lat' dir='ltr'><strong>Aliter</strong></span> <span class='ocrx_word' id='word_1_748' title='bbox 2295 4687 2488 4738; x_wconf 87' lang='lat' dir='ltr'><strong>autem</strong></span> <span class='ocrx_word' id='word_1_749' title='bbox 2525 4682 2749 4736; x_wconf 84' lang='lat' dir='ltr'><strong>desides</strong></span> <span class='ocrx_word' id='word_1_750' title='bbox 2783 4685 2839 4736; x_wconf 88' lang='lat' dir='ltr'><strong>et</strong></span> <span class='ocrx_word' id='word_1_751' title='bbox 2894 4681 3225 4753; x_wconf 63' lang='lat' dir='ltr'><strong>hypocrita.</strong></span> <span class='ocrx_word' id='word_1_752' title='bbox 3278 4680 3483 4734; x_wconf 82' lang='lat' dir='ltr'><strong>Sancti</strong></span> <span class='ocrx_word' id='word_1_753' title='bbox 3522 4679 3634 4734; x_wconf 81' lang='lat' dir='ltr'><strong>viri</strong></span> <span class='ocrx_word' id='word_1_754' title='bbox 3677 4680 3780 4749; x_wconf 86' lang='lat' dir='ltr'><strong>qui</strong></span> 
     </span>
    </p>
   </div>
   <div class='ocr_carea' id='block_1_111' title="bbox 2071 4768 3776 4847">
    <p class='ocr_par' dir='ltr' id='par_1_111' title="bbox 2071 4768 3776 4847">
     <span class='ocr_line' id='line_1_111' title="bbox 2071 4768 3776 4847; baseline -0.003 -19"><span class='ocrx_word' id='word_1_755' title='bbox 2071 4774 2389 4847; x_wconf 82' lang='lat' dir='ltr'><strong>ponderent</strong></span> <span class='ocrx_word' id='word_1_756' title='bbox 2435 4772 2805 4845; x_wconf 77' lang='lat' dir='ltr'><strong>quotidianus</strong></span> <span class='ocrx_word' id='word_1_757' title='bbox 2864 4769 3350 4826; x_wconf 77' lang='lat' dir='ltr'><strong>mortificationes.</strong></span> <span class='ocrx_word' id='word_1_758' title='bbox 3403 4799 3476 4810; x_wconf 98' lang='lat'>—</span> <span class='ocrx_word' id='word_1_759' title='bbox 3521 4768 3776 4839; x_wconf 85' lang='lat' dir='ltr'><strong>Corpora</strong></span> 
     </span>
    </p>
   </div>
   <div class='ocr_carea' id='block_1_112' title="bbox 2078 4859 3779 4933">
    <p class='ocr_par' dir='ltr' id='par_1_112' title="bbox 2078 4859 3779 4933">
     <span class='ocr_line' id='line_1_112' title="bbox 2078 4859 3779 4933; baseline -0.003 -15"><span class='ocrx_word' id='word_1_760' title='bbox 2078 4865 2272 4933; x_wconf 91' lang='lat' dir='ltr'><strong>itaque</strong></span> <span class='ocrx_word' id='word_1_761' title='bbox 2313 4862 2726 4930; x_wconf 90' lang='lat' dir='ltr'><strong>corporalibus,</strong></span> <span class='ocrx_word' id='word_1_762' title='bbox 2777 4860 3014 4930; x_wconf 90' lang='lat' dir='ltr'><strong>spiritus</strong></span> <span class='ocrx_word' id='word_1_763' title='bbox 3060 4859 3477 4928; x_wconf 79' lang='lat' dir='ltr'><strong>Spiritualibus,</strong></span> <span class='ocrx_word' id='word_1_764' title='bbox 3531 4866 3595 4915; x_wconf 88' lang='lat' dir='ltr'><strong>ut</strong></span> <span class='ocrx_word' id='word_1_765' title='bbox 3635 4874 3779 4929; x_wconf 74' lang='lat' dir='ltr'><strong>prae-</strong></span> 
     </span>
    </p>
   </div>
   <div class='ocr_carea' id='block_1_113' title="bbox 2077 4949 3778 5018">
    <p class='ocr_par' dir='ltr' id='par_1_113' title="bbox 2077 4949 3778 5018">
     <span class='ocr_line' id='line_1_113' title="bbox 2077 4949 3778 5018; baseline -0.002 -11"><span class='ocrx_word' id='word_1_766' title='bbox 2077 4951 2360 5017; x_wconf 89' lang='lat' dir='ltr'><strong>misimus,</strong></span> <span class='ocrx_word' id='word_1_767' title='bbox 2407 4957 2821 5018; x_wconf 90' lang='lat' dir='ltr'><strong>comparantes,</strong></span> <span class='ocrx_word' id='word_1_768' title='bbox 2865 4949 3211 5004; x_wconf 90' lang='lat' dir='ltr'><strong>alterutrum</strong></span> <span class='ocrx_word' id='word_1_769' title='bbox 3243 4949 3366 5004; x_wconf 90' lang='lat' dir='ltr'><strong>sine</strong></span> <span class='ocrx_word' id='word_1_770' title='bbox 3406 4949 3584 5003; x_wconf 91' lang='lat' dir='ltr'><strong>altero</strong></span> <span class='ocrx_word' id='word_1_771' title='bbox 3643 4962 3778 5004; x_wconf 93' lang='lat' dir='ltr'><strong>cru-</strong></span> 
     </span>
    </p>
   </div>
   <div class='ocr_carea' id='block_1_114' title="bbox 2079 5035 3774 5109">
    <p class='ocr_par' dir='ltr' id='par_1_114' title="bbox 2079 5035 3774 5109">
     <span class='ocr_line' id='line_1_114' title="bbox 2079 5035 3774 5109; baseline -0.004 -13"><span class='ocrx_word' id='word_1_772' title='bbox 2079 5055 2171 5096; x_wconf 91' lang='lat' dir='ltr'><strong>ces</strong></span> <span class='ocrx_word' id='word_1_773' title='bbox 2200 5053 2336 5096; x_wconf 89' lang='lat' dir='ltr'><strong>suas</strong></span> <span class='ocrx_word' id='word_1_774' title='bbox 2368 5052 2467 5109; x_wconf 92' lang='lat' dir='ltr'><strong>pro</strong></span> <span class='ocrx_word' id='word_1_775' title='bbox 2519 5038 2638 5094; x_wconf 91' lang='lat' dir='ltr'><strong>loco</strong></span> <span class='ocrx_word' id='word_1_776' title='bbox 2679 5045 2734 5092; x_wconf 89' lang='lat' dir='ltr'><strong>et</strong></span> <span class='ocrx_word' id='word_1_777' title='bbox 2780 5045 3031 5105; x_wconf 90' lang='lat' dir='ltr'><strong>tempore</strong></span> <span class='ocrx_word' id='word_1_778' title='bbox 3078 5035 3320 5090; x_wconf 90' lang='lat' dir='ltr'><strong>tolerare</strong></span> <span class='ocrx_word' id='word_1_779' title='bbox 3367 5035 3774 5104; x_wconf 90' lang='lat' dir='ltr'><strong>conspicimus.</strong></span> 
     </span>
    </p>
   </div>
   <div class='ocr_carea' id='block_1_115' title="bbox 2080 5123 3782 5196">
    <p class='ocr_par' dir='ltr' id='par_1_115' title="bbox 2080 5123 3782 5196">
     <span class='ocr_line' id='line_1_115' title="bbox 2080 5123 3782 5196; baseline -0.002 -12"><span class='ocrx_word' id='word_1_780' title='bbox 2080 5128 2241 5196; x_wconf 88' lang='lat' dir='ltr'><strong>Quod</strong></span> <span class='ocrx_word' id='word_1_781' title='bbox 2285 5128 2345 5182; x_wconf 89' lang='lat' dir='ltr'><strong>in</strong></span> <span class='ocrx_word' id='word_1_782' title='bbox 2368 5126 2581 5183; x_wconf 83' lang='lat' dir='ltr'><strong>sanctis</strong></span> <span class='ocrx_word' id='word_1_783' title='bbox 2620 5125 2995 5195; x_wconf 86' lang='lat' dir='ltr'><strong>martyribus,</strong></span> <span class='ocrx_word' id='word_1_784' title='bbox 3027 5125 3327 5179; x_wconf 86' lang='lat' dir='ltr'><strong>exterioris</strong></span> <span class='ocrx_word' id='word_1_785' title='bbox 3375 5123 3468 5178; x_wconf 89' lang='lat' dir='ltr'><strong>sui</strong></span> <span class='ocrx_word' id='word_1_786' title='bbox 3530 5123 3782 5180; x_wconf 86' lang='lat' dir='ltr'><strong>hominis</strong></span> 
     </span>
    </p>
   </div>
   <div class='ocr_carea' id='block_1_116' title="bbox 2081 5211 3784 5284">
    <p class='ocr_par' dir='ltr' id='par_1_116' title="bbox 2081 5211 3784 5284">
     <span class='ocr_line' id='line_1_116' title="bbox 2081 5211 3784 5284; baseline -0.004 -11"><span class='ocrx_word' id='word_1_787' title='bbox 2081 5216 2374 5274; x_wconf 88' lang='lat' dir='ltr'><strong>doloribus</strong></span> <span class='ocrx_word' id='word_1_788' title='bbox 2423 5214 2678 5271; x_wconf 89' lang='lat' dir='ltr'><strong>interiori</strong></span> <span class='ocrx_word' id='word_1_789' title='bbox 2721 5214 3026 5284; x_wconf 87' lang='lat' dir='ltr'><strong>gaudente,</strong></span> <span class='ocrx_word' id='word_1_790' title='bbox 3073 5219 3292 5268; x_wconf 89' lang='lat' dir='ltr'><strong>constat</strong></span> <span class='ocrx_word' id='word_1_791' title='bbox 3337 5211 3630 5268; x_wconf 90' lang='lat' dir='ltr'><strong>evidenter</strong></span> <span class='ocrx_word' id='word_1_792' title='bbox 3669 5226 3784 5268; x_wconf 87' lang='lat' dir='ltr'><strong>ex-</strong></span> 
     </span>
    </p>
   </div>
   <div class='ocr_carea' id='block_1_117' title="bbox 2084 5300 3784 5375">
    <p class='ocr_par' dir='ltr' id='par_1_117' title="bbox 2084 5300 3784 5375">
     <span class='ocr_line' id='line_1_117' title="bbox 2084 5300 3784 5375; baseline -0.004 -14"><span class='ocrx_word' id='word_1_793' title='bbox 2084 5305 2353 5375; x_wconf 90' lang='lat' dir='ltr'><strong>positum.</strong></span> <span class='ocrx_word' id='word_1_794' title='bbox 2400 5302 2755 5358; x_wconf 80' lang='lat' dir='ltr'><strong>Altrinsecus</strong></span> <span class='ocrx_word' id='word_1_795' title='bbox 2802 5308 2993 5356; x_wconf 90' lang='lat' dir='ltr'><strong>autem</strong></span> <span class='ocrx_word' id='word_1_796' title='bbox 3041 5314 3216 5370; x_wconf 90' lang='lat' dir='ltr'><strong>super</strong></span> <span class='ocrx_word' id='word_1_797' title='bbox 3246 5300 3312 5356; x_wconf 91' lang='lat' dir='ltr'><strong>iis</strong></span> <span class='ocrx_word' id='word_1_798' title='bbox 3352 5314 3497 5369; x_wconf 90' lang='lat' dir='ltr'><strong>quos</strong></span> <span class='ocrx_word' id='word_1_799' title='bbox 3541 5300 3784 5355; x_wconf 88' lang='lat' dir='ltr'><strong>acrimo-</strong></span> 
     </span>
    </p>
   </div>
   <div class='ocr_carea' id='block_1_118' title="bbox 2083 5387 3778 5459">
    <p class='ocr_par' dir='ltr' id='par_1_118' title="bbox 2083 5387 3778 5459">
     <span class='ocr_line' id='line_1_118' title="bbox 2083 5387 3778 5459; baseline -0.004 -10"><span class='ocrx_word' id='word_1_800' title='bbox 2083 5395 2179 5449; x_wconf 89' lang='lat' dir='ltr'><strong>nia</strong></span> <span class='ocrx_word' id='word_1_801' title='bbox 2195 5392 2480 5449; x_wconf 89' lang='lat' dir='ltr'><strong>consumit</strong></span> <span class='ocrx_word' id='word_1_802' title='bbox 2506 5390 2731 5455; x_wconf 78' lang='lat' dir='ltr'><strong>acediae,</strong></span> <span class='ocrx_word' id='word_1_803' title='bbox 2758 5391 3121 5459; x_wconf 88' lang='lat' dir='ltr'><strong>perspicuum</strong></span> <span class='ocrx_word' id='word_1_804' title='bbox 3143 5395 3227 5444; x_wconf 90' lang='lat' dir='ltr'><strong>est</strong></span> <span class='ocrx_word' id='word_1_805' title='bbox 3253 5388 3486 5458; x_wconf 89' lang='lat' dir='ltr'><strong>quantis</strong></span> <span class='ocrx_word' id='word_1_806' title='bbox 3524 5387 3778 5457; x_wconf 84' lang='lat' dir='ltr'><strong>lacerum</strong></span> 
     </span>
    </p>
   </div>
   <div class='ocr_carea' id='block_1_119' title="bbox 2086 5477 3780 5552">
    <p class='ocr_par' dir='ltr' id='par_1_119' title="bbox 2086 5477 3780 5552">
     <span class='ocr_line' id='line_1_119' title="bbox 2086 5477 3780 5552; baseline -0.004 -14"><span class='ocrx_word' id='word_1_807' title='bbox 2086 5487 2283 5552; x_wconf 88' lang='lat' dir='ltr'><strong>pectus</strong></span> <span class='ocrx_word' id='word_1_808' title='bbox 2335 5480 2651 5550; x_wconf 87' lang='lat' dir='ltr'><strong>disjiciatur</strong></span> <span class='ocrx_word' id='word_1_809' title='bbox 2705 5478 3040 5549; x_wconf 87' lang='lat' dir='ltr'><strong>angoribus,</strong></span> <span class='ocrx_word' id='word_1_810' title='bbox 3125 5477 3313 5547; x_wconf 89' lang='lat' dir='ltr'><strong>plane,</strong></span> <span class='ocrx_word' id='word_1_811' title='bbox 3388 5483 3450 5533; x_wconf 90' lang='lat' dir='ltr'><strong>ut</strong></span> <span class='ocrx_word' id='word_1_812' title='bbox 3517 5483 3780 5546; x_wconf 90' lang='lat' dir='ltr'><strong>putatur,</strong></span> 
     </span>
    </p>
   </div>
  </div>
