3914 6094
121 258 241 310 669

1176 236 1282 310 ΒΕ
1306 255 1722 312 PIGNOBIBUS
1756 255 2410 313 SANCTORUM.—LIB.
2446 255 2536 310 ιν.

3537 262 3640 319 670

121 399 382 454 corpore
433 384 798 440 extrinsecus
854 384 1132 455 requiete.
1189 385 1360 442 Vides
1416 386 1475 440 in
1534 386 1848 456 hypocritis
1885 394 1931 447 Α
1960 388 2234 444 culariter
2263 403 2463 444 eorum
2503 395 2653 443 tacta
2695 396 2832 443 sunt
2884 387 3074 454 corda,
3126 395 3191 442 ut
3229 388 3392 443 nulla
3428 387 3641 446 eisdem

123 472 383 539 inedias,
453 473 734 544 frigorum
799 473 1150 541 tolerantias,
1211 474 1460 530 interdiu
1509 475 1610 530 vix
1676 483 1839 530 nocte

121 560 444 616 solvendas
481 561 768 628 stationes,
815 569 988 618 noctu
1027 563 1193 631 quasi
1229 563 1523 634 pervigilis
1566 564 1840 619 orationis

120 649 433 717 excubias,
465 657 520 705 et
552 650 673 705 hac
704 649 990 705 levissima
1019 651 1178 706 ducit
1201 651 1396 722 gloria
1437 652 1624 707 inanis
1655 652 1838 706 avidi-

121 746 244 794 tas.
287 738 599 794 Identidem
631 754 866 809 quoque
900 739 954 794 in
981 748 1314 796 sanctorum
1347 741 1637 797 mentibus
1665 741 1840 798 efficit

124 826 507 898 quotidianas
551 841 792 883 suarum
833 829 1099 884 carnium
1136 838 1345 885 mortes
1388 831 1590 887 breves
1619 845 1686 886 ac
1713 846 1840 888 mo-

123 923 474 970 mentaneas
522 916 932 984 expectationis
970 931 1236 987 superna
1275 920 1548 974 suavitas.
1609 920 1839 976 Constet

123 1018 278 1074 ergo
327 1004 649 1073 probatum,
685 1005 824 1074 quia
874 1005 1021 1062 sicut
1061 1021 1231 1077 pana
1278 1008 1557 1064 forinseca
1604 1010 1838 1065 reddere

123 1092 499 1163 dignoscitur
515 1091 866 1148 cadaverosa
886 1095 1250 1164 corpuscula,
1274 1096 1354 1151 sic
1376 1097 1696 1166 spiritualis
1721 1098 1838 1153 ala-

123 1183 332 1249 critas,
387 1188 488 1238 aut
535 1181 715 1237 latens
759 1182 964 1238 mentis
1007 1183 1233 1252 vitium,
1289 1193 1483 1242 nostra
1515 1193 1616 1242 aut
1664 1186 1836 1257 fovet,

123 1279 239 1328 aut
275 1277 499 1340 torquet
528 1269 773 1326 interna.

825 1360 1054 1416 CAPUT
1092 1361 1165 1416 II.

203 1450 234 1515 §
269 1448 311 1502 Ι.
343 1448 494 1513 Quae
532 1447 826 1518 prophetae
868 1448 1168 1520 sanctique
1194 1448 1306 1505 viri
1345 1467 1384 1506 a
1423 1453 1544 1506 Deo
1570 1468 1840 1523 accepere

121 1535 396 1602 notitias,
417 1535 752 1606 sapiuscule
769 1536 998 1607 aperire
1011 1539 1403 1609 nequiverunt.
1427 1570 1495 1580 —-
1517 1541 1616 1595 His
1642 1541 1757 1610 itaq
1769 1556 1839 1596 ue

125 1626 247 1681 sub
278 1625 387 1680 ista
412 1624 812 1680 distributione
855 1625 1134 1696 dispectis,
1179 1629 1464 1697 quomodo
1506 1630 1834 1685 animarum

124 1711 424 1782 supplicia
451 1726 486 1767 a
533 1712 830 1768 tormentis
875 1714 1272 1783 corporalibus
1315 1715 1526 1772 distare
1580 1718 1838 1787 putanda

127 1801 273 1867 sint,
324 1808 379 1857 et
417 1814 598 1871 quare
649 1801 767 1870 ipse
806 1802 1102 1868 Dominus,
1145 1817 1212 1860 ac
1254 1804 1436 1860 sancti
1489 1805 1709 1874 quique
1767 1805 1836 1860 de

127 1896 292 1947 statu
347 1888 442 1945 illo
497 1889 638 1945 adeo
687 1890 993 1946 carnaliter
1044 1905 1158 1946 non
1206 1892 1330 1947 dico
1383 1894 1680 1960 senserint,
1739 1894 1836 1950 sed

128 1978 413 2044 dixerint,
456 1979 671 2046 pariter
703 1977 1078 2048 attingamus.
1121 1979 1176 2034 Si
1214 1980 1366 2035 enim
1407 1980 1476 2035 de
1516 1995 1687 2036 sensu
1736 1996 1836 2037 eo-

129 2080 270 2122 rum
320 2066 536 2137 agitur,
576 2080 742 2122 sensa
785 2067 1133 2137 prophetica,
1172 2076 1235 2124 ut
1278 2069 1477 2124 seriem
1529 2071 1838 2140 pramissa

129 2154 445 2211 locutionis
498 2168 806 2224 exsequar,
875 2157 1057 2212 multo
1121 2157 1512 2226 spiritualiora
1575 2157 1841 2230 fuerunt,

132 2257 320 2314 quam
371 2242 478 2312 ipsi
525 2243 649 2298 suis
700 2243 996 2301 insinuare
1054 2245 1415 2301 auditoribus
1463 2261 1578 2302 non
1627 2247 1837 2317 dicam,

133 2340 476 2401 potuerunt,
531 2332 627 2388 sed
675 2333 1019 2389 debuerunt.
1083 2333 1280 2389 Dicam
1322 2343 1530 2400 tamen,
1581 2335 1736 2404 quod
1783 2343 1838 2391 et

133 2419 379 2475 indubie
409 2434 682 2487 asseram,
713 2421 852 2490 quia
874 2435 977 2476 nec
998 2428 1329 2491 potuerunt,
1361 2437 1464 2477 nec
1489 2422 1835 2479 debuerunt-

135 2507 194 2562 Si
229 2508 384 2563 enim
439 2516 685 2577 possent,
720 2523 852 2579 qua
895 2523 967 2564 ex
1018 2517 1178 2579 parte
1223 2511 1292 2565 de
1334 2511 1467 2566 Jesu
1523 2510 1835 2578 nascituro,

135 2602 193 2651 et
219 2595 505 2665 mysteriis
535 2595 800 2653 Ecclesia
834 2607 1132 2662 noverant,
1178 2599 1250 2654 ad
1296 2599 1591 2668 publicum
1627 2615 1838 2670 propa-

137 2685 374 2751 lassent,
409 2686 455 2740 si
485 2700 552 2742 ea
581 2701 713 2757 qua
752 2688 960 2756 partim
1008 2687 1116 2744 sibi
1158 2688 1597 2756 interluxerant,
1642 2691 1838 2760 expri-

140 2773 336 2829 mendi
375 2774 660 2831 licentiam
695 2776 1049 2832 habuissent.

215 2863 380 2919 Unde
435 2863 744 2919 Psalmista
804 2879 917 2919 vox
973 2872 1056 2920 est
1115 2881 1190 2920 ιιι
1231 2865 1476 2934 Incerta,
1531 2867 1740 2934 inquit,
1785 2873 1841 2924 et

1949 485 2272 546 suppeteret
2328 491 2459 547 qua
2509 476 2772 532 viderant
2817 475 3143 545 explicandi
3189 478 3458 545 potentia.
3523 479 3642 532 lm—

1949 565 2194 634 potentia
2251 573 2442 620 autem
2500 579 2699 620 eorum
2760 565 2837 619 nil
2889 563 3047 620 aliud
3096 578 3270 634 quam
3321 566 3638 621 indebitum

1947 661 2048 708 est.
2085 653 2244 709 Unde
2273 661 2354 708 est
2385 653 2538 722 quod
2581 653 2648 707 de
2694 651 2928 707 Domino
2968 653 3178 707 dicitur
3208 653 3361 721 quod
3411 654 3641 710 nnllum

1947 742 2176 813 signum
2208 741 2391 811 potuit
2430 743 2612 797 facere
2668 741 2724 795 in
2757 741 3164 810 Capharnaum
3218 742 3377 808 (Luc.
3423 758 3498 806 1v,
3531 743 3639 813 23).

1947 829 2072 884 Non
2103 829 2285 897 potuit
2312 845 2469 900 ergo,
2507 830 2723 884 dictum
2761 830 3032 900 intellige,
3067 844 3181 884 non
3213 830 3439 897 debuit;
3473 831 3638 887 inde-

1948 917 2130 973 bitum
2169 917 2320 972 enim
2363 926 2484 972 erat
2531 926 2593 972 ut
2631 917 2711 973 eis
2755 918 3053 987 signorum
3098 918 3371 972 beneficia
3417 919 3641 986 impen-

1948 1007 2104 1062 deret
2150 1022 2295 1076 quos
2343 1006 2473 1061 ﬁdei
2511 1021 2629 1061 sua
2671 1006 2958 1076 applicare
3017 1021 3133 1061 non
3191 1014 3427 1076 poterat.
3477 1007 3640 1062 Unde

1946 1105 2000 1151 et
2029 1095 2372 1165 margaritas
2400 1102 2529 1150 ante
2563 1109 2759 1164 porcos
2789 1096 2922 1164 poni
2956 1096 3138 1150 vetuit
3169 1095 3399 1165 (Matth.
3436 1110 3531 1161 vn,
3563 1095 3636 1164 6),

1946 1184 2086 1254 quia
2112 1184 2292 1238 divini
2322 1183 2537 1254 eloquii
2567 1183 2781 1239 candor
2819 1183 3044 1253 spurcis
3077 1183 3366 1239 mentibus
3406 1182 3640 1238 minime

1947 1274 2232 1341 congruit,

2019 1361 2128 1422 §lI.
2186 1359 2392 1413 Probat
2439 1359 2647 1412 iterum
2692 1358 2761 1414 de
2805 1357 3048 1413 scientia
3088 1357 3206 1425 Dei,
3255 1375 3376 1429 qua
3417 1357 3484 1412 in
3507 1375 3639 1412 con-

1947 1448 2317 1519 templatione
2333 1447 2614 1514 hauritur,
2637 1447 2808 1511 fandi
2810 1447 3167 1516 facultatem
3188 1448 3498 1501 humanam
3526 1463 3641 1500 non

1944 1540 2266 1608 suppetere.
2306 1568 2375 1577 —
2413 1538 2613 1607 Igitur,
2658 1545 2720 1593 ut
2769 1538 2838 1591 ad
2883 1538 3086 1592 seriem
3118 1537 3438 1598 redeamus,
3469 1535 3640 1606 quid-

1948 1627 2088 1697 quid
2120 1640 2153 1680 a
2193 1626 2477 1696 prophetis
2507 1625 2888 1695 jcorporaliter
2928 1627 2997 1682 de
3042 1627 3152 1680 Deo
3196 1640 3310 1680 non
3351 1633 3463 1679 tam
3512 1639 3641 1678 sen-

1945 1729 2076 1770 sum
2109 1729 2283 1784 quam
2315 1714 2531 1770 dictum
2558 1721 2662 1779 est,
2701 1714 2971 1769 humana
3002 1712 3392 1784 intelligentia
3423 1717 3645 1767 constat

1947 1796 2410 1870 condescensum,
2456 1802 2596 1871 quia
2643 1816 2745 1857 nec
2793 1803 2898 1871 ipsi
2941 1801 3138 1866 verba,
3177 1801 3393 1870 quibus
3431 1799 3641 1854 divina

1944 1892 2201 1962 essentia
2242 1892 2474 1947 modum
2518 1891 3090 1960 comprehenderent,
3138 1888 3400 1943 invenire
3443 1895 3644 1956 potue-

1946 1988 2120 2050 runt;
2153 1995 2257 2035 nec
2278 1980 2379 2035 ulli
2410 1979 2652 2042 animos,
2684 1979 2804 2048 qui,
2839 1992 2968 2048 qua
2993 1977 3320 2033 dicerentur
3343 1974 3414 2044 (si
3439 1974 3548 2030 dici
3573 1975 3644 2029 ab

1947 2069 2141 2139 aliquo
2173 2069 2463 2124 ullatenus
2493 2068 2736 2136 possent)
2769 2067 3026 2122 valerent
3055 2079 3256 2134 capere
3278 2104 3293 2125 .
3336 2069 3483 2117 862
3533 2063 3644 2118 ha-

1944 2158 2217 2215 buerunt.
2245 2157 2354 2224 Qui
2382 2171 2518 2226 ergo
2544 2155 2748 2222 dicere,
2775 2156 2951 2225 quive
2980 2154 3183 2211 audire
3213 2167 3327 2207 non
3360 2158 3641 2221 poterant,

1950 2248 2150 2302 merito
2179 2259 2352 2316 super
2394 2245 2490 2299 Dei
2537 2252 2747 2298 natura
2790 2244 3054 2299 silebant.
3102 2243 3238 2308 Qua
3284 2248 3476 2296 autem
3531 2238 3645 2294 dici

1947 2336 2253 2392 necessitas
2316 2332 2616 2404 exegisset,
2695 2333 2806 2388 nisi
2867 2330 3280 2388 consuetudine
3343 2327 3646 2384 locutionis

1948 2425 2218 2479 humana
2251 2423 2548 2486 dixissent,
2581 2428 2636 2475 et
2670 2419 2724 2474 in
2763 2436 2869 2476 sua
2904 2421 3006 2490 ipsi
3041 2419 3283 2475 dictione
3328 2415 3645 2472 amentium

1948 2527 2104 2570 more
2146 2512 2472 2577 deficerent,
2501 2516 2555 2565 et
2602 2509 2646 2564 si
2681 2523 2799 2580 qua
2854 2524 3031 2579 supra
3083 2523 3140 2564 se
3182 2507 3454 2571 dicerent,
3497 2505 3646 2560 sicut

1949 2602 2054 2671 ipsi
2103 2615 2210 2657 sua
2249 2601 2401 2655 dicta
2443 2613 2561 2654 non
2602 2607 2890 2668 caperent,
2933 2599 3014 2653 sic
3055 2597 3432 2652 intellectores
3457 2593 3643 2648 dicto-

1949 2705 2079 2745 rum
2135 2689 2473 2759 neutiquam
2530 2691 2863 2760 reperirent.
2913 2686 3071 2743 Unde
3117 2692 3171 2740 et
3218 2683 3484 2752 indignas
3530 2681 3644 2735 Deo

1949 2778 2251 2848 aliquoties
2277 2780 2731 2849 comparationes
2751 2775 3272 2842 similitudinesque
3295 2771 3642 2836 attribuunt,

1949 2868 2085 2923 dum
2122 2868 2443 2937 plaustrum
2477 2876 2752 2923 onustum
2798 2867 2925 2921 feno
2963 2865 3186 2932 (Amos.
3239 2876 3296 2926 li,
3345 2863 3453 2929 l3).
3505 2859 3644 2914 dum

140 2951 370 3006 occulta
426 2952 715 3021 sapientia
774 2960 886 3008 tua
943 2953 1286 3009 manifestati
1345 2955 1484 3010 mihi
1552 2955 1733 3024 (Psat.
1784 2971 1834 3022 L,
1876 2984 1916 3038 ρ
1951 2963 2235 3024 potentem
2278 2957 2643 3026 crapulatum
2693 2969 2725 3009 a
2769 2955 2903 3009 vino
2955 2953 3155 3008 dicunt
3193 2950 3378 3021 (Psal.
3429 2961 3641 3012 Lxxvu,

144 3038 220 3109 8).
259 3060 280 3087 ι
318 3039 372 3094 Si
406 3039 623 3096 incerta
673 3041 827 3111 apud
869 3041 1076 3110 ipsum,
1129 3043 1198 3097 de
1245 3043 1414 3112 cujus
1465 3044 1678 3099 semine
1715 3052 1839 3099 erat

142 3127 492 3195 nasciturus,
525 3137 706 3191 erant,
739 3129 929 3185 dubia
957 3131 1251 3187 sententia
1273 3131 1318 3186 si
1360 3132 1665 3199 ferrentur,
1699 3132 1840 3202 quid

143 3216 492 3286 proderant?
550 3218 724 3273 Porro
779 3218 826 3272 si
865 3219 1088 3274 occulta
1129 3233 1230 3288 pro
1273 3219 1364 3274 sui
1415 3220 1837 3284 incertitudine,

144 3304 340 3360 minus
369 3312 505 3360 sunt
528 3305 729 3375 utique
751 3306 1185 3362 manifestanda.
1212 3305 1336 3372 Quo
1357 3307 1508 3362 enim
1541 3308 1838 3378 quidpiam

143 3393 426 3450 occultius
454 3401 554 3460 est,
585 3409 672 3460 eo,
704 3396 750 3449 si
781 3393 1124 3451 incertitudo
1153 3409 1274 3451 sese
1306 3396 1557 3465 objiciat,
1587 3396 1839 3465 promul-

145 3483 269 3553 gari
317 3483 696 3552 periculosius
721 3485 839 3539 'est.
875 3483 1011 3550 Qua
1050 3499 1188 3554 ergo
1226 3484 1335 3540 sibi
1379 3484 1612 3554 quidem
1657 3487 1838 3540 mani-

145 3573 368 3637 festata,
433 3571 530 3626 sed
595 3572 814 3627 cateris
879 3573 1096 3627 incerta
1161 3586 1229 3627 ac
1301 3573 1524 3628 occulta
1580 3581 1838 3639 noverat,

147 3661 323 3732 digna
354 3660 664 3716 admodum
685 3661 1102 3730 dispensatione
1126 3661 1292 3717 silere
1311 3662 1656 3718 decreverat.
1680 3663 1841 3719 Unde

147 3747 451 3818 Apostolus
511 3764 524 3802 :
590 3771 618 3798 ‹‹
666 3748 900 3815 Audivi,
941 3749 1151 3818 inquit,
1198 3763 1411 3804 arcana
1464 3750 1660 3816 verba,
1709 3764 1840 3819 qua

149 3852 262 3892 non
294 3836 422 3892 licet
453 3837 668 3892 homini
702 3836 854 3906 loqui
889 3837 982 3907 (II
1023 3840 1155 3892 Cor.
1195 3852 1294 3904 xu,
1327 3838 1401 3908 4).
1437 3860 1464 3886 ››
1513 3837 1656 3902 Quid
1693 3837 1841 3893 bifa-

150 3927 293 3981 riam
354 3925 667 3995 intelligere
714 3940 1039 3994 possumus,
1093 3934 1148 3982 et
1201 3935 1284 3982 est
1354 3941 1420 3981 ac
1465 3927 1512 3981 si
1577 3927 1837 3982 diceret:

149 4014 262 4070 Nec
293 4028 392 4083 per
435 4028 494 4069 se
537 4013 754 4069 licitum
797 4023 879 4070 est
924 4014 1139 4070 homini
1181 4016 1318 4070 talia
1375 4016 1582 4081 dicere,
1625 4014 1838 4070 nemini

152 4116 354 4172 nempe
385 4101 680 4172 loquentes
717 4103 965 4158 scribere
1013 4103 1278 4163 solemus,
1327 4118 1442 4158 non
1490 4103 1711 4159 homini
1755 4104 1841 4159 lo-

154 4191 275 4261 qui,
307 4190 362 4245 id
392 4198 476 4246 est
501 4190 666 4245 altari
700 4191 949 4260 cuipiam
981 4192 1314 4260 explanare.

1947 3044 2060 3109 65).

2018 3132 2240 3198 Quibus
2285 3146 2420 3202 ergo
2476 3146 2714 3202 capaces
2770 3130 2850 3186 illi
2907 3144 3022 3185 non
3071 3128 3318 3194 fuerant,
3368 3139 3484 3181 non
3535 3123 3645 3179 nisi

1947 3221 2266 3290 corporalia
2329 3229 2382 3276 et
2447 3220 2657 3276 nostris
2719 3219 2922 3275 usibus
2973 3215 3277 3273 familiaria
3341 3213 3646 3270 enuntiare

1951 3316 2228 3379 poterant,
2279 3317 2333 3364 et
2363 3324 2492 3379 qua
2524 3309 2717 3364 minus
2755 3308 2921 3362 bonis
2954 3307 3284 3361 hominibus
3313 3302 3647 3358 convenien-

1950 3397 2029 3451 tia
2089 3397 2454 3463 videbantur,
2523 3398 2693 3452 etiam
2752 3397 2866 3451 Deo
2921 3408 3292 3464 nequaquam
3363 3392 3646 3448 ascribere

1947 3485 2318 3549 verebantur,
2374 3493 2435 3540 ut
2483 3499 2554 3540 ex
2601 3499 2666 3539 eo
2721 3485 2843 3554 ipso
2891 3484 3048 3553 quod
3089 3496 3329 3538 summa
3363 3479 3646 3550 majestati

1948 3574 2186 3644 indigna
2216 3581 2638 3642 componerent,
2673 3572 2958 3642 quidquid
3002 3572 3156 3640 apud
3203 3585 3306 3625 nos
3337 3570 3527 3638 majus
3580 3581 3646 3622 ac

1949 3661 2182 3732 dignius
2225 3675 2346 3716 esse
2395 3667 2593 3730 potest,
2653 3661 2955 3731 indignum
3016 3661 3127 3714 Deo
3182 3671 3436 3726 prorsus,
3495 3655 3540 3710 si
3595 3655 3645 3709 ei

1949 3749 2298 3817 conferatur,
2361 3749 2744 3804 ostenderent.
2816 3748 2954 3802 Inde
3013 3754 3094 3801 est
3166 3745 3321 3815 quod
3389 3742 3644 3798 Ezechiel

1951 3847 2204 3909 quatuor
2232 3837 2568 3892 animalium
2612 3843 2994 3892 monstrorum
3045 3834 3336 3889 simillima
3380 3845 3642 3901 corpora,

1949 3936 2005 3984 et
2055 3927 2222 3982 facies
2266 3927 2752 3996 portentuosiores
2794 3938 2972 3994 quam
3014 3923 3162 3989 Jani,
3215 3935 3350 3977 nam
3392 3920 3648 3991 quadru-

1950 4017 2124 4086 plices
2176 4015 2560 4070 ostenduntur
2598 4015 2828 4085 (Ezech.
2875 4032 2909 4080 i,
2955 4017 3006 4080 5,
3045 4014 3120 4082 6),
3176 4019 3241 4068 ut
3289 4025 3362 4067 ex
3401 4009 3643 4075 enormi,

1951 4113 2237 4176 quantum
2290 4105 2361 4159 ad
2420 4118 2540 4171 nos,
2575 4105 2778 4173 specie,
2829 4103 2948 4158 sola
3006 4100 3468 4157 intellectualitas
3497 4113 3648 4168 qua-

1951 4195 2130 4249 renda
2169 4200 2411 4248 notetur.
2457 4192 2508 4247 Si
2562 4192 2715 4248 enim
2758 4190 2992 4261 angelos
3044 4203 3180 4244 suos
3235 4187 3368 4243 facit
3414 4186 3649 4254 spiritus

223 4278 490 4333 Humani
526 4277 767 4334 arbitrii
794 4295 907 4332 non
937 4283 1021 4334 est
1061 4279 1170 4334 Dei
1196 4279 1756 4350 contemplationem,
1789 4284 1842 4337 et
1879 4286 1922 4340 D
1954 4283 2141 4354 (Paul.
2179 4298 2296 4351 cui,
2345 4283 2416 4351 4),
2463 4289 2517 4338 et
2566 4296 2680 4336 non
2737 4281 2845 4335 nisi
2904 4278 3230 4350 spiritualia
3273 4283 3538 4333 constant
3587 4275 3647 4328 in

153 4381 330 4420 sacra
358 4365 665 4436 Scriptura
693 4365 960 4420 notitiam
990 4368 1211 4422 habere.
1253 4398 1320 4406 —
1357 4369 1481 4424 Non
1525 4369 1720 4439 itaque
1751 4384 1844 4438 po-

158 4461 410 4521 tuerunt,
443 4455 583 4523 quia
621 4456 734 4510 non
765 4455 1106 4511 debuerunt.
1137 4457 1382 4524 Spiritus
1411 4459 1561 4512 enim
1596 4459 1843 4528 prophe-

156 4550 343 4598 tarum
375 4543 484 4597 nisi
525 4557 620 4599 eos
662 4543 812 4598 sicut
841 4544 972 4613 quis
1021 4559 1237 4615 equum
1271 4545 1430 4601 freno
1473 4547 1840 4613 cohibuisset,

159 4630 489 4701 mysterium
553 4632 706 4701 quod
774 4640 961 4688 mente
1033 4642 1428 4703 conceperant,
1510 4636 1843 4705 mysterium

159 4735 267 4776 non
312 4719 532 4775 fuisset.
586 4721 825 4777 Prodere
872 4736 1008 4778 sane
1055 4736 1169 4777 non
1217 4731 1479 4792 poterant
1521 4724 1677 4794 quod
1736 4725 1845 4780 sub

163 4807 296 4863 tanti
351 4807 640 4864 dictatoris
691 4809 878 4882 sigillo
917 4815 1240 4866 tenuerant.
1299 4811 1355 4867 Si
1399 4813 1552 4867 enim
1604 4813 1845 4868 humani

161 4895 379 4952 arbitrii
433 4903 535 4951 aut
584 4899 845 4967 potentia
893 4899 1162 4954 humana
1210 4913 1323 4954 non
1362 4907 1446 4956 est
1492 4901 1846 4970 contempla-

162 4985 367 5041 tionem
417 4985 536 5052 Dei,
588 4994 688 5040 aut
731 5000 907 5042 sacra
945 4987 1253 5056 Scriptura
1304 5003 1437 5044 cum
1474 4989 1629 5054 velit,
1666 4990 1847 5045 habe-

164 5088 238 5140 re,
290 5074 372 5128 sic
408 5073 490 5129 eis
535 5074 866 5131 nullatenus
904 5075 1071 5132 licere
1111 5077 1314 5145 potuit,
1364 5077 1434 5132 de
1471 5077 1682 5133 futuris
1725 5093 1847 5148 my—

165 5163 346 5219 steriis
391 5169 492 5218 aut
542 5163 751 5218 sentire
802 5171 1087 5234 quantum
1121 5164 1348 5230 vellent,
1383 5165 1496 5221 imo
1526 5179 1630 5220 nec
1661 5167 1847 5235 ipsum

166 5259 342 5307 totum
401 5259 698 5320 penetrare
763 5253 917 5322 quod
974 5253 1244 5308 dicerent.
1307 5253 1463 5309 Sicut
1527 5269 1726 5323 nempe
1792 5254 1849 5310 in

167 5339 483 5396 visionibus
536 5355 668 5410 qua
712 5355 785 5396 ex
835 5341 949 5397 Deo
1005 5348 1142 5396 sunt
1189 5341 1476 5398 multoties
1518 5342 1587 5398 de
1645 5344 1852 5399 nostris

167 5427 464 5484 eventibus
477 5429 802 5495 edocemur,
827 5444 957 5500 qua
978 5437 1168 5485 tamen
1190 5431 1476 5500 quomodo
1493 5438 1595 5486 aut
1617 5433 1852 5502 quando

169 5523 444 5572 eventura
474 5517 587 5573 sint
615 5517 758 5573 inibi
799 5517 1063 5589 colligere
1106 5532 1220 5572 non
1253 5518 1530 5587 valemus,
1565 5519 1642 5576 ita
1675 5521 1852 5592 parti-

1949 4371 2292 4438 calestibus,
2343 4371 2808 4441 indignissimum
2868 4369 2927 4423 in
2993 4369 3189 4437 aliquo
3265 4377 3646 4434 supernorum

1950 4461 2180 4516 credere
2230 4467 2313 4514 est
2364 4459 2503 4514 tales
2551 4458 2793 4513 inveniri
2847 4471 3150 4527 corporum
3199 4455 3449 4510 habitus.
3503 4453 3647 4508 Cum

1952 4549 2121 4619 plane
2163 4547 2350 4618 angeli
2403 4547 2597 4618 gloria
2635 4547 2897 4602 claritate
2937 4545 3321 4616 perplaceant,
3371 4543 3493 4598 hac
3541 4555 3646 4596 au-

1952 4646 2062 4694 tem
2096 4635 2277 4692 invise
2306 4636 2551 4691 nimium
2600 4636 2809 4707 effigiei
2861 4637 3096 4692 horrore
3125 4633 3480 4703 displiceant,
3513 4645 3646 4686 cum

1953 4726 2152 4782 littera
2226 4725 2371 4780 ratio
2429 4724 2636 4790 deﬁcit,
2696 4726 2882 4781 solum
2953 4738 3211 4796 quarere
3279 4728 3450 4778 restat
3507 4719 3648 4790 quid

1950 4814 2218 4870 innuanL

2025 4900 2309 4956 Homines
2331 4898 2660 4972 corporalia
2691 4902 2915 4954 tantum
2935 4899 3257 4954 enuntiant.
3279 4926 3353 4938 —
3381 4895 3649 4952 Homines

1953 5005 2089 5062 ergo
2139 4990 2211 5045 ad
2261 4989 2522 5045 homines
2570 4989 2639 5043 de
2694 4989 2812 5043 sola
2855 4989 3252 5058 corporalitate
3306 4987 3648 5055 loquuntur,

1956 5080 2096 5150 quia
2151 5078 2196 5133 si
2264 5077 2562 5148 quidpiam
2632 5075 2700 5131 de
2767 5075 3252 5130 intellectualitate
3325 5077 3646 5135 senserunt,

1956 5181 2122 5224 sensa
2147 5175 2337 5223 tamen
2382 5180 2490 5222 sua
2533 5177 2903 5235 nequaquam
2945 5164 3272 5233 exprimere
3319 5166 3647 5232 potuerunt.

1958 5257 2119 5313 Unde
2150 5264 2206 5312 et
2241 5255 2524 5312 astimare
2565 5262 2649 5310 est
2683 5268 2779 5309 eos
2822 5253 2922 5323 qui
2955 5253 3025 5307 ad
3064 5253 3354 5307 internum
3386 5250 3512 5322 ejus
3541 5263 3652 5304 sa-

1957 5345 2073 5401 culi
2099 5353 2332 5411 statum,
2363 5344 2434 5398 ad
2465 5358 2568 5399 nos
2598 5350 2786 5399 tamen
2827 5341 3065 5397 redituri
3090 5348 3327 5408 exeunt,
3355 5339 3507 5411 quod
3540 5337 3653 5393 alia

1958 5434 2152 5489 videre
2183 5447 2294 5488 non
2345 5440 2602 5502 possunt,
2653 5431 2760 5488 nisi
2809 5446 2940 5502 qua
2988 5429 3360 5501 corporaliter
3406 5426 3650 5483 viventi-

1963 5522 2072 5577 bus
2103 5520 2312 5576 usitata
2348 5528 2504 5588 sunt,
2555 5529 2610 5577 et
2649 5523 2757 5577 sub
2809 5519 3059 5591 imagine
3097 5527 3453 5575 terrenorum
3508 5515 3652 5570 sub-
