3914 6094
269 210 362 260 671
1167 211 1224 262 ν.
1267 209 1597 264 GUIBERTI
1639 210 1932 265 ABBATIS

2138 212 2310 266 λῐὶῐιΕ
2350 213 2437 267 DE
2479 212 2874 269 NOVIGENTO

3697 218 3816 270 6'72

267 341 576 399 scintillent
621 341 784 398 nobis
813 342 994 412 aliqui
1049 343 1250 398 radioli
1297 352 1665 400 aternorum.
1711 345 1765 401 Si
1809 345 1964 401 enim
2003 346 2049 399 A
2087 347 2239 416 quod
2270 347 2622 403 omnibusin
2668 355 2936 418 promptu
2981 355 3083 415 est,
3117 349 3464 406 intrinsecus
3513 351 3816 422 subjacet

269 430 349 485 ita
381 445 582 500 capere
608 437 854 499 possent,
891 430 974 485 uti
1020 430 1096 484 illi
1146 432 1248 501 qui
1280 433 1351 487 ad
1395 433 1499 487 hoc
1539 433 1816 490 saculum
1872 449 1966 489 re-

269 519 447 574 dituri
482 533 594 573 non
624 527 830 585 essent,
880 518 936 573 in
969 533 1142 574 carne
1190 534 1327 575 sane
1369 521 1473 574 ista
1507 522 1696 577 adhuc
1745 523 1962 591 positis,

268 621 384 662 non
433 607 600 660 modo
643 607 838 673 verba,
881 608 977 662 sed
1022 615 1075 663 et
1121 609 1225 677 ipsi
1266 618 1434 664 extra
1464 624 1695 665 carnem
1727 611 1966 666 subtiles

268 694 483 763 pridem
532 701 586 750 et
629 696 782 750 acuti
832 695 1148 751 intellectus
1198 698 1582 763 hebescerent,
1631 707 1685 754 et
1739 700 1796 753 in
1846 714 1966 755 sese

270 780 392 835 visa
419 780 764 848 deperirent,
808 783 1018 837 nedum
1072 783 1198 838 aliis
1226 784 1330 839 sibi
1372 785 1968 854 incomprehensibilia

267 869 645 937 explicarent.
687 869 771 924 Ad
822 885 1021 926 eorum
1070 873 1263 941 itaque
1317 873 1751 929 similitudinem
1809 875 1964 944 loqui

267 965 506 1024 possunt
539 957 888 1025 hominibus,
945 960 1084 1014 dum
1115 962 1188 1016 ab
1235 961 1474 1016 internis
1526 963 1784 1027 redeunt,
1833 978 1965 1033 qua

267 1043 403 1099 foris
450 1046 641 1101 videre
685 1057 1132 1117 consueverunt,
1181 1050 1320 1118 quia
1372 1051 1553 1105 sancti
1601 1065 1799 1107 omnes
1835 1067 1966 1122 qua

268 1133 326 1187 in
388 1133 586 1188 divina
635 1137 1112 1205 contemplatione
1167 1152 1400 1194 cernere
1468 1140 1802 1209 aliquando,
1876 1142 1962 1196 vel

267 1229 659 1277 momentanee
706 1233 1036 1292 potuerunt,
1091 1240 1396 1296 nunquam
1436 1241 1699 1284 sermone
1750 1229 1841 1285 vel
1872 1230 1963 1285 lit-

269 1315 390 1364 tera
418 1311 675 1366 emittere
706 1313 969 1380 possibile
1001 1313 1350 1370 habuerunt.

339 1397 481 1453 Cum
540 1412 644 1468 ego
705 1399 774 1454 de
827 1400 1012 1470 gloria
1069 1401 1405 1458 Sanctorum
1463 1404 1522 1458 in
1584 1405 1817 1471 visione,
1863 1413 1964 1462 aut

267 1485 466 1541 odores
524 1487 918 1557 praesentiunt,
973 1497 1074 1546 aut
1123 1492 1479 1560 hymuidicos
1523 1493 1725 1549 choros
1775 1509 1960 1550 exau-

269 1573 457 1640 diunt,
489 1581 589 1629 aut
622 1574 904 1632 claritates
935 1578 1235 1646 hauriunt,
1272 1588 1386 1636 tota
1443 1581 1564 1636 hac
1613 1597 1726 1638 non
1754 1598 1958 1638 secun-

270 1661 410 1717 dum
440 1670 664 1718 natura
709 1665 1022 1732 spiritualis
1047 1641 1365 1734 veritatem,
1418 1671 1512 1725 sed
1549 1671 1721 1741 juxta
1761 1672 1959 1728 visibi-
2000 1641 2041 1693 Β

269 1749 433 1817 lium,
467 1765 586 1820 qua
628 1755 836 1809 assueti
886 1763 1040 1821 sunt,
1098 1757 1452 1826 qualitatem.
1500 1759 1636 1825 Qua
1677 1761 1829 1816 enim
1862 1768 1964 1816 aut

269 1838 629 1907 speciosiora,
680 1856 781 1897 seu
815 1845 1167 1912 pretiosiora.
1222 1854 1322 1901 aut
1366 1847 1789 1904 delectabiliora
1827 1857 1964 1905 sunt

270 1925 420 1981 inter
449 1927 726 1996 homines,
755 1944 823 1985 ea
867 1933 1029 1988 nobis
1078 1948 1177 2003 per
1222 1934 1476 1991 internas
1534 1935 1842 1993 ostendunt
1871 1938 1964 1992 vi-

270 2014 475 2082 siones,
518 2023 583 2070 ut
615 2031 686 2072 ex
713 2018 794 2072 eis
841 2034 972 2088 qua
1001 2023 1155 2090 apud
1197 2037 1301 2078 nos
1355 2023 1714 2093 potissimum
1762 2041 1965 2096 appre-

268 2102 400 2158 tiari
459 2103 725 2171 solemus,
799 2108 1034 2166 indulta
1080 2113 1292 2166 sanctis
1359 2113 1554 2183 gloria
1619 2123 1963 2185 argumenta

263 2206 577 2248 sumamus.
639 2195 799 2252 Unde
876 2199 933 2252 in
981 2200 1342 2270 Apocalypsi,
1401 2209 1457 2257 et
1509 2203 1670 2258 stolis
1740 2205 1960 2259 amiciri

263 2281 426 2348 albis,
471 2290 526 2338 et
565 2283 785 2352 palmas
834 2295 1076 2356 gestare,
1135 2290 1386 2346 victoria
1443 2291 1610 2362 signa
1663 2293 1720 2348 in
1778 2294 1958 2348 mani-

265 2371 410 2438 bus;
445 2378 500 2426 et
527 2386 770 2430 coronas
800 2377 856 2430 in
890 2369 1176 2446 capitibus
1205 2393 1410 2434 aureas
1448 2381 1657 2437 habere
1689 2383 1962 2438 dicuntur

263 2461 468 2532 (Apoc.
500 2476 594 2528 vu,
638 2467 716 2534 9i,
763 2466 918 2535 quod
959 2469 1329 2536 regnantium
1361 2469 1452 2524 sit.
1499 2470 1635 2536 Qua
1677 2471 1853 2540 igitur
1902 2472 1960 2527 in

264 2554 715 2618 amoenitatibus,
752 2553 810 2607 in
838 2553 1200 2620 ﬂorulentiis,
1250 2555 1306 2610 in
1349 2556 1752 2625 splendoribus
1795 2559 1957 2614 habi-

265 2644 531 2699 tudinum
563 2643 931 2708 denotantur,
966 2657 1078 2697 non
1113 2643 1364 2710 illorum,
1399 2646 1499 2714 qui
1521 2647 1836 2703 Chiliastra
1858 2663 1959 2702 vo-

261 2733 368 2788 cati
416 2741 571 2798 sunt,
629 2731 1029 2787 hareticorum
1079 2733 1296 2788 nanias
1345 2743 1625 2798 recreant,
1679 2737 1779 2806 qui
1836 2745 1960 2806 post

260 2821 740 2877 resurrectionem
799 2818 950 2874 mille
997 2833 1180 2877 annos
1229 2821 1285 2876 in
1358 2825 1690 2880 carnalibus
1744 2825 1961 2880 deliciis

2073 435 2267 491 anima
2317 436 2640 502 invisibilis,
2685 438 2762 491 ita
2809 437 2944 492 huic
2976 439 3253 493 materiali
3297 448 3606 506 creatura,
3653 455 3807 510 qua

2075 525 2513 581 rationabilibus
2544 525 3150 595 irrationabilibusque
3181 528 3407 582 naturis
3453 530 3806 597 conspicua

2073 621 2175 675 est,
2204 613 2383 668 altera
2429 615 2619 669 subest
2652 614 2937 679 machina,
2966 629 3096 683 qua
3140 615 3273 670 solis
3303 617 3804 682 rationabilibus,

2074 709 2128 756 et
2159 701 2263 756 hoc
2303 703 2727 757 immortalitate
2775 703 2987 767 exutis,
3019 710 3238 758 constat
3273 702 3515 759 visibilis
3551 713 3612 760 et
3663 720 3810 773 per-

2074 790 2186 845 via.
2231 791 2409 860 Cujus
2447 798 2658 846 statum
2711 790 2827 844 ulla
2874 805 3034 845 mens
3067 791 3379 846 visibilium
3420 792 3811 862 imaginibus

2074 887 2354 947 occupata
2394 879 2579 933 metiri
2630 893 2744 933 non
2795 878 3094 947 pravalet;
3156 879 3484 934 animorum
3546 888 3806 936 tantum

2073 967 2255 1022 oculis
2285 981 2319 1021 a
2343 967 2536 1022 saculi
2569 967 2774 1035 pituita
2807 967 2999 1021 liberis
3024 967 3268 1037 adjacet.

2146 1062 2292 1111 303
2361 1057 2520 1111 Sicut
2574 1070 2776 1125 nempe
2847 1056 3083 1111 verbum
3145 1056 3439 1124 spirituale
3499 1055 3800 1121 dicimus,

2074 1144 2227 1214 quod
2249 1143 2474 1212 spiritu,
2500 1144 2697 1212 lingua
2720 1143 3054 1198 etdentibus
3073 1144 3337 1210 efﬁcitur,
3364 1144 3801 1213 undeAposto-

2073 1232 2200 1288 lus:
2233 1254 2260 1282 κ
2285 1232 2546 1297 Psallam,
2582 1231 2786 1300 inquit,
2811 1232 3018 1300 spiritu
3051 1233 3106 1300 (Ι
3137 1235 3268 1285 Cor.
3295 1247 3410 1299 xxv,
3443 1233 3550 1302 l5),
3586 1254 3616 1280 ››
3647 1247 3799 1288 ver-

2073 1321 2208 1376 bum
2261 1321 2452 1387 etiam,
2510 1329 2574 1375 ut
2629 1320 2709 1375 sic
2762 1319 3028 1387 dixerim,
3081 1321 3388 1388 mentuale,
3440 1321 3600 1390 quod
3665 1321 3793 1375 sola

2071 1410 2412 1480 cogitatione
2463 1409 2628 1464 labiis
2665 1409 2988 1463 tacentibus
3026 1409 3352 1477 disponitur
3396 1409 3485 1463 vel
3536 1409 3794 1464 disseri—

2073 1504 2188 1558 tur,
2243 1497 2485 1551 verbum
2535 1497 2678 1566 quin
2738 1499 2906 1552 etiam
2977 1497 3376 1561 intellectuale,
3432 1497 3590 1565 quod
3663 1498 3794 1551 sine

2071 1585 2324 1640 interiori
2357 1585 2476 1640 ulla
2525 1585 2884 1640 ordinatione
2932 1586 3239 1641 verborum
3283 1585 3598 1654 purissima
3646 1600 3792 1640 con-

2071 1674 2436 1743 templatione
2478 1677 2776 1740 tractatur,
2828 1674 2905 1728 ita
2948 1675 3204 1729 mundus
3244 1677 3364 1739 iste,
3412 1674 3469 1728 in
3515 1689 3640 1745 quo
3686 1673 3790 1728 de-

2072 1761 2280 1832 gimus,
2333 1762 2572 1818 visibilis
2624 1769 2678 1818 et
2712 1762 3088 1831 imaginarius
3121 1763 3232 1817 dici
3287 1770 3486 1832 potest,
3536 1762 3686 1833 quia
3731 1769 3789 1816 et

2072 1851 2370 1906 obtutibus
2409 1852 2616 1906 nostris
2661 1852 2903 1916 substat,
2945 1858 3000 1906 et
3043 1851 3222 1906 oculis
3251 1851 3598 1906 vacantibus
3650 1851 3785 1919 ejus

2072 1939 2443 2008 corporalitas
2493 1940 2666 1994 menti
2709 1939 3088 1995 retractabilis
3138 1949 3242 1994 est.
3292 1939 3388 1994 llle
3429 1948 3630 1994 autem
3693 1939 3782 1992 in-

2074 2027 2244 2082 terior
2283 2035 2397 2082 toto
2437 2026 2728 2082 difﬁcilius
2780 2035 3115 2096 penetratur
3160 2035 3379 2096 quanto
3407 2027 3778 2096 corporibus,

2072 2115 2226 2181 locis,
2254 2130 2320 2171 ac
2364 2116 2718 2185 temporibus
2760 2115 2839 2169 nil
2871 2114 3078 2170 ibidem
3113 2116 3458 2182 continetur,
3515 2115 3597 2169 nil
3645 2115 3781 2185 agi-

2070 2213 2184 2261 tur.
2221 2205 2290 2260 Et
2320 2212 2540 2274 quanto
2586 2219 2620 2258 a
2649 2213 2842 2260 nostro
2891 2219 3001 2259 usu
3029 2204 3334 2273 discrepat,
3381 2203 3483 2273 qui
3513 2203 3620 2258 vix
3679 2217 3778 2259 us-

2071 2295 2224 2364 piam
2267 2293 2539 2348 intuitum
2593 2292 2797 2347 mentis
2833 2293 3165 2364 afﬂigimus,
3212 2293 3320 2347 nisi
3362 2294 3432 2347 ad
3483 2293 3593 2347 ista
3642 2307 3779 2362 qua

2070 2382 2494 2448 consuevimus,
2546 2389 2699 2437 tanto
2751 2382 2822 2436 ad
2869 2381 3033 2436 illum
3089 2381 3415 2435 interiorem
3467 2380 3779 2450 perviden-

2071 2471 2207 2526 dum
2219 2470 2492 2527 obnixius
2513 2470 2754 2526 nebulas
2773 2478 2981 2524 nostra
2996 2469 3327 2524 intentionis
3339 2469 3772 2539 abrumpimus,

2733 2558 2966 2613 CAPUT
3009 2558 3100 2610 III.

2148 2650 2352 2702 Utrum
2399 2646 2615 2702 diaboli
2663 2646 2938 2700 mundum
2987 2646 3136 2700 hunc
3175 2645 3512 2702 inhabitant.
3560 2675 3631 2686 -—
3664 2645 3774 2701 Ubi

2069 2738 2354 2807 quaritur
2407 2745 2604 2791 utrum
2651 2733 2875 2790 diabolo
2924 2743 2978 2788 ct
3016 2735 3141 2804 ejus
3170 2735 3387 2804 angelis
3423 2733 3777 2804 generaliter

2068 2825 2396 2881 habitabilis
2440 2825 2724 2879 habeatur
2772 2824 2864 2878 hic
2911 2823 3184 2889 mundus,
3239 2824 3514 2892 quoniam
3563 2821 3773 2892 princi-

265 2910 633 2980 pollicentur,
683 2909 780 2964 sed
843 2909 1059 2978 quibus
1115 2911 1370 2968 homines
1434 2913 1701 2968 delectari
1755 2915 1955 2978 solent,
1998 2935 2037 2992 ρ
2068 2930 2195 2984 pem
2225 2914 2402 2984 hujus
2428 2913 2650 2974 mundi,
2686 2913 2741 2966 in
2775 2926 2890 2980 quo
2930 2912 3179 2982 agimus,
3217 2915 3382 2966 vocat
3415 2925 3547 2966 eum
3581 2911 3772 2965 Domi-

239 3000 386 3074 ~hac
417 3013 519 3068 pro
558 2999 913 3054 salvatorum
957 2999 1406 3057 demonstranda
1445 3002 1628 3073 gloria
1671 3003 1956 3059 visionum

259 3089 487 3144 ordines
516 3087 810 3143 exhibent.

334 3179 509 3233 Porro
541 3191 672 3245 qua
703 3177 770 3231 de
795 3177 1142 3233 revelatione
1189 3178 1641 3248 gloriﬁcatorum
1692 3179 1958 3246 dicimus,

261 3280 328 3322 ea
384 3266 508 3335 ipsa
561 3265 631 3320 de
680 3265 1013 3334 punitorum
1067 3268 1432 3322 damnatione
1477 3268 1776 3323 sentimus.
1815 3268 1960 3323 Nam

262 3369 394 3410 cum
454 3355 687 3424 ignibus
739 3355 940 3410 crebro
996 3355 1200 3410 anima
1257 3355 1576 3411 secundum
1635 3355 1962 3425 Scripturas

261 3444 573 3499 videantur
629 3443 817 3507 aduri,
881 3457 1014 3498 cum
1065 3443 1304 3512 ﬂagellis
1356 3443 1560 3510 addici,
1623 3445 1961 3513 putentibus

162 3549 164 3554 ·
263 3526 434 3582 undis
468 3528 749 3598 immergi,
782 3535 837 3583 et
871 3542 960 3594 ea,
997 3544 1127 3599 qua
1157 3545 1230 3586 ex
1266 3531 1537 3602 Gregorio
1567 3540 1622 3588 et
1675 3534 1824 3588 Beda
1852 3534 1959 3589 do-

262 3619 517 3675 ctoribus
557 3618 818 3673 exhibita
858 3626 1012 3681 sunt,
1057 3619 1200 3683 ﬁeri,
1252 3634 1366 3674 non
1407 3620 1564 3675 aliud
1605 3630 1741 3677 sunt
1783 3635 1959 3692 quam

264 3708 416 3778 quod
447 3708 813 3776 corporaliter
851 3707 962 3762 reis
996 3707 1135 3762 solet
1163 3707 1384 3777 inﬂigi;
1429 3709 1535 3763 hoc
1581 3709 1960 3779 spiritualiter

267 3797 588 3866 patiuntur,
657 3811 762 3851 nec
818 3809 942 3863 nos,
992 3796 1206 3865 quibus
1256 3797 1655 3867 denuntiatur,
1714 3798 1958 3854 cruciari

267 3885 476 3940 talibus
533 3885 777 3939 miseriis
832 3885 1163 3939 ademnatos
1215 3885 1595 3952 crederemus,
1658 3886 1766 3942 nisi
1820 3887 1960 3956 quia

269 3989 486 4044 panas,
520 3988 668 4045 quas
709 3973 937 4029 assidue
984 3975 1390 4028 consuevimus
1438 3974 1706 4043 experiri,
1741 3990 1958 4045 cogno-

267 4065 500 4120 scimus.
535 4063 681 4129 Quia
729 4076 865 4132 ergo
907 4061 1261 4128 spiritualem
1307 4063 1462 4117 illam
1516 4062 1796 4132 linguam,
1841 4077 1960 4133 qua

268 4154 594 4222 spiritualia
648 4152 946 4222 spiritibus
984 4153 1346 4221 respondent,
1381 4152 1582 4207 audire
1614 4167 1725 4208 non
1760 4166 1954 4221 possu-

2072 3019 2183 3059 nus
2222 3003 2417 3074 (Joan.
2476 3017 2573 3069 xu,
2628 3001 2737 3070 31).
2789 3001 2854 3055 Et
2897 3000 3210 3069 apostolus,
3271 3000 3587 3069 principem
3621 3002 3769 3054 aeris

2073 3091 2248 3162 hujus
2287 3091 2520 3161 (ΕρΙιεε.
2574 3105 2633 3153 ιι,
2685 3093 2758 3157 2),
2808 3088 3123 3158 principem
3171 3088 3341 3143 etiam
3394 3087 3764 3142 tenebrarum

2069 3181 2298 3246 harum,
2351 3179 2674 3249 spiritualia
2720 3177 2992 3248 nequitia
3040 3177 3098 3231 in
3148 3176 3474 3232 coelestibus
3521 3175 3762 3245 (Ephes.

2073 3285 2148 3336 vr,
2181 3269 2288 3337 1'2).

2141 3357 2433 3422 Quaritur
2465 3356 2657 3426 itaque
2689 3353 2737 3411 si
2785 3355 2829 3410 is
2876 3354 2978 3424 qui
3011 3354 3090 3409 ita
3137 3354 3209 3409 ob
3260 3353 3353 3408 sui
3403 3352 3556 3408 intra
3605 3353 3761 3408 hunc

2069 3460 2256 3501 aerem
2289 3445 2727 3500 diversationem
2760 3444 2952 3499 aerius
2998 3442 3341 3511 appellatur,
3383 3456 3448 3497 ac
3478 3441 3628 3496 inter
3662 3455 3763 3497 nos

2072 3533 2440 3588 invisibiliter
2497 3533 2828 3602 divagatur,
2893 3540 3089 3586 utrum
3150 3538 3206 3585 et
3263 3530 3341 3584 illi
3406 3529 3501 3585 tali
3554 3530 3762 3585 saculo

2065 3622 2373 3692 contiguus
2415 3623 2711 3676 habeatur.
2768 3618 3202 3689 Cuiquastioni
3238 3619 3422 3688 primo
3482 3618 3762 3688 ingeritur

2068 3712 2242 3782 quod,
2277 3719 2745 3781 quantacunque
2775 3709 3072 3780 dignitatis
3099 3723 3166 3764 ac
3194 3708 3462 3778 puritatis
3487 3709 3759 3764 saculum

2068 3800 2208 3856 illud
2269 3801 2362 3866 sit,
2413 3799 2601 3854 dicere
2652 3813 2767 3853 non
2815 3798 2998 3854 audeo
3057 3798 3211 3867 quod
3267 3797 3430 3851 bonis
3480 3810 3547 3852 ac
3595 3797 3758 3853 malis

2067 3903 2374 3946 commune
2423 3903 2537 3943 non
2585 3887 2773 3943 fuerit.
2816 3887 3039 3942 Natura
3069 3887 3220 3942 enim
3263 3887 3587 3941 damonum
3627 3901 3755 3942 cum

2067 3978 2138 4032 sit
2207 3975 2476 4046 ingenitis
2539 3975 2934 4029 alacritatibus
3017 3981 3330 4042 praacuta,
3388 3975 3469 4028 sic
3517 3975 3585 4029 ob
3672 3975 3757 4029 sui

2067 4064 2578 4133 perspicacitatem,
2665 4064 2778 4118 imo
2853 4063 3171 4132 spiritualis
3251 4063 3515 4132 potentia
3592 4063 3753 4132 agili-

2067 4159 2260 4218 tatem,
2349 4160 2870 4222 quantumcunque
2967 4151 3235 4207 exteriori
3316 4151 3621 4222 divagetur
3700 4152 3753 4206 in

269 4257 418 4309 mus,
459 4257 531 4297 ex
561 4242 943 4311 corporalium
976 4241 1174 4295 notitia
1215 4241 1380 4310 quasi
1421 4240 1952 4297 fucosintellectua-
1990 4237 2034 4290 D
2061 4241 2297 4302 mundo,
2340 4247 2495 4296 tanto
2537 4241 2761 4310 proprie
2813 4239 3104 4310 propriam
3152 4241 3641 4295 conversationem
3700 4240 3750 4294 in

268 4332 444 4387 litatis
483 4332 881 4402 exprimimus,
931 4339 986 4385 et
1033 4345 1104 4385 ex
1154 4330 1222 4384 iis
1264 4330 1418 4385 unde
1456 4337 1673 4385 constat
1720 4344 1960 4400 corpora

266 4419 581 4492 proﬂigari,
614 4418 834 4474 animas
865 4418 1378 4474 animadvertimus
1409 4419 1672 4474 coartari.

340 4508 368 4580 §
405 4511 499 4566 lli.
534 4511 681 4563 Cum
712 4507 1115 4562 materialibus
1143 4505 1400 4573 minime,
1431 4505 1632 4578 quibus
1672 4523 1806 4579 ergo
1833 4524 1959 4578 p03-

267 4599 361 4653 nis
387 4599 730 4668 afﬁciantur
755 4597 998 4651 anima?
1031 4627 1096 4636 —
1131 4596 1314 4666 Igitur
1344 4597 1620 4665 quoniam
1647 4596 1960 4665 corporali-

267 4689 376 4745 bus
431 4688 723 4758 suppliciis
779 4687 1002 4741 animas
1083 4699 1258 4754 puras
1314 4685 1559 4741 coerceri
1629 4700 1788 4755 posse
1844 4699 1957 4740 non

268 4777 574 4844 credimus,
630 4776 846 4845 quibus
896 4774 1076 4844 panis
1121 4775 1256 4843 angi
1312 4774 1485 4843 possit
1531 4783 1586 4830 et
1629 4776 1830 4831 debeat
1863 4774 1956 4846 [f.,

270 4874 500 4936 possent
527 4874 582 4920 et
628 4864 891 4934 debeant]
935 4864 1318 4919 attendamus.
1370 4863 1645 4933 Superius
1691 4879 1763 4919 ex
1806 4865 1958 4933 Apo-

267 4953 412 5009 stolo
469 4952 591 5008 dixi
638 4950 1036 5021 spiritualibus
1077 4949 1403 5019 spiritualia
1451 4951 1858 5020 comparanda,
1904 4957 1960 5006 et

268 5042 480 5096 mirum
523 5040 690 5094 valde
718 5046 802 5094 est
852 5039 897 5094 si
933 5038 1227 5094 tormentis
1258 5039 1655 5095 tractabilibus
1687 5040 1956 5094 intracta-

267 5129 398 5184 bilis
445 5129 639 5184 anima
673 5127 885 5184 dicitur
923 5127 1251 5198 aflligenda.
1301 5128 1493 5184 Dicere
1541 5135 1731 5183 tamen
1772 5126 1961 5197 primi-

269 5226 360 5272 tus
406 5225 550 5271 esset
582 5217 650 5271 de
673 5231 757 5283 eo,
810 5216 932 5286 qui,
983 5216 1130 5271 sicut
1179 5216 1485 5294 Apostolus
1532 5215 1801 5286 gentibus
1830 5216 1954 5270 ait:

269 5328 297 5354 ι(
331 5304 441 5369 Qui
473 5305 725 5360 dtcimini
771 5305 1116 5375 praputium
1163 5305 1235 5360 ab
1282 5318 1349 5360 ea
1388 5319 1519 5374 qua
1563 5311 1803 5358 vocatur
1847 5303 1958 5359 cir-

269 5392 546 5449 cumcisio
597 5394 830 5463 (Ephes.
879 5409 939 5459 ιι,
993 5395 1100 5463 tl),
1147 5394 1219 5448 ab
1265 5392 1536 5448 exteriori
1583 5393 1687 5447 hoc
1743 5394 1959 5448 mundo

268 5479 595 5552 appellatur
635 5481 884 5536 interior.
941 5482 1098 5538 Sicut
1179 5481 1333 5537 enim
1391 5481 1450 5537 in
1506 5495 1743 5552 corpore
1813 5498 1955 5552 meo,

2067 4328 2324 4384 interiori
2377 4330 2592 4385 obtinet
2642 4329 2755 4396 illo,
2811 4336 3030 4398 quanto
3087 4329 3196 4384 sibi
3263 4330 3449 4398 major
3511 4343 3637 4383 cum
3693 4329 3752 4371 ϐο

2067 4427 2287 4473 constat
2336 4427 2560 4474 natura
2599 4418 2946 4473 communio.
3000 4417 3053 4473 Si
3103 4417 3254 4473 enim
3323 4417 3631 4486 spiritualis
3675 4423 3757 4472 est

2068 4507 2341 4574 mundus,
2393 4521 2497 4562 nec
2548 4506 2843 4561 crassioris
2890 4505 3258 4573 corpulentia
3305 4511 3527 4559 constat
3571 4505 3752 4560 diabo-

2068 4594 2177 4659 lus,
2231 4594 2332 4649 ubi
2388 4594 2653 4649 identitas
2704 4592 3158 4648 substantiarum
3195 4601 3434 4660 excepta
3465 4591 3743 4646 rationali-

2068 4689 2182 4737 tate
2233 4681 2538 4752 utrobique
2592 4681 2969 4752 dignoscitur,
3021 4680 3162 4736 alter
3203 4680 3276 4735 ab
3321 4680 3501 4735 altero
3550 4679 3746 4736 absen-

2064 4771 2172 4826 tari
2205 4785 2316 4825 non
2349 4772 2578 4826 sinitur.

2136 4859 2311 4913 Nunc
2337 4858 2564 4914 diabolo
2607 4856 2836 4930 pervius
2865 4861 2951 4912 est
3005 4857 3270 4912 mundus.
3315 4887 3381 4896 —
3430 4859 3578 4912 Ante
3609 4858 3746 4914 diem

2065 4961 2201 5019 ergo
2247 4949 2448 5018 judicii
2505 4949 2760 5004 mundus
2828 4947 2922 5002 ille
2979 4945 3213 5001 interior
3271 4944 3497 5001 diabolo
3555 4945 3747 5000 idcirco

2066 5037 2296 5106 pervius
2323 5045 2425 5103 est,
2455 5037 2594 5107 quia
2645 5037 2953 5092 animabus
3006 5035 3063 5090 in
3093 5043 3373 5090 aternum
3415 5033 3746 5103 supplicium

2066 5125 2437 5182 detrudendis
2471 5126 2577 5181 hoc
2628 5125 2832 5195 spatio,
2883 5124 2983 5180 Dei
3029 5131 3264 5179 exactor
3308 5129 3362 5178 et
3412 5137 3610 5178 servus
3649 5131 3741 5190 est,

2062 5224 2118 5273 et
2184 5215 2358 5271 datur
2410 5214 2733 5270 crudelitati
2782 5213 2939 5269 illius
2983 5212 3121 5268 huic
3166 5211 3351 5267 ot‘ticio
3401 5211 3739 5281 obsequendi

2065 5305 2316 5372 libertas,
2349 5303 2528 5359 donec
2575 5316 2755 5373 grano
2801 5301 3045 5357 discreto
3089 5315 3123 5355 a
3171 5299 3347 5369 paleis
3389 5299 3673 5370 judicetur
3697 5299 3740 5354 ei

2065 5394 2378 5449 auferenda
2432 5399 2696 5461 potestas.
2760 5392 2827 5446 Et
2878 5397 3029 5445 certe
3094 5390 3279 5458 ipsum
3337 5402 3468 5443 cum
3533 5385 3739 5442 funesto

2066 5498 2173 5539 suo
2198 5482 2457 5538 exercitu
2484 5480 2783 5536 infernum
2816 5479 2994 5549 hujus
3027 5478 3226 5534 mundi
3277 5476 3493 5532 incolas
3520 5477 3736 5532 astimo.
