3920 6080
54 182 184 234 673

1135 182 1222 235 DE
1261 182 1678 239 PIGNORIBUS
1719 184 2159 242 SANCTORUM.
2194 219 2261 228 —
2293 189 2422 244 LIB.
2468 189 2555 245 IV.

3493 202 3596 254 ϐἷνὶι

50 316 300 382 Quidni
325 331 457 371 cum
489 315 798 385 ergastulis
841 317 1075 387 relegati
1129 333 1430 388 pinnarum
1483 329 1706 376 tantum
1756 335 1790 375 a
1829 326 1874 377 A
1903 323 1947 376 si
1981 324 2113 393 quis
2161 339 2323 380 secus
2373 328 2630 393 aestimet,
2684 343 2750 382 ac
2799 329 2843 384 si
2891 330 2948 384 in
3001 331 3121 400 ipsa
3169 333 3406 389 veritate
3451 349 3603 390 meu—

55 405 361 474 praesenti
415 405 607 460 saeculi
665 413 818 460 statu
867 405 1234 472 dirimantur,
1294 416 1357 462 ut
1401 408 1522 464 sive
1576 409 1793 464 nobiles

57 494 193 548 sint
229 494 335 548 filii
365 508 586 559 eorum,
616 491 734 548 sive
773 495 1052 563 ignobiles
1080 510 1117 549 a
1161 495 1325 551 beato
1372 497 1476 551 Job
1529 498 1793 567 ignorare

56 581 399 637 dicantur?
431 582 561 650 (Job
606 596 722 645 xxv,
753 583 832 650 2.)
880 583 998 638 Hoc
1043 591 1234 638 tamen
1267 585 1338 639 ab
1371 585 1546 654 hujus
1591 585 1792 641 mundi

60 671 468 726 similitudine
497 670 638 726 alter
671 671 761 726 ille
793 671 1092 750 dividitur,
1126 673 1282 742 quod
1318 674 1375 727 in
1417 673 1520 728 isto
1563 674 1694 729 boni
1727 689 1794 728 ac

62 758 222 813 mali
282 759 606 828 promiscue
651 759 1048 829 continentur;
1100 760 1214 815 illic
1262 775 1397 815 vero
1453 761 1680 816 caelibes
1727 774 1795 817 ac

64 847 320 916 perditi,
373 847 482 903 sub
534 847 736 902 infinia
795 847 869 902 ab
919 847 1162 904 invicem
1227 849 1588 905 distinctione
1628 850 1796 906 clau-

64 935 336 990 duntur.

146 1024 301 1077 Post
347 1021 498 1076 diem
537 1021 748 1092 judicii
805 1023 1289 1095 haudquaquam:
1343 1025 1593 1081 mundus
1641 1025 1795 1081 enim

58 1113 176 1178 ﬁet
221 1128 431 1183 purus.
483 1113 679 1182 Ipsum
726 1115 858 1165 tunc
907 1112 1244 1166 habitabant
1297 1114 1504 1168 sancti.
1540 1146 1609 1154 ——
1669 1118 1797 1171 Post

66 1200 234 1255 diem
284 1200 478 1271 itaque
507 1210 830 1256 extremum
863 1215 996 1256 cum
1038 1203 1159 1256 suis
1193 1203 1564 1272 complicibus
1601 1203 1798 1259 diabo-

68 1287 173 1343 lus
211 1289 334 1357 ipse
363 1289 786 1344 communicato
813 1290 1114 1358 supplicio,
1151 1291 1358 1346 liberos
1405 1291 1476 1345 ad
1516 1306 1796 1348 exercen-

66 1376 216 1432 dam
255 1377 557 1446 pristinam
588 1387 798 1446 pestem
825 1379 943 1446 jam
978 1393 1090 1433 non
1125 1379 1328 1448 poterit
1371 1380 1580 1436 habere
1643 1395 1794 1436 mea-

69 1474 198 1532 tus,
256 1473 314 1521 et
351 1474 508 1522 tanto
539 1465 886 1522 uniformior
939 1467 996 1522 in
1047 1468 1211 1522 solita
1252 1482 1358 1523 sua
1398 1471 1646 1538 puritate
1705 1470 1796 1526 fiet

71 1554 350 1609 mundus
390 1561 608 1624 quanto
658 1569 758 1624 per
801 1569 934 1610 eum
969 1555 1122 1610 ultra
1157 1557 1397 1612 transire
1440 1557 1650 1613 valebit
1691 1574 1796 1613 ne-

1901 408 2130 465 dacium
2166 421 2404 479 quaerat.
2447 414 2497 468 Si
2530 414 2710 484 igitur
2742 424 2920 472 totum
2959 419 3258 486 spirituale
3283 429 3385 483 est,
3437 423 3602 491 quid-

1902 498 2044 567 quid
2077 499 2132 554 in
2166 500 2260 555 Dei
2306 503 2540 571 praemio
2584 512 2688 569 est,
2742 520 3100 575 consequens
3148 510 3287 564 mihi
3350 510 3596 577 videtur,

1903 594 1967 642 ut
2000 587 2153 656 quod
2187 589 2243 642 in
2292 590 2575 658 spirituali
2619 594 2835 648 mundo
2867 609 2899 648 a
2939 595 3235 664 spiritibus
3275 598 3400 654 licet
3431 600 3601 654 mali-

1903 674 2032 743 gnis
2060 675 2516 745 administratur,
2551 679 2798 748 idipsum
2830 697 3064 752 quoque
3097 685 3252 752 quod
3293 686 3601 753 puniendis

1903 775 2216 830 pravorum
2260 765 2559 832 spiritibus
2598 767 2819 836 attinet,
2863 771 3031 825 etiam
3098 773 3396 840 spirituale
3442 783 3602 843 pute-

1902 852 2020 900 tur.
2051 846 2208 902 Sicut
2237 849 2390 902 enim
2420 850 2654 920 angelos
2685 852 2859 908 fetore
2905 854 3158 909 humano
3204 858 3434 926 gravari
3485 872 3601 912 non

1903 934 2209 998 credimus,
2243 936 2324 990 sic
2355 937 2578 993 animas
2624 941 3016 1009 corporalibus
3059 943 3357 1013 suppliciis
3397 946 3603 1001 vexari

1904 1036 2018 1077 non
2053 1037 2213 1091 posse
2243 1024 2508 1080 dicimus.

1975 1117 1999 1172 §
2034 1111 2096 1164 ll.
2141 1109 2470 1180 Quidﬂetus
2511 1112 2573 1166 in
2602 1114 2852 1179 inferno,
2896 1120 2951 1170 et
2977 1117 3193 1173 stridor
3216 1119 3498 1176 dentium.
3533 1153 3601 1164 -—-

1903 1198 2030 1266 Sed,
2063 1200 2211 1255 sicut
2250 1197 2518 1270 superius
2569 1205 2709 1270 dixi,
2746 1219 2816 1260 ex
2857 1209 3145 1262 contraria
3195 1218 3353 1277 parte
3399 1211 3603 1266 melius

1904 1301 2022 1342 rem
2053 1288 2338 1359 attingere
2370 1305 2691 1359 possumus.
2727 1292 2781 1346 Si
2825 1293 2996 1362 juxta
3026 1295 3361 1364 Apostolum
3398 1312 3410 1351 :
3446 1321 3466 1346 ι
3503 1299 3604 1354 Re-

1905 1390 2086 1445 gnum
2125 1377 2222 1432 Dei
2269 1392 2383 1432 non
2421 1387 2503 1434 est
2543 1394 2671 1434 esca
2707 1389 2760 1435 et
2803 1391 2988 1449 potus,
3044 1383 3139 1436 sed
3189 1398 3299 1452 pax
3345 1395 3398 1439 et
3457 1401 3600 1456 gau-

1905 1464 2064 1518 dium
2123 1465 2179 1520 iu
2231 1466 2446 1535 Spiritu
2491 1477 2689 1524 sancto
2751 1471 2940 1535 (Rom.
2997 1485 3112 1537 xw,
3160 1475 3278 1540 7t),
3329 1493 3355 1523 ι)
3411 1475 3603 1529 videa-

1906 1563 2035 1604 mus
2064 1565 2095 1605 e
2124 1551 2352 1622 regione
2383 1568 2559 1622 quam
2592 1553 2819 1609 diversa
2856 1555 2929 1610 ab
2977 1555 3063 1623 iis,
3101 1558 3459 1614 turbulentia
3501 1563 3606 1616 sci-

71 1656 176 1697 mo
234 1622 511 1712 pollutus.
553 1622 698 1698 Hin‘c
752 1651 835 1699 est
879 1644 1033 1713 quod
1077 1643 1216 1699 coelo
1273 1659 1422 1700 novo
1472 1645 1617 1701 facio
1681 1653 1796 1702 (er-
1836 1622 1876 1676 Β
1910 1636 2038 1692 licet
2099 1647 2333 1708 aeterna,
2395 1656 2462 1697 ac
2528 1652 2837 1712 perpetuus
2883 1622 3068 1700 motus
3128 1655 3302 1715 atque
3356 1648 3602 1716 tristitia,

75 1745 278 1800 raque
337 1744 489 1785 nova
543 1731 746 1801 (Apoc.
807 1746 923 1792 xxx,
988 1731 1059 1801 1),
1134 1731 1371 1787 interior
1436 1733 1798 1803 exteriorque

75 1819 329 1887 pervius
360 1833 427 1873 ac
473 1819 805 1874 habitabilis
847 1820 954 1875 erit
1002 1821 1234 1876 sanctis.
1281 1821 1503 1876 Sanctis
1547 1835 1797 1890 namque

78 1916 207 1963 tam
250 1908 386 1977 igne
435 1910 696 1978 purgatis
751 1923 929 1978 quam
968 1911 1132 1965 beata
1175 1923 1480 1979 corporum
1532 1909 1798 1964 immuta-

79 1997 245 2052 tione
277 1997 570 2064 promotis,
604 2005 658 2052 et
686 1997 894 2053 saeculo
927 1998 1039 2052 imo
1071 1998 1286 2053 mundo
1321 1999 1441 2066 ipso
1475 2012 1508 2052 a
1549 1997 1799 2053 veternis

82 2085 366 2141 sordibus
404 2085 776 2156 conﬁagrato,
809 2094 864 2141 et
898 2086 955 2140 in
998 2085 1489 2154 incorruptibilem
1537 2085 1796 2142 habitum

83 2182 382 2242 reparato,
445 2174 539 2230 fiet
599 2182 783 2230 status
848 2174 1220 2230 habitationis
1295 2175 1800 2244 habitatorumque

87 2263 491 2333 undecunque
523 2264 889 2331 conveniens,
922 2264 1015 2319 fiet
1047 2263 1355 2333 utrobique
1379 2277 1494 2318 una
1522 2263 1669 2318 facto
1705 2276 1800 2318 re-

89 2351 310 2421 purgio
341 2365 575 2407 mansor
605 2365 671 2406 ac
707 2352 925 2408 mansio
955 2351 1181 2407 florens.
1225 2352 1295 2406 Et
1324 2353 1472 2406 sicut
1498 2365 1705 2420 corpus
1735 2364 1801 2406 ac

90 2441 297 2494 anima
339 2440 396 2494 in
433 2443 646 2496 sanctis
671 2441 778 2496 sub
811 2439 988 2495 unius
1031 2439 1402 2495 beatitudinis
1434 2440 1615 2510 gloria
1652 2438 1802 2509 jubi—

92 2529 327 2595 labunt,
384 2529 466 2584 sic
508 2529 758 2584 exterior
806 2529 1160 2598 interiorque
1203 2529 1458 2584 mundus
1503 2528 1575 2582 ad
1621 2541 1800 2583 unam

95 2620 414 2688 puritatem
445 2632 518 2673 ex
565 2618 800 2674 alterius
831 2617 1287 2673 concrematione
1320 2616 1551 2682 redacti,
1603 2617 1800 2686 splen-

95 2707 263 2761 didos
294 2707 414 2762 sine
441 2707 597 2762 omni
628 2706 1058 2775 importunitate
1089 2705 1387 2761 discursus
1425 2705 1639 2760 sanctis
1666 2705 1802 2761 ubi-

97 2809 215 2864 que
246 2795 744 2864 triumphantibus
775 2795 1160 2864 apparebunt.

771 2883 1002 2939 CAPUT
1037 2882 1134 2938 IV.

169 2973 198 3038 §
230 2971 274 3026 I.
308 2973 512 3043 Neque
537 2971 702 3028 electi
720 2973 780 3028 in
805 2972 945 3027 caelo
974 2988 1306 3044 corpoream
1319 2971 1591 3044 gloriam,
1621 2987 1802 3042 neque

95 3060 158 3113 in
188 3060 420 3124 inferno
447 3061 683 3133 reprobi
729 3078 1063 3133 corpoream
1094 3077 1319 3133 pinnam
1351 3060 1580 3116 habent.
1605 3063 1685 3100 '—-
1714 3060 1800 3116 Ad

99 3164 222 3205 rem
267 3151 464 3221 itaque
504 3166 635 3221 quae
683 3159 867 3221 empta
912 3151 1098 3207 fuerat
1133 3151 1450 3206 redeamus.
1487 3150 1690 3205 Poenas
1733 3150 1803 3204 il-

101 3239 205 3304 las,
259 3254 390 3308 quae
455 3239 513 3294 in
571 3240 665 3295 illo
717 3240 960 3295 abditori
1019 3241 1236 3294 mundo
1289 3239 1544 3309 reprobis
1605 3239 1801 3294 inferri

100 3327 370 3395 dicimus,
425 3343 708 3397 corporeae
757 3329 844 3383 vel
906 3328 1252 3397 incorporea
1305 3328 1419 3383 sint
1457 3329 1502 3382 si
1551 3328 1803 3382 diffinire

101 3414 391 3481 volumus,
423 3429 495 3470 ex
529 3416 817 3470 contrario
847 3416 1053 3470 melius
1083 3415 1295 3470 sentire
1329 3414 1605 3468 valemus.
1645 3414 1804 3480 Quie-

102 3503 346 3559 rendum
381 3505 548 3573 plane
581 3503 740 3574 prius
787 3511 871 3559 est
904 3512 1104 3560 utrum
1143 3503 1305 3558 electi
1353 3516 1676 3572 corporeas,
1728 3516 1801 3557 an

103 3592 466 3660 incorporeas
511 3592 568 3647 in
625 3591 837 3646 cmlesti
893 3606 1072 3661 regno
1126 3590 1340 3661 glorias
1385 3598 1798 3659 assequuntur.

105 3678 158 3733 Si
188 3693 485 3748 corporeas
515 3679 725 3750 glorias
765 3679 1133 3745 aestimemus,
1170 3686 1231 3733 ut
1280 3677 1492 3733 scilicet
1537 3677 1800 3746 volupta-

111 3767 280 3829 tibus,
333 3769 530 3838 gustui
583 3783 650 3824 ac
707 3769 890 3837 epulis
939 3775 1159 3832 vacent,
1230 3766 1371 3822 nihil
1420 3766 1798 3836 explicamus,

108 3857 220 3911 imo
249 3855 556 3925 Scripturis
592 3857 1118 3922 obsistimusiNou,
1165 3855 1595 3925 ait,’gaudeatis
1628 3869 1803 3924 super

106 3945 403 4013 spiritibus
433 3945 536 4015 qui
568 3945 730 4001 vobis
757 3945 1170 4015 subjiciuntur,
1195 3945 1290 3999 sed
1325 3945 1622 4014 gaudeatis
1648 3944 1802 4014 quod

107 4034 336 4088 nomina
389 4042 582 4088 vestra
628 4034 842 4102 scripta
889 4040 1026 4088 sunt
1076 4032 1134 4086 in
1185 4032 1323 4087 cmlo
1365 4029 1630 4101 (Luc.'x,
1690 4033 1797 4099 20).

109 4120 263 4175 Certe
296 4121 398 4190 ipsi
453 4121 687 4190 apostoli
744 4120 935 4175 adhuc
984 4121 1156 4175 rudes
1198 4120 1440 4175 Domino
1491 4119 1744 4175 inferunt
1785 4135 1798 4174 :

116 4231 136 4257 ι
171 4209 420 4275 Domine,
455 4210 747 4279 inquiunt,
782 4211 1014 4265 ostende
1045 4209 1209 4264 nobis
1250 4211 1498 4274 Patrem,
1547 4217 1601 4263 et
1638 4208 1799 4264 suffi-

110 4298 182 4352 cit
211 4299 371 4354 nobis
407 4300 602 4369 (Joan.
635 4313 758 4365 xiv,
789 4299 862 4368 8).
902 4320 923 4346 ι
979 4299 1127 4354 lllud
1169 4313 1402 4368 quoque
1435 4313 1448 4351 :
1497 4320 1517 4345 ε
1581 4300 1799 4353 Iterum

112 4394 292 4441 autem
340 4387 538 4442 videbo
585 4402 704 4453 vos,
740 4395 794 4442 et
832 4387 1104 4456 gaudebit
1155 4401 1253 4442 cor
1284 4394 1540 4442 vestrum
1595 4388 1794 4455 (Joan.

112 4489 222 4540 xw,
271 4477 375 4543 22).
416 4497 436 4522 ι
487 4474 542 4530 Si
594 4477 650 4530 in
695 4475 910 4530 talibus
959 4474 1345 4530 caelicolarum
1401 4473 1603 4544 gloria,
1655 4475 1797 4544 quid

113 4571 392 4619 terrenum
440 4565 531 4619 hic
561 4564 886 4634 quaeritur?
929 4563 1066 4629 Qum
1101 4563 1438 4634 jucunditas
1487 4563 1797 4631 corporalis

111 4651 168 4706 in
198 4652 290 4708 Dei
331 4653 512 4708 Patris
555 4654 774 4708 visione
826 4652 1097 4722 putetur?
1146 4651 1291 4718 Quid
1334 4651 1489 4720 quod
1541 4652 1796 4720 psalmus

112 4740 224 4795 ait:
261 4764 280 4789 ‹
316 4743 461 4807 Quid
487 4742 638 4797 enim
685 4742 827 4798 mihi
858 4749 942 4797 est
991 4742 1045 4795 in
1078 4741 1240 4807 cmlo,
1269 4747 1322 4794 et
1363 4754 1396 4794 a
1425 4747 1476 4794 te
1517 4741 1658 4809 quid
1689 4755 1794 4796 vo—

111 4829 188 4884 lui
216 4844 380 4899 super
413 4831 662 4885 terram‘?
713 4832 884 4897 Deus,
924 4829 1129 4899 inquit,
1173 4828 1361 4883 cordis
1401 4827 1512 4884 mei
1564 4839 1617 4883 et
1664 4843 1795 4897 pars

113 4931 232 4972 mea
277 4918 454 4983 (Psal.
500 4933 674 4983 Lxxu,
731 4922 818 4984 25,
867 4920 972 4984 26).
1030 4939 1052 4966 ι
1110 4916 1164 4972 Si
1207 4930 1344 4987 ergo
1397 4939 1417 4964 ι
1477 4915 1586 4980 Qui
1641 4917 1794 4971 videt

115 5005 326 5068 Filium,
382 5013 437 5060 et
497 5005 674 5060 credit
725 5006 782 5059 in
835 5020 990 5070 eum,
1043 5005 1212 5059 habet
1265 5004 1444 5058 vitam
1514 5012 1792 5058 aeternam

116 5092 294 5159 (Joan.
323 5107 392 5153 γι,
436 5093 546 5162 40),
588 5113 609 5140 ι
653 5100 706 5147 et
737 5092 794 5146 in
822 5093 961 5148 cmlo
992 5107 1060 5148 ac
1108 5091 1166 5146 in
1197 5099 1349 5145 terra
1383 5090 1526 5144 nihil
1571 5091 1791 5160 quieri-

113 5163 204 5233 thr
231 5181 329 5235 nisi
374 5188 438 5235 ut
479 5181 631 5236 Deus
662 5179 962 5248 habeatur,
1012 5194 1150 5250 rogo
1205 5178 1337 5249 quis
1385 5177 1543 5234 locus
1595 5193 1792 5249 corpo-

112 5265 217 5320 reis
243 5267 629 5336 voluptatibus
657 5266 868 5323 datur?

180 5358 314 5406 364
351 5353 492 5409 Cum
537 5369 672 5424 ergo
705 5355 848 5410 nihil
902 5355 1299 5425 exemplorum
1349 5361 1634 5425 suppetat,
1689 5369 1790 5425 per

113 5454 235 5511 quae
259 5441 383 5510 quis
411 5441 640 5496 carnale
673 5441 728 5496 in
754 5441 897 5498 caalo
927 5441 1068 5511 quid
1110 5441 1410 5512 intelligat,
1461 5442 1675 5499 mirum
1704 5451 1788 5500 est

1905 1724 2096 1796 vigeat
2134 1727 2192 1782 in
2232 1729 2476 1785 inferno.
2520 1755 2538 1778 ι
2577 1732 2716 1798 Erit,
2759 1732 2840 1786 ait
2880 1733 3174 1800 Dominus,
3211 1735 3286 1788 ibi
3332 1736 3519 1804 fletus,
3552 1748 3606 1794 et

1905 1815 2113 1870 stridor
2155 1816 2411 1872 dentium
2458 1820 2689 1884 (Matth.
2740 1836 2859 1887 Vlll,
2914 1821 3016 1891 12).
3076 1843 3096 1869 ι
3161 1822 3308 1888 Quid
3375 1827 3604 1882 anima-

1906 1915 2036 1957 rum
2071 1904 2257 1972 fletus,
2299 1907 2406 1961 nisi
2457 1909 2840 1976 praecordialis
2869 1923 3069 1965 earum
3099 1919 3154 1966 et
3201 1913 3424 1968 interna
3459 1928 3602 1970 moe-

1905 1991 2100 2046 stitia?
2128 1993 2320 2049 Fletus
2348 1997 2500 2050 enim
2532 1997 2632 2066 qui
2678 2012 2791 2052 non
2836 1997 2946 2052 nisi
2988 2013 3023 2053 a
3061 2001 3376 2068 corporalis
3430 2003 3605 2058 rebus

1905 2081 2207 2148 emittitur,
2247 2093 2303 2138 et
2344 2085 2572 2152 stridor,
2612 2087 2709 2155 qui
2737 2087 2981 2142 dentatis
3030 2089 3135 2144 rite
3165 2091 3496 2160 ascribitur,
3531 2093 3604 2148 ad

1906 2168 2156 2224 dolorem
2191 2170 2656 2240 incorporearum
2689 2174 2966 2242 ipsarum,
3015 2176 3298 2230 insaniam
3332 2177 3606 2234 furorem-

1907 2272 2021 2327 que
2061 2258 2326 2314 refertur.
2369 2259 2616 2316 Stridere
2647 2275 2916 2331 namque,
2966 2277 3100 2318 cum
3142 2265 3210 2319 de
3255 2265 3485 2322 homine
3526 2266 3608 2322 di-

1907 2345 2076 2413 citur,
2111 2345 2420 2402 furentium
2453 2357 2553 2404 est.
2604 2349 2701 2404 Est
2731 2363 2865 2419 ergo
2906 2350 3066 2405 dolor
3114 2366 3414 2422 perpessae,
3452 2362 3508 2410 et
3546 2355 3606 2410 in

1906 2443 2188 2490 aeternum
2232 2437 2610 2506 perpetiendae
2671 2438 2930 2494 miseriae.
2995 2440 3093 2494 Est
3145 2441 3315 2496 etiam
3370 2444 3602 2512 stridor,
3690 2481 3694 2484 -

1907 2522 2046 2577 dum
2073 2525 2472 2580 commembris
2521 2525 2729 2581 diaboli
2779 2527 2993 2594 anima,
3049 2529 3170 2598 jam
3224 2535 3606 2601 contemptrix

1908 2611 2167 2666 omnium
2207 2612 2534 2670 divinorum
2577 2617 2852 2684 paenitere
2888 2616 3105 2686 incipit,
3138 2633 3254 2673 non
3301 2634 3359 2674 se
3413 2620 3607 2690 pejora

1911 2713 2088 2768 quam
2117 2699 2310 2756 fecerit
2336 2701 2607 2758 effecisse.

1983 2789 2144 2844 Unde
2174 2797 2296 2845 est:
2344 2813 2366 2838 ι
2420 2792 2638 2861 Impius
2690 2807 2822 2848 cum
2871 2795 3088 2850 venerit
3140 2795 3197 2850 in
3249 2797 3604 2866 profundum

1839 2919 1880 2973 Ο
1912 2877 2218 2944 malorum,
2266 2881 2572 2937 contemnit
2617 2881 2811 2951 (Prov.
2858 2897 3019 2950 xvm,
3072 2883 3145 2953 3).
3210 2906 3230 2933 ι
3267 2884 3483 2954 Omnis,
3529 2887 3608 2943 ait

1910 2965 2082 3038 arbor
2130 2982 2261 3036 qua)
2305 2983 2418 3024 non
2461 2969 2592 3025 facit
2643 2971 2896 3027 fructum
2928 2972 3143 3028 bonum
3182 2975 3504 3042 excidetur,
3554 2984 3610 3032 et

1909 3053 1969 3108 in
2025 3054 2211 3125 ignem
2273 3057 2530 3113 mittetur
2611 3060 2845 3128 (Matth.
2911 3075 2989 3127 Ill,
3065 3061 3167 3129 10).
3208 3083 3228 3110 ι
3305 3063 3609 3119 Exciditur

1908 3143 2170 3200 videlicet
2224 3160 2257 3200 a
2327 3154 2597 3215 potestate
2657 3149 2951 3218 peccandi,
3027 3151 3182 3220 quod
3250 3153 3609 3208 tantumdem

1909 3232 2080 3298 valet,
2136 3248 2202 3288 ac
2256 3234 2301 3288 si
2355 3235 2612 3291 diceret:
2672 3237 2865 3307 Ligate
2919 3238 2999 3292 illi
3059 3254 3269 3296 manus
3315 3255 3382 3296 ac
3440 3243 3610 3311 pedes

1910 3319 2144 3390 (Matth.
2199 3337 2335 3388 xxu,
2390 3325 2495 3393 13).
2556 3326 2615 3378 lu
2669 3327 2856 3395 ignem
2922 3341 3056 3383 vero
3118 3329 3606 3399 mitti,|perpetuo

1909 3409 2057 3464 male
2086 3411 2292 3480 agendi
2341 3420 2426 3467 est
2482 3415 2741 3482 appetitu
2788 3417 3051 3470 cremari.
3115 3418 3274 3472 Unde
3307 3427 3362 3473 et
3411 3419 3553 3474 illud
3591 3435 3605 3473 :

1911 3516 1938 3544 α
1975 3495 2359 3565 Supercecidit
2402 3497 2572 3568 ignis,
2606 3507 2661 3555 et
2710 3516 2825 3556 non
2876 3502 3146 3558 viderunt
3192 3504 3367 3560 solem
3421 3506 3604 3576 (Ps-al.

1909 3597 2042 3648 Lvu,
2079 3585 2156 3651 9).
2198 3605 2218 3631 ι
2257 3584 2314 3639 Si
2345 3585 2498 3654 enim
2519 3593 2622 3652 est,
2656 3595 2720 3642 ut
2760 3601 2891 3642 vere
2921 3597 3023 3650 est,
3059 3589 3198 3658 quia
3244 3591 3300 3644 in
3351 3591 3606 3646 interiori

1909 3669 2002 3725 illo
2033 3672 2250 3727 mundo
2300 3674 2562 3742 cupiunt,
2609 3683 2895 3743 metuunt,
2953 3678 3346 3746 gaudentque,
3395 3679 3610 3735 dolent-

1910 3771 2042 3826 que,
2105 3759 2233 3814 licet
2284 3759 2474 3828 impiis
2533 3776 2902 3832 nequaquam
2966 3767 3217 3834 gaudere
3282 3767 3604 3837 conveniat,

1911 3847 2020 3901 tria
2073 3855 2264 3903 tamen
2322 3849 2435 3903 alia
2477 3850 2559 3905 eis
2613 3865 2684 3904 ne
2761 3860 3047 3907 momento
3104 3852 3337 3921 quidem
3411 3854 3608 3910 abesse

1910 3945 2156 4007 queant;
2189 3951 2303 3992 non
2344 3938 2528 3993 dicam
2570 3941 2724 4008 quod
2769 3940 2978 3995 eisdem
3032 3942 3394 4010 passionibus
3453 3943 3610 3998 addi-

1909 4032 2140 4095 cantur,
2177 4027 2394 4095 quibus
2423 4027 2556 4082 olim
2583 4028 3014 4098 subjacuerant,
3041 4030 3134 4084 sed
3173 4037 3326 4085 tanto
3347 4031 3609 4087 rabidius

1909 4121 2132 4182 quanto
2164 4115 2539 4184 spiritualius,
2567 4125 2631 4172 ut
2664 4117 2743 4172 nil
2772 4117 2928 4173 aliud
2961 4117 3017 4172 in
3039 4118 3120 4173 eis
3151 4120 3303 4188 ipsae,
3339 4134 3452 4174 non
3478 4135 3606 4176 una}

1839 4218 1883 4271 ι)
1914 4203 2009 4256 sed
2048 4203 2393 4260 omnimodae
2440 4207 2752 4274 passiones,
2807 4220 2984 4276 quam
3035 4207 3183 4278 ignis
3234 4207 3608 4265 indefectivus

1907 4299 1961 4347 et
1985 4307 2210 4361 semper
2238 4293 2477 4349 inurens
2506 4297 2663 4350 fiant.

1978 4382 2005 4447 §
2034 4381 2130 4434 Ill.
2165 4382 2299 4451 Igne
2318 4382 2615 4436 materiali
2632 4383 2862 4438 anima:
2892 4385 3149 4456 torqueri
3185 4386 3326 4441 dicit
3365 4391 3426 4442 Β.
3467 4391 3607 4443 Gre-

1901 4468 2117 4540 gorius.
2144 4500 2212 4509 ——
2241 4470 2401 4536 Quod
2432 4471 2476 4526 si
2521 4472 2653 4541 quis
2698 4473 2837 4528 mihi
2869 4474 3066 4544 objicit
3107 4475 3335 4532 beatum
3385 4476 3606 4547 Grego-

1907 4558 2079 4624 rium,
2149 4559 2304 4628 quod
2371 4574 2645 4628 corporeo
2721 4561 2869 4616 dicat
2927 4562 3151 4617 animas
3208 4565 3338 4634 igne
3408 4566 3604 4634 puniri

1904 4646 2146 4717 (Dialog.
2180 4646 2277 4702 lib.
2311 4663 2389 4710 1V,
2419 4661 2544 4718 cap.
2579 4649 2690 4718 29),
2728 4650 3007 4715 advertat,
3041 4651 3193 4719 quod
3246 4652 3322 4707 ibi
3369 4653 3599 4710 dicitur.

1907 4756 1934 4783 «
1963 4735 2186 4801 Teneri,
2220 4735 2319 4798 ait,
2356 4735 2633 4805 Spiritum
2693 4751 2791 4806 per
2844 4737 3034 4808 ignem
3077 4739 3343 4808 dicimus,
3379 4761 3406 4791 »
3450 4750 3514 4797 ut
3541 4743 3600 4798 in

1904 4830 2184 4878 tormento
2251 4823 2400 4893 ignis
2479 4824 2551 4879 sit
2613 4825 2858 4880 videndo
2914 4840 2980 4881 ac
3038 4827 3348 4884 sentiendo.
3403 4828 3601 4900 Ignem

1904 4925 2157 4981 namque
2185 4926 2252 4967 eo
2277 4913 2394 4981 ipso
2425 4913 2660 4982 patitur,
2694 4929 2811 4983 quo
2845 4915 3015 4981 videt,
3069 4925 3124 4971 et
3171 4918 3311 4986 quia
3357 4920 3601 4976 cremari
3675 4907 3680 4910 ’

1900 5015 1959 5055 se
1989 5000 2208 5070 aspicit,
2261 5010 2571 5057 crematur.
2605 5002 2767 5068 Quod
2812 5011 2990 5058 totum
3021 5011 3122 5070 est,
3174 5008 3313 5075 quia
3364 5008 3601 5064 damna-

1900 5097 2023 5146 tum
2056 5104 2114 5145 se
2145 5091 2367 5160 aspicit,
2414 5092 2592 5146 animi
2629 5105 2781 5146 saeva
2826 5094 3265 5150 exacerbatione
3321 5097 3602 5167 decoqui-

1901 5187 2012 5234 tur.
2081 5179 2214 5234 Vide
2268 5181 2556 5236 hominem
2612 5189 2826 5236 aeterno
2879 5182 3171 5253 ergastulo
3251 5185 3594 5256 relegatum,

1900 5267 2193 5323 mortifera
2225 5270 2605 5326 mortificatur
2633 5271 2849 5326 acedia.
2903 5273 3030 5328 Vidi
3061 5273 3167 5330 hoc
3197 5288 3350 5331 anno
3377 5291 3590 5346 quem-

1897 5355 2052 5422 dam,
2099 5357 2200 5426 qui
2248 5359 2450 5414 timore
2501 5360 2856 5428 paupertatis
2905 5361 3179 5432 laqueum
3214 5365 3342 5431 sibi,
3394 5367 3505 5424 nisi
3562 5383 3597 5424 a

1899 5444 2022 5499 suis
2051 5455 2372 5513 erueretur,
2409 5447 2700 5518 injecerat.
2741 5449 2818 5505 De
2846 5449 3279 5510 circumstantia
3305 5470 3442 5527 ergo
3471 5471 3602 5521 sua,
