3920 6080
325 207 389 258 67
398 209 428 257 5

1217 203 1279 255 ν.
1323 201 1658 260 GUIBERTI
1696 200 1990 255 ABBATIS
2027 199 2082 255 S.
2129 201 2366 257 ΜΑΒΙᾹΞ
2407 202 2499 258 DE
2543 201 2942 258 NOVIGENTO

3723 205 3821 256 676

320 335 642 391 secundum
669 335 900 390 beatum
937 347 1141 404 papam
1173 333 1408 402 spiritus
1456 331 1647 400 habet,
1702 331 1852 388 unde
1895 346 2022 387 cru-
2059 332 2335 401 A(Eccli.
2371 349 2446 399 ix,
2499 334 2600 404 l0),
2665 349 2836 404 quem
2887 333 3100 390 scilicet
3151 333 3444 390 diabolica:
3499 333 3825 388 intentionis

321 423 523 478 cietur.

390 509 550 576 Quod
597 509 644 564 si
701 507 896 563 divitis
951 520 1119 577 poena
1168 505 1315 577 ignis
1363 505 1672 576 corporalis
1724 505 2016 576 objicitur,

319 597 688 654 libentissime
748 610 948 666 papam
1002 603 1287 661 sanctum,
1338 594 1382 650 si
1441 608 1692 664 praesens
1737 603 1900 662 esset,
1940 596 2020 649 in-

318 687 628 758 quirerem,
653 687 698 741 si
733 685 882 756 ignis
917 685 1008 740 ille
1048 698 1387 754 corporeus,
1422 692 1484 739 ut
1531 683 1686 752 dicit,
1748 683 2014 749 habetur,

317 783 373 832 et
402 782 626 845 gustus,
657 781 712 830 et
741 774 975 845 digitus,
1008 782 1062 829 et
1093 775 1311 844 lingua,
1363 773 1487 842 pari
1523 773 1694 830 modo
1744 784 2018 841 corporea

320 863 688 919 tenebuntur.
725 862 869 927 Quia
899 876 1036 932 ergo
1077 876 1188 916 non
1243 862 1516 916 assentire
1555 867 1711 916 tanto
1746 860 2018 929 magistro

317 951 601 1008 nefarium
657 951 944 1017 ducimus,
1003 959 1059 1006 et
1108 949 1508 1019 spiritualibus
1557 947 1876 1017 corporalia
1956 946 2016 1001 in

317 1040 646 1096 omnimoda
691 1040 789 1094 illa
834 1039 1208 1094 interioritate
1248 1038 1482 1094 miscere
1521 1039 1828 1104 nescimus,
1879 1037 2013 1101 Deo,

319 1143 449 1198 quae
482 1130 726 1185 necdum
762 1129 925 1184 nobis
969 1143 1036 1184 ex
1051 1127 1219 1197 periri
1254 1127 1512 1197 contigit,
1562 1125 2009 1182 committamus.

316 1217 544 1274 Nemini
569 1217 721 1274 enim
751 1217 1087 1283 obnitimur,
1131 1217 1225 1272 sed
1261 1231 1363 1286 pro
1411 1224 1582 1284 captu
1613 1223 1808 1270 nostro
1847 1227 2014 1270 sensa

317 1307 562 1376 simplici
597 1307 909 1363 intentione
939 1305 1298 1376 proferimus.

995 1393 1226 1449 CAPUT
1272 1394 1337 1449 V.

388 1485 459 1550 §l.
518 1483 661 1550 Quid
713 1485 1051 1538 sanctorum
1107 1480 1366 1536 exercitii
1418 1481 1484 1537 in
1524 1479 1742 1536 caelesti
1790 1479 2012 1552 gloria,-

317 1573 456 1644 quid
505 1571 812 1643 impiorum
860 1573 921 1625 in
971 1571 1311 1628 cruciatibus
1363 1569 1605 1625 κίεν-πίε.
1652 1599 1722 1610 -—
1784 1568 2013 1624 Diaboli

2129 421 2293 477 furor
2327 424 2551 492 agebat,
2595 436 2779 492 quare
2829 437 2930 492 pro
2981 423 3260 478 fratribus
3290 437 3362 478 ne
3402 429 3457 477 et
3501 421 3605 490 ipsi
3651 421 3827 490 perdi-

2131 517 2249 566 tum
2285 510 2432 566 irent
2463 519 2578 567 tam
2622 511 2894 567 benevole
2941 510 3289 580 postulabat.
3339 509 3498 576 Quod
3553 508 3598 564 si
3648 508 3827 563 bene-

2127 598 2377 655 volentia
2422 600 2637 655 bonum
2670 607 2773 665 est,
2823 607 2879 656 et
2938 599 3059 654 haec
3103 599 3222 668 ipsa
3276 597 3555 667 supplicio
3606 596 3820 658 subest.

2129 688 2373 756 profecto
2399 696 2454 744 et
2481 689 2782 758 sapientia,
2817 697 2873 744 et
2915 688 3168 753 scientia,
3211 696 3386 756 atque
3438 686 3582 742 ratio
3625 693 3825 740 contra

2126 774 2341 844 praefati
2377 776 2650 845 sapientis
2673 776 2890 832 dictum
2921 775 3060 832 inibi
3088 783 3190 831 est.
3232 775 3380 838 Quia
3411 788 3548 830 vero
3588 781 3826 828 sanctus

2126 861 2185 918 in
2217 879 2281 920 eo
2327 864 2569 934 Spiritus
2597 864 2825 920 mentiri
2869 879 2983 920 non
3040 871 3237 933 potest,
3290 877 3468 934 quam
3513 863 3584 918 sit
3643 860 3826 917 futilis

2123 951 2232 1007 ista
2264 953 2454 1022 petitio
2483 953 2671 1008 videre
2701 953 2759 1008 in
2789 960 3056 1022 promptu
3085 960 3188 1008 est.

2195 1040 2470 1110 Superius
2497 1041 2710 1096 dictum
2743 1049 2827 1096 est
2875 1041 3147 1110 reprobos
3203 1041 3258 1094 in
3301 1039 3525 1095 inferno
3569 1054 3682 1094 non
3731 1052 3819 1092 so-

2122 1127 2242 1184 lum
2264 1129 2595 1185 carnalibus
2627 1128 2929 1185 affectibus
2964 1143 3080 1183 non
3111 1127 3412 1195 carituros,
3447 1127 3545 1183 sed
3589 1141 3818 1197 perver-

2123 1217 2201 1272 sis
2255 1218 2427 1273 etiam
2503 1218 2797 1274 amoribus
2881 1231 3205 1272 coarsuros.
3279 1217 3412 1272 Haec
3483 1216 3642 1271 dives
3725 1215 3819 1270 ille

2123 1306 2439 1375 perpendit,
2463 1307 2600 1362 dum
2635 1306 2837 1361 fratres
2867 1305 3177 1361 adventare
3212 1303 3443 1368 metuit;
3494 1304 3597 1359 scit
3661 1304 3816 1359 enim

2122 1394 2182 1450 in
2230 1409 2581 1465 quocunque
2625 1394 2869 1450 fratrum
2902 1394 3180 1465 geminari
3221 1393 3326 1448 sibi
3356 1392 3724 1462 supplicium,
3765 1399 3816 1446 et

2123 1485 2180 1540 in
2211 1498 2461 1554 quorum
2502 1483 2663 1541 cultu
2695 1499 2762 1539 ac
2791 1483 3067 1539 desiderio
3096 1497 3130 1538 a
3178 1483 3373 1538 divino
3402 1496 3596 1538 amore
3644 1482 3817 1536 desci-

2124 1573 2224 1634 vit.
2254 1574 2310 1626 in
2341 1588 2541 1628 eorum
2571 1587 2748 1643 quam
2802 1573 3142 1642 propositam
3197 1572 3303 1628 sibi
3354 1572 3524 1626 habet
3585 1571 3819 1626 damna-

316 1632 475 1718 cibus
504 1632 743 1732 peecata
793 1677 1112 1732 suggerere.
1161 1661 1410 1717 Constat.
1440 1659 1634 1728 itaque
1679 1660 1816 1728 quia
1868 1657 2016 1713 sicut
2053 1632 2095 1687 Β
2129 1632 2278 1717 tione
2304 1632 2633 1716 incenditur
2662 1632 2876 1732 pariter
2907 1632 2984 1716 lac
3049 1661 3278 1717 insanit.
3331 1661 3480 1716 Dum
3523 1674 3659 1730 ergo
3715 1658 3820 1723 sibi

317 1760 648 1808 sanctorum
683 1749 1110 1815 benevolentiae,
1144 1764 1273 1804 cum
1313 1749 1383 1803 ad
1431 1747 1530 1802 Dei
1563 1749 1836 1802 visionem
1890 1761 2018 1816 per-

319 1839 582 1904 veniunt,
616 1837 1001 1893 inaestimabili
1026 1850 1242 1905 semper
1273 1835 1573 1891 dulcedine
1611 1841 1896 1899 crescunt,
1942 1835 2019 1889 ita

319 1926 696 1996 reproborum
735 1926 941 1980 animae
998 1923 1171 1992 capiti
1218 1938 1320 1978 suo
1367 1923 1594 1978 diabolo
1626 1924 1825 1986 unitee,
1860 1931 2018 1977 tanto

319 2015 718 2070 vehementius
763 2013 1030 2082 peccandi
1095 2013 1374 2067 desiderio
1429 2026 1542 2066 non
1601 2013 1721 2066 sine
1779 2011 2020 2066 atrocis-

319 2104 460 2160 simo
487 2111 766 2159 tormento
797 2109 1062 2168 aestuant,
1110 2109 1328 2170 quanto
1359 2100 1432 2155 ab
1472 2115 1556 2167 eo,
1588 2099 1678 2156 cui
1725 2100 1891 2154 cibus
1935 2107 2021 2154 est

320 2200 519 2263 pccata
574 2205 903 2262 suggerere,
951 2190 1111 2246 nulla
1183 2189 1494 2245 intentione
1546 2187 1891 2243 discordant.
1949 2187 2020 2242 Et

321 2281 469 2337 sicut
499 2288 724 2335 sanctos
768 2279 1000 2349 poenitet
1031 2279 1151 2333 visa
1191 2278 1284 2332 Dei
1323 2277 1524 2347 gloria,
1577 2276 1731 2346 quod
1775 2276 2020 2344 amplius

320 2384 422 2438 pro
449 2383 516 2424 ea
541 2367 905 2436 adipiscenda
938 2381 1053 2420 non
1094 2365 1501 2431 laboraverint,
1532 2363 1613 2419 sic
1642 2363 1798 2432 impii
1832 2377 2018 2433 (eger—

321 2457 463 2512 rime
495 2457 704 2523 dolent,
752 2456 907 2526 quod
955 2455 1026 2509 ad
1082 2469 1149 2510 ea
1201 2453 1483 2523 supplicia
1539 2454 1844 2508 deventuri
1903 2468 2019 2508 non

321 2545 569 2616 amplius
599 2544 889 2615 maliginis
918 2543 1313 2612 voluptatibus
1353 2542 1733 2598 inservierint.
1773 2542 2011 2608 Quidni!

321 2635 400 2690 De
432 2633 735 2688 advivente
767 2631 941 2700 impio
971 2631 1181 2685 dicitur
1213 2645 1224 2682 :
1266 2652 1285 2677 ι
1326 2629 1442 2684 Sub
1472 2629 1672 2700 lingua
1703 2632 1829 2700 ejus
1859 2630 2019 2685 labor

321 2729 376 2778 et
427 2721 588 2776 dolor
615 2719 787 2789 (Psal.
816 2733 876 2786 x,
928 2721 1000 2787 7).
1044 2739 1064 2765 ι
1126 2718 1309 2773 Labor
1339 2716 1619 2784 videlicet,
1656 2717 1820 2788 'quod
1873 2718 2018 2773 male

321 2809 529 2881 agendi
559 2809 748 2864 studio
779 2808 1038 2876 insudat;
1066 2806 1244 2873 dolor,
1279 2821 1395 2876 quo
1425 2821 1492 2862 ea
1535 2821 1666 2876 qua;
1723 2806 2017 2862 desidera-

319 2899 469 2955 verit
495 2897 738 2953 crimina
777 2903 1106 2966 perpetrare
1145 2910 1260 2950 non
1316 2895 1603 2964 praevalet.
1654 2895 1723 2950 Et
1754 2895 1894 2964 quid
1948 2895 2017 2951 de

322 2988 418 3044 illo
449 2986 548 3058 qui
582 2986 804 3042 Satanae
856 2991 1307 3053 concorporatur
1354 2984 1462 3038 dici
1513 2984 1738 3054 poterit,
1795 2992 2018 3053 quanta

322 3077 381 3133 in
422 3091 486 3132 eo
527 3073 890 3130 vehementia
936 3073 1157 3142 pessimi
1205 3072 1492 3142 appetitus
1537 3073 1681 3129 erit?
1733 3073 1784 3128 SI
1836 3073 2019 3128 sancti

321 3164 675 3234 sempiternis
731 3164 788 3218 in
847 3164 1025 3218 Deum
1096 3161 1402 3218 ardoribns
1463 3161 1700 3230 fervent,
1776 3161 2016 3232 improbi

322 3253 612 3325 perpetuis
638 3252 934 3307 furoribus
963 3251 1223 3306 strident.

391 3343 519 3409 §ll.
551 3340 648 3396 Ad
678 3339 816 3411 quid
858 3339 1015 3394 dives
1065 3356 1180 3394 non
1232 3355 1312 3407 se,
1370 3339 1470 3392 sed
1527 3339 1786 3393 Lazarus
1833 3341 1897 3392 ut
1955 3339 2019 3392 in

320 3431 596 3487 mundum
623 3429 890 3484 mittatur
917 3431 1062 3483 orat.
1099 3427 1246 3483 Huic
1273 3427 1528 3497 opinioni
1557 3436 1765 3482 nostra:
1795 3442 1854 3484 se
1890 3442 2020 3483 con-

324 3521 428 3577 fert
456 3519 854 3591 evangelicum
897 3517 1038 3572 illud
1064 3517 1381 3586 capitulum
1411 3517 1478 3571 de
1503 3516 1678 3572 divite
1693 3524 1747 3571 et
1788 3519 2014 3578 Lazaro.

325 3610 382 3664 in
431 3623 566 3679 quo,
617 3608 662 3662 si
718 3607 858 3662 bene
898 3607 1225 3670 discutitur,
1269 3612 1454 3660 status
1493 3605 1779 3659 interioris
1816 3605 2017 3660 mundi

323 3697 639 3768 plurimum
689 3695 966 3764 aperitur.
1020 3694 1084 3747 In
1136 3707 1256 3763 quo
1309 3692 1556 3762 primum
1603 3692 1648 3746 si
1703 3693 2020 3762 perpendas

324 3785 464 3854 quid
494 3785 599 3840 sibi
635 3783 790 3852 velit,
818 3783 970 3852 quod
1004 3781 1148 3836 idem
1200 3781 1360 3836 dives
1407 3795 1523 3834 non
1565 3794 1623 3835 se
1666 3781 2016 3846 resuscitari,

322 3880 377 3929 et
416 3873 488 3928 ad
546 3873 728 3941 patris
776 3870 1011 3925 domum
1069 3868 1234 3935 mitti,
1293 3867 1391 3923 sed
1442 3867 1718 3922 Lazarum
1771 3867 2021 3936 postulat

325 3961 492 4030 (Luc.
525 3975 640 4026 xvr,
678 3959 789 4028 27),
850 3958 1108 4012 invenies
1149 3971 1303 4022 eum,
1347 3957 1448 4025 qui
1477 3956 1545 4011 de
1576 3956 1683 4010 hac
1734 3956 1852 4010 vita
1884 3969 2019 4010 cum

325 4048 679 4119 nequissima
715 4052 864 4101 865
894 4045 1189 4100 voluntate
1208 4045 1445 4110 exierat,
1480 4043 1620 4113 quia
1653 4043 1872 4098 nullam
1898 4057 2020 4099 sese

325 4136 646 4207 corrigendi
709 4135 1086 4200 voluntatem,
1131 4133 1176 4189 si
1210 4133 1670 4200 resuscitaretur,
1713 4138 1767 4187 et
1805 4133 1872 4186 ad
1908 4147 2021 4188 saa-

2127 1751 2468 1820 gehennam,
2507 1759 2567 1805 ut
2597 1751 2679 1805 sic
2707 1750 2974 1817 dixerim,
3021 1747 3444 1820 quincuplicari
3493 1755 3747 1814 veretur,
3789 1761 3821 1801 a

2127 1854 2232 1895 suo
2282 1847 2571 1895 conventu
2610 1838 2816 1894 fratres
2862 1839 3071 1894 Lazaro
3122 1839 3360 1894 docente
3416 1837 3639 1892 amoliri
3688 1851 3822 1906 pre-

2125 1936 2279 1985 catu.

2199 2014 2300 2070 Sed
2329 2014 2400 2069 ab
2441 2014 2636 2084 aliquo
2665 2012 2836 2083 objici
2881 2019 3079 2082 potest.
3131 2012 3271 2082 quia
3317 2024 3484 2082 poena
3538 2010 3636 2065 illa
3698 2011 3820 2064 sine

2128 2103 2276 2159 bono
2330 2111 2463 2157 actu
2509 2101 2714 2158 evitari
2773 2116 2886 2156 non
2937 2109 3172 2170 poterat,
3218 2114 3355 2170 ergo
3393 2101 3513 2156 sine
3568 2099 3820 2154 benevo-

2127 2191 2302 2247 lentia
2330 2205 2442 2245 non
2477 2198 2619 2253 erat,
2655 2189 2756 2259 qui
2805 2189 3030 2244 eosdem
3070 2189 3409 2244 correctiora
3452 2201 3622 2258 agere
3668 2199 3821 2256 pra:-

2125 2279 2377 2348 optabat.
2425 2278 2528 2332 Cui
2569 2276 2886 2333 inferimus.
2925 2279 3071 2332 Sunt
3112 2276 3293 2332 multa
3323 2290 3452 2346 quae
3482 2275 3629 2331 velle
3661 2275 3820 2331 vide-

2127 2382 2278 2434 mur,
2338 2382 2468 2437 quae
2517 2375 2707 2422 tamen
2755 2366 2906 2422 nolle
2959 2379 3062 2422 nos
3105 2365 3398 2420 evidenter
3452 2364 3820 2434 agnoscitur;

2128 2471 2258 2512 nam
2289 2457 2333 2510 si
2366 2457 2742 2512 insanabilem
2767 2455 3032 2511 morbum
3067 2455 3302 2524 patiaris
3331 2455 3388 2508 in
3411 2455 3610 2524 digito,
3641 2467 3816 2522 quem

2127 2545 2460 2600 abscindere
2513 2544 2800 2599 monearis
2859 2557 2894 2598 a
2947 2543 3241 2613 chirurgo,
3300 2541 3440 2598 dicis
3494 2541 3595 2597 tibi
3649 2541 3821 2596 malle

2129 2634 2358 2704 praecidi
2409 2647 2585 2702 quam
2636 2645 2844 2687 manus
2897 2631 3067 2688 totius
3115 2645 3240 2701 Ope,
3291 2631 3492 2686 morbo
3523 2631 3818 2701 gliscente,

2127 2721 2375 2778 destitui.
2414 2721 2562 2776 Dicis
2607 2729 2658 2776 te
2691 2721 2797 2776 hoc
2830 2719 2997 2775 malle
3045 2733 3221 2789 quam
3273 2718 3435 2786 illud,
3488 2733 3622 2774 cum
3667 2733 3823 2775 neu-

2126 2817 2281 2866 trum
2333 2809 2729 2880 probatissime
2770 2808 2935 2863 nolis.
2988 2808 3140 2863 Talis
3168 2807 3275 2863 fuit
3306 2808 3572 2864 voluntas
3615 2807 3677 2862 in
3733 2807 3823 2863 di-

2127 2898 2261 2963 vite,
2317 2905 2378 2952 ut
2432 2896 2673 2952 volendo
2725 2895 2920 2964 nollet,
2975 2903 3032 2952 et
3096 2895 3341 2950 nolendo
3396 2895 3582 2962 vellet,
3629 2895 3826 2964 potius

2127 2999 2303 3056 quam
2337 2985 2603 3054 supplicii
2643 2985 2994 3041 incrementa
3037 2984 3272 3040 subiret.
3298 2983 3682 3055 Quoscunque
3721 2983 3826 3038 ita-

2127 3088 2239 3144 que
2271 3073 2430 3143 impii
2467 3081 2666 3128 contra
2707 3072 2886 3128 Deum
2919 3079 3202 3140 amarant,
3260 3072 3363 3127 hos
3402 3073 3558 3141 justo
3599 3070 3825 3141 judicio

2125 3177 2320 3218 coram
2351 3177 2409 3217 se
2456 3162 2704 3217 cruciari
2748 3161 3130 3229 considerant,
3173 3175 3425 3231 quorum
3474 3172 3671 3230 pcenas
3711 3159 3820 3228 ipsi

2125 3266 2348 3322 semper
2379 3253 2436 3307 in
2465 3267 2524 3308 se
2558 3253 2929 3320 reciprocant.

2791 3339 3022 3396 CAPUT
3056 3339 3150 3395 Vl.

2199 3427 2530 3498 Corporales
2581 3441 2696 3481 non
2733 3429 2864 3481 sunt
2908 3425 3135 3491 animae,
3189 3441 3292 3479 nec
3330 3422 3648 3487 sensibiles,
3703 3421 3822 3477 nisi

2124 3515 2290 3570 modo
2305 3514 2622 3587 spirituali.
2666 3515 2809 3582 Quid
2834 3513 3043 3570 vermis
3067 3511 3418 3586 spiritualis.
3454 3542 3522 3554 —
3554 3512 3690 3578 Quae
3721 3527 3823 3567 au-

2126 3613 2237 3660 tem
2274 3619 2513 3674 corpora
2559 3604 3071 3682 animaehabeant
3120 3617 3226 3672 ego
3265 3603 3472 3669 nescio,
3526 3601 3664 3656 illud
3727 3615 3824 3670 po-

2127 3693 2408 3749 tissimum
2451 3707 2575 3748 meo
2625 3693 2780 3749 sedet
2837 3692 3095 3758 arbitrio,
3157 3691 3342 3760 typice
3391 3691 3594 3746 debere
3648 3689 3825 3744 intel-

2127 3782 2226 3853 ligi
2276 3782 2431 3851 quod
2487 3781 2701 3837 dicitur
2746 3795 2843 3836 ore
2901 3780 3246 3836 Dominico:
3298 3798 3323 3830 «ι
3357 3779 3580 3836 Vermis
3619 3791 3823 3832 eorum

2127 3885 2242 3925 non
2295 3870 2591 3936 morietur,
2660 3877 2714 3926 et
2771 3869 2922 3940 ignis
2987 3882 3187 3924 eorum
3239 3882 3354 3924 non
3419 3867 3830 3935 exstinguetur

2127 3960 2267 4029 (Isa.
2322 3973 2476 4024 var,
2529 3961 2638 4025 24).
2701 3979 2727 4006 ››
2762 3958 2818 4013 Si
2866 3972 2901 4013 a
2946 3957 3110 4013 beato
3163 3955 3264 4011 Job
3314 3955 3469 4025 putri
3510 3961 3565 4010 et
3628 3954 3827 4010 tabido

2122 4047 2276 4118 juste
2307 4047 2650 4102 dicebatur:
2689 4069 2709 4096 ε
2749 4046 2856 4112 Qui
2914 4060 3025 4113 me,
3079 4045 3286 4114 inquit,
3348 4044 3652 4100 comedunt
3706 4057 3829 4098 non

2126 4136 2420 4192 dormiunt
2463 4135 2595 4205 (Job
2652 4150 2788 4200 xxx,
2827 4133 2935 4205 l7),
2977 4156 2999 4183 ι
3051 4133 3123 4189 ad
3179 4133 3443 4203 spiritum
3492 4147 3605 4187 non
3656 4131 3829 4186 video

325 4227 522 4282 culum
550 4225 778 4290 rediret,
815 4223 1078 4288 habebat.
1109 4222 1365 4277 eamdem
1393 4235 1643 4291 namque
1677 4221 2016 4289 βθτνεΐεὶῑὲι-
2057 4230 2100 4284 D
2133 4225 2416 4294 quomodo
2455 4223 2754 4290 referatur,
2806 4223 2946 4293 quia
3002 4223 3160 4278 nasci
3208 4235 3431 4278 vermes
3484 4235 3556 4276 ex
3613 4219 3827 4289 spiritu

325 4322 436 4371 tem
473 4328 591 4384 qua
662 4314 811 4368 inter
853 4312 1145 4367 cruciatus
1202 4324 1397 4366 carere
1448 4325 1562 4365 non
1613 4316 1851 4379 poterat,
1903 4324 2022 4366 sese

325 4403 485 4459 nullo
511 4401 678 4457 modo
727 4401 1086 4456 deserturum
1125 4413 1226 4469 pro
1279 4407 1434 4455 certo
1486 4408 1851 4469 cognoverat.
1909 4399 2023 4454 Nec

325 4504 459 4546 eum
511 4503 542 4545 e
605 4488 840 4558 regione
893 4486 1140 4556 profecto
1198 4487 1427 4553 latebat,
1483 4487 1622 4556 quia
1676 4487 1723 4541 si
1785 4487 2021 4556 pristino

327 4577 482 4636 statu
521 4577 920 4633 restitueretur
974 4575 1032 4630 in
1084 4575 1321 4640 mundo,
1371 4584 1426 4630 et
1471 4575 1762 4644 prioribus
1817 4575 2022 4630 studiis

278 4679 282 4690 '
327 4666 716 4722 emendatiora
746 4679 861 4720 non
907 4671 1146 4735 gereret,
1175 4663 1246 4718 ad
1289 4663 1827 4732 centuplicationem
1859 4663 2021 4719 dam-

326 4754 578 4811 nationis
634 4754 690 4809 in
745 4753 942 4809 eadem
1011 4760 1315 4822 postremo,
1385 4759 1666 4808 tormenta
1722 4751 2016 4808 recideret.

329 4843 606 4900 Lazarum
643 4856 780 4913 ergo
825 4840 1150 4897 resuscitari
1207 4854 1405 4896 secure
1455 4848 1743 4910 precatur,
1789 4841 1858 4896 de
1905 4854 2022 4910 quo

328 4946 444 4989 non
476 4931 633 4988 aliud
658 4930 1017 5000 sperabatur,
1054 4944 1250 5000 quam,
1287 4930 1386 5000 qui
1441 4937 1573 4984 ante
1610 4930 2021 4998 experientiam

331 5019 526 5091 gloriae
556 5019 684 5089 pius
711 5019 818 5074 sub
861 5017 1062 5073 morbo
1100 5031 1166 5071 ac
1198 5017 1391 5087 inopia
1435 5017 1681 5085 vixerat,
1726 5017 2022 5073 redivivus

329 5124 448 5165 non
480 5109 586 5164 nisi
615 5108 762 5163 bono
791 5105 990 5162 melior
1023 5105 1144 5161 fieri
1177 5113 1414 5176 poterat.

401 5198 429 5263 §
458 5198 552 5252 ΠΙ.
580 5197 765 5262 Quare
795 5196 960 5249 tanta
991 5194 1382 5250 benevolentia
1394 5194 1652 5260 fratrum
1671 5193 1852 5247 saluti
1879 5209 2022 5249 con-

328 5284 470 5340 sulit
497 5285 653 5340 dives
677 5283 799 5339 ille.
829 5315 898 5323 —
928 5283 1158 5340 Accedit
1192 5298 1424 5353 quoque
1470 5291 1682 5338 nostrae
1729 5283 2020 5340 sententiae

332 5373 488 5444 quod
541 5388 663 5443 qui,
709 5373 883 5444 juxta
925 5372 1303 5440 Salomonem,
1350 5386 1455 5428 nec
1500 5371 1862 5442 sapientiam,
1916 5387 2022 5428 nec

331 5460 627 5518 scientiam
701 5475 892 5532 neque
945 5461 1222 5519 rationem
1289 5460 1444 5531 apud
1504 5459 1716 5517 inferos
1773 5459 2022 5517 habebat

2131 4313 2391 4368 nondum
2422 4311 2771 4379 audivimus,
2823 4319 2924 4367 aut
2964 4325 3186 4366 vermes
3228 4309 3486 4365 mordere
3531 4310 3821 4378 spiritum.

2129 4401 2274 4468 Quia
2312 4415 2448 4471 ergo
2487 4400 2744 4455 dissentit
2806 4412 2840 4454 a
2884 4399 3072 4455 littera
3128 4411 3382 4454 vermem
3437 4396 3821 4467 spiritualem,

2131 4490 2284 4560 quod
2338 4497 2422 4544 est
2481 4488 2736 4558 perpetui
2775 4487 3008 4559 angoris
3070 4487 3324 4553 aculeus,
3377 4493 3432 4541 et
3469 4499 3692 4555 semper
3740 4487 3827 4542 in-

2131 4579 2426 4634 fructuosa
2455 4577 2841 4647 compunctio,
2883 4575 3329 4646 compingamus
3367 4573 3428 4629 in
3473 4573 3688 4641 anima,
3716 4588 3824 4630 cu-

2125 4666 2222 4737 jus
2274 4665 2423 4736 ignis
2495 4677 2746 4731 nequam
2815 4663 3228 4735 exstinguitur,
3300 4663 3437 4733 quia
3511 4662 3569 4717 in
3647 4662 3823 4718 finem

2131 4753 2302 4809 totius
2329 4754 2640 4823 desperatae
2671 4752 2912 4809 miserim
2949 4751 3315 4809 indefectibili
3342 4751 3632 4806 anxietate
3661 4749 3826 4805 deco-

2130 4843 2350 4914 quitur.

2202 4931 2432 4996 Quanta
2472 4929 2881 4986 damnatorum
2912 4932 3213 4985 tormenta.
3247 4959 3314 4970 —
3349 4929 3402 4985 Si
3438 4941 3642 4998 parum
3697 4939 3828 4981 cru-

2129 5017 2211 5074 cis
2261 5018 2330 5073 iis
2383 5017 2485 5087 qui
2516 5017 2574 5072 in
2619 5017 2843 5074 inferno
2891 5026 3028 5074 sunt
3092 5031 3160 5074 ac
3203 5015 3463 5073 tortionis
3503 5013 3820 5078 existimas,

2131 5105 2272 5175 quid
2306 5104 2469 5174 pejus
2497 5118 2678 5174 quam
2732 5104 2958 5161 inﬁnita
3008 5104 3164 5161 rabie
3211 5102 3454 5168 efferari,
3489 5109 3544 5158 et
3593 5101 3826 5156 diabolo

2130 5208 2196 5249 ac
2245 5193 2467 5264 angelis
2517 5193 2643 5264 ejus
2689 5191 2843 5248 omni
2899 5193 3164 5249 vecordia
3218 5189 3565 5248 conformari
3615 5182 3824 5258 putas?

2130 5282 2200 5337 Et
2224 5281 2382 5351 justa
2421 5281 2589 5350 plane
2618 5295 2816 5336 eorum
2850 5281 3120 5347 amentia,
3154 5279 3294 5350 quia
3317 5279 3532 5350 quibus
3557 5277 3615 5332 in
3645 5291 3826 5332 saecu-

2127 5371 2316 5427 lorum
2365 5371 2577 5428 saecula
2633 5369 2912 5441 refrigerii
2971 5369 3157 5425 omnis
3212 5368 3530 5439 desperatio
3599 5374 3824 5423 constat

2126 5467 2359 5527 aeterna,
2388 5460 2530 5530 quid
2557 5459 2714 5517 aliud
2759 5466 2843 5516 est
2877 5459 2959 5516 eis
2991 5459 3100 5516 nisi
3141 5459 3329 5515 rabies
3358 5471 3582 5528 semper
3636 5457 3823 5513 nova?
