3914 6094
126 168 242 219 677

1207 169 1296 222 DE
1337 168 1754 226 PIGNORIBUS
1796 172 2226 228 SANCTORUM.
2275 203 2332 213 —-
2359 174 2487 228 LIB.
2534 172 2626 227 IV.

3563 185 3665 235 678

123 296 215 363 Si,
286 296 553 364 Apostolo
614 304 766 362 teste,
817 296 1042 351 tristitia
1088 297 1263 367 hujus
1293 299 1486 354 saeculi
1521 301 1844 370 appellatur
1882 315 1928 365 Α
1959 303 2096 358 dum
2127 304 2316 373 potius
2349 303 2525 358 verba
2577 304 2857 374 ipsorum,
2916 307 3015 375 qui
3058 309 3413 377 scripserunt
3444 310 3666 366 animas

124 391 399 439 mortem
429 398 673 452 operans
706 385 798 452 (II
826 385 958 438 Cor.
1006 400 1100 448 vn,
1137 385 1242 456 10),
1289 386 1430 442 dum
1469 402 1540 443 ex
1587 398 1856 458 concepto

127 487 393 528 rancore
429 481 483 527 et
514 473 806 529 nimietate
831 473 1040 529 doloris
1082 489 1290 530 manus
1331 476 1437 530 sibi
1471 477 1603 546 quis
1645 476 1856 533 inferre

129 561 531 630 compellitur,
603 575 780 632 quam
857 563 1138 618 irremotae
1214 565 1412 619 mortis
1486 566 1853 622 acerbitatem

131 649 438 705 mentium
481 649 711 704 illarum
759 651 1027 706 atrocitas
1075 651 1242 720 fovet,
1293 667 1423 722 qua;
1473 667 1542 708 ne
1582 655 1854 709 momenti

133 739 392 808 quidem
445 739 620 795 unius
680 739 859 795 otium
919 741 1206 796 sustinet?
1265 740 1484 811 Spebus
1537 743 1640 798 etsi
1698 742 1855 800 falsis

133 827 462 898 aliquoties
500 827 714 884 lenitur
744 830 975 883 animus
1012 827 1070 883 in
1119 830 1226 884 hac
1263 829 1398 897 vita,
1447 830 1561 885 illic
1599 839 1684 886 est
1714 833 1853 887 adeo

133 914 394 971 interior
443 914 564 970 sine
621 916 777 971 omni
843 916 1048 986 ineptae
1104 918 1464 986 cogitationis
1523 919 1856 975 adulatione

132 1005 448 1068 severitas,
484 1013 546 1059 ut
576 1005 737 1060 nulla
761 1019 1062 1074 surrepere
1087 1006 1290 1074 posuit,
1327 1021 1459 1076 quae
1480 1009 1569 1063 vel
1597 1009 1667 1064 ad
1702 1023 1848 1078 pun-

133 1101 310 1148 ctum
342 1093 567 1148 miseris
595 1093 908 1150 allubescat
937 1094 1209 1150 inanitas.

811 1253 1039 1311 CAPUT
1080 1255 1198 1312 VII.

217 1376 335 1443 Qui
360 1394 399 1432 a
427 1377 671 1432 Domino
696 1378 866 1443 fuere
885 1379 957 1433 ab
976 1379 1202 1449 inferno
1226 1379 1462 1434 liberati
1491 1381 1767 1451 quomodo
1788 1381 1850 1435 in

137 1465 399 1522 tenebris
434 1467 734 1521 constituti
784 1467 965 1530 fuisse
1011 1467 1296 1524 dicuntur.
1351 1468 1642 1540 Prwcipua
1659 1487 1850 1541 repro-

134 1555 351 1609 borum
375 1571 542 1626 pinna
562 1556 626 1610 in
643 1554 890 1622 inferno,
920 1574 957 1610 a
979 1557 1083 1612 Dei
1095 1556 1575 1629 contemplatione
1603 1559 1850 1629 privatio

1965 406 2272 462 corporum
2323 407 2560 448 suorum
2620 393 2830 448 habere
2872 395 3117 465 effigies;
3152 397 3291 452 tales
3329 398 3482 453 enim
3531 408 3666 456 sunt

1965 495 2109 550 quos
2193 481 2446 536 refellere
2506 483 2876 538 temerarium
2936 484 3082 539 dico.
3142 485 3198 540 Si
3253 500 3388 557 ergo
3431 489 3659 558 corpori

1965 583 2176 638 corpus
2235 571 2520 637 inseritur,
2584 571 2662 626 ita
2715 586 2940 627 necesse
2987 581 3070 628 est
3121 583 3422 643 coaptetur
3476 585 3539 632 ut
3599 593 3662 634 os

1962 657 2068 723 ori,
2104 671 2314 713 manus
2346 659 2567 725 manui,
2603 661 2873 729 quodque
2902 662 3114 731 cuique
3146 664 3470 719 membrum
3494 679 3667 721 mem-

1961 745 2065 800 bro
2096 754 2422 815 apponatur
2455 762 2467 801 :
2498 755 2562 803 ut
2605 748 2672 814 si,
2707 756 2771 804 ut
2807 749 3028 817 assolet,
3067 751 3293 819 praecidi
3338 753 3659 824 contigerit,

1963 848 2064 904 pro
2088 849 2204 890 uno
2234 835 2349 890 duo
2381 844 2772 905 amputentur.

2034 923 2290 992 Denique
2317 924 2417 980 etsi
2460 926 2536 980 ita
2569 925 2851 996 eftigiatas
2889 926 3107 995 credas,
3155 943 3381 984 necesse
3420 937 3501 984 est
3541 944 3658 998 eas,

1959 1021 2015 1067 et
2066 1012 2220 1079 locis,
2276 1020 2329 1067 et
2370 1013 2609 1068 morulis
2655 1014 3114 1082 circumscribas,
3163 1024 3463 1088 totumque
3504 1020 3661 1088 quod

1961 1099 2195 1168 spiritus
2253 1109 2389 1155 sunt
2433 1109 2486 1156 et
2530 1110 2813 1157 vocantur
2862 1104 2950 1158 his
3002 1104 3250 1160 auferas.
3301 1105 3438 1171 Quae
3486 1107 3659 1162 etiam

1961 1189 2256 1258 quantitas
2298 1203 2496 1244 earum
2553 1192 2735 1260 major
2767 1205 2941 1259 quam
2989 1193 3257 1262 corprris,
3295 1209 3497 1263 quaeve
3538 1195 3658 1250 ala-

1960 1277 2131 1333 critas
2159 1276 2308 1332 erit?
2351 1278 2510 1343 Quod
2543 1278 2588 1333 si
2623 1293 2723 1347 pro
2762 1289 3104 1350 argumento
3134 1283 3467 1350 assumitur,
3504 1283 3659 1352 quod

1960 1366 2280 1421 secundum
2339 1367 2554 1436 species
2610 1382 2912 1436 corporum
2977 1368 3030 1423 in
3090 1371 3308 1424 visione
3369 1371 3654 1437 videntur,

1959 1454 2122 1509 facile
2155 1454 2444 1522 obruitur,
2479 1456 2617 1525 quia
2647 1470 2751 1511 nec
2772 1471 3001 1526 corpus,
3035 1472 3137 1512 nec
3167 1459 3359 1512 anima
3390 1467 3492 1522 est,
3528 1474 3658 1528 quae

1959 1542 2040 1597 sic
2089 1543 2334 1611 videtur,
2385 1543 2482 1598 sed
2538 1544 2657 1599 sola
2703 1545 2836 1600 visa:
2894 1546 2975 1601 rei
3035 1546 3222 1616 imago
3272 1547 3341 1602 ad
3401 1547 3657 1602 animum

133 1650 232 1699 est
262 1649 497 1698 aeterna.
537 1673 610 1685 -—
658 1644 836 1700 Porro
883 1645 927 1699 si
978 1646 1014 1699 ii
1066 1646 1166 1715 qui
1211 1646 1278 1700 de
1316 1611 1559 1712 inferno,
1609 1646 1850 1700 Domino
1891 1611 1931 1663 Β
1963 1640 2308 1701 reponam"-

138 1741 510 1803 resurgente,
545 1740 681 1788 sunt
718 1733 888 1799 eruti,
923 1733 1060 1788 dum
1104 1733 1244 1788 inibi
1285 1741 1472 1788 essent
1516 1733 1572 1788 in
1609 1734 1854 1789 tenebris

137 1822 428 1876 dicuntur
474 1821 649 1876 fuisse
696 1822 1014 1887 constituti,
1056 1837 1189 1877 cum
1236 1822 1426 1877 nullas
1476 1823 1551 1877 ibi
1588 1823 1853 1878 tenebras

139 1909 258 1964 nisi
311 1910 489 1965 solius
529 1909 736 1964 fastidii
787 1917 1138 1978 paterentur,
1186 1925 1316 1980 qua}
1371 1911 1580 1966 divina)
1622 1912 1854 1967 visionis

137 1998 444 2053 diuturnis
518 1999 935 2068 privationibus
1001 2000 1260 2070 quotidie
1317 2008 1692 2070 augerentur,
1749 2001 1850 2070 qui

137 2101 244 2156 spe
275 2095 468 2142 tamen
509 2088 635 2157 ejus
683 2087 996 2157 aliquando
1040 2087 1331 2157 potiundae
1373 2089 1707 2144 nullatenus
1742 2090 1852 2158 pri-

137 2176 468 2245 vabantur;
503 2176 665 2246 quid,
697 2191 812 2231 non
846 2176 971 2231 dico
1001 2190 1197 2232 eorum
1219 2175 1418 2243 oculis,
1455 2176 1550 2232 sed
1581 2178 1852 2233 cordibus

135 2265 470 2333 obscurius,
541 2266 752 2335 quibus
817 2274 990 2322 tantae
1057 2267 1374 2322 crassitudo
1441 2267 1853 2336 desperationis

137 2353 520 2410 obtenditur?
575 2355 778 2410 Dicant
831 2354 927 2409 alii
997 2354 1180 2424 ignes,
1248 2355 1494 2424 sulphur
1543 2355 1846 2424 'objiciant,

137 2444 528 2511 procellarum
580 2445 816 2514 spiritus
855 2445 1071 2514 pariter
1113 2452 1392 2512 attexant,
1440 2459 1678 2500 securus
1716 2460 1849 2500 sen-

141 2533 387 2588 tentiam
440 2532 578 2600 fero,
641 2531 868 2588 nullum
924 2532 1174 2588 deterius
1217 2533 1578 2599 barathrum,
1621 2533 1849 2589 nullum

144 2621 440 2676 crudelius
535 2621 688 2690 apud
748 2621 874 2675 illos
956 2621 1218 2687 exitium,
1272 2621 1511 2690 gravius
1578 2623 1848 2677 universo

144 2719 358 2766 tortore
395 2718 765 2775 tormentum,
816 2709 968 2778 quod
1016 2716 1129 2763 tam
1182 2709 1362 2778 pium,
1416 2717 1532 2764 tam
1578 2724 1847 2766 serenum

145 2798 457 2855 Dominum
511 2805 646 2853 sunt
703 2798 1128 2868 desperabiliter
1178 2799 1468 2864 amissuri,
1538 2815 1710 2870 quem
1776 2800 1848 2855 ad

2033 1720 2182 1786 Quid
2228 1738 2389 1792 aqua:
2429 1738 2574 1792 quas
2601 1721 2755 1778 dives
2790 1722 3113 1792 expostulat
3149 1723 3211 1777 in
3243 1723 3558 1779 tormentis.
3591 1755 3660 1764 -—-

1963 1811 2167 1865 Putent
2197 1811 2391 1880 itaque
2442 1810 2748 1881 suffragari
2802 1811 2905 1866 sibi
2957 1813 3110 1881 quod
3152 1813 3310 1869 dives
3348 1814 3402 1868 in
3438 1813 3659 1869 inferno

1964 1898 2244 1968 linguam,
2303 1899 2570 1969 digitum,
2639 1902 2883 1955 Lazarus
2932 1901 3142 1956 habeat
3193 1902 3349 1965 (Luc.
3392 1916 3508 1968 xw,
3542 1903 3653 1968 24).

1961 1986 2066 2042 Sed
2129 1987 2298 2042 velim
2360 1987 2429 2042 iis
2486 1987 2752 2058 objicere,
2814 1996 3009 2044 utrum
3085 1989 3140 2043 in
3217 1989 3501 2059 spirituali
3565 1991 3658 2045 illo

1959 2075 2176 2130 mundo
2210 2089 2378 2145 aquae
2409 2077 2613 2130 erant?
2643 2077 2803 2140 Quod
2851 2077 2895 2130 si
2927 2084 3109 2142 erant,
3138 2091 3273 2147 ergo
3308 2077 3504 2132 incolae
3532 2077 3658 2148 ejus

1961 2164 2351 2219 materialibus
2385 2165 2472 2219 his
2511 2165 2773 2234 egebant.
2819 2165 2970 2220 Esto.
3019 2166 3091 2221 Et
3136 2165 3288 2220 unde
3325 2167 3395 2220 ad
3447 2168 3657 2221 restin—

1912 2242 2253 2320 ’guendum
2315 2252 2590 2322 gehennae
2654 2253 2838 2308 focum
2899 2252 3038 2307 adeo
3085 2253 3341 2308 efficaces
3389 2254 3656 2309 fuerant?

1963 2341 2111 2394 Deus
2156 2354 2337 2406 meus,
2389 2339 2464 2395 ibi
2511 2347 2674 2409 gutta
2727 2340 2867 2409 quid
2918 2341 3142 2406 faceret,
3187 2356 3317 2396 cum
3368 2342 3656 2398 incassum

1961 2428 2175 2498 linguae
2213 2427 2289 2482 illi
2346 2427 2569 2499 Ganges
2626 2436 2678 2484 et
2730 2429 2905 2484 Indus
2957 2428 3268 2486 inﬂueret?
3317 2431 3656 2486 Extremum

1958 2529 2092 2585 ergo
2117 2516 2281 2586 digiti
2328 2517 2521 2571 Lazari
2568 2525 2789 2588 guttam
2841 2517 3048 2573 inferre
3095 2519 3487 2589 intelligimus,
3521 2535 3655 2576 cum

1957 2594 2056 2672 per
2116 2605 2483 2660 intentionem
2543 2607 2630 2661 vel
2692 2605 2985 2661 minimam
3054 2606 3180 2676 ejus
3235 2609 3656 2664 ministraretur

1955 2691 2115 2747 diviti
2167 2693 2472 2764 cujuslibet
2549 2694 2903 2762 parvissimze
2983 2693 3356 2764 indulgentiae
3415 2711 3648 2752 munus.

1958 2781 2064 2836 Iste
2101 2788 2183 2837 est
2211 2781 2486 2837 minimus
2517 2782 2752 2851 digitus,
2802 2797 2972 2852 quem
3024 2783 3292 2838 Phariszei
3342 2783 3651 2851 ctScribze,

143 2899 434 2940 summam
466 2884 814 2940 infelicitatis
843 2893 1017 2954 atque
1046 2884 1286 2941 miserize
1318 2900 1431 2941 non
1464 2894 1599 2941 sunt
1626 2901 1840 2956 usque-

2041 2870 2237 2940 positis
2287 2871 2558 2926 oneribus
2616 2872 2896 2941 gravibus
2949 2879 3004 2925 et
3064 2872 3544 2940 importabilibus,
3595 2873 3654 2927 in

145 2987 383 3043 quaque
417 2973 621 3039 visuri,
677 2986 1100 3043 usquequaque
1140 2973 1296 3028 enim
1330 2988 1444 3029 non
1485 2975 1837 3030 tenebrasce-

143 3069 292 3128 rent,
321 3062 367 3116 si
401 3061 760 3132 aliquorsum
790 3063 1151 3129 respirarent.

217 3155 367 3205 366
415 3149 469 3205 Si
523 3151 676 3206 enim
733 3172 752 3199 ι
796 3151 905 3214 Qui
985 3151 1139 3206 videt
1193 3151 1422 3218 Filium,
1472 3159 1526 3207 et
1573 3151 1753 3207 credit
1783 3151 1840 3206 in

142 3253 298 3305 eum,
347 3239 518 3294 habet
571 3240 748 3294 vitam
803 3247 1075 3294 zeternam
1135 3240 1332 3310 (Joan.
1393 3256 1466 3307 vr,
1515 3241 1627 3309 40),
1663 3262 1690 3289 ››
1737 3248 1837 3296 et:

151 3348 172 3375 α
209 3327 341 3382 Haec
385 3336 467 3383 est
514 3327 632 3382 vita
678 3334 911 3394 aeterna,
948 3335 1012 3383 ut
1057 3336 1406 3397 cognoscant
1457 3337 1508 3383 te
1543 3329 1739 3395 Deum,
1786 3335 1840 3383 et

149 3429 322 3485 quem
367 3415 568 3471 misisti
598 3418 791 3471 Iesum
839 3416 1130 3472 Christum
1158 3417 1355 3482 (Joan.
1418 3431 1552 3483 xvn,
1607 3417 1680 3486 3),
1723 3439 1742 3464 ι
1778 3425 1842 3472 ut

143 3503 265 3558 sola
298 3503 638 3559 beatitudini
686 3512 1017 3559 sanctorum
1069 3505 1318 3560 sufﬁciat
1361 3504 1460 3559 Dei
1507 3503 1652 3560 visio
1689 3518 1842 3559 sem-

145 3593 402 3662 piterna;
431 3593 564 3662 quis
607 3593 892 3648 contraire
940 3593 1028 3648 vel
1068 3593 1249 3648 obniti
1295 3593 1523 3660 audeat,
1560 3593 1844 3662 principa-

145 3680 275 3747 lem,
319 3681 431 3736 imo
483 3681 841 3752 singularem
889 3681 1294 3737 damnatorum
1333 3681 1674 3736 calamitatis
1721 3695 1843 3736 esse

148 3782 402 3833 causam,
453 3769 592 3838 quia
622 3769 736 3824 sint
775 3769 1119 3824 aeternaliter
1166 3782 1199 3822 a
1244 3769 1340 3823 Dei
1372 3767 1842 3837 contemplatione

149 3857 389 3912 seclusi?
431 3857 543 3914 Nec
602 3857 658 3913 in
706 3858 902 3928 aliquo
955 3858 1181 3914 videtur
1237 3859 1578 3924 absurdum,
1630 3857 1740 3912 imo
1788 3863 1844 3910 et

149 3944 359 3999 veritas
387 3952 441 4000 et
484 3945 964 4000 verisimillimum
996 3952 1238 4012 constat,
1269 3945 1409 4015 quia
1439 3944 1595 4014 quod
1633 3943 1844 3999 sanctis

152 4033 323 4086 vitam
386 4033 532 4087 sicut
588 4032 741 4089 oculi
808 4033 1034 4102 corpori
1107 4031 1512 4088 claritudinem
1586 4037 1838 4102 praestat,

153 4120 257 4176 hoc
285 4120 540 4190 reprobis
586 4129 826 4178 mortem
861 4121 1011 4178 sicut
1055 4129 1276 4177 noctem
1313 4120 1553 4190 privatio
1606 4119 1842 4176 luminis

153 4210 382 4280 irrogat.

781 4315 1009 4372 CAPUT
1049 4315 1199 4372 VIII.

239 4455 328 4521 §I.
388 4455 747 4526 Incorporez
799 4455 1006 4509 anima
1059 4454 1395 4524 probantur.
1452 4484 1513 4494 -
1561 4454 1841 4510 Praeterea

149 4552 202 4600 et
247 4544 313 4599 de
356 4543 687 4600 animarum
734 4557 766 4598 a
817 4544 1167 4614 quibusdam
1212 4544 1293 4598 sic
1337 4543 1518 4598 forma
1563 4550 1842 4598 tractatur

152 4640 212 4687 ut
257 4631 466 4687 eisdem
507 4632 578 4688 ab
628 4632 766 4701 ipsis
819 4632 1092 4687 humanae
1149 4631 1544 4702 appingantur
1597 4630 1836 4700 effigies,

150 4735 319 4791 quam
374 4735 479 4791 ego
552 4721 894 4776 sententiam
953 4721 1102 4776 sicut
1159 4735 1274 4774 non
1334 4720 1534 4787 sentio,
1597 4720 1674 4775 ita
1737 4734 1841 4776 nec

151 4809 322 4879 capio.
352 4807 405 4863 Si
437 4809 588 4864 enim
629 4822 828 4868 aurem
869 4816 924 4864 et
970 4809 1224 4875 oculum,
1269 4823 1466 4864 narem
1502 4816 1556 4864 et
1597 4809 1836 4877 labium,

154 4905 340 4967 pectus
380 4907 435 4952 et
477 4905 728 4964 uterum,
780 4911 942 4952 renes
989 4904 1044 4953 et
1089 4911 1285 4963 coxas,
1341 4897 1509 4967 pedes
1552 4911 1618 4952 ac
1668 4897 1836 4953 tibias

154 4986 260 5041 illis
305 4985 575 5053 ascribas,
622 4985 898 5041 nimirum
945 4987 1084 5042 facis
1126 5001 1247 5042 esse
1295 4999 1616 5056 corporeas.
1678 4985 1839 5049 Quod

153 5077 196 5133 si
225 5091 506 5146 corporea
535 5083 692 5144 sunt,
721 5076 1006 5146 quomodo
1047 5078 1196 5132 intra
1245 5091 1454 5146 corpus
1480 5090 1539 5132 se
1569 5077 1840 5145 capiunt?

155 5164 307 5231 Quod
353 5165 400 5220 si
444 5167 520 5221 ita
572 5165 906 5234 capiuntur,
948 5165 1096 5221 sicut
1146 5165 1369 5221 minora
1405 5163 1645 5220 vascula
1688 5164 1842 5220 intra

157 5251 370 5322 majora
425 5261 714 5320 tenentur,
771 5255 913 5310 scire
971 5252 1141 5310 velim
1191 5254 1479 5325 quomodo
1529 5253 1643 5308 duo
1691 5254 1841 5309 intra

158 5340 492 5398 alterutrum
573 5356 812 5412 corpora
883 5343 991 5398 sub
1069 5351 1227 5398 tanta
1284 5342 1628 5397 arctitudine
1683 5341 1840 5397 cohi-

161 5429 374 5484 bentur.
431 5429 563 5483 Hzec
621 5427 746 5484 dico
802 5444 918 5486 non
988 5437 1187 5484 contra
1244 5429 1419 5500 ipoos,
1479 5427 1576 5484 sed
1632 5442 1841 5485 secun-

1958 2957 2230 3012 humeros
2297 2957 2597 3012 hominum
2647 2957 2852 3013 nolunt
2899 2957 2971 3011 ad
3023 2970 3090 3012 ea
3143 2957 3384 3012 levanda
3427 2972 3655 3014 movere

1953 3047 2177 3116 (Matth.
2211 3060 2372 3112 χχιιι,
2406 3045 2480 3116 4).

2021 3133 2182 3197 Quod
2233 3133 2279 3188 si
2325 3133 2514 3189 adhuc
2558 3133 2746 3204 imago
2795 3134 3052 3189 humana
3093 3134 3419 3191 defenditur
3455 3149 3467 3188 :
3505 3133 3654 3198 Quid

1950 3220 2106 3290 apud
2134 3221 2364 3276 beatum
2407 3222 2742 3291 Gregorium
2777 3222 2832 3276 in
2877 3223 3101 3291 sphaera
3132 3224 3300 3294 ignea
3331 3222 3653 3279 Germanus

1948 3307 2152 3362 etllciet
2206 3305 2446 3379 (Dialog.
2498 3309 2593 3364 lib.
2628 3324 2686 3375 ιι,
2737 3322 2860 3378 cap.
2928 3309 3059 3379 35)?
3115 3309 3178 3364 In
3214 3325 3391 3379 quam
3436 3318 3654 3380 partem

1949 3395 2294 3451 Scholastica
2347 3396 2406 3450 in
2465 3396 2791 3452 columbam
2838 3411 3004 3452 versa
3057 3413 3115 3452 se
3147 3399 3394 3454 conferet
3445 3398 3646 3469 (Ibid.,

1950 3497 2075 3553 cap.
2131 3485 2261 3554 33)?
2310 3485 2448 3540 Tota
2506 3485 2683 3554 igitur
2735 3487 3123 3541 controversia
3182 3487 3301 3542 haec
3349 3487 3654 3542 collidatur

1950 3573 2020 3628 ad
2052 3588 2257 3638 unum,
2293 3581 2356 3629 ut
2387 3588 2574 3642 neque
2599 3573 2934 3639 humanam,
2970 3589 3156 3643 neque
3185 3575 3430 3644 igneam,
3466 3589 3652 3644 neque

1951 3661 2340 3717 columbinam
2401 3663 2644 3731 speciem
2701 3662 2781 3717 eis
2845 3661 3214 3730 imputemus,
3268 3663 3364 3717 sed
3416 3677 3653 3731 prorsus

1948 3763 2043 3806 eas
2094 3751 2249 3805 omni
2306 3763 2578 3819 corporea
2631 3764 2690 3805 re
2746 3764 2811 3805 ac
2861 3749 3234 3805 similitudine
3265 3750 3646 3819 denudemus,

1951 3854 2195 3910 eamque
2225 3839 2527 3895 subtilitati
2576 3839 2945 3894 intellectuali
2983 3839 3311 3896 universam
3356 3842 3649 3911 mancipe-

1953 3942 2101 3984 mus.
2150 3928 2565 3983 Inconveniens
2596 3927 2747 3982 enim
2786 3936 2869 3983 est
2918 3935 2982 3983 ut
3011 3927 3327 3996 spiritualis
3376 3928 3651 3985 habitatio

1952 4017 2298 4072 habitatores
2345 4016 2571 4072 dicatur
2610 4016 2820 4072 habere
2863 4029 3181 4085 corporeos.
3236 4015 3291 4071 Si
3335 4031 3473 4072 sane
3518 4017 3652 4072 Jesu

1952 4105 2178 4160 Domini
2209 4105 2383 4160 verba
2419 4113 2555 4160 sunt
2587 4120 2599 4159 :
2643 4127 2663 4153 ι
2699 4106 2982 4176 Regnum,
3029 4105 3236 4174 inquit,
3292 4120 3482 4162 meum
3533 4120 3648 4161 non

1879 4205 1924 4258 1)
1954 4201 2037 4249 est
2092 4193 2160 4247 de
2213 4193 2320 4248 hoc
2368 4192 2584 4248 mundo
2638 4192 2834 4262 (Joan.
2877 4208 3037 4259 xvm,
3088 4194 3198 4263 36),
3241 4216 3260 4243 ι
3307 4201 3408 4250 et:
3453 4215 3474 4242 ι
3523 4193 3650 4249 Non

1950 4282 2142 4338 bibam
2171 4282 2240 4337 de
2277 4280 2564 4352 genimine
2601 4281 2750 4348 vitis,
2803 4282 2982 4338 donec
3024 4282 3215 4338 bibam
3255 4282 3398 4339 illud
3434 4295 3651 4338 novum

1949 4364 2008 4419 in
2067 4379 2246 4437 regno
2304 4382 2426 4422 meo
2485 4367 2715 4438 (Matth.
2773 4385 2929 4438 xxvr,
2989 4372 3096 4439 29),
3163 4393 3181 4419 ι
3237 4380 3290 4427 et
3344 4372 3448 4425 hoc
3499 4370 3649 4426 idem

1950 4469 2194 4525 regnum
2226 4455 2478 4526 quotidie
2508 4457 2722 4526 petitur
2753 4465 2815 4513 ut
2846 4458 3110 4514 adveniat
3141 4457 3372 4528 (Matth.
3406 4473 3482 4524 vr,
3535 4459 3645 4526 IO),

1950 4543 2184 4599 indubie
2237 4543 2480 4599 dicimus
2519 4545 2673 4613 quod
2719 4545 2945 4612 coelum,
3006 4546 3060 4601 id
3110 4555 3192 4600 est
3241 4547 3506 4614 superior
3548 4544 3646 4600 illa

1949 4645 2084 4700 pars
2134 4631 2374 4700 triplicis
2419 4631 2720 4699 machinae,
2775 4648 2905 4702 quae
2947 4641 3000 4689 et
3057 4633 3128 4689 ob
3185 4633 3506 4704 digniorem
3556 4634 3646 4688 sui

1948 4728 2167 4790 partem
2205 4720 2365 4775 sedes
2409 4721 2503 4776 Dei
2551 4721 2892 4790 appellatur,
2950 4721 3092 4776 nihil
3136 4721 3295 4777 aliud
3345 4728 3428 4777 est
3469 4734 3647 4791 quam

1948 4807 2264 4878 spiritualis
2295 4808 2644 4864 interioritas
2677 4809 2800 4872 ista,
2833 4808 2891 4863 in
2923 4823 3040 4879 qua
3069 4823 3134 4863 ac
3178 4811 3223 4864 si
3256 4820 3422 4866 extra
3471 4825 3646 4866 mun-

1949 4897 2088 4952 dum
2117 4897 2291 4952 istum
2341 4911 2582 4968 regnare
2625 4912 2682 4954 se
2727 4897 3005 4952 Dominus
3041 4898 3317 4968 perhibet,
3370 4901 3510 4968 quia
3556 4900 3647 4955 hic

1950 4985 2216 5056 princeps
2243 4986 2352 5042 sibi
2382 4987 2529 5042 acris
2558 4986 2735 5057 hujus
2764 5001 2896 5041 cum
2931 4987 3050 5042 suis
3084 4986 3401 5056 plurimum
3432 4987 3645 5043 adver-

1948 5082 2130 5143 satur,
2165 5073 2222 5129 in
2251 5075 2345 5131 illo
2375 5083 2567 5132 autem
2595 5076 2787 5148 quiete
2820 5075 3013 5130 omnia
3040 5075 3310 5145 possidet.

2021 5163 2138 5218 Hoc
2173 5178 2440 5235 regnum,
2477 5165 2527 5219 id
2559 5172 2659 5231 est,
2694 5164 2907 5234 quibus
2935 5178 3036 5233 per
3073 5163 3412 5219 charitatem
3445 5178 3648 5234 regna-

1949 5251 2031 5308 vit
2079 5260 2133 5307 et
2182 5260 2401 5322 regnat,
2452 5260 2756 5321 postquam
2793 5273 2812 5299 ι
2852 5250 3149 5306 tradiderit
3207 5250 3318 5304 Deo
3370 5257 3425 5304 et
3470 5249 3643 5318 Patri,

1950 5347 2088 5396 tunc
2113 5339 2219 5395 erit
2259 5341 2408 5394 Deus
2456 5340 2651 5394 omnia
2681 5339 2740 5393 in
2770 5338 3041 5394 omnibus
3069 5339 3126 5408 (Ι
3166 5339 3302 5392 Cor.
3337 5351 3432 5404 xv,
3467 5336 3582 5407 24).
3615 5359 3643 5388 ››

1951 5428 2110 5484 Unde
2135 5435 2190 5484 et
2217 5426 2424 5484 latroni
2465 5427 2678 5483 dicitur
2711 5442 2723 5482 :
2762 5448 2782 5475 ι
2821 5425 2996 5482 Hodie
3038 5440 3260 5483 mecum
3299 5426 3432 5493 eris,
3472 5445 3493 5473 ι
3530 5439 3646 5480 non
