3920 6080
137 236 140 238 γ
234 158 342 210 679

1164 153 1224 208 V.
1261 152 1581 208 GUIBEBTI
1615 150 1915 206 ABBATIS
1945 149 2000 205 S.
2043 150 2282 206 MARIzE
2321 151 2411 205 DE
2461 150 2858 206 NOVIGENTO

3642 152 3747 204 680

231 287 373 344 dicit
405 287 465 344 in
511 287 670 353 calo,
725 285 823 340 sed
858 308 876 333 ι
914 283 972 338 in
1023 284 1288 353 paradiso
1338 285 1495 352 (Luc.
1543 298 1702 348 xxui,
1754 283 1868 350 43).
1903 304 1928 332 ι
1970 292 2017 344 Α
2119 282 2274 338 Sicut
2319 296 2454 352 ergo
2542 281 2886 336 sensualitas
2970 295 3068 350 per
3141 281 3383 350 seipsam
3466 283 3742 336 rationem

234 378 546 434 Paradisus
606 377 758 430 enim
803 381 905 440 est,
969 374 1067 429 ubi
1118 373 1276 443 jugis
1326 373 1532 428 Christi
1601 372 1746 427 visio
1801 381 1928 442 est;

230 467 388 538 quod
418 478 706 534 nusquam
740 463 845 517 nisi
893 463 951 516 in
985 463 1081 517 illo
1115 462 1397 530 spirituali
1424 461 1633 517 saculo
1673 470 1775 517 est.
1812 461 1926 517 Ne-

231 567 607 626 quenamque
645 553 857 606 coelum
893 549 1192 619 discipulis
1215 548 1697 616 videntibus,ideo
1736 562 1929 603 ascen-

229 642 327 708 dit,
378 648 457 706 ut,
507 647 665 708 parte
704 637 968 693 inferiore
1013 646 1273 702 vacante,
1316 636 1465 706 parti
1503 636 1784 706 superiori
1829 637 1923 690 in—

227 727 424 793 sideat,
467 725 564 780 sed
595 724 760 794 quasi
791 725 1110 795 digniorem
1143 725 1332 780 locum
1370 725 1625 780 obtinere
1671 739 1730 781 se
1759 739 1921 780 mon-

227 823 381 881 stret,
443 828 516 869 ex
565 827 680 883 quo
738 813 932 868 minus
975 813 1426 883 intelligentibus
1495 814 1651 882 apud
1698 815 1923 870 Patrem

228 903 528 974 prasidere
591 916 649 958 se
713 902 942 969 indicet,
975 917 1108 957 cum
1161 903 1314 972 apud
1371 902 1699 958 interiorem
1759 904 1922 959 illum

229 991 536 1056 mundum,
595 1005 784 1060 neque
841 991 1040 1053 altum,
1077 1005 1264 1060 neque
1321 991 1523 1057 imum,
1587 1001 1689 1046 aut
1744 991 1922 1047 locale

227 1077 447 1147 aliquid
477 1091 598 1133 esse
639 1085 876 1143 constet,
927 1079 1241 1148 praesertim
1286 1079 1388 1148 qui
1421 1087 1673 1149 tempora
1715 1087 1769 1136 et
1799 1080 1924 1136 loca

227 1180 343 1221 non
369 1165 559 1223 habet.

2039 380 2214 442 atque
2264 372 2613 426 intellectum
2664 385 2780 426 non
2837 369 2962 425 dico
3015 370 3442 439 superordinat,
3484 370 3580 425 sed
3637 383 3744 424 nec

2038 468 2337 530 penetrat:
2381 482 2401 508 ι
2441 458 2718 514 Animalis
2746 459 2900 515 enim
2951 457 3119 513 homo
3163 472 3279 513 non
3322 459 3558 528 percipit
3607 472 3741 527 qua

2038 550 2134 604 Dei
2192 556 2328 605 sunt
2387 550 2444 618 (Ι
2491 551 2625 602 Cor.
2684 563 2744 612 ιι,
2799 548 2902 616 14),
2955 567 2975 594 ι
3035 548 3178 601 ratio
3222 555 3416 602 autem
3463 553 3517 602 et
3558 545 3736 600 intel-

2034 637 2212 693 lectus
2242 652 2355 692 non
2387 637 2570 692 solum
2605 636 2712 691 ista
2741 635 2849 691 sub
2883 649 2942 690 se
2987 635 3276 700 discernit,
3323 634 3418 690 sed
3445 643 3498 690 et
3535 634 3736 689 divina

2032 725 2342 791 subintrat,
2380 725 2460 780 sic
2479 725 2631 780 Deus
2658 732 2709 780 et
2731 724 2936 792 sancti,
2955 723 3121 794 quasi
3147 723 3468 778 intellectus
3487 730 3540 778 et
3561 723 3735 788 ratio,

2033 828 2304 884 corporea
2335 821 2544 868 cuncta
2572 813 2648 883 dij
2660 814 2913 882 udicant,
2941 811 3020 868 ita
3045 820 3235 868 tamen
3265 819 3328 868 ut
3352 818 3585 868 neutros
3605 825 3738 866 cor-

2032 917 2204 974 porea
2235 903 2331 958 illa
2359 902 2715 973 contingant.

2105 993 2238 1048 Hac
2264 991 2386 1047 sine
2420 990 2750 1061 prajudicio
2797 989 3046 1045 melioris
3084 987 3378 1044 sententia
3426 987 3741 1058 hucusque

2032 1082 2293 1149 decursa,
2327 1094 2443 1136 non
2487 1080 2796 1136 verborum
2837 1079 3080 1147 ambitu,
3131 1078 3229 1134 sed
3272 1077 3394 1134 sola
3440 1077 3549 1133 ﬁde
3593 1093 3740 1134 mu—

2039 1184 2250 1225 nimus.

1885 1319 2070 1364 FlNlS.

1382 1700 1842 1776 HISTORIA
1917 1700 2144 1788 QUAS
2219 1703 2611 1776 DICITUR

535 1933 1202 2081 GESTA
1367 1938 1726 2082 DEI
1896 1939 2312 2083 PER
2474 1939 3438 2086 FRANCOS

1876 2198 2086 2252 EDITA

1426 2367 1514 2448 Δ
1571 2367 1856 2450 νεκ.
1920 2367 2548 2450 αυιΒειιτο

920 2549 1242 2615 ΑΒΒΑΤΕ
1295 2549 1803 2615 MONASTERII
1855 2550 2195 2616 SANCTIE
2245 2550 2524 2616 MARle
2571 2551 3041 2618 NOVIGENTI.

1386 2850 1917 2934 EPISTOLA

2008 2852 2537 2935 GUIBERTI

1041 3046 1147 3111 AD
1196 3044 1666 3110 LYSIARDUM
1707 3043 2377 3110 SUESSIONENSEM
2423 3044 2901 3112 EPISCOPUM.

303 3332 448 3382 367
491 3325 641 3381 Patri
672 3333 726 3381 et
756 3324 984 3380 domino
1015 3331 1226 3378 sancta
1260 3321 1683 3378 Suessionensis
1728 3321 1922 3377 Eccle—
1964 3323 2003 3376 Β
2032 3323 2377 3392 scriptorum
2424 3339 2683 3380 meorum
2734 3327 3012 3393 notiones,
3071 3334 3173 3382 aut
3216 3329 3387 3383 etiam
3433 3329 3738 3398 opiniones

231 3415 329 3470 sia
376 3416 638 3485 episcopo
709 3418 1001 3479 Lvsmmo,
1060 3412 1396 3478 Gurnnnrus,
1469 3419 1740 3479 perpetuo
1804 3425 1923 3465 sua

231 3501 556 3558 liberalitati
587 3503 828 3569 debitor,
862 3501 1146 3572 quidquid
1177 3500 1343 3555 dulce
1374 3507 1428 3554 et
1461 3499 1695 3553 unicum
1736 3500 1924 3554 credi—

231 3599 326 3647 tur
360 3593 417 3648 in
448 3590 672 3647 affectu.

301 3681 617 3752 Lysiardus
645 3679 945 3735 nobilitate
987 3683 1042 3732 et
1086 3675 1331 3732 scientia
1381 3675 1596 3730 clarus.
1627 3704 1695 3714 —
1737 3674 1926 3741 Quare

228 3770 546 3842 elegantior
575 3769 810 3840 hujusce
842 3767 1086 3823 historia
1111 3767 1300 3833 stilus,
1333 3782 1505 3837 quam
1534 3765 1595 3817 in
1624 3762 1760 3818 aliis
1794 3761 1928 3816 Gui-

229 3857 374 3912 berti
409 3857 690 3929 aperibus.
726 3889 795 3898 -—
823 3860 964 3912 Cum
996 3856 1065 3910 ab
1097 3855 1295 3910 amicis
1322 3855 1460 3909 meis
1484 3866 1631 3922 sape
1651 3865 1923 3922 suggere-

227 3952 323 4000 tur
351 3945 663 4014 aliquibus,
694 3958 875 4014 quare
899 3942 1244 4012 opusculum
1277 3955 1527 4010 prasens
1560 3940 1788 4009 proprio
1809 3952 1923 3992 non

230 4032 572 4103 insignirem
611 4033 861 4099 nomine,
917 4031 1222 4099 hucusque
1270 4029 1478 4098 repuli,
1510 4028 1680 4097 plane
1709 4027 1927 4082 veritus

230 4119 384 4189 piam
429 4121 745 4187 historiam,
803 4133 1057 4188 persona
1104 4117 1332 4173 odtbilis
1377 4117 1588 4172 fadare
1623 4115 1920 4171 vocabulo.

229 4208 410 4264 Batus
445 4217 636 4264 autem
670 4209 848 4278 ipsam
888 4221 986 4277 per
1025 4221 1082 4262 se
1112 4207 1326 4262 claram
1371 4206 1630 4276 praeclari
1680 4204 1926 4259 hominis

230 4297 396 4352 titulo
428 4311 588 4366 posse
619 4295 738 4350 ﬁeri
787 4296 1108 4360 clariorem,
1142 4294 1212 4349 ad
1258 4301 1309 4349 te
1348 4294 1575 4348 tandem
1624 4292 1842 4362 appuli,
1871 4298 1925 4346 et

230 4386 387 4454 operi
421 4386 509 4440 sui
543 4383 793 4440 auctoris
825 4392 955 4438 nota
981 4383 1266 4453 depresso,
1307 4381 1798 4452 jucundissimum
1836 4380 1925 4435 lu-

231 4474 450 4529 minare
501 4473 804 4543 praposui.
849 4472 992 4529 Cum
1042 4471 1195 4527 enim
1247 4479 1360 4527 tua
1391 4470 1792 4526 vetustissima
1823 4483 1923 4523 no-

230 4561 452 4628 bilitati,
505 4560 739 4616 scientia
806 4559 1084 4626 litteralis,
1155 4559 1430 4613 serenitas
1478 4557 1755 4627 specialis,
1805 4571 1924 4611 mo-

229 4649 526 4719 destiaque
585 4649 814 4704 moralis
887 4649 1196 4713 accederet,
1264 4647 1377 4702 Deo
1448 4646 1602 4716 juste
1670 4646 1926 4701 creditur

228 4739 516 4807 provisore
575 4737 931 4806 dispositum,
991 4744 1055 4792 ut
1106 4744 1278 4791 tanta
1326 4734 1659 4791 reverentia
1712 4749 1927 4789 munus

229 4825 504 4896 pontiﬁcii
547 4825 798 4895 dignitas
843 4826 1188 4880 honestaret.
1231 4823 1487 4892 Sequens
1530 4823 1725 4892 itaque
1763 4822 1926 4876 sche-

229 4913 368 4968 dula
401 4922 496 4968 tuo
527 4913 916 4982 amplectendo
946 4913 1178 4966 nomine
1231 4912 1566 4978 intloretur;
1597 4925 1726 4980 qua
1765 4911 1836 4964 ad
1867 4925 1925 4966 se

230 5003 462 5072 quidem
487 5001 798 5068 incondita,
828 5003 931 5067 tui,
956 5003 1047 5056 cui
1068 5001 1358 5067 scribitur,
1384 5014 1576 5055 amore
1597 4999 1924 5067 condiatur,

229 5099 284 5146 et
313 5090 484 5146 ofticii
533 5106 648 5162 quo
690 5091 1042 5160 praemines,
1089 5089 1426 5145 auctoritate
1475 5088 1754 5142 ﬁrmetur.
1801 5087 1927 5143 Non

231 5178 467 5234 deerant
494 5193 630 5235 sane
663 5179 937 5249 prasules
963 5186 1018 5235 et
1046 5178 1164 5246 alii,
1194 5193 1340 5249 quos
1364 5175 1542 5246 hujus
1563 5175 1928 5245 aliorumque

2037 3412 2364 3482 attigerant.
2423 3412 2523 3467 His
2577 3421 2727 3469 certe
2783 3414 3058 3483 sepositis,
3106 3415 3178 3469 ad
3237 3421 3291 3471 te
3342 3430 3572 3471 summa
3623 3417 3739 3472 fuit

2036 3501 2394 3556 concurrisse
2417 3501 2703 3557 voluntas.
2736 3503 2802 3557 In
2833 3516 2950 3572 qua
2981 3503 3082 3558 tibi
3108 3512 3192 3559 est
3217 3504 3452 3560 lectione
3483 3519 3739 3574 pensan-

2035 3589 2173 3643 dum
2203 3590 2376 3658 quod,
2428 3591 2473 3644 si
2503 3591 2675 3646 etiam
2729 3591 3033 3661 aliquoties
3062 3606 3152 3647 me
3197 3607 3230 3647 a
3263 3592 3491 3664 vulgari
3537 3609 3738 3665 gram-

2037 3677 2247 3732 matica
2276 3679 2628 3747 peregrinari
2673 3679 2994 3749 contigerit,
3032 3680 3240 3736 idcirco
3285 3682 3535 3750 fecerim,
3576 3683 3739 3753 quod

2037 3765 2196 3828 vitia,
2233 3765 2344 3821 imo
2387 3766 2528 3822 illud
2578 3767 2740 3822 humi
2769 3781 3005 3836 serpens
3033 3768 3330 3839 eloquium
3361 3771 3742 3840 pracedentis

2035 3854 2398 3924 corrigebam
2443 3853 2714 3910 historia.
2747 3857 2815 3910 Et
2845 3856 3010 3912 villas
3046 3857 3232 3923 video,
3267 3858 3458 3926 urbes,
3511 3873 3577 3914 ac
3624 3874 3740 3928 op-

2037 3941 2171 4010 pida
2201 3943 2407 3997 studiis
2438 3942 2657 3998 fervere
2706 3944 3118 4014 grammatica.
3173 3945 3333 4001 Unde
3377 3959 3411 4000 a
3441 3947 3740 4004 veteribus

2038 4028 2320 4084 historicis
2363 4029 2695 4096 noluissem,
2742 4030 2790 4085 si
2837 4031 3082 4088 facultas
3125 4042 3467 4103 suppeteret.
3511 4035 3737 4091 discre-

2037 4131 2191 4187 pare.
2229 4118 2408 4173 Pensa
2438 4119 2688 4188 denique
2718 4121 2872 4189 quod
2905 4120 3053 4176 inter
3091 4120 3172 4176 rei
3209 4120 3506 4176 familiaris
3535 4137 3732 4191 curas,

2035 4213 2089 4261 et
2118 4206 2349 4261 crebras
2386 4207 2707 4263 auditiones
2743 4222 3072 4277 causarum,
3119 4209 3374 4266 dictandi
3421 4210 3582 4276 mihi,
3616 4210 3736 4267 imo

2036 4295 2188 4364 quod
2221 4295 2456 4364 gravius
2485 4304 2585 4364 est,
2621 4295 3000 4352 translatandi
3047 4299 3331 4354 astuabat
3383 4298 3644 4366 intentio,
3673 4308 3735 4356 et

2035 4383 2172 4438 dum
2208 4383 2454 4450 diversa,
2488 4398 2602 4439 non
2647 4384 2768 4439 sine
2807 4385 3059 4440 mordaci
3110 4385 3558 4455 importunitate,
3593 4388 3736 4444 foris

2035 4471 2236 4526 audire
2261 4471 2648 4541 compellerer,
2680 4472 2958 4529 stabiliter
2984 4473 3138 4529 intus
3160 4489 3291 4545 qua
3311 4490 3475 4531 orsus
3509 4477 3733 4532 fueram

2034 4566 2217 4628 coepta
2247 4565 2437 4614 tenere
2466 4560 2728 4630 cogebar.
2767 4562 2953 4632 Longe
2983 4561 3113 4628 alio,
3161 4576 3337 4632 quam
3379 4564 3436 4618 in
3481 4564 3734 4635 Exposi-

2036 4645 2282 4700 tionibus
2313 4647 2583 4702 Geneseos
2616 4649 2698 4704 vel
2732 4649 2858 4704 aliis
2901 4650 3196 4720 opusculis
3247 4652 3608 4718 tractatoriis,
3641 4668 3736 4708 me

2037 4750 2206 4790 usum
2255 4735 2398 4805 stylo
2452 4751 2622 4792 nemo
2679 4737 2950 4806 miretur;
3032 4739 3189 4795 decet
3242 4741 3415 4808 enim,
3483 4741 3736 4812 licetque

2035 4838 2270 4893 prorsus
2299 4838 2535 4894 operosa
2582 4825 2876 4881 historiam
2905 4828 3213 4882 verborum
3255 4828 3538 4899 elegantia
3571 4845 3734 4886 coor-

2035 4912 2197 4981 nari;
2227 4913 2374 4967 sacri
2410 4921 2603 4968 autem
2647 4913 2857 4982 eloquii
2909 4915 3180 4983 mysteria
3233 4931 3349 4971 non
3392 4919 3736 4987 garrulitate

2037 5001 2273 5070 poetica,
2332 5001 2427 5056 sed
2486 5002 2867 5056 ecclesiastica
2930 5001 3292 5071 simplicitate
3353 5005 3604 5059 tractari.
3671 5005 3734 5060 ld

2032 5102 2168 5158 ergo
2201 5097 2326 5158 peto
2367 5096 2526 5158 grate
2553 5089 2863 5158 suscipias,
2905 5098 2958 5147 et
3005 5104 3105 5160 pro
3153 5092 3390 5160 perenni
3431 5093 3515 5149 tui
3543 5094 3732 5149 nomi-

2034 5176 2127 5231 nis
2153 5177 2503 5233 monimento
2532 5176 2797 5234 retineas.

1649 5381 1939 5427 EXPLlClT
1984 5382 2307 5427 EPISTULA.
