3914 6094
107 321 208 374 681

1141 323 1369 381 GESTA
1410 327 1523 381 DEI
1567 327 1702 384 PER
1743 329 2084 386 FRANCOS.
2117 363 2184 371 —
2220 334 2600 390 PREFATIO.

3511 346 3615 398 682

642 631 1399 740 ΡΒᾸΕΡΑΤΙΟ
1471 636 1673 752 ΞΕ(

1968 641 2267 745 NTIS
2335 641 3080 748 HISTORLZE.

1721 838 2010 854 ἡ

177 963 462 1054 θοϐηΑᾶ
515 965 780 1054 ρι’ῳεβηιί
823 966 1084 1035 opusculi
1167 970 1589 1028 exsecutionem
1647 973 1798 1030 mul-
1836 974 2222 1044 Abistoriam,
2254 977 2533 1046 videram,
2567 979 2655 1035 his
2684 980 2868 1037 Deum
2907 980 3108 1038 diebus
3141 997 3319 1054 quam
3348 985 3542 1044 fecerit
3571 1003 3605 1044 a

100 1056 229 1104 tum
278 1049 418 1104 mihi
461 1051 706 1121 praebuit
752 1067 983 1120 ausum,
1035 1069 1150 1110 non
1197 1055 1447 1114 scientia
1513 1059 1794 1128 litteralis,

101 1138 276 1207 cujus
322 1140 476 1208 apud
522 1154 612 1195 me
663 1149 883 1197 constat
941 1143 1122 1198 forma
1180 1146 1488 1214 pertenuis,
1539 1149 1658 1204 ulla
1707 1164 1794 1205 se-

101 1227 341 1294 curitas,
395 1229 490 1283 sed
545 1230 796 1285 historiae
853 1232 1170 1301 spiritualis
1217 1235 1548 1292 auctoritas.
1609 1238 1792 1304 Quam

100 1313 257 1368 enim
307 1322 528 1370 certum
578 1331 798 1386 semper
852 1319 1009 1375 tenui
1072 1321 1190 1376 solo
1257 1323 1354 1377 Dei
1414 1325 1671 1391 numine,
1739 1334 1794 1382 et

103 1417 205 1471 per
249 1417 394 1474 quos
441 1404 617 1460 voluit
655 1416 1131 1474 consummatam,
1189 1424 1315 1465 eam
1373 1427 1487 1468 non
1549 1413 1790 1470 dubium

102 1491 283 1546 habui
325 1507 427 1561 per
468 1508 614 1562 quos
657 1495 828 1550 etiam
873 1497 1044 1552 rudes
1085 1497 1199 1566 ipse
1247 1500 1492 1556 voluerit
1539 1503 1790 1558 conscri-

97 1579 364 1636 bendam.
395 1581 502 1647 Qui
531 1582 683 1638 enim
726 1599 821 1639 eos
849 1599 948 1653 per
994 1593 1074 1641 tot
1116 1587 1485 1644 difficultates
1533 1592 1790 1646 traduxit

95 1669 391 1737 itinerum,
445 1671 545 1740 qui
597 1673 837 1728 succidit
889 1682 1019 1730 ante
1078 1675 1231 1745 ipsos
1290 1685 1372 1732 tot
1427 1687 1790 1735 excrementa

93 1757 399 1824 bellorum,
433 1759 698 1815 dubitare
742 1776 857 1816 non
893 1763 1063 1829 valui,
1107 1766 1260 1833 quod
1299 1766 1380 1820 rei
1413 1775 1583 1836 gestae
1626 1767 1788 1836 mihi,

93 1846 314 1915 quibus
360 1847 464 1902 sibi
505 1849 749 1917 placeret
799 1851 998 1917 modis,
1045 1851 1264 1908 inderet
1315 1855 1635 1920 veritatem,
1687 1872 1791 1913 nec

91 1943 333 2004 negaret
381 1938 824 2006 competentium
858 1940 1041 1994 ordini
1095 1951 1436 1998 ornamenta
1481 1943 1783 2000 dictorum.

169 2023 396 2078 Prioris
418 2025 794 2093 narrationis,
825 2045 945 2098 quae
969 2033 1104 2083 tunc
1134 2031 1412 2097 exstabat,
1447 2032 1634 2102 stylus
1653 2031 1790 2087 sint-

85 2111 228 2182 plen:
275 2111 467 2167 nimis.
520 2114 717 2180 Qualis
757 2115 1031 2185 historici,
1079 2119 1379 2189 qualisque
1431 2136 1521 2173 res
1563 2120 1790 2174 divinas

91 2201 410 2256 tractantis
443 2203 652 2273 stylus.
691 2235 758 2243 —
811 2205 947 2261 Erat
980 2206 1263 2276 siquidem
1293 2207 1489 2263 eadem
1532 2209 1784 2276 historia,

90 2290 192 2345 sed
242 2290 432 2346 verbis
487 2299 756 2347 contexta
789 2293 917 2362 plus
967 2311 1133 2365 aequo
1167 2296 1540 2365 simplicibus,
1574 2306 1627 2354 et
1659 2313 1788 2368 qum

89 2379 385 2435 multoties
431 2382 821 2451 grammatica:
867 2392 1109 2439 naturas
1151 2387 1468 2453 excederet,
1503 2387 1790 2443 lectorem-

90 2483 207 2538 que
254 2469 445 2538 vapidi
499 2470 848 2540 insipiditate
896 2473 1173 2529 sermonis
1209 2475 1416 2542 szepius
1453 2476 1788 2532 exanimare

90 2556 324 2611 valeret.
360 2557 440 2611 Ea
481 2557 648 2626 plane
679 2559 872 2614 minus
913 2561 1173 2627 eruditis,
1226 2576 1330 2616 nec
1373 2563 1441 2618 de
1489 2563 1788 2619 locutionis

90 2644 368 2714 qualitate
398 2646 758 2713 curantibus,
790 2648 861 2702 ob
891 2647 1044 2703 illius
1090 2663 1253 2705 novas
1296 2651 1590 2707 relationis
1635 2666 1788 2708 amo-

90 2747 210 2788 rem
259 2734 394 2788 satis
441 2743 767 2804 opportuna
817 2736 1064 2802 videtur,
1123 2752 1226 2793 nec
1271 2739 1439 2794 aliter
1493 2755 1671 2810 quam
1707 2742 1784 2797 illi

88 2822 366 2889 sentiunt,
400 2823 472 2878 ab
503 2831 736 2880 auctore
763 2824 876 2879 dici
925 2825 1188 2882 debuisse
1219 2836 1480 2896 putatur.
1532 2830 1630 2885 His
1672 2843 1784 2885 au-

91 2918 200 2966 tem
225 2911 438 2981 quibus
461 2912 738 2981 pabulum
772 2913 1113 2983 eloquentiae
1143 2916 1463 2972 aastimatur
1494 2918 1781 2987 honestas,

87 2999 230 3054 dum
259 3014 325 3055 ea
352 3001 546 3056 minus
575 3009 700 3070 apte
731 3001 880 3058 dicta
911 3004 1293 3072 perpendunt,
1320 3005 1418 3061 ubi
1438 3007 1787 3064 narrationis

87 3090 447 3160 dignoscitur
471 3091 740 3160 expedire
789 3093 1063 3162 comitas;
1115 3100 1168 3148 et
1213 3094 1434 3162 prolata
1475 3096 1783 3163 succincte,

86 3180 188 3235 ubi
222 3179 504 3235 facundize
550 3181 998 3251 paregorizantis
1041 3182 1233 3237 decuit
1266 3182 1541 3239 laciniosa
1599 3186 1784 3240 varie-

87 3275 193 3334 tas,
225 3269 364 3323 dum
400 3275 674 3338 susceptae
716 3269 972 3325 materici
1017 3271 1220 3325 seriem
1271 3270 1427 3326 nudo
1479 3272 1782 3340 procedere

85 3355 329 3426 vestigio
357 3356 572 3424 vident,
599 3356 762 3427 juxta
803 3365 977 3426 poetae
1015 3371 1267 3424 sensum,
1322 3366 1424 3414 aut
1451 3359 1780 3428 dormitant,

84 3453 187 3500 aut
217 3444 434 3512 rident;
476 3444 617 3514 quin
656 3445 850 3513 etiam,
901 3445 1065 3500 malze
1105 3454 1469 3516 praesumpta;
1515 3447 1780 3514 orationi,

1902 1064 2130 1132 saeculo,
2187 1065 2540 1123 mirabiliora
2597 1069 2850 1138 gessisse,
2921 1085 3326 1143 gemmamque
3386 1075 3603 1145 hujus—

1903 1153 2056 1208 modi
2085 1161 2341 1210 extremo
2371 1156 2647 1212 diversari
2678 1157 2736 1214 in
2760 1158 3033 1228 pulvere;
3058 1161 3320 1232 tantique
3343 1171 3604 1220 contem-

1903 1248 2036 1310 ptus
2059 1242 2376 1313 impatiens,
2404 1246 2602 1300 curavi
2627 1247 2842 1316 quibus
2872 1248 3031 1316 potui
3063 1249 3324 1320 eloquiis,
3363 1252 3415 1306 id
3445 1255 3604 1309 omni

1901 1328 2136 1384 charius
2166 1345 2327 1398 auro,
2362 1333 2517 1402 quod
2549 1334 2834 1404 neglectui
2896 1337 3247 1405 tradebatur,
3283 1341 3600 1397 absolvere.

1975 1418 2145 1472 Ροεεὶ
2189 1421 2324 1490 plus
2367 1438 2520 1492 aqua
2563 1421 2900 1478 incubuerat
2931 1425 3252 1481 Guibertus.
3283 1459 3352 1468 ——
3401 1429 3516 1485 Nec
3546 1430 3604 1486 id

1900 1505 2017 1561 solo
2070 1511 2494 1578 praesumptive,
2547 1511 2824 1567 instinctu
2871 1514 2958 1583 egi
3003 1529 3145 1582 meo,
3196 1517 3290 1571 sed
3343 1532 3450 1573 sua
3501 1519 3604 1574 ali-

1901 1594 2115 1664 quibus
2166 1597 2452 1665 petitione,
2515 1599 2649 1654 huic
2701 1601 3094 1657 adnitentibus
3152 1604 3394 1660 fideliter
3441 1614 3592 1662 voto.

1902 1678 2148 1741 Quidam
2187 1695 2342 1748 sane,
2395 1696 2563 1750 prosa
2613 1690 2676 1739 ut
2726 1685 3059 1752 scriberem,
3111 1696 3289 1742 metro
3319 1697 3513 1744 autem
3547 1690 3602 1744 id

1899 1765 2022 1820 ﬁeri
2079 1767 2338 1838 plerique
2364 1771 2664 1840 rogabant,
2715 1772 2990 1840 quoniam
3033 1774 3163 1829 talis
3210 1790 3298 1830 me
3338 1777 3514 1831 studii
3547 1778 3606 1832 in

1899 1855 2172 1922 primzevo
2203 1857 2536 1913 rudimenta
2585 1859 2901 1916 celebrasse
2954 1862 3134 1917 satius
3173 1863 3352 1932 justo,
3386 1879 3607 1934 compe-

1896 1949 2105 1996 rerant.
2168 1943 2242 1997 At
2295 1957 2400 2012 ego
2473 1943 2800 2013 juventute,
2852 1948 3059 2016 gradu,
3118 1949 3598 2020 experientiaque

1900 2029 2237 2098 provectior,
2271 2045 2385 2085 non
2438 2031 2493 2086 id
2540 2032 2732 2087 verbis
2775 2033 3133 2102 plausilibus,
3179 2050 3296 2090 non
3328 2051 3604 2092 versuum

1898 2118 2210 2186 crepitibus
2238 2120 2664 2175 enuntiandum
2711 2121 2901 2186 rebar,
2933 2123 3041 2190 {sed
3080 2123 3304 2194 majori,
3339 2125 3385 2179 si
3417 2126 3618 2180 dicere.

1898 2206 2163 2271 audeam,
2210 2221 2384 2276 quam
2412 2223 2606 2264 omnes
2650 2209 2778 2264 belli
2812 2211 3034 2265 Judaici
3068 2211 3334 2268 historias
3363 2215 3598 2269 maturi-

1829 2273 1868 2325 Β
1899 2302 2012 2350 tate
2041 2273 2283 2365 dignum
2316 2296 2518 2367 digeri,
2568 2296 2614 2351 si
2660 2305 2804 2352 esset
2838 2299 2931 2353 cui
2961 2299 3113 2354 Deus
3160 2299 3379 2368 copiam
3429 2313 3602 2368 super

1898 2383 2006 2438 hac
2045 2399 2104 2438 re
2136 2384 2431 2452 tribueret,
2465 2386 2811 2441 arbitrabar.
2844 2386 2959 2442 Nec
2988 2387 3232 2443 difﬁteor
3254 2402 3341 2443 me
3365 2389 3598 2457 postJe-

1898 2471 2196 2541 rosolyma:
2223 2474 2566 2542 captionem,
2597 2489 2670 2530 ex
2704 2489 2823 2545 quo
2854 2474 2954 2541 illi,
2985 2476 3085 2546 qui
3120 2483 3291 2532 tanta}
3326 2475 3599 2532 interfue-

1895 2569 2028 2616 rant
2084 2562 2431 2630 expeditioni
2479 2563 2665 2618 redire
2731 2572 3047 2633 cceperunt,
3108 2565 3179 2619 ad
3232 2565 3600 2620 scribendum

1895 2663 1964 2704 ea
2012 2649 2274 2704 animum
2325 2651 2632 2719 appulisse,
2685 2652 2781 2706 sed
2834 2653 2973 2722 quia
3001 2653 3391 2723 quarumdam
3449 2653 3602 2708 circa

1896 2737 2046 2791 istud
2097 2736 2600 2805 importunitatuin
2658 2739 2849 2794 obices
2905 2741 3225 2805 astiterant,
3285 2741 3594 2796 distulisse.

1895 2823 2001 2878 Sed
2033 2824 2194 2893 quia,
2225 2825 2338 2879 Deo
2372 2825 2749 2893 permittente,
2789 2827 2976 2882 nescio
3007 2827 3054 2881 si
3094 2828 3338 2893 volente,
3386 2829 3598 2883 volun-

1895 2914 1997 2968 tati
2033 2927 2169 2968 meze
2202 2920 2424 2968 constat
2455 2913 2647 2968 oblata
2684 2915 2944 2982 facultas,
2981 2915 3038 2970 in
3070 2915 3121 2970 id
3155 2916 3309 2985 quod
3344 2916 3432 2985 pie
3459 2915 3593 2971 alie-

1894 3008 2182 3056 ctaveram
2231 3001 2467 3057 fortasse
2517 3016 2550 3056 a
2602 3004 2822 3058 cunctis
2880 3003 3174 3071 ridendus,
3221 3005 3444 3070 incessi,
3499 3018 3595 3059 ca-

1892 3088 2133 3144 chinnos
2163 3103 2229 3144 ac
2259 3089 2528 3146 triscuria
2547 3092 3022 3161 praetergrediens
3057 3092 3408 3162 aliquorum,
3455 3092 3598 3148 dum

1894 3178 2060 3232 modo
2091 3178 2356 3233 diuturni
2386 3179 2676 3249 eruptioni
2710 3187 3020 3249 conceptus
3051 3195 3404 3253 quacunque
3433 3181 3595 3237 dela—

1897 3267 2138 3322 tratione
2168 3267 2492 3337 sategerim,
2541 3268 2612 3322 Et
2659 3267 2706 3322 si
2737 3267 2809 3323 sit
2858 3268 2960 3338 qui
3005 3269 3204 3340 rideat,
3259 3278 3597 3325 nontamen

1889 3354 2062 3425 juxta
2116 3370 2276 3424 posse
2323 3356 2543 3425 gerenti
2601 3369 2668 3411 ac
2710 3370 2916 3411 sanum
2963 3356 3281 3412 intendenti
3313 3358 3594 3426 detrahat,

1896 3457 2002 3498 nec
2057 3443 2198 3498 meis
2244 3457 2600 3513 praepropere
2651 3458 2882 3500 naevum
2925 3444 3091 3500 dictis
3139 3445 3353 3515 inurat,
3403 3446 3499 3500 sed
3549 3445 3597 3501 si

82 3549 263 3605 quam
312 3534 477 3604 longe
520 3533 746 3589 diverso
787 3535 1105 3603 oportuisse
1144 3536 1366 3590 cantari
1397 3535 1560 3590 modo
1593 3536 1785 3591 consi—
1829 3531 2120 3621 Cpenitus
2168 3531 2910 3621 aspernaturkposthabita
2956 3531 3593 3621 lite_verborum,iipse

80 3625 308 3689 derant,
341 3621 618 3676 invident.
648 3622 756 3677 Pro
786 3629 940 3677 statu
969 3622 1136 3691 plane
1167 3636 1407 3678 casuum
1453 3638 1640 3679 sermo
1686 3639 1786 3680 co-

79 3709 266 3780 aptari
294 3708 457 3764 debet
504 3709 816 3774 orantium,
865 3715 928 3764 ut
959 3709 1266 3765 verborum
1313 3711 1626 3767 acrimonia
1667 3712 1785 3767 bel-

80 3800 191 3854 lica
220 3799 370 3852 facta
417 3797 706 3867 ferantur;
756 3813 886 3868 quae
917 3798 988 3852 ad
1032 3798 1228 3853 divina
1255 3799 1558 3868 pertinent,
1601 3801 1787 3870 gradu

79 3885 481 3958 temperatiore
529 3887 840 3943 ducantur.
901 3887 1041 3951 Quae
1093 3888 1338 3958 gemina,
1419 3889 1465 3944 si
1545 3889 1788 3946 facultas

79 3977 220 4032 mihi
253 3983 600 4045 suppeteret,
625 3973 826 4042 forma,
858 3975 915 4030 in
949 3975 1126 4045 hujus
1150 3975 1331 4031 stadio
1361 3978 1548 4045 operis
1567 3992 1784 4034 excur-

80 4066 221 4121 risse
275 4064 610 4128 debueram,
647 4067 726 4133 ;ut
772 4069 826 4118 et
876 4062 1198 4119 facinorum
1246 4078 1486 4120 suorum
1534 4065 1785 4136 insignia

80 4166 457 4224 nequaquam
489 4151 681 4207 verbis
716 4150 950 4206 recitata
999 4151 1327 4220 disparibus
1365 4151 1609 4207 insolens
1651 4153 1786 4208 Gra-

81 4243 254 4298 divus
286 4249 637 4311 agnosceret,
669 4247 723 4295 et
748 4253 1050 4308 nunquam
1105 4238 1405 4309 gravitatis
1436 4241 1543 4296 sibi
1590 4240 1782 4297 inditae

82 4337 305 4393 tonum,
341 4340 472 4382 cum
506 4327 574 4380 de
621 4325 826 4395 pietate
865 4339 954 4379 res
996 4325 1208 4395 agitur,
1259 4326 1534 4381 modestia
1564 4327 1782 4382 Mercu-

81 4414 241 4471 rialis
289 4415 608 4470 excederet.
656 4412 794 4476 Quae
844 4411 975 4467 licet
1019 4427 1090 4467 ex
1141 4415 1421 4469 sententia
1470 4415 1782 4484 adimplere

81 4503 469 4574 nequiverim,
523 4503 661 4557 bene
705 4509 895 4555 tamen
945 4500 1018 4555 ab
1061 4501 1174 4556 alio
1219 4510 1396 4571 gesta,
1433 4503 1684 4572 plurima
1710 4517 1781 4559 ex

78 4599 241 4660 parte
273 4590 592 4660 approbare
618 4603 721 4643 nec
749 4589 941 4642 minus
971 4589 1211 4658 probare
1239 4589 1556 4644 didicerim.

149 4678 554 4736 Grammaticae
583 4679 704 4732 tum
755 4676 1008 4732 fervebat
1043 4677 1316 4731 studium.
1350 4708 1418 4717 —
1448 4679 1600 4748 Ergo
1640 4679 1778 4734 alie-

74 4783 290 4824 norum
340 4767 713 4838 judiciorum,
772 4765 939 4820 valde
978 4767 1316 4822 temerarius
1365 4766 1483 4836 (sed
1535 4781 1604 4821 ex
1649 4767 1778 4824 ﬁdei

1897 3619 2044 3674 male
2075 3627 2340 3687 perorata
2385 3619 2721 3686 rescribens,
2744 3619 3007 3687 exempla
3029 3619 3281 3674 dictandi
3320 3620 3590 3689 przebeat.

1968 3708 2062 3761 Ea:
2078 3705 2361 3761 relatione
2394 3706 2530 3760 texit
2562 3705 2896 3761 Historiam.
2933 3736 3001 3748 —
3046 3707 3221 3762 Porro
3253 3707 3299 3762 si
3331 3709 3462 3776 quis
3489 3707 3592 3762 ali-

1895 3796 2036 3866 quid
2065 3796 2421 3852 subobscurc
2459 3797 2676 3852 dictum
2721 3803 3012 3860 causetur,
3069 3802 3263 3851 notam
3296 3796 3403 3851 sibi
3431 3796 3594 3852 hebe-

1895 3886 2113 3941 tudinis
2167 3885 2426 3955 inﬂigere
2477 3893 2762 3951 vereatur,
2823 3899 2954 3940 cum
3000 3898 3101 3954 pro
3155 3892 3308 3940 certo
3333 3886 3594 3940 noverim

1893 3974 2047 4044 quod
2078 3987 2150 4029 ex
2199 3973 2286 4028 his
2319 3988 2448 4043 quae
2497 3975 2553 4027 in
2602 3973 2858 4043 subjecto
2895 3973 3036 4028 libro
3068 3973 3332 4038 dixerim,
3371 3974 3588 4028 nemini

1892 4061 1951 4117 in
2017 4061 2219 4117 litteris
2273 4062 2583 4117 exercitato
2627 4062 2779 4132 juste
2856 4061 3232 4132 quaestionem
3290 4063 3590 4118 moverim.

1892 4150 2312 4221 Corrigendum
2343 4151 2538 4219 igitur,
2587 4151 2781 4206 nescio
2829 4163 2903 4205 an
2946 4151 3452 4220 corrumpendum,
3504 4150 3592 4206 hi-

1890 4237 2080 4294 storiae
2110 4238 2288 4307 ipsius
2317 4251 2702 4309 aggressurus
2733 4237 3048 4307 exemplar,
3082 4239 3266 4307 primo
3297 4251 3501 4294 causas
3537 4246 3594 4294 et

1889 4326 2254 4382 necessitates
2297 4341 2426 4395 qua:
2479 4327 2655 4396 hujus
2711 4341 3017 4382 occursum
3072 4326 3450 4395 expeditionis
3499 4339 3593 4382 ur.

1888 4415 2118 4486 gebant,
2162 4414 2310 4470 sicut
2341 4415 2659 4482 audieram,
2709 4415 2979 4485 proposui
3010 4414 3358 4478 referendas,
3400 4421 3456 4469 et
3486 4414 3586 4480 sic,

1887 4501 2285 4558 occasionibus
2361 4503 2832 4571 praemonstratis,
2894 4516 2983 4558 res
3054 4502 3287 4557 demum
3339 4509 3592 4556 attexere

1887 4598 2093 4661 gestas.
2149 4591 2409 4654 Quorum
2460 4598 2734 4660 tenorem,
2783 4591 2855 4646 ab
2911 4590 3005 4645 illo
3034 4589 3211 4659 priori
3241 4602 3413 4658 quem
3451 4603 3590 4658 pro-

1886 4693 2098 4748 sequor
2127 4687 2378 4746 auctore,
2417 4678 2597 4733 multa
2637 4679 2915 4734 varietate
2947 4676 3076 4748 [at.,
3111 4674 3368 4748 veritate]
3403 4676 3590 4746 prola-

1888 4775 2031 4836 tum,
2065 4767 2138 4823 ab
2180 4767 2261 4822 eis
2291 4767 2391 4836 qui
2421 4767 2606 4822 eidem
2659 4766 3040 4822 interfuerant
3092 4765 3214 4830 viae,
3245 4764 3470 4820 edidici.
3507 4764 3590 4819 Ea

72 4872 277 4912 amore
307 4864 361 4912 et
411 4854 734 4924 impudens,
787 4868 875 4908 me
904 4853 1083 4909 fateor
1125 4854 1388 4911 incidisse
1428 4855 1776 4925 discrimina,
1820 4861 2022 4915 Dsane
2051 4870 2183 4927 quae
2216 4855 2547 4911 ferebantur
2576 4854 2634 4909 in
2667 4854 2830 4921 libro,
2883 4852 3102 4908 contuli
3153 4853 3410 4907 crebrius
3454 4866 3588 4907 cum

73 4947 219 5016 quia
253 4945 390 5000 dum
440 4941 757 5012 corrigendi
810 4948 961 5008 voto,
995 4942 1115 4996 haec
1148 4957 1235 4997 me
1265 4943 1643 5012 compererint
1692 4951 1778 5000 at-

71 5034 276 5104 tigisse
323 5030 532 5096 studia,
585 5029 842 5084 fortassis
886 5029 1141 5084 secunda
1183 5029 1436 5086 deterius
1464 5031 1778 5100 appretiari

73 5126 355 5192 poterunt
385 5132 562 5188 quam
591 5118 800 5187 priora.
837 5118 980 5173 Cum
1021 5117 1176 5173 enim
1222 5119 1431 5187 passim
1481 5119 1780 5176 videamus

71 5212 298 5265 fervere
341 5208 799 5277 grammaticam,
846 5214 902 5262 et
933 5207 1268 5278 quibusque
1316 5207 1609 5262 vilissimis
1639 5222 1778 5277 pra:-

74 5297 489 5354 numerositate
519 5296 804 5351 scolarum
845 5296 993 5350 hanc
1026 5303 1213 5364 petere
1244 5295 1576 5351 noverimus
1611 5295 1774 5350 disci-

75 5388 318 5458 plinam,
354 5385 576 5440 horrori
603 5385 728 5448 fuit,
761 5392 814 5440 et
841 5385 884 5438 si
929 5397 1042 5438 non
1077 5384 1158 5438 uti
1190 5383 1514 5448 debuimus,
1560 5383 1650 5438 vel
1695 5385 1778 5439 uti

76 5475 396 5546 potuimus,
427 5475 576 5529 hanc
591 5475 764 5529 nostri
790 5473 1030 5545 gloriam
1058 5473 1327 5542 temporis
1347 5487 1461 5528 non
1485 5472 1730 5528 scribere
1763 5488 1774 5526 :

74 5565 194 5620 imo
249 5563 552 5634 reliquisse
606 5563 715 5618 sub
773 5561 1046 5618 inconditi
1109 5560 1446 5617 scabredine
1501 5561 1780 5617 sermonis

441 5663 715 5726 Parnon.
769 5659 972 5728 CLVI.

1889 4946 2144 5014 ipsorum
2188 4944 2290 5014 qui
2332 4943 2480 4998 facta
2528 4943 2791 4998 viderant
2843 4941 3041 5007 verbo,
3072 4948 3127 4996 et
3169 4940 3364 5010 procul
3413 4940 3590 4996 dubio

1886 5040 2160 5102 expertus
2197 5046 2326 5087 sum
2367 5031 2508 5100 quia
2547 5038 2822 5086 neutrum
2867 5029 3216 5098 discreparet
3253 5027 3324 5083 ab
3363 5028 3585 5098 altero;

1889 5136 2020 5191 quae
2050 5129 2241 5176 autem
2273 5118 2608 5182 addiderim,
2645 5125 2746 5174 aut
2793 5118 2866 5173 ab
2895 5117 2982 5172 bis
3028 5116 3129 5186 qui
3162 5115 3356 5172 videre
3383 5116 3591 5172 didice-

1888 5210 2018 5275 rim,
2054 5216 2154 5265 aut
2184 5223 2283 5278 per
2311 5222 2402 5263 me
2431 5207 2619 5276 ipsutn
2650 5207 3004 5277 agnoverim.

1957 5297 2184 5351 Idcirco
2207 5314 2321 5350 non
2341 5295 2552 5350 mirum
2581 5295 2634 5349 si
2665 5295 2726 5349 in
2753 5293 3051 5349 nonnullis
3075 5292 3494 5348 hallttcinatur.
3521 5325 3590 5334 —-

1891 5386 2053 5450 Quod
2083 5387 2131 5440 si
2163 5385 2460 5455 quidpiam
2504 5384 2668 5439 aliter
2704 5383 2920 5438 dictum
2961 5396 3137 5452 quam
3191 5396 3248 5437 se
3279 5397 3368 5438 res
3397 5382 3588 5452 habet,

1888 5472 2222 5537 constiterit,
2248 5473 2538 5526 incassum
2572 5471 2753 5526 fateor
2778 5470 3062 5526 mendacii
3099 5473 3249 5524 369
3275 5469 3415 5524 mihi
3449 5483 3588 5538 pro-

1889 5560 1993 5616 bra
2023 5558 2687 5628 callidusdeprehcnsor
2721 5559 3013 5630 objecerit,
3049 5573 3179 5614 cum
3225 5572 3314 5614 me
3359 5557 3594 5615 fallendi

3198 5663 3280 5719 22
