  <div class='ocr_page' id='page_1' title='image "/cluster/home/n/w/nwhite01/storage/ocr_20150623/156/hvd.32044054760145/347.png"; bbox 0 0 3914 6094; ppageno 0'>
   <div class='ocr_carea' id='block_1_1' title="bbox 288 365 391 417">
    <p class='ocr_par' dir='ltr' id='par_1_1' title="bbox 288 365 391 417">
     <span class='ocr_line' id='line_1_1' title="bbox 288 365 391 417; baseline -0.01 -1"><span class='ocrx_word' id='word_1_1' title='bbox 288 365 391 417; x_wconf 88' lang='grc'><strong>683</strong></span> 
     </span>
    </p>
   </div>
   <div class='ocr_carea' id='block_1_2' title="bbox 1175 359 2883 418">
    <p class='ocr_par' dir='ltr' id='par_1_2' title="bbox 1175 359 2883 418">
     <span class='ocr_line' id='line_1_2' title="bbox 1175 359 2883 418; baseline 0.002 -5"><span class='ocrx_word' id='word_1_2' title='bbox 1175 361 1235 413; x_wconf 87' lang='grc' dir='ltr'><strong>ν.</strong></span> <span class='ocrx_word' id='word_1_3' title='bbox 1275 359 1603 416; x_wconf 81' lang='lat' dir='ltr'><strong>GUIBERTI</strong></span> <span class='ocrx_word' id='word_1_4' title='bbox 1641 360 1935 416; x_wconf 84' lang='lat' dir='ltr'><strong>ABBATIS</strong></span> <span class='ocrx_word' id='word_1_5' title='bbox 1971 360 2027 415; x_wconf 93' lang='lat' dir='ltr'><strong>S.</strong></span> <span class='ocrx_word' id='word_1_6' title='bbox 2071 362 2313 417; x_wconf 67' lang='lat' dir='ltr'><strong>MARI/E</strong></span> <span class='ocrx_word' id='word_1_7' title='bbox 2352 362 2441 415; x_wconf 87' lang='lat' dir='ltr'><strong>DE</strong></span> <span class='ocrx_word' id='word_1_8' title='bbox 2480 359 2883 418; x_wconf 82' lang='lat' dir='ltr'><strong>NOVIGEN&#39;I‘O</strong></span> 
     </span>
    </p>
   </div>
   <div class='ocr_carea' id='block_1_3' title="bbox 3682 367 3796 419">
    <p class='ocr_par' dir='ltr' id='par_1_3' title="bbox 3682 367 3796 419">
     <span class='ocr_line' id='line_1_3' title="bbox 3682 367 3796 419; baseline 0.009 -1"><span class='ocrx_word' id='word_1_9' title='bbox 3682 367 3796 419; x_wconf 76' lang='grc'><strong>684</strong></span> 
     </span>
    </p>
   </div>
   <div class='ocr_carea' id='block_1_4' title="bbox 285 494 3798 565">
    <p class='ocr_par' dir='ltr' id='par_1_4' title="bbox 285 494 3798 565">
     <span class='ocr_line' id='line_1_4' title="bbox 285 494 3798 565; baseline 0.001 -14"><span class='ocrx_word' id='word_1_10' title='bbox 285 497 563 553; x_wconf 88' lang='lat' dir='ltr'><strong>desiderio</strong></span> <span class='ocrx_word' id='word_1_11' title='bbox 594 495 756 551; x_wconf 90' lang='lat' dir='ltr'><strong>nulla</strong></span> <span class='ocrx_word' id='word_1_12' title='bbox 775 494 1005 559; x_wconf 76' lang='lat' dir='ltr'><strong>dixisse,</strong></span> <span class='ocrx_word' id='word_1_13' title='bbox 1026 494 1134 549; x_wconf 91' lang='lat' dir='ltr'><strong>sub</strong></span> <span class='ocrx_word' id='word_1_14' title='bbox 1156 495 1252 549; x_wconf 91' lang='lat' dir='ltr'><strong>Dei</strong></span> <span class='ocrx_word' id='word_1_15' title='bbox 1274 494 1593 550; x_wconf 89' lang='lat' dir='ltr'><strong>testimonio</strong></span> <span class='ocrx_word' id='word_1_16' title='bbox 1610 495 1753 551; x_wconf 90' lang='lat' dir='ltr'><strong>scire</strong></span> <span class='ocrx_word' id='word_1_17' title='bbox 1778 496 1970 564; x_wconf 82' lang='lat' dir='ltr'><strong>possit.</strong></span> <span class='ocrx_word' id='word_1_18' title='bbox 2009 498 2057 548; x_wconf 88' lang='lat' dir='ltr'><strong>A</strong></span> <span class='ocrx_word' id='word_1_19' title='bbox 2082 494 2135 549; x_wconf 93' lang='lat' dir='ltr'><strong>Si</strong></span> <span class='ocrx_word' id='word_1_20' title='bbox 2184 496 2338 550; x_wconf 90' lang='lat' dir='ltr'><strong>enim</strong></span> <span class='ocrx_word' id='word_1_21' title='bbox 2387 496 2653 562; x_wconf 75' lang='lat' dir='ltr'><strong>Parthos,</strong></span> <span class='ocrx_word' id='word_1_22' title='bbox 2706 504 2769 551; x_wconf 92' lang='lat' dir='ltr'><strong>ut</strong></span> <span class='ocrx_word' id='word_1_23' title='bbox 2798 495 3023 565; x_wconf 90' lang='lat' dir='ltr'><strong>aliquid</strong></span> <span class='ocrx_word' id='word_1_24' title='bbox 3070 494 3348 563; x_wconf 89' lang='lat' dir='ltr'><strong>sentiunt,</strong></span> <span class='ocrx_word' id='word_1_25' title='bbox 3393 511 3512 552; x_wconf 91' lang='lat' dir='ltr'><strong>non</strong></span> <span class='ocrx_word' id='word_1_26' title='bbox 3551 498 3798 559; x_wconf 73' lang='lat' dir='ltr'><strong>Turcos,</strong></span> 
     </span>
    </p>
   </div>
   <div class='ocr_carea' id='block_1_5' title="bbox 288 579 1979 649">
    <p class='ocr_par' dir='ltr' id='par_1_5' title="bbox 288 579 1979 649">
     <span class='ocr_line' id='line_1_5' title="bbox 288 579 1979 649; baseline -0.002 -12"><span class='ocrx_word' id='word_1_27' title='bbox 288 583 437 647; x_wconf 86' lang='lat' dir='ltr'><strong>Quid</strong></span> <span class='ocrx_word' id='word_1_28' title='bbox 465 582 618 637; x_wconf 89' lang='lat' dir='ltr'><strong>enim</strong></span> <span class='ocrx_word' id='word_1_29' title='bbox 644 581 856 635; x_wconf 90' lang='lat' dir='ltr'><strong>mirum</strong></span> <span class='ocrx_word' id='word_1_30' title='bbox 910 580 953 634; x_wconf 91' lang='lat' dir='ltr'><strong>si</strong></span> <span class='ocrx_word' id='word_1_31' title='bbox 987 579 1261 649; x_wconf 89' lang='lat' dir='ltr'><strong>fallimur,</strong></span> <span class='ocrx_word' id='word_1_32' title='bbox 1311 581 1451 636; x_wconf 92' lang='lat' dir='ltr'><strong>dum</strong></span> <span class='ocrx_word' id='word_1_33' title='bbox 1491 581 1679 636; x_wconf 87' lang='lat' dir='ltr'><strong>aliena</strong></span> <span class='ocrx_word' id='word_1_34' title='bbox 1707 580 1855 636; x_wconf 87' lang='lat' dir='ltr'><strong>facta</strong></span> <span class='ocrx_word' id='word_1_35' title='bbox 1884 593 1979 635; x_wconf 89' lang='lat' dir='ltr'><strong>re-</strong></span> 
     </span>
    </p>
   </div>
   <div class='ocr_carea' id='block_1_6' title="bbox 285 673 1979 744">
    <p class='ocr_par' dir='ltr' id='par_1_6' title="bbox 285 673 1979 744">
     <span class='ocr_line' id='line_1_6' title="bbox 285 673 1979 744; baseline -0.001 -14"><span class='ocrx_word' id='word_1_36' title='bbox 285 676 542 741; x_wconf 81' lang='lat' dir='ltr'><strong>ferimus,</strong></span> <span class='ocrx_word' id='word_1_37' title='bbox 571 687 703 728; x_wconf 92' lang='lat' dir='ltr'><strong>cum</strong></span> <span class='ocrx_word' id='word_1_38' title='bbox 732 687 837 728; x_wconf 91' lang='lat' dir='ltr'><strong>nos</strong></span> <span class='ocrx_word' id='word_1_39' title='bbox 886 687 959 729; x_wconf 90' lang='lat' dir='ltr'><strong>ne</strong></span> <span class='ocrx_word' id='word_1_40' title='bbox 1006 681 1230 729; x_wconf 91' lang='lat' dir='ltr'><strong>nostras</strong></span> <span class='ocrx_word' id='word_1_41' title='bbox 1257 674 1513 743; x_wconf 92' lang='lat' dir='ltr'><strong>ipsorum</strong></span> <span class='ocrx_word' id='word_1_42' title='bbox 1561 673 1794 744; x_wconf 86' lang='lat' dir='ltr'><strong>quidem</strong></span> <span class='ocrx_word' id='word_1_43' title='bbox 1824 673 1979 743; x_wconf 87' lang='lat' dir='ltr'><strong>cogi-</strong></span> 
     </span>
    </p>
   </div>
   <div class='ocr_carea' id='block_1_7' title="bbox 286 762 1980 831">
    <p class='ocr_par' dir='ltr' id='par_1_7' title="bbox 286 762 1980 831">
     <span class='ocr_line' id='line_1_7' title="bbox 286 762 1980 831; baseline -0.001 -13"><span class='ocrx_word' id='word_1_44' title='bbox 286 763 524 818; x_wconf 87' lang='lat' dir='ltr'><strong>tationes</strong></span> <span class='ocrx_word' id='word_1_45' title='bbox 554 776 620 817; x_wconf 92' lang='lat' dir='ltr'><strong>ac</strong></span> <span class='ocrx_word' id='word_1_46' title='bbox 643 775 833 830; x_wconf 86' lang='lat' dir='ltr'><strong>opera,</strong></span> <span class='ocrx_word' id='word_1_47' title='bbox 877 775 990 816; x_wconf 91' lang='lat' dir='ltr'><strong>non</strong></span> <span class='ocrx_word' id='word_1_48' title='bbox 1018 762 1144 817; x_wconf 88' lang='lat' dir='ltr'><strong>dico</strong></span> <span class='ocrx_word' id='word_1_49' title='bbox 1175 762 1367 817; x_wconf 86' lang='lat' dir='ltr'><strong>verbis</strong></span> <span class='ocrx_word' id='word_1_50' title='bbox 1397 763 1736 831; x_wconf 84' lang='lat' dir='ltr'><strong>exprimere,</strong></span> <span class='ocrx_word' id='word_1_51' title='bbox 1782 762 1878 817; x_wconf 89' lang='lat' dir='ltr'><strong>sed</strong></span> <span class='ocrx_word' id='word_1_52' title='bbox 1908 776 1980 817; x_wconf 92' lang='lat' dir='ltr'><strong>ne</strong></span> 
     </span>
    </p>
   </div>
   <div class='ocr_carea' id='block_1_8' title="bbox 282 850 1981 933">
    <p class='ocr_par' dir='ltr' id='par_1_8' title="bbox 282 850 1981 933">
     <span class='ocr_line' id='line_1_8' title="bbox 282 850 1981 933; baseline -0.001 -26"><span class='ocrx_word' id='word_1_53' title='bbox 282 851 546 920; x_wconf 84' lang='lat' dir='ltr'><strong>colligere</strong></span> <span class='ocrx_word' id='word_1_54' title='bbox 582 850 756 905; x_wconf 90' lang='lat' dir='ltr'><strong>tacita</strong></span> <span class='ocrx_word' id='word_1_55' title='bbox 784 850 987 905; x_wconf 92' lang='lat' dir='ltr'><strong>saltem</strong></span> <span class='ocrx_word' id='word_1_56' title='bbox 1037 859 1225 906; x_wconf 88' lang='lat' dir='ltr'><strong>mente</strong></span> <span class='ocrx_word' id='word_1_57' title='bbox 1270 850 1591 933; x_wconf 75' lang='lat' dir='ltr'><strong>possimus?</strong></span> <span class='ocrx_word' id='word_1_58' title='bbox 1627 850 1777 915; x_wconf 85' lang='lat' dir='ltr'><strong>Quid</strong></span> <span class='ocrx_word' id='word_1_59' title='bbox 1803 851 1872 905; x_wconf 90' lang='lat' dir='ltr'><strong>de</strong></span> <span class='ocrx_word' id='word_1_60' title='bbox 1904 850 1981 905; x_wconf 88' lang='lat' dir='ltr'><strong>in-</strong></span> 
     </span>
    </p>
   </div>
   <div class='ocr_carea' id='block_1_9' title="bbox 282 937 1978 1009">
    <p class='ocr_par' dir='ltr' id='par_1_9' title="bbox 282 937 1978 1009">
     <span class='ocr_line' id='line_1_9' title="bbox 282 937 1978 1009; baseline 0.001 -15"><span class='ocrx_word' id='word_1_61' title='bbox 282 938 635 994; x_wconf 76' lang='lat' dir='ltr'><strong>tentionibus</strong></span> <span class='ocrx_word' id='word_1_62' title='bbox 672 937 901 1008; x_wconf 88' lang='lat' dir='ltr'><strong>loquar,</strong></span> <span class='ocrx_word' id='word_1_63' title='bbox 932 952 1064 1007; x_wconf 63' lang='lat' dir='ltr'><strong>quae</strong></span> <span class='ocrx_word' id='word_1_64' title='bbox 1106 939 1245 994; x_wconf 89' lang='lat' dir='ltr'><strong>adeo</strong></span> <span class='ocrx_word' id='word_1_65' title='bbox 1277 939 1450 994; x_wconf 80' lang='lat' dir='ltr'><strong>latere</strong></span> <span class='ocrx_word' id='word_1_66' title='bbox 1478 939 1817 1009; x_wconf 85' lang='lat' dir='ltr'><strong>plerumque</strong></span> <span class='ocrx_word' id='word_1_67' title='bbox 1849 953 1978 1008; x_wconf 89' lang='lat' dir='ltr'><strong>pro-</strong></span> 
     </span>
    </p>
   </div>
   <div class='ocr_carea' id='block_1_10' title="bbox 281 1025 1979 1095">
    <p class='ocr_par' dir='ltr' id='par_1_10' title="bbox 281 1025 1979 1095">
     <span class='ocr_line' id='line_1_10' title="bbox 281 1025 1979 1095; baseline 0.001 -13"><span class='ocrx_word' id='word_1_68' title='bbox 281 1028 495 1083; x_wconf 86' lang='lat' dir='ltr'><strong>bantur</strong></span> <span class='ocrx_word' id='word_1_69' title='bbox 526 1033 591 1081; x_wconf 93' lang='lat' dir='ltr'><strong>ut</strong></span> <span class='ocrx_word' id='word_1_70' title='bbox 637 1025 739 1080; x_wconf 90' lang='lat' dir='ltr'><strong>vix</strong></span> <span class='ocrx_word' id='word_1_71' title='bbox 783 1026 857 1081; x_wconf 92' lang='lat' dir='ltr'><strong>ab</strong></span> <span class='ocrx_word' id='word_1_72' title='bbox 909 1025 1029 1095; x_wconf 91' lang='lat' dir='ltr'><strong>ipso</strong></span> <span class='ocrx_word' id='word_1_73' title='bbox 1082 1026 1367 1082; x_wconf 90' lang='lat' dir='ltr'><strong>interioris</strong></span> <span class='ocrx_word' id='word_1_74' title='bbox 1414 1026 1664 1083; x_wconf 91' lang='lat' dir='ltr'><strong>hominis</strong></span> <span class='ocrx_word' id='word_1_75' title='bbox 1711 1026 1979 1083; x_wconf 86' lang='lat' dir='ltr'><strong>acumine</strong></span> 
     </span>
    </p>
   </div>
   <div class='ocr_carea' id='block_1_11' title="bbox 281 1113 1977 1185">
    <p class='ocr_par' dir='ltr' id='par_1_11' title="bbox 281 1113 1977 1185">
     <span class='ocr_line' id='line_1_11' title="bbox 281 1113 1977 1185; baseline 0 -16"><span class='ocrx_word' id='word_1_76' title='bbox 281 1114 722 1169; x_wconf 87' lang='lat' dir='ltr'><strong>discernantur?</strong></span> <span class='ocrx_word' id='word_1_77' title='bbox 748 1113 871 1168; x_wconf 90' lang='lat' dir='ltr'><strong>Non</strong></span> <span class='ocrx_word' id='word_1_78' title='bbox 900 1121 985 1168; x_wconf 90' lang='lat' dir='ltr'><strong>est</strong></span> <span class='ocrx_word' id='word_1_79' title='bbox 1017 1113 1196 1184; x_wconf 86' lang='lat' dir='ltr'><strong>igitur</strong></span> <span class='ocrx_word' id='word_1_80' title='bbox 1223 1114 1479 1170; x_wconf 86' lang='lat' dir='ltr'><strong>severius</strong></span> <span class='ocrx_word' id='word_1_81' title='bbox 1509 1115 1895 1185; x_wconf 90' lang='lat' dir='ltr'><strong>arguendum,</strong></span> <span class='ocrx_word' id='word_1_82' title='bbox 1926 1114 1977 1169; x_wconf 90' lang='lat' dir='ltr'><strong>si</strong></span> 
     </span>
    </p>
   </div>
   <div class='ocr_carea' id='block_1_12' title="bbox 282 1200 1979 1272">
    <p class='ocr_par' dir='ltr' id='par_1_12' title="bbox 282 1200 1979 1272">
     <span class='ocr_line' id='line_1_12' title="bbox 282 1200 1979 1272; baseline 0.001 -17"><span class='ocrx_word' id='word_1_83' title='bbox 282 1202 615 1272; x_wconf 85' lang='lat' dir='ltr'><strong>ignoranter</strong></span> <span class='ocrx_word' id='word_1_84' title='bbox 645 1202 703 1256; x_wconf 91' lang='lat' dir='ltr'><strong>in</strong></span> <span class='ocrx_word' id='word_1_85' title='bbox 744 1200 920 1257; x_wconf 85' lang='lat' dir='ltr'><strong>verba</strong></span> <span class='ocrx_word' id='word_1_86' title='bbox 961 1201 1353 1270; x_wconf 84' lang='lat' dir='ltr'><strong>prolabimur;</strong></span> <span class='ocrx_word' id='word_1_87' title='bbox 1396 1203 1493 1258; x_wconf 89' lang='lat' dir='ltr'><strong>sed</strong></span> <span class='ocrx_word' id='word_1_88' title='bbox 1544 1201 1685 1257; x_wconf 92' lang='lat' dir='ltr'><strong>illud</strong></span> <span class='ocrx_word' id='word_1_89' title='bbox 1728 1210 1813 1257; x_wconf 90' lang='lat' dir='ltr'><strong>est</strong></span> <span class='ocrx_word' id='word_1_90' title='bbox 1844 1202 1979 1257; x_wconf 89' lang='lat' dir='ltr'><strong>irre-</strong></span> 
     </span>
    </p>
   </div>
   <div class='ocr_carea' id='block_1_13' title="bbox 279 1288 1979 1356">
    <p class='ocr_par' dir='ltr' id='par_1_13' title="bbox 279 1288 1979 1356">
     <span class='ocr_line' id='line_1_13' title="bbox 279 1288 1979 1356; baseline 0 -12"><span class='ocrx_word' id='word_1_91' title='bbox 279 1288 543 1344; x_wconf 91' lang='lat' dir='ltr'><strong>missibiii</strong></span> <span class='ocrx_word' id='word_1_92' title='bbox 571 1303 818 1345; x_wconf 90' lang='lat' dir='ltr'><strong>censura</strong></span> <span class='ocrx_word' id='word_1_93' title='bbox 850 1288 1166 1356; x_wconf 88' lang='lat' dir='ltr'><strong>terendum,</strong></span> <span class='ocrx_word' id='word_1_94' title='bbox 1191 1303 1325 1345; x_wconf 93' lang='lat' dir='ltr'><strong>cum</strong></span> <span class='ocrx_word' id='word_1_95' title='bbox 1355 1288 1573 1345; x_wconf 78' lang='lat' dir='ltr'><strong>falsitas</strong></span> <span class='ocrx_word' id='word_1_96' title='bbox 1596 1303 1669 1344; x_wconf 84' lang='lat' dir='ltr'><strong>ex</strong></span> <span class='ocrx_word' id='word_1_97' title='bbox 1694 1288 1979 1344; x_wconf 88' lang='lat' dir='ltr'><strong>industria</strong></span> 
     </span>
    </p>
   </div>
   <div class='ocr_carea' id='block_1_14' title="bbox 279 1375 1977 1446">
    <p class='ocr_par' dir='ltr' id='par_1_14' title="bbox 279 1375 1977 1446">
     <span class='ocr_line' id='line_1_14' title="bbox 279 1375 1977 1446; baseline 0.001 -15"><span class='ocrx_word' id='word_1_98' title='bbox 279 1376 643 1445; x_wconf 89' lang='lat' dir='ltr'><strong>deceptionis,</strong></span> <span class='ocrx_word' id='word_1_99' title='bbox 688 1376 776 1432; x_wconf 89' lang='lat' dir='ltr'><strong>vel</strong></span> <span class='ocrx_word' id='word_1_100' title='bbox 824 1376 1150 1446; x_wconf 89' lang='lat' dir='ltr'><strong>cujuspiam</strong></span> <span class='ocrx_word' id='word_1_101' title='bbox 1196 1375 1624 1432; x_wconf 88' lang='lat' dir='ltr'><strong>subornationis</strong></span> <span class='ocrx_word' id='word_1_102' title='bbox 1667 1383 1798 1432; x_wconf 92' lang='lat' dir='ltr'><strong>voto</strong></span> <span class='ocrx_word' id='word_1_103' title='bbox 1848 1390 1977 1432; x_wconf 89' lang='lat' dir='ltr'><strong>eon-</strong></span> 
     </span>
    </p>
   </div>
   <div class='ocr_carea' id='block_1_15' title="bbox 281 1464 519 1520">
    <p class='ocr_par' dir='ltr' id='par_1_15' title="bbox 281 1464 519 1520">
     <span class='ocr_line' id='line_1_15' title="bbox 281 1464 519 1520; baseline -0.004 -1"><span class='ocrx_word' id='word_1_104' title='bbox 281 1464 519 1520; x_wconf 78' lang='lat' dir='ltr'><strong>texitur.</strong></span> 
     </span>
    </p>
   </div>
   <div class='ocr_carea' id='block_1_16' title="bbox 351 1548 1975 1622">
    <p class='ocr_par' dir='ltr' id='par_1_16' title="bbox 351 1548 1975 1622">
     <span class='ocr_line' id='line_1_16' title="bbox 351 1548 1975 1622; baseline -0.002 -15"><span class='ocrx_word' id='word_1_105' title='bbox 351 1554 538 1620; x_wconf 84' lang='lat' dir='ltr'><strong>Quare</strong></span> <span class='ocrx_word' id='word_1_106' title='bbox 564 1553 999 1610; x_wconf 78' lang='lat' dir='ltr'><strong>nomenclatura</strong></span> <span class='ocrx_word' id='word_1_107' title='bbox 1025 1551 1327 1609; x_wconf 76' lang='lat' dir='ltr'><strong>recentiori</strong></span> <span class='ocrx_word' id='word_1_108' title='bbox 1351 1550 1412 1605; x_wconf 88' lang='lat' dir='ltr'><strong>in</strong></span> <span class='ocrx_word' id='word_1_109' title='bbox 1428 1548 1679 1605; x_wconf 73' lang='lat' dir='ltr'><strong>citandis</strong></span> <span class='ocrx_word' id='word_1_110' title='bbox 1702 1549 1975 1622; x_wconf 72' lang='lat' dir='ltr'><strong>propriis,</strong></span> 
     </span>
    </p>
   </div>
   <div class='ocr_carea' id='block_1_17' title="bbox 278 1639 1975 1711">
    <p class='ocr_par' dir='ltr' id='par_1_17' title="bbox 278 1639 1975 1711">
     <span class='ocr_line' id='line_1_17' title="bbox 278 1639 1975 1711; baseline -0.002 -14"><span class='ocrx_word' id='word_1_111' title='bbox 278 1641 610 1697; x_wconf 73' lang='lat' dir='ltr'><strong>nominibus</strong></span> <span class='ocrx_word' id='word_1_112' title='bbox 617 1641 815 1711; x_wconf 76' lang='lat' dir='ltr'><strong>fuerit</strong></span> <span class='ocrx_word' id='word_1_113' title='bbox 842 1657 997 1695; x_wconf 74' lang='lat' dir='ltr'><strong>usus.</strong></span> <span class='ocrx_word' id='word_1_114' title='bbox 1029 1672 1097 1680; x_wconf 94' lang='lat'><strong><em>—</em></strong></span> <span class='ocrx_word' id='word_1_115' title='bbox 1131 1642 1305 1696; x_wconf 90' lang='lat' dir='ltr'><strong>Porro</strong></span> <span class='ocrx_word' id='word_1_116' title='bbox 1336 1641 1405 1695; x_wconf 92' lang='lat' dir='ltr'><strong>de</strong></span> <span class='ocrx_word' id='word_1_117' title='bbox 1425 1639 1756 1694; x_wconf 88' lang='lat' dir='ltr'><strong>nominibus</strong></span> <span class='ocrx_word' id='word_1_118' title='bbox 1786 1639 1975 1695; x_wconf 89' lang='lat' dir='ltr'><strong>homi-</strong></span> 
     </span>
    </p>
   </div>
   <div class='ocr_carea' id='block_1_18' title="bbox 280 1727 1976 1799">
    <p class='ocr_par' dir='ltr' id='par_1_18' title="bbox 280 1727 1976 1799">
     <span class='ocr_line' id='line_1_18' title="bbox 280 1727 1976 1799; baseline -0.002 -15"><span class='ocrx_word' id='word_1_119' title='bbox 280 1744 444 1794; x_wconf 90' lang='lat' dir='ltr'><strong>num,</strong></span> <span class='ocrx_word' id='word_1_120' title='bbox 472 1730 901 1799; x_wconf 84' lang='lat' dir='ltr'><strong>provinciarum</strong></span> <span class='ocrx_word' id='word_1_121' title='bbox 932 1737 987 1785; x_wconf 91' lang='lat' dir='ltr'><strong>et</strong></span> <span class='ocrx_word' id='word_1_122' title='bbox 1036 1728 1265 1785; x_wconf 88' lang='lat' dir='ltr'><strong>urbium</strong></span> <span class='ocrx_word' id='word_1_123' title='bbox 1304 1729 1487 1783; x_wconf 88' lang='lat' dir='ltr'><strong>multa</strong></span> <span class='ocrx_word' id='word_1_124' title='bbox 1534 1727 1672 1781; x_wconf 88' lang='lat' dir='ltr'><strong>mihi</strong></span> <span class='ocrx_word' id='word_1_125' title='bbox 1706 1735 1791 1783; x_wconf 91' lang='lat' dir='ltr'><strong>est</strong></span> <span class='ocrx_word' id='word_1_126' title='bbox 1832 1727 1976 1783; x_wconf 76' lang='lat' dir='ltr'><strong>diffi-</strong></span> 
     </span>
    </p>
   </div>
   <div class='ocr_carea' id='block_1_19' title="bbox 280 1814 1974 1885">
    <p class='ocr_par' dir='ltr' id='par_1_19' title="bbox 280 1814 1974 1885">
     <span class='ocr_line' id='line_1_19' title="bbox 280 1814 1974 1885; baseline -0.001 -14"><span class='ocrx_word' id='word_1_127' title='bbox 280 1817 465 1871; x_wconf 90' lang='lat' dir='ltr'><strong>cultas</strong></span> <span class='ocrx_word' id='word_1_128' title='bbox 495 1817 768 1885; x_wconf 89' lang='lat' dir='ltr'><strong>ingenita.</strong></span> <span class='ocrx_word' id='word_1_129' title='bbox 799 1816 949 1871; x_wconf 90' lang='lat' dir='ltr'><strong>Dum</strong></span> <span class='ocrx_word' id='word_1_130' title='bbox 978 1815 1129 1870; x_wconf 89' lang='lat' dir='ltr'><strong>enim</strong></span> <span class='ocrx_word' id='word_1_131' title='bbox 1162 1815 1450 1884; x_wconf 72' lang='lat' dir='ltr'><strong>quaedam,</strong></span> <span class='ocrx_word' id='word_1_132' title='bbox 1484 1829 1734 1884; x_wconf 90' lang='lat' dir='ltr'><strong>quorum</strong></span> <span class='ocrx_word' id='word_1_133' title='bbox 1765 1814 1974 1885; x_wconf 76' lang='lat' dir='ltr'><strong>attige-</strong></span> 
     </span>
    </p>
   </div>
   <div class='ocr_carea' id='block_1_20' title="bbox 278 1894 1975 1973">
    <p class='ocr_par' dir='ltr' id='par_1_20' title="bbox 278 1894 1975 1973">
     <span class='ocr_line' id='line_1_20' title="bbox 278 1894 1975 1973; baseline -0.001 -15"><span class='ocrx_word' id='word_1_134' title='bbox 278 1904 388 1959; x_wconf 87' lang='lat' dir='ltr'><strong>rim</strong></span> <span class='ocrx_word' id='word_1_135' title='bbox 422 1904 732 1967; x_wconf 90' lang='lat' dir='ltr'><strong>notionem,</strong></span> <span class='ocrx_word' id='word_1_136' title='bbox 772 1903 920 1958; x_wconf 89' lang='lat' dir='ltr'><strong>male</strong></span> <span class='ocrx_word' id='word_1_137' title='bbox 942 1903 1035 1958; x_wconf 79' lang='lat' dir='ltr'><strong>’ab</strong></span> <span class='ocrx_word' id='word_1_138' title='bbox 1065 1903 1160 1958; x_wconf 93' lang='lat' dir='ltr'><strong>illo</strong></span> <span class='ocrx_word' id='word_1_139' title='bbox 1212 1911 1445 1958; x_wconf 88' lang='lat' dir='ltr'><strong>auctore</strong></span> <span class='ocrx_word' id='word_1_140' title='bbox 1472 1894 1742 1971; x_wconf 72' lang='lat' dir='ltr'><strong>expressa</strong></span> <span class='ocrx_word' id='word_1_141' title='bbox 1771 1917 1975 1973; x_wconf 83' lang='lat' dir='ltr'><strong>cogno-</strong></span> 
     </span>
    </p>
   </div>
   <div class='ocr_carea' id='block_1_21' title="bbox 278 1991 1973 2062">
    <p class='ocr_par' dir='ltr' id='par_1_21' title="bbox 278 1991 1973 2062">
     <span class='ocr_line' id='line_1_21' title="bbox 278 1991 1973 2062; baseline -0.001 -16"><span class='ocrx_word' id='word_1_142' title='bbox 278 2006 390 2053; x_wconf 90' lang='lat' dir='ltr'><strong>sco.</strong></span> <span class='ocrx_word' id='word_1_143' title='bbox 425 1999 643 2046; x_wconf 92' lang='lat' dir='ltr'><strong>remota</strong></span> <span class='ocrx_word' id='word_1_144' title='bbox 673 1992 961 2060; x_wconf 72' lang='lat' dir='ltr'><strong>quaelibet,</strong></span> <span class='ocrx_word' id='word_1_145' title='bbox 993 2006 1175 2060; x_wconf 85' lang='lat' dir='ltr'><strong>eoque</strong></span> <span class='ocrx_word' id='word_1_146' title='bbox 1201 1991 1385 2061; x_wconf 88' lang='lat' dir='ltr'><strong>magis</strong></span> <span class='ocrx_word' id='word_1_147' title='bbox 1418 1991 1729 2062; x_wconf 89' lang='lat' dir='ltr'><strong>incognita,</strong></span> <span class='ocrx_word' id='word_1_148' title='bbox 1775 1991 1973 2047; x_wconf 87' lang='lat' dir='ltr'><strong>eadem</strong></span> 
     </span>
    </p>
   </div>
   <div class='ocr_carea' id='block_1_22' title="bbox 278 2079 1972 2150">
    <p class='ocr_par' dir='ltr' id='par_1_22' title="bbox 278 2079 1972 2150">
     <span class='ocr_line' id='line_1_22' title="bbox 278 2079 1972 2150; baseline -0.001 -16"><span class='ocrx_word' id='word_1_149' title='bbox 278 2080 560 2148; x_wconf 88' lang='lat' dir='ltr'><strong>pravitate</strong></span> <span class='ocrx_word' id='word_1_150' title='bbox 605 2079 907 2135; x_wconf 91' lang='lat' dir='ltr'><strong>enuntiata</strong></span> <span class='ocrx_word' id='word_1_151' title='bbox 938 2093 1055 2135; x_wconf 90' lang='lat' dir='ltr'><strong>non</strong></span> <span class='ocrx_word' id='word_1_152' title='bbox 1093 2079 1305 2135; x_wconf 89' lang='lat' dir='ltr'><strong>dubito.</strong></span> <span class='ocrx_word' id='word_1_153' title='bbox 1346 2080 1518 2135; x_wconf 88' lang='lat' dir='ltr'><strong>Verbi</strong></span> <span class='ocrx_word' id='word_1_154' title='bbox 1550 2080 1778 2150; x_wconf 89' lang='lat' dir='ltr'><strong>gratia:</strong></span> <span class='ocrx_word' id='word_1_155' title='bbox 1827 2080 1972 2133; x_wconf 87' lang='lat' dir='ltr'><strong>Tur-</strong></span> 
     </span>
    </p>
   </div>
   <div class='ocr_carea' id='block_1_23' title="bbox 277 2166 1971 2237">
    <p class='ocr_par' dir='ltr' id='par_1_23' title="bbox 277 2166 1971 2237">
     <span class='ocr_line' id='line_1_23' title="bbox 277 2166 1971 2237; baseline -0.002 -14"><span class='ocrx_word' id='word_1_156' title='bbox 277 2182 389 2233; x_wconf 75' lang='lat' dir='ltr'><strong>eos,</strong></span> <span class='ocrx_word' id='word_1_157' title='bbox 421 2168 757 2237; x_wconf 89' lang='lat' dir='ltr'><strong>quotidiano</strong></span> <span class='ocrx_word' id='word_1_158' title='bbox 796 2167 1203 2236; x_wconf 88' lang='lat' dir='ltr'><strong>iucrepitamus</strong></span> <span class='ocrx_word' id='word_1_159' title='bbox 1248 2170 1527 2236; x_wconf 86' lang='lat' dir='ltr'><strong>strepitu;</strong></span> <span class='ocrx_word' id='word_1_160' title='bbox 1576 2166 1971 2232; x_wconf 84' lang='lat' dir='ltr'><strong>Corozam&#39;am,</strong></span> 
     </span>
    </p>
   </div>
   <div class='ocr_carea' id='block_1_24' title="bbox 276 2254 1974 2326">
    <p class='ocr_par' dir='ltr' id='par_1_24' title="bbox 276 2254 1974 2326">
     <span class='ocr_line' id='line_1_24' title="bbox 276 2254 1974 2326; baseline -0.001 -16"><span class='ocrx_word' id='word_1_161' title='bbox 276 2257 552 2326; x_wconf 90' lang='lat' dir='ltr'><strong>quiddam</strong></span> <span class='ocrx_word' id='word_1_162' title='bbox 582 2256 717 2311; x_wconf 92' lang='lat' dir='ltr'><strong>novi</strong></span> <span class='ocrx_word' id='word_1_163' title='bbox 746 2256 997 2312; x_wconf 88' lang='lat' dir='ltr'><strong>nominis</strong></span> <span class='ocrx_word' id='word_1_164' title='bbox 1026 2254 1365 2311; x_wconf 87' lang='lat' dir='ltr'><strong>vocitamus.</strong></span> <span class='ocrx_word' id='word_1_165' title='bbox 1425 2255 1526 2311; x_wconf 90' lang='lat' dir='ltr'><strong>Ubi</strong></span> <span class='ocrx_word' id='word_1_166' title='bbox 1558 2255 1974 2311; x_wconf 89' lang='lat' dir='ltr'><strong>vocabulorum</strong></span> 
     </span>
    </p>
   </div>
   <div class='ocr_carea' id='block_1_25' title="bbox 275 2342 1969 2414">
    <p class='ocr_par' dir='ltr' id='par_1_25' title="bbox 275 2342 1969 2414">
     <span class='ocr_line' id='line_1_25' title="bbox 275 2342 1969 2414; baseline -0.001 -16"><span class='ocrx_word' id='word_1_167' title='bbox 275 2352 531 2399; x_wconf 88' lang='lat' dir='ltr'><strong>vetustas</strong></span> <span class='ocrx_word' id='word_1_168' title='bbox 576 2344 852 2414; x_wconf 90' lang='lat' dir='ltr'><strong>quoniam</strong></span> <span class='ocrx_word' id='word_1_169' title='bbox 898 2358 1040 2413; x_wconf 91' lang='lat' dir='ltr'><strong>pene</strong></span> <span class='ocrx_word' id='word_1_170' title='bbox 1088 2358 1323 2412; x_wconf 90' lang='lat' dir='ltr'><strong>prorsus</strong></span> <span class='ocrx_word' id='word_1_171' title='bbox 1367 2343 1670 2399; x_wconf 90' lang='lat' dir='ltr'><strong>obliterata</strong></span> <span class='ocrx_word' id='word_1_172' title='bbox 1723 2342 1969 2410; x_wconf 90' lang='lat' dir='ltr'><strong>delituit,</strong></span> 
     </span>
    </p>
   </div>
   <div class='ocr_carea' id='block_1_26' title="bbox 274 2431 1969 2502">
    <p class='ocr_par' dir='ltr' id='par_1_26' title="bbox 274 2431 1969 2502">
     <span class='ocr_line' id='line_1_26' title="bbox 274 2431 1969 2502; baseline -0.001 -16"><span class='ocrx_word' id='word_1_173' title='bbox 274 2432 619 2502; x_wconf 87' lang='lat' dir='ltr'><strong>antiquitate</strong></span> <span class='ocrx_word' id='word_1_174' title='bbox 668 2432 844 2498; x_wconf 90' lang='lat' dir='ltr'><strong>omni,</strong></span> <span class='ocrx_word' id='word_1_175' title='bbox 896 2431 1117 2487; x_wconf 89' lang='lat' dir='ltr'><strong>etiamsi</strong></span> <span class='ocrx_word' id='word_1_176' title='bbox 1195 2433 1267 2487; x_wconf 88' lang='lat' dir='ltr'><strong>ad</strong></span> <span class='ocrx_word' id='word_1_177' title='bbox 1326 2431 1615 2502; x_wconf 87' lang='lat' dir='ltr'><strong>integrum</strong></span> <span class='ocrx_word' id='word_1_178' title='bbox 1673 2431 1969 2501; x_wconf 89' lang='lat' dir='ltr'><strong>patuisset,</strong></span> 
     </span>
    </p>
   </div>
   <div class='ocr_carea' id='block_1_27' title="bbox 271 2519 1964 2590">
    <p class='ocr_par' dir='ltr' id='par_1_27' title="bbox 271 2519 1964 2590">
     <span class='ocr_line' id='line_1_27' title="bbox 271 2519 1964 2590; baseline 0 -18"><span class='ocrx_word' id='word_1_179' title='bbox 271 2527 480 2586; x_wconf 91' lang='lat' dir='ltr'><strong>amota,</strong></span> <span class='ocrx_word' id='word_1_180' title='bbox 508 2520 651 2575; x_wconf 87' lang='lat' dir='ltr'><strong>nihil</strong></span> <span class='ocrx_word' id='word_1_181' title='bbox 679 2520 788 2575; x_wconf 93' lang='lat' dir='ltr'><strong>nisi</strong></span> <span class='ocrx_word' id='word_1_182' title='bbox 813 2521 967 2590; x_wconf 92' lang='lat' dir='ltr'><strong>quod</strong></span> <span class='ocrx_word' id='word_1_183' title='bbox 988 2520 1213 2589; x_wconf 89' lang='lat' dir='ltr'><strong>publice</strong></span> <span class='ocrx_word' id='word_1_184' title='bbox 1236 2520 1555 2576; x_wconf 86' lang='lat' dir='ltr'><strong>cantitatur</strong></span> <span class='ocrx_word' id='word_1_185' title='bbox 1569 2520 1757 2576; x_wconf 87' lang='lat' dir='ltr'><strong>dicere</strong></span> <span class='ocrx_word' id='word_1_186' title='bbox 1780 2519 1964 2574; x_wconf 89' lang='lat' dir='ltr'><strong>libuit.</strong></span> 
     </span>
    </p>
   </div>
   <div class='ocr_carea' id='block_1_28' title="bbox 2088 582 3797 653">
    <p class='ocr_par' dir='ltr' id='par_1_28' title="bbox 2088 582 3797 653">
     <span class='ocr_line' id='line_1_28' title="bbox 2088 582 3797 653; baseline 0.004 -16"><span class='ocrx_word' id='word_1_187' title='bbox 2088 582 2423 650; x_wconf 75' lang='lat' dir='ltr'><strong>Caucamm,</strong></span> <span class='ocrx_word' id='word_1_188' title='bbox 2449 599 2562 639; x_wconf 93' lang='lat' dir='ltr'><strong>non</strong></span> <span class='ocrx_word' id='word_1_189' title='bbox 2593 584 2970 640; x_wconf 77' lang='lat' dir='ltr'><strong>Corozaniam</strong></span> <span class='ocrx_word' id='word_1_190' title='bbox 2996 597 3285 652; x_wconf 91' lang='lat' dir='ltr'><strong>ponerem,</strong></span> <span class='ocrx_word' id='word_1_191' title='bbox 3318 586 3486 653; x_wconf 90' lang='lat' dir='ltr'><strong>quasi</strong></span> <span class='ocrx_word' id='word_1_192' title='bbox 3514 588 3797 643; x_wconf 89' lang='lat' dir='ltr'><strong>sectando</strong></span> 
     </span>
    </p>
   </div>
   <div class='ocr_carea' id='block_1_29' title="bbox 2087 670 3799 745">
    <p class='ocr_par' dir='ltr' id='par_1_29' title="bbox 2087 670 3799 745">
     <span class='ocr_line' id='line_1_29' title="bbox 2087 670 3799 745; baseline 0.004 -20"><span class='ocrx_word' id='word_1_193' title='bbox 2087 671 2434 738; x_wconf 90' lang='lat' dir='ltr'><strong>authentica,</strong></span> <span class='ocrx_word' id='word_1_194' title='bbox 2467 672 2747 728; x_wconf 88' lang='lat' dir='ltr'><strong>obscurus</strong></span> <span class='ocrx_word' id='word_1_195' title='bbox 2796 671 3008 737; x_wconf 84' lang='lat' dir='ltr'><strong>fierem,</strong></span> <span class='ocrx_word' id='word_1_196' title='bbox 3042 684 3247 741; x_wconf 90' lang='lat' dir='ltr'><strong>meque</strong></span> <span class='ocrx_word' id='word_1_197' title='bbox 3276 670 3388 727; x_wconf 91' lang='lat' dir='ltr'><strong>illis</strong></span> <span class='ocrx_word' id='word_1_198' title='bbox 3417 674 3520 743; x_wconf 91' lang='lat' dir='ltr'><strong>qui</strong></span> <span class='ocrx_word' id='word_1_199' title='bbox 3546 675 3615 730; x_wconf 92' lang='lat' dir='ltr'><strong>de</strong></span> <span class='ocrx_word' id='word_1_200' title='bbox 3652 690 3799 745; x_wconf 89' lang='lat' dir='ltr'><strong>pro-</strong></span> 
     </span>
    </p>
   </div>
   <div class='ocr_carea' id='block_1_30' title="bbox 2085 760 3799 833">
    <p class='ocr_par' dir='ltr' id='par_1_30' title="bbox 2085 760 3799 833">
     <span class='ocr_line' id='line_1_30' title="bbox 2085 760 3799 833; baseline 0.004 -20"><span class='ocrx_word' id='word_1_201' title='bbox 2085 760 2224 828; x_wconf 91' lang='lat' dir='ltr'><strong>priis</strong></span> <span class='ocrx_word' id='word_1_202' title='bbox 2252 760 2551 830; x_wconf 88' lang='lat' dir='ltr'><strong>regionum</strong></span> <span class='ocrx_word' id='word_1_203' title='bbox 2586 760 2917 816; x_wconf 90' lang='lat' dir='ltr'><strong>nominibus</strong></span> <span class='ocrx_word' id='word_1_204' title='bbox 2960 767 3183 815; x_wconf 90' lang='lat' dir='ltr'><strong>certant</strong></span> <span class='ocrx_word' id='word_1_205' title='bbox 3228 762 3585 829; x_wconf 85' lang='lat' dir='ltr'><strong>carpendum</strong></span> <span class='ocrx_word' id='word_1_206' title='bbox 3612 779 3799 833; x_wconf 91' lang='lat' dir='ltr'><strong>expo-</strong></span> 
     </span>
    </p>
   </div>
   <div class='ocr_carea' id='block_1_31' title="bbox 2085 845 3798 917">
    <p class='ocr_par' dir='ltr' id='par_1_31' title="bbox 2085 845 3798 917">
     <span class='ocr_line' id='line_1_31' title="bbox 2085 845 3798 917; baseline -0.001 -15"><span class='ocrx_word' id='word_1_207' title='bbox 2085 862 2298 904; x_wconf 89' lang='lat' dir='ltr'><strong>nerem.</strong></span> <span class='ocrx_word' id='word_1_208' title='bbox 2333 849 2405 904; x_wconf 90' lang='lat' dir='ltr'><strong>Et</strong></span> <span class='ocrx_word' id='word_1_209' title='bbox 2452 848 2703 904; x_wconf 81' lang='lat' dir='ltr'><strong>maxime</strong></span> <span class='ocrx_word' id='word_1_210' title='bbox 2752 848 2891 903; x_wconf 90' lang='lat' dir='ltr'><strong>illud</strong></span> <span class='ocrx_word' id='word_1_211' title='bbox 2939 848 3168 903; x_wconf 90' lang='lat' dir='ltr'><strong>attendo</strong></span> <span class='ocrx_word' id='word_1_212' title='bbox 3220 848 3378 917; x_wconf 91' lang='lat' dir='ltr'><strong>quia,</strong></span> <span class='ocrx_word' id='word_1_213' title='bbox 3412 846 3559 902; x_wconf 93' lang='lat' dir='ltr'><strong>sicut</strong></span> <span class='ocrx_word' id='word_1_214' title='bbox 3591 846 3647 900; x_wconf 93' lang='lat' dir='ltr'><strong>in</strong></span> <span class='ocrx_word' id='word_1_215' title='bbox 3704 845 3798 900; x_wconf 90' lang='lat' dir='ltr'><strong>his</strong></span> 
     </span>
    </p>
   </div>
   <div class='ocr_carea' id='block_1_32' title="bbox 2086 934 3795 1006">
    <p class='ocr_par' dir='ltr' id='par_1_32' title="bbox 2086 934 3795 1006">
     <span class='ocr_line' id='line_1_32' title="bbox 2086 934 3795 1006; baseline -0.002 -14"><span class='ocrx_word' id='word_1_216' title='bbox 2086 936 2416 1006; x_wconf 89' lang='lat' dir='ltr'><strong>provinciis,</strong></span> <span class='ocrx_word' id='word_1_217' title='bbox 2448 944 2629 992; x_wconf 86' lang='lat' dir='ltr'><strong>terras</strong></span> <span class='ocrx_word' id='word_1_218' title='bbox 2678 936 2839 992; x_wconf 89' lang='lat' dir='ltr'><strong>novis</strong></span> <span class='ocrx_word' id='word_1_219' title='bbox 2864 943 3084 991; x_wconf 91' lang='lat' dir='ltr'><strong>constat</strong></span> <span class='ocrx_word' id='word_1_220' title='bbox 3134 935 3428 991; x_wconf 87' lang='lat' dir='ltr'><strong>vocabulis</strong></span> <span class='ocrx_word' id='word_1_221' title='bbox 3461 934 3795 1001; x_wconf 87' lang='lat' dir='ltr'><strong>insignitas,</strong></span> 
     </span>
    </p>
   </div>
   <div class='ocr_carea' id='block_1_33' title="bbox 2084 1022 3798 1092">
    <p class='ocr_par' dir='ltr' id='par_1_33' title="bbox 2084 1022 3798 1092">
     <span class='ocr_line' id='line_1_33' title="bbox 2084 1022 3798 1092; baseline -0.002 -13"><span class='ocrx_word' id='word_1_222' title='bbox 2084 1024 2278 1080; x_wconf 90' lang='lat' dir='ltr'><strong>itidem</strong></span> <span class='ocrx_word' id='word_1_223' title='bbox 2311 1025 2603 1080; x_wconf 87' lang='lat' dir='ltr'><strong>immutari</strong></span> <span class='ocrx_word' id='word_1_224' title='bbox 2635 1038 2752 1079; x_wconf 91' lang='lat' dir='ltr'><strong>non</strong></span> <span class='ocrx_word' id='word_1_225' title='bbox 2773 1024 3109 1080; x_wconf 86' lang='lat' dir='ltr'><strong>dubitamus</strong></span> <span class='ocrx_word' id='word_1_226' title='bbox 3158 1032 3214 1080; x_wconf 89' lang='lat' dir='ltr'><strong>et</strong></span> <span class='ocrx_word' id='word_1_227' title='bbox 3243 1031 3490 1079; x_wconf 87' lang='lat' dir='ltr'><strong>exteras.</strong></span> <span class='ocrx_word' id='word_1_228' title='bbox 3522 1022 3798 1092; x_wconf 87' lang='lat' dir='ltr'><strong>Namque</strong></span> 
     </span>
    </p>
   </div>
   <div class='ocr_carea' id='block_1_34' title="bbox 2082 1109 3794 1183">
    <p class='ocr_par' dir='ltr' id='par_1_34' title="bbox 2082 1109 3794 1183">
     <span class='ocr_line' id='line_1_34' title="bbox 2082 1109 3794 1183; baseline -0.003 -14"><span class='ocrx_word' id='word_1_229' title='bbox 2082 1113 2130 1169; x_wconf 87' lang='lat' dir='ltr'><strong>si</strong></span> <span class='ocrx_word' id='word_1_230' title='bbox 2159 1127 2228 1169; x_wconf 90' lang='lat' dir='ltr'><strong>ea</strong></span> <span class='ocrx_word' id='word_1_231' title='bbox 2256 1128 2388 1183; x_wconf 71' lang='lat' dir='ltr'><strong>quae</strong></span> <span class='ocrx_word' id='word_1_232' title='bbox 2412 1113 2546 1170; x_wconf 91' lang='lat' dir='ltr'><strong>olim</strong></span> <span class='ocrx_word' id='word_1_233' title='bbox 2579 1112 2877 1178; x_wconf 67' lang='lat' dir='ltr'><strong>Newtria,</strong></span> <span class='ocrx_word' id='word_1_234' title='bbox 2916 1112 3082 1167; x_wconf 91' lang='lat' dir='ltr'><strong>modo</strong></span> <span class='ocrx_word' id='word_1_235' title='bbox 3126 1109 3560 1166; x_wconf 79' lang='lat' dir='ltr'><strong>Northmannia</strong></span> <span class='ocrx_word' id='word_1_236' title='bbox 3583 1110 3794 1180; x_wconf 88' lang='lat' dir='ltr'><strong>appel-</strong></span> 
     </span>
    </p>
   </div>
   <div class='ocr_carea' id='block_1_35' title="bbox 2084 1197 3795 1271">
    <p class='ocr_par' dir='ltr' id='par_1_35' title="bbox 2084 1197 3795 1271">
     <span class='ocr_line' id='line_1_35' title="bbox 2084 1197 3795 1271; baseline -0.001 -17"><span class='ocrx_word' id='word_1_237' title='bbox 2084 1199 2264 1270; x_wconf 88' lang='lat' dir='ltr'><strong>latur;</strong></span> <span class='ocrx_word' id='word_1_238' title='bbox 2297 1208 2351 1255; x_wconf 91' lang='lat' dir='ltr'><strong>et</strong></span> <span class='ocrx_word' id='word_1_239' title='bbox 2382 1214 2513 1270; x_wconf 73' lang='lat' dir='ltr'><strong>quae</strong></span> <span class='ocrx_word' id='word_1_240' title='bbox 2544 1197 2806 1267; x_wconf 75' lang='lat' dir='ltr'><strong>Austria,</strong></span> <span class='ocrx_word' id='word_1_241' title='bbox 2841 1213 2999 1254; x_wconf 91' lang='lat' dir='ltr'><strong>nunc</strong></span> <span class='ocrx_word' id='word_1_242' title='bbox 3028 1197 3406 1271; x_wconf 81' lang='lat' dir='ltr'><strong>Lolharingia</strong></span> <span class='ocrx_word' id='word_1_243' title='bbox 3437 1212 3536 1268; x_wconf 89' lang='lat' dir='ltr'><strong>pro</strong></span> <span class='ocrx_word' id='word_1_244' title='bbox 3571 1197 3795 1268; x_wconf 88' lang='lat' dir='ltr'><strong>aliqui-</strong></span> 
     </span>
    </p>
   </div>
   <div class='ocr_carea' id='block_1_36' title="bbox 2083 1287 3795 1358">
    <p class='ocr_par' dir='ltr' id='par_1_36' title="bbox 2083 1287 3795 1358">
     <span class='ocr_line' id='line_1_36' title="bbox 2083 1287 3795 1358; baseline -0.002 -14"><span class='ocrx_word' id='word_1_245' title='bbox 2083 1288 2193 1344; x_wconf 90' lang='lat' dir='ltr'><strong>bus</strong></span> <span class='ocrx_word' id='word_1_246' title='bbox 2238 1289 2569 1344; x_wconf 89' lang='lat' dir='ltr'><strong>accidentiis</strong></span> <span class='ocrx_word' id='word_1_247' title='bbox 2613 1295 3009 1357; x_wconf 90' lang='lat' dir='ltr'><strong>nuncupatur,</strong></span> <span class='ocrx_word' id='word_1_248' title='bbox 3063 1288 3211 1343; x_wconf 90' lang='lat' dir='ltr'><strong>idem</strong></span> <span class='ocrx_word' id='word_1_249' title='bbox 3263 1288 3420 1358; x_wconf 88' lang='lat' dir='ltr'><strong>apud</strong></span> <span class='ocrx_word' id='word_1_250' title='bbox 3471 1287 3795 1343; x_wconf 86' lang='lat' dir='ltr'><strong>Orientales</strong></span> 
     </span>
    </p>
   </div>
   <div class='ocr_carea' id='block_1_37' title="bbox 2082 1374 3790 1447">
    <p class='ocr_par' dir='ltr' id='par_1_37' title="bbox 2082 1374 3790 1447">
     <span class='ocr_line' id='line_1_37' title="bbox 2082 1374 3790 1447; baseline -0.002 -14"><span class='ocrx_word' id='word_1_251' title='bbox 2082 1377 2373 1447; x_wconf 91' lang='lat' dir='ltr'><strong>quomodo</strong></span> <span class='ocrx_word' id='word_1_252' title='bbox 2400 1376 2523 1433; x_wconf 84' lang='lat' dir='ltr'><strong>ﬁeri</strong></span> <span class='ocrx_word' id='word_1_253' title='bbox 2569 1390 2682 1432; x_wconf 92' lang='lat' dir='ltr'><strong>non</strong></span> <span class='ocrx_word' id='word_1_254' title='bbox 2716 1374 3027 1431; x_wconf 80' lang='lat' dir='ltr'><strong>credatur?</strong></span> <span class='ocrx_word' id='word_1_255' title='bbox 3061 1376 3129 1433; x_wconf 91' lang='lat' dir='ltr'><strong>Ut</strong></span> <span class='ocrx_word' id='word_1_256' title='bbox 3157 1384 3422 1432; x_wconf 87' lang='lat' dir='ltr'><strong>asserunt</strong></span> <span class='ocrx_word' id='word_1_257' title='bbox 3454 1376 3624 1445; x_wconf 89' lang='lat' dir='ltr'><strong>plane</strong></span> <span class='ocrx_word' id='word_1_258' title='bbox 3654 1375 3790 1445; x_wconf 87' lang='lat' dir='ltr'><strong>qui-</strong></span> 
     </span>
    </p>
   </div>
   <div class='ocr_carea' id='block_1_38' title="bbox 2082 1463 3791 1536">
    <p class='ocr_par' dir='ltr' id='par_1_38' title="bbox 2082 1463 3791 1536">
     <span class='ocr_line' id='line_1_38' title="bbox 2082 1463 3791 1536; baseline -0.002 -15"><span class='ocrx_word' id='word_1_259' title='bbox 2082 1467 2235 1533; x_wconf 90' lang='lat' dir='ltr'><strong>dam,</strong></span> <span class='ocrx_word' id='word_1_260' title='bbox 2271 1465 2395 1535; x_wconf 90' lang='lat' dir='ltr'><strong>ipsa</strong></span> <span class='ocrx_word' id='word_1_261' title='bbox 2436 1465 2732 1536; x_wconf 89' lang='lat' dir='ltr'><strong>quondam</strong></span> <span class='ocrx_word' id='word_1_262' title='bbox 2785 1463 3074 1535; x_wconf 74' lang='lat' dir='ltr'><strong>Memphis</strong></span> <span class='ocrx_word' id='word_1_263' title='bbox 3114 1464 3404 1534; x_wconf 65' lang='lat' dir='ltr'><strong>Egyptia,</strong></span> <span class='ocrx_word' id='word_1_264' title='bbox 3458 1463 3791 1534; x_wconf 78' lang='lat' dir='ltr'><strong>Babylonia</strong></span> 
     </span>
    </p>
   </div>
   <div class='ocr_carea' id='block_1_39' title="bbox 2084 1552 3790 1623">
    <p class='ocr_par' dir='ltr' id='par_1_39' title="bbox 2084 1552 3790 1623">
     <span class='ocr_line' id='line_1_39' title="bbox 2084 1552 3790 1623; baseline -0.001 -14"><span class='ocrx_word' id='word_1_265' title='bbox 2084 1568 2243 1609; x_wconf 92' lang='lat' dir='ltr'><strong>nunc</strong></span> <span class='ocrx_word' id='word_1_266' title='bbox 2292 1554 2521 1609; x_wconf 89' lang='lat' dir='ltr'><strong>dicitur.</strong></span> <span class='ocrx_word' id='word_1_267' title='bbox 2554 1552 2793 1623; x_wconf 84' lang='lat' dir='ltr'><strong>Vulgari</strong></span> <span class='ocrx_word' id='word_1_268' title='bbox 2828 1552 3021 1622; x_wconf 88' lang='lat' dir='ltr'><strong>itaque</strong></span> <span class='ocrx_word' id='word_1_269' title='bbox 3052 1553 3219 1608; x_wconf 90' lang='lat' dir='ltr'><strong>modo</strong></span> <span class='ocrx_word' id='word_1_270' title='bbox 3252 1552 3430 1608; x_wconf 84' lang='lat' dir='ltr'><strong>malui</strong></span> <span class='ocrx_word' id='word_1_271' title='bbox 3479 1554 3790 1608; x_wconf 90' lang='lat' dir='ltr'><strong>enuntiare</strong></span> 
     </span>
    </p>
   </div>
   <div class='ocr_carea' id='block_1_40' title="bbox 2082 1639 3787 1711">
    <p class='ocr_par' dir='ltr' id='par_1_40' title="bbox 2082 1639 3787 1711">
     <span class='ocr_line' id='line_1_40' title="bbox 2082 1639 3787 1711; baseline 0 -16"><span class='ocrx_word' id='word_1_272' title='bbox 2082 1641 2283 1711; x_wconf 83' lang='lat' dir='ltr'><strong>aliqua</strong></span> <span class='ocrx_word' id='word_1_273' title='bbox 2312 1654 2490 1711; x_wconf 88' lang='lat' dir='ltr'><strong>quam</strong></span> <span class='ocrx_word' id='word_1_274' title='bbox 2523 1640 2820 1696; x_wconf 89' lang='lat' dir='ltr'><strong>obscurari</strong></span> <span class='ocrx_word' id='word_1_275' title='bbox 2851 1647 2952 1695; x_wconf 90' lang='lat' dir='ltr'><strong>aut</strong></span> <span class='ocrx_word' id='word_1_276' title='bbox 2999 1639 3339 1695; x_wconf 87' lang='lat' dir='ltr'><strong>contendere</strong></span> <span class='ocrx_word' id='word_1_277' title='bbox 3396 1641 3657 1709; x_wconf 90' lang='lat' dir='ltr'><strong>ponendo</strong></span> <span class='ocrx_word' id='word_1_278' title='bbox 3695 1641 3787 1696; x_wconf 91' lang='lat' dir='ltr'><strong>di-</strong></span> 
     </span>
    </p>
   </div>
   <div class='ocr_carea' id='block_1_41' title="bbox 2085 1727 3788 1800">
    <p class='ocr_par' dir='ltr' id='par_1_41' title="bbox 2085 1727 3788 1800">
     <span class='ocr_line' id='line_1_41' title="bbox 2085 1727 3788 1800; baseline -0.001 -16"><span class='ocrx_word' id='word_1_279' title='bbox 2085 1743 2270 1785; x_wconf 89' lang='lat' dir='ltr'><strong>versa.</strong></span> <span class='ocrx_word' id='word_1_280' title='bbox 2306 1731 2380 1785; x_wconf 89' lang='lat' dir='ltr'><strong>De</strong></span> <span class='ocrx_word' id='word_1_281' title='bbox 2411 1729 2639 1784; x_wconf 85' lang='lat' dir='ltr'><strong>nomine</strong></span> <span class='ocrx_word' id='word_1_282' title='bbox 2686 1737 2879 1783; x_wconf 89' lang='lat' dir='ltr'><strong>autem</strong></span> <span class='ocrx_word' id='word_1_283' title='bbox 2928 1727 3235 1782; x_wconf 72' lang='lat' dir='ltr'><strong>Podiensis</strong></span> <span class='ocrx_word' id='word_1_284' title='bbox 3274 1728 3479 1800; x_wconf 73' lang='lat' dir='ltr'><strong>(vulgo,</strong></span> <span class='ocrx_word' id='word_1_285' title='bbox 3538 1728 3589 1783; x_wconf 89' lang='lat' dir='ltr'><strong>le</strong></span> <span class='ocrx_word' id='word_1_286' title='bbox 3642 1730 3788 1796; x_wconf 77' lang='lat' dir='ltr'><strong>Puy)</strong></span> 
     </span>
    </p>
   </div>
   <div class='ocr_carea' id='block_1_42' title="bbox 2082 1815 3785 1887">
    <p class='ocr_par' dir='ltr' id='par_1_42' title="bbox 2082 1815 3785 1887">
     <span class='ocr_line' id='line_1_42' title="bbox 2082 1815 3785 1887; baseline -0.003 -14"><span class='ocrx_word' id='word_1_287' title='bbox 2082 1817 2329 1887; x_wconf 90' lang='lat' dir='ltr'><strong>episcopi</strong></span> <span class='ocrx_word' id='word_1_288' title='bbox 2360 1816 2461 1871; x_wconf 89' lang='lat' dir='ltr'><strong>diu</strong></span> <span class='ocrx_word' id='word_1_289' title='bbox 2496 1815 2654 1871; x_wconf 72' lang='lat' dir='ltr'><strong>haesi.</strong></span> <span class='ocrx_word' id='word_1_290' title='bbox 2688 1816 2798 1870; x_wconf 87' lang='lat' dir='ltr'><strong>Vix</strong></span> <span class='ocrx_word' id='word_1_291' title='bbox 2848 1817 2905 1870; x_wconf 90' lang='lat' dir='ltr'><strong>in</strong></span> <span class='ocrx_word' id='word_1_292' title='bbox 2970 1816 3147 1885; x_wconf 88' lang='lat' dir='ltr'><strong>hujus</strong></span> <span class='ocrx_word' id='word_1_293' title='bbox 3177 1815 3363 1884; x_wconf 90' lang='lat' dir='ltr'><strong>operis</strong></span> <span class='ocrx_word' id='word_1_294' title='bbox 3393 1819 3504 1871; x_wconf 85' lang='lat' dir='ltr'><strong>line</strong></span> <span class='ocrx_word' id='word_1_295' title='bbox 3555 1816 3785 1882; x_wconf 88' lang='lat' dir='ltr'><strong>edidici,</strong></span> 
     </span>
    </p>
   </div>
   <div class='ocr_carea' id='block_1_43' title="bbox 2082 1904 3356 1973">
    <p class='ocr_par' dir='ltr' id='par_1_43' title="bbox 2082 1904 3356 1973">
     <span class='ocr_line' id='line_1_43' title="bbox 2082 1904 3356 1973; baseline -0.002 -13"><span class='ocrx_word' id='word_1_296' title='bbox 2082 1920 2199 1961; x_wconf 91' lang='lat' dir='ltr'><strong>non</strong></span> <span class='ocrx_word' id='word_1_297' title='bbox 2229 1907 2382 1961; x_wconf 90' lang='lat' dir='ltr'><strong>enim</strong></span> <span class='ocrx_word' id='word_1_298' title='bbox 2414 1904 2473 1959; x_wconf 93' lang='lat' dir='ltr'><strong>in</strong></span> <span class='ocrx_word' id='word_1_299' title='bbox 2506 1917 2627 1959; x_wconf 85' lang='lat' dir='ltr'><strong>meo</strong></span> <span class='ocrx_word' id='word_1_300' title='bbox 2672 1904 2994 1959; x_wconf 79' lang='lat' dir='ltr'><strong>habebatur</strong></span> <span class='ocrx_word' id='word_1_301' title='bbox 3022 1904 3356 1973; x_wconf 89' lang='lat' dir='ltr'><strong>exemplari.</strong></span> 
     </span>
    </p>
   </div>
   <div class='ocr_carea' id='block_1_44' title="bbox 2153 1990 3789 2062">
    <p class='ocr_par' dir='ltr' id='par_1_44' title="bbox 2153 1990 3789 2062">
     <span class='ocr_line' id='line_1_44' title="bbox 2153 1990 3789 2062; baseline -0.001 -16"><span class='ocrx_word' id='word_1_302' title='bbox 2153 1994 2356 2048; x_wconf 85' lang='lat' dir='ltr'><strong>Pareat</strong></span> <span class='ocrx_word' id='word_1_303' title='bbox 2406 2006 2638 2062; x_wconf 82' lang='lat' dir='ltr'><strong>quoque</strong></span> <span class='ocrx_word' id='word_1_304' title='bbox 2685 1992 2860 2047; x_wconf 89' lang='lat' dir='ltr'><strong>lector</strong></span> <span class='ocrx_word' id='word_1_305' title='bbox 2905 2006 3045 2048; x_wconf 63' lang='lat' dir='ltr'><strong>mea:</strong></span> <span class='ocrx_word' id='word_1_306' title='bbox 3089 1992 3370 2047; x_wconf 90' lang='lat' dir='ltr'><strong>sermonis</strong></span> <span class='ocrx_word' id='word_1_307' title='bbox 3400 1990 3663 2055; x_wconf 67' lang='lat' dir='ltr'><strong>incuriae,</strong></span> <span class='ocrx_word' id='word_1_308' title='bbox 3701 1990 3789 2045; x_wconf 89' lang='lat' dir='ltr'><strong>in-</strong></span> 
     </span>
    </p>
   </div>
   <div class='ocr_carea' id='block_1_45' title="bbox 2081 2078 3788 2150">
    <p class='ocr_par' dir='ltr' id='par_1_45' title="bbox 2081 2078 3788 2150">
     <span class='ocr_line' id='line_1_45' title="bbox 2081 2078 3788 2150; baseline -0.002 -14"><span class='ocrx_word' id='word_1_309' title='bbox 2081 2081 2255 2136; x_wconf 92' lang='lat' dir='ltr'><strong>dubie</strong></span> <span class='ocrx_word' id='word_1_310' title='bbox 2297 2081 2482 2136; x_wconf 89' lang='lat' dir='ltr'><strong>sciens</strong></span> <span class='ocrx_word' id='word_1_311' title='bbox 2529 2079 2668 2150; x_wconf 80' lang='lat' dir='ltr'><strong>quia</strong></span> <span class='ocrx_word' id='word_1_312' title='bbox 2708 2094 2840 2149; x_wconf 74' lang='lat' dir='ltr'><strong>quae</strong></span> <span class='ocrx_word' id='word_1_313' title='bbox 2890 2079 3191 2136; x_wconf 85' lang='lat' dir='ltr'><strong>habuerim</strong></span> <span class='ocrx_word' id='word_1_314' title='bbox 3235 2078 3544 2146; x_wconf 84' lang='lat' dir='ltr'><strong>scribendi,</strong></span> <span class='ocrx_word' id='word_1_315' title='bbox 3585 2078 3788 2133; x_wconf 87' lang='lat' dir='ltr'><strong>eadem</strong></span> 
     </span>
    </p>
   </div>
   <div class='ocr_carea' id='block_1_46' title="bbox 2081 2167 3790 2235">
    <p class='ocr_par' dir='ltr' id='par_1_46' title="bbox 2081 2167 3790 2235">
     <span class='ocr_line' id='line_1_46' title="bbox 2081 2167 3790 2235; baseline -0.001 -11"><span class='ocrx_word' id='word_1_316' title='bbox 2081 2170 2221 2224; x_wconf 87' lang='lat' dir='ltr'><strong>mihi</strong></span> <span class='ocrx_word' id='word_1_317' title='bbox 2253 2169 2467 2225; x_wconf 87' lang='lat' dir='ltr'><strong>fuerint</strong></span> <span class='ocrx_word' id='word_1_318' title='bbox 2499 2176 2790 2224; x_wconf 89' lang='lat' dir='ltr'><strong>momenta</strong></span> <span class='ocrx_word' id='word_1_319' title='bbox 2821 2168 3094 2235; x_wconf 88' lang='lat' dir='ltr'><strong>dictandi,</strong></span> <span class='ocrx_word' id='word_1_320' title='bbox 3130 2183 3233 2224; x_wconf 90' lang='lat' dir='ltr'><strong>nec</strong></span> <span class='ocrx_word' id='word_1_321' title='bbox 3262 2167 3407 2224; x_wconf 90' lang='lat' dir='ltr'><strong>ceris</strong></span> <span class='ocrx_word' id='word_1_322' title='bbox 3423 2168 3790 2224; x_wconf 89' lang='lat' dir='ltr'><strong>emendanda</strong></span> 
     </span>
    </p>
   </div>
   <div class='ocr_carea' id='block_1_47' title="bbox 2079 2255 3784 2328">
    <p class='ocr_par' dir='ltr' id='par_1_47' title="bbox 2079 2255 3784 2328">
     <span class='ocr_line' id='line_1_47' title="bbox 2079 2255 3784 2328; baseline -0.002 -15"><span class='ocrx_word' id='word_1_323' title='bbox 2079 2257 2404 2328; x_wconf 87' lang='lat' dir='ltr'><strong>diligenter,</strong></span> <span class='ocrx_word' id='word_1_324' title='bbox 2455 2256 2697 2327; x_wconf 80' lang='lat' dir='ltr'><strong>excepi;</strong></span> <span class='ocrx_word' id='word_1_325' title='bbox 2749 2257 2846 2312; x_wconf 88' lang='lat' dir='ltr'><strong>sed</strong></span> <span class='ocrx_word' id='word_1_326' title='bbox 2894 2258 2973 2312; x_wconf 92' lang='lat' dir='ltr'><strong>uti</strong></span> <span class='ocrx_word' id='word_1_327' title='bbox 3030 2266 3234 2326; x_wconf 69' lang='lat' dir='ltr'><strong>praesto</strong></span> <span class='ocrx_word' id='word_1_328' title='bbox 3281 2265 3386 2322; x_wconf 86' lang='lat' dir='ltr'><strong>est,</strong></span> <span class='ocrx_word' id='word_1_329' title='bbox 3435 2255 3581 2310; x_wconf 67' lang='lat' dir='ltr'><strong>foede</strong></span> <span class='ocrx_word' id='word_1_330' title='bbox 3634 2256 3784 2310; x_wconf 89' lang='lat' dir='ltr'><strong>dela-</strong></span> 
     </span>
    </p>
   </div>
   <div class='ocr_carea' id='block_1_48' title="bbox 2083 2344 3787 2415">
    <p class='ocr_par' dir='ltr' id='par_1_48' title="bbox 2083 2344 3787 2415">
     <span class='ocr_line' id='line_1_48' title="bbox 2083 2344 3787 2415; baseline -0.001 -15"><span class='ocrx_word' id='word_1_331' title='bbox 2083 2354 2231 2401; x_wconf 88' lang='lat' dir='ltr'><strong>trata</strong></span> <span class='ocrx_word' id='word_1_332' title='bbox 2285 2345 2637 2400; x_wconf 86' lang='lat' dir='ltr'><strong>membranis</strong></span> <span class='ocrx_word' id='word_1_333' title='bbox 2663 2344 2925 2415; x_wconf 92' lang='lat' dir='ltr'><strong>apposui.</strong></span> <span class='ocrx_word' id='word_1_334' title='bbox 2949 2344 3166 2400; x_wconf 87' lang='lat' dir='ltr'><strong>Nomen</strong></span> <span class='ocrx_word' id='word_1_335' title='bbox 3188 2354 3380 2401; x_wconf 90' lang='lat' dir='ltr'><strong>autem</strong></span> <span class='ocrx_word' id='word_1_336' title='bbox 3414 2344 3595 2398; x_wconf 89' lang='lat' dir='ltr'><strong>indidi</strong></span> <span class='ocrx_word' id='word_1_337' title='bbox 3627 2344 3787 2413; x_wconf 91' lang='lat' dir='ltr'><strong>quod</strong></span> 
     </span>
    </p>
   </div>
   <div class='ocr_carea' id='block_1_49' title="bbox 2081 2432 3788 2503">
    <p class='ocr_par' dir='ltr' id='par_1_49' title="bbox 2081 2432 3788 2503">
     <span class='ocr_line' id='line_1_49' title="bbox 2081 2432 3788 2503; baseline -0.002 -15"><span class='ocrx_word' id='word_1_338' title='bbox 2081 2433 2415 2503; x_wconf 88' lang='lat' dir='ltr'><strong>arrogantia</strong></span> <span class='ocrx_word' id='word_1_339' title='bbox 2471 2441 2661 2488; x_wconf 85' lang='lat' dir='ltr'><strong>careat</strong></span> <span class='ocrx_word' id='word_1_340' title='bbox 2721 2432 3026 2502; x_wconf 83' lang='lat' dir='ltr'><strong>gentisque</strong></span> <span class='ocrx_word' id='word_1_341' title='bbox 3066 2433 3266 2488; x_wconf 90' lang='lat' dir='ltr'><strong>honori</strong></span> <span class='ocrx_word' id='word_1_342' title='bbox 3319 2432 3600 2503; x_wconf 84' lang='lat' dir='ltr'><strong>proficiat,</strong></span> <span class='ocrx_word' id='word_1_343' title='bbox 3641 2432 3788 2487; x_wconf 87' lang='lat' dir='ltr'><strong>scili-</strong></span> 
     </span>
    </p>
   </div>
   <div class='ocr_carea' id='block_1_50' title="bbox 2079 2518 2989 2575">
    <p class='ocr_par' dir='ltr' id='par_1_50' title="bbox 2079 2518 2989 2575">
     <span class='ocr_line' id='line_1_50' title="bbox 2079 2518 2989 2575; baseline -0.003 -1"><span class='ocrx_word' id='word_1_344' title='bbox 2079 2527 2167 2574; x_wconf 92' lang='lat' dir='ltr'><strong>cet</strong></span> <span class='ocrx_word' id='word_1_345' title='bbox 2201 2519 2340 2574; x_wconf 75' lang='lat' dir='ltr'><strong>:DEI</strong></span> <span class='ocrx_word' id='word_1_346' title='bbox 2372 2533 2548 2574; x_wconf 71' lang='lat' dir='ltr'><strong>casu</strong></span> <span class='ocrx_word' id='word_1_347' title='bbox 2579 2533 2685 2575; x_wconf 72' lang='lat' dir='ltr'><strong>pan</strong></span> <span class='ocrx_word' id='word_1_348' title='bbox 2714 2518 2989 2575; x_wconf 61' lang='lat' dir='ltr'><strong>Fauces.</strong></span> 
     </span>
    </p>
   </div>
   <div class='ocr_carea' id='block_1_51' title="bbox 746 2822 3313 2972">
    <p class='ocr_par' dir='ltr' id='par_1_51' title="bbox 746 2822 3313 2972">
     <span class='ocr_line' id='line_1_51' title="bbox 746 2822 3313 2972; baseline -0.002 -1"><span class='ocrx_word' id='word_1_349' title='bbox 746 2825 1379 2972; x_wconf 87' lang='lat' dir='ltr'><strong>GESTA</strong></span> <span class='ocrx_word' id='word_1_350' title='bbox 1454 2827 1817 2971; x_wconf 73' lang='lat' dir='ltr'><strong>‘DEI</strong></span> <span class='ocrx_word' id='word_1_351' title='bbox 1921 2826 2313 2971; x_wconf 89' lang='lat' dir='ltr'>PER</span> <span class='ocrx_word' id='word_1_352' title='bbox 2412 2822 3313 2970; x_wconf 85' lang='lat' dir='ltr'><strong>FRANCOS</strong></span> 
     </span>
    </p>
   </div>
   <div class='ocr_carea' id='block_1_52' title="bbox 1947 3020 2099 3070">
    <p class='ocr_par' dir='ltr' id='par_1_52' title="bbox 1947 3020 2099 3070">
     <span class='ocr_line' id='line_1_52' title="bbox 1947 3020 2099 3070; baseline 0 0"><span class='ocrx_word' id='word_1_353' title='bbox 1947 3020 2099 3070; x_wconf 89' lang='lat' dir='ltr'><strong>SIVE</strong></span> 
     </span>
    </p>
   </div>
   <div class='ocr_carea' id='block_1_53' title="bbox 964 3133 3119 3244">
    <p class='ocr_par' dir='ltr' id='par_1_53' title="bbox 964 3133 3119 3244">
     <span class='ocr_line' id='line_1_53' title="bbox 964 3133 3119 3244; baseline -0.001 -1"><span class='ocrx_word' id='word_1_354' title='bbox 964 3134 1639 3244; x_wconf 81' lang='lat' dir='ltr'><strong>HISTORIA</strong></span> <span class='ocrx_word' id='word_1_355' title='bbox 1735 3136 1885 3242; x_wconf 93' lang='lat' dir='ltr'><strong>HI</strong></span> <span class='ocrx_word' id='word_1_356' title='bbox 1910 3133 3119 3243; x_wconf 81' lang='lat' dir='ltr'><strong>EROSOLYMITANA</strong></span> 
     </span>
    </p>
   </div>
   <div class='ocr_carea' id='block_1_54' title="bbox 1575 3321 2438 3409">
    <p class='ocr_par' dir='ltr' id='par_1_54' title="bbox 1575 3321 2438 3409">
     <span class='ocr_line' id='line_1_54' title="bbox 1575 3321 2438 3409; baseline -0.001 -2"><span class='ocrx_word' id='word_1_357' title='bbox 1575 3322 1920 3408; x_wconf 87' lang='lat' dir='ltr'>LIBER</span> <span class='ocrx_word' id='word_1_358' title='bbox 1976 3321 2438 3409; x_wconf 87' lang='lat' dir='ltr'><strong>PRIMUS.</strong></span> 
     </span>
    </p>
   </div>
   <div class='ocr_carea' id='block_1_55' title="bbox 825 3597 1399 3654">
    <p class='ocr_par' dir='ltr' id='par_1_55' title="bbox 825 3597 1399 3654">
     <span class='ocr_line' id='line_1_55' title="bbox 825 3597 1399 3654; baseline -0.003 0"><span class='ocrx_word' id='word_1_359' title='bbox 825 3598 1057 3654; x_wconf 85' lang='lat' dir='ltr'><strong>CAPUT</strong></span> <span class='ocrx_word' id='word_1_360' title='bbox 1097 3597 1399 3654; x_wconf 79' lang='lat' dir='ltr'><strong>PRIMUM.</strong></span> 
     </span>
    </p>
   </div>
   <div class='ocr_carea' id='block_1_56' title="bbox 338 3684 1963 3761">
    <p class='ocr_par' dir='ltr' id='par_1_56' title="bbox 338 3684 1963 3761">
     <span class='ocr_line' id='line_1_56' title="bbox 338 3684 1963 3761; baseline -0.001 -18"><span class='ocrx_word' id='word_1_361' title='bbox 338 3687 433 3761; x_wconf 84' lang='grc'>[1.]</span> <span class='ocrx_word' id='word_1_362' title='bbox 449 3688 758 3743; x_wconf 73' lang='lat' dir='ltr'><strong>Coaevorum</strong></span> <span class='ocrx_word' id='word_1_363' title='bbox 768 3685 953 3741; x_wconf 70' lang='lat' dir='ltr'><strong>virtus</strong></span> <span class='ocrx_word' id='word_1_364' title='bbox 972 3685 1304 3742; x_wconf 75' lang='lat' dir='ltr'><strong>minimeest</strong></span> <span class='ocrx_word' id='word_1_365' title='bbox 1312 3684 1713 3758; x_wconf 80' lang='lat' dir='ltr'><strong>vituperanda.</strong></span> <span class='ocrx_word' id='word_1_366' title='bbox 1733 3714 1792 3725; x_wconf 95' lang='lat'>—</span> <span class='ocrx_word' id='word_1_367' title='bbox 1810 3685 1963 3748; x_wconf 85' lang='lat' dir='ltr'><strong>Quo-</strong></span> 
     </span>
    </p>
   </div>
   <div class='ocr_carea' id='block_1_57' title="bbox 266 3774 1961 3843">
    <p class='ocr_par' dir='ltr' id='par_1_57' title="bbox 266 3774 1961 3843">
     <span class='ocr_line' id='line_1_57' title="bbox 266 3774 1961 3843; baseline -0.003 -10"><span class='ocrx_word' id='word_1_368' title='bbox 266 3778 533 3833; x_wconf 89' lang='lat' dir='ltr'><strong>rumdam</strong></span> <span class='ocrx_word' id='word_1_369' title='bbox 567 3776 897 3831; x_wconf 88' lang='lat' dir='ltr'><strong>mortalium</strong></span> <span class='ocrx_word' id='word_1_370' title='bbox 927 3775 1127 3830; x_wconf 85' lang='lat' dir='ltr'><strong>vitiose</strong></span> <span class='ocrx_word' id='word_1_371' title='bbox 1167 3774 1486 3843; x_wconf 89' lang='lat' dir='ltr'><strong>aliquoties,</strong></span> <span class='ocrx_word' id='word_1_372' title='bbox 1519 3774 1615 3829; x_wconf 91' lang='lat' dir='ltr'><strong>sed</strong></span> <span class='ocrx_word' id='word_1_373' title='bbox 1646 3787 1761 3829; x_wconf 93' lang='lat' dir='ltr'><strong>non</strong></span> <span class='ocrx_word' id='word_1_374' title='bbox 1806 3787 1961 3829; x_wconf 90' lang='lat' dir='ltr'><strong>sem-</strong></span> 
     </span>
    </p>
   </div>
   <div class='ocr_carea' id='block_1_58' title="bbox 266 3861 1961 3935">
    <p class='ocr_par' dir='ltr' id='par_1_58' title="bbox 266 3861 1961 3935">
     <span class='ocr_line' id='line_1_58' title="bbox 266 3861 1961 3935; baseline -0.002 -15"><span class='ocrx_word' id='word_1_375' title='bbox 266 3880 387 3935; x_wconf 92' lang='lat' dir='ltr'><strong>per,</strong></span> <span class='ocrx_word' id='word_1_376' title='bbox 422 3864 679 3920; x_wconf 91' lang='lat' dir='ltr'><strong>morihus</strong></span> <span class='ocrx_word' id='word_1_377' title='bbox 710 3870 932 3918; x_wconf 88' lang='lat' dir='ltr'><strong>constat</strong></span> <span class='ocrx_word' id='word_1_378' title='bbox 957 3863 1241 3929; x_wconf 90' lang='lat' dir='ltr'><strong>inolitum,</strong></span> <span class='ocrx_word' id='word_1_379' title='bbox 1276 3870 1341 3917; x_wconf 89' lang='lat' dir='ltr'><strong>ut</strong></span> <span class='ocrx_word' id='word_1_380' title='bbox 1372 3862 1779 3917; x_wconf 89' lang='lat' dir='ltr'><strong>modernorum</strong></span> <span class='ocrx_word' id='word_1_381' title='bbox 1811 3861 1961 3917; x_wconf 89' lang='lat' dir='ltr'><strong>facta</strong></span> 
     </span>
    </p>
   </div>
   <div class='ocr_carea' id='block_1_59' title="bbox 265 3948 1961 4023">
    <p class='ocr_par' dir='ltr' id='par_1_59' title="bbox 265 3948 1961 4023">
     <span class='ocr_line' id='line_1_59' title="bbox 265 3948 1961 4023; baseline -0.004 -14"><span class='ocrx_word' id='word_1_382' title='bbox 265 3954 614 4023; x_wconf 87' lang='lat' dir='ltr'><strong>vituperent,</strong></span> <span class='ocrx_word' id='word_1_383' title='bbox 665 3949 952 4021; x_wconf 70' lang='lat' dir='ltr'><strong>praeterita</strong></span> <span class='ocrx_word' id='word_1_384' title='bbox 993 3949 1203 4005; x_wconf 70' lang='lat' dir='ltr'><strong>smcula</strong></span> <span class='ocrx_word' id='word_1_385' title='bbox 1249 3949 1571 4005; x_wconf 89' lang='lat' dir='ltr'><strong>sustollant.</strong></span> <span class='ocrx_word' id='word_1_386' title='bbox 1621 3950 1692 4004; x_wconf 89' lang='lat' dir='ltr'><strong>Et</strong></span> <span class='ocrx_word' id='word_1_387' title='bbox 1724 3948 1961 4018; x_wconf 91' lang='lat' dir='ltr'><strong>quidem</strong></span> 
     </span>
    </p>
   </div>
   <div class='ocr_carea' id='block_1_60' title="bbox 267 4036 1961 4107">
    <p class='ocr_par' dir='ltr' id='par_1_60' title="bbox 267 4036 1961 4107">
     <span class='ocr_line' id='line_1_60' title="bbox 267 4036 1961 4107; baseline -0.004 -10"><span class='ocrx_word' id='word_1_388' title='bbox 267 4040 559 4097; x_wconf 89' lang='lat' dir='ltr'><strong>laudanda</strong></span> <span class='ocrx_word' id='word_1_389' title='bbox 586 4040 696 4094; x_wconf 88' lang='lat' dir='ltr'><strong>fuit</strong></span> <span class='ocrx_word' id='word_1_390' title='bbox 727 4046 986 4093; x_wconf 89' lang='lat' dir='ltr'><strong>veterum</strong></span> <span class='ocrx_word' id='word_1_391' title='bbox 1014 4038 1302 4093; x_wconf 64' lang='lat' dir='ltr'><strong>modestiae</strong></span> <span class='ocrx_word' id='word_1_392' title='bbox 1328 4044 1751 4107; x_wconf 89' lang='lat' dir='ltr'><strong>contemperata</strong></span> <span class='ocrx_word' id='word_1_393' title='bbox 1780 4036 1961 4092; x_wconf 88' lang='lat' dir='ltr'><strong>felici-</strong></span> 
     </span>
    </p>
   </div>
   <div class='ocr_carea' id='block_1_61' title="bbox 269 4124 1961 4194">
    <p class='ocr_par' dir='ltr' id='par_1_61' title="bbox 269 4124 1961 4194">
     <span class='ocr_line' id='line_1_61' title="bbox 269 4124 1961 4194; baseline -0.002 -10"><span class='ocrx_word' id='word_1_394' title='bbox 269 4137 353 4185; x_wconf 90' lang='lat' dir='ltr'><strong>tas</strong></span> <span class='ocrx_word' id='word_1_395' title='bbox 383 4135 438 4183; x_wconf 91' lang='lat' dir='ltr'><strong>et</strong></span> <span class='ocrx_word' id='word_1_396' title='bbox 467 4126 866 4182; x_wconf 88' lang='lat' dir='ltr'><strong>retractatione</strong></span> <span class='ocrx_word' id='word_1_397' title='bbox 894 4125 1114 4181; x_wconf 89' lang='lat' dir='ltr'><strong>consilii</strong></span> <span class='ocrx_word' id='word_1_398' title='bbox 1171 4126 1466 4182; x_wconf 90' lang='lat' dir='ltr'><strong>moderata</strong></span> <span class='ocrx_word' id='word_1_399' title='bbox 1510 4126 1830 4194; x_wconf 87' lang='lat' dir='ltr'><strong>vivacitas;</strong></span> <span class='ocrx_word' id='word_1_400' title='bbox 1862 4124 1961 4180; x_wconf 91' lang='lat' dir='ltr'><strong>sed</strong></span> 
     </span>
    </p>
   </div>
   <div class='ocr_carea' id='block_1_62' title="bbox 266 4214 1962 4284">
    <p class='ocr_par' dir='ltr' id='par_1_62' title="bbox 266 4214 1962 4284">
     <span class='ocr_line' id='line_1_62' title="bbox 266 4214 1962 4284; baseline -0.003 -12"><span class='ocrx_word' id='word_1_401' title='bbox 266 4215 479 4272; x_wconf 91' lang='lat' dir='ltr'><strong>nemini</strong></span> <span class='ocrx_word' id='word_1_402' title='bbox 524 4214 787 4282; x_wconf 88' lang='lat' dir='ltr'><strong>discreto,</strong></span> <span class='ocrx_word' id='word_1_403' title='bbox 833 4214 1227 4284; x_wconf 89' lang='lat' dir='ltr'><strong>qualicunque</strong></span> <span class='ocrx_word' id='word_1_404' title='bbox 1267 4214 1469 4269; x_wconf 92' lang='lat' dir='ltr'><strong>virtuti</strong></span> <span class='ocrx_word' id='word_1_405' title='bbox 1505 4219 1731 4277; x_wconf 67' lang='lat' dir='ltr'><strong>nostrae,</strong></span> <span class='ocrx_word' id='word_1_406' title='bbox 1783 4227 1962 4268; x_wconf 70' lang='lat' dir='ltr'><strong>saecu-</strong></span> 
     </span>
    </p>
   </div>
   <div class='ocr_carea' id='block_1_63' title="bbox 268 4301 1955 4371">
    <p class='ocr_par' dir='ltr' id='par_1_63' title="bbox 268 4301 1955 4371">
     <span class='ocr_line' id='line_1_63' title="bbox 268 4301 1955 4371; baseline -0.004 -10"><span class='ocrx_word' id='word_1_407' title='bbox 268 4305 401 4361; x_wconf 90' lang='lat' dir='ltr'><strong>laris</strong></span> <span class='ocrx_word' id='word_1_408' title='bbox 428 4317 626 4359; x_wconf 90' lang='lat' dir='ltr'><strong>eorum</strong></span> <span class='ocrx_word' id='word_1_409' title='bbox 657 4301 830 4358; x_wconf 88' lang='lat' dir='ltr'><strong>fuerit</strong></span> <span class='ocrx_word' id='word_1_410' title='bbox 862 4302 976 4358; x_wconf 93' lang='lat' dir='ltr'><strong>ullo</strong></span> <span class='ocrx_word' id='word_1_411' title='bbox 996 4302 1163 4358; x_wconf 91' lang='lat' dir='ltr'><strong>modo</strong></span> <span class='ocrx_word' id='word_1_412' title='bbox 1192 4303 1558 4358; x_wconf 86' lang='lat' dir='ltr'><strong>anteferenda</strong></span> <span class='ocrx_word' id='word_1_413' title='bbox 1589 4302 1955 4371; x_wconf 87' lang='lat' dir='ltr'><strong>prosperitas.</strong></span> 
     </span>
    </p>
   </div>
   <div class='ocr_carea' id='block_1_64' title="bbox 266 4385 1955 4459">
    <p class='ocr_par' dir='ltr' id='par_1_64' title="bbox 266 4385 1955 4459">
     <span class='ocr_line' id='line_1_64' title="bbox 266 4385 1955 4459; baseline -0.002 -13"><span class='ocrx_word' id='word_1_414' title='bbox 266 4390 383 4447; x_wconf 87' lang='lat' dir='ltr'><strong>Etsi</strong></span> <span class='ocrx_word' id='word_1_415' title='bbox 429 4391 582 4446; x_wconf 87' lang='lat' dir='ltr'><strong>enim</strong></span> <span class='ocrx_word' id='word_1_416' title='bbox 621 4388 680 4443; x_wconf 90' lang='lat' dir='ltr'><strong>in</strong></span> <span class='ocrx_word' id='word_1_417' title='bbox 723 4388 981 4459; x_wconf 89' lang='lat' dir='ltr'><strong>antiquis</strong></span> <span class='ocrx_word' id='word_1_418' title='bbox 1024 4387 1214 4443; x_wconf 87' lang='lat' dir='ltr'><strong>virtus</strong></span> <span class='ocrx_word' id='word_1_419' title='bbox 1241 4386 1510 4443; x_wconf 60' lang='lat' dir='ltr'><strong>defaecata</strong></span> <span class='ocrx_word' id='word_1_420' title='bbox 1564 4385 1955 4456; x_wconf 63' lang='lat' dir='ltr'><strong>praeminuit;</strong></span> 
     </span>
    </p>
   </div>
   <div class='ocr_carea' id='block_1_65' title="bbox 263 4474 1959 4546">
    <p class='ocr_par' dir='ltr' id='par_1_65' title="bbox 263 4474 1959 4546">
     <span class='ocr_line' id='line_1_65' title="bbox 263 4474 1959 4546; baseline -0.004 -10"><span class='ocrx_word' id='word_1_421' title='bbox 263 4487 455 4536; x_wconf 89' lang='lat' dir='ltr'><strong>tamen</strong></span> <span class='ocrx_word' id='word_1_422' title='bbox 486 4478 544 4532; x_wconf 89' lang='lat' dir='ltr'><strong>in</strong></span> <span class='ocrx_word' id='word_1_423' title='bbox 576 4477 760 4544; x_wconf 92' lang='lat' dir='ltr'><strong>nobis,</strong></span> <span class='ocrx_word' id='word_1_424' title='bbox 796 4476 853 4531; x_wconf 90' lang='lat' dir='ltr'><strong>in</strong></span> <span class='ocrx_word' id='word_1_425' title='bbox 882 4490 1029 4546; x_wconf 90' lang='lat' dir='ltr'><strong>quos</strong></span> <span class='ocrx_word' id='word_1_426' title='bbox 1075 4474 1203 4531; x_wconf 87' lang='lat' dir='ltr'><strong>licet</strong></span> <span class='ocrx_word' id='word_1_427' title='bbox 1241 4474 1585 4531; x_wconf 72' lang='lat' dir='ltr'><strong>saeculorum</strong></span> <span class='ocrx_word' id='word_1_428' title='bbox 1630 4474 1762 4529; x_wconf 86' lang='lat' dir='ltr'><strong>ﬁnis</strong></span> <span class='ocrx_word' id='word_1_429' title='bbox 1793 4474 1959 4531; x_wconf 91' lang='lat' dir='ltr'><strong>deve-</strong></span> 
     </span>
    </p>
   </div>
   <div class='ocr_carea' id='block_1_66' title="bbox 262 4563 1954 4635">
    <p class='ocr_par' dir='ltr' id='par_1_66' title="bbox 262 4563 1954 4635">
     <span class='ocr_line' id='line_1_66' title="bbox 262 4563 1954 4635; baseline -0.005 -11"><span class='ocrx_word' id='word_1_430' title='bbox 262 4568 431 4635; x_wconf 89' lang='lat' dir='ltr'><strong>nerit,</strong></span> <span class='ocrx_word' id='word_1_431' title='bbox 484 4567 584 4622; x_wconf 92' lang='lat' dir='ltr'><strong>dos</strong></span> <span class='ocrx_word' id='word_1_432' title='bbox 634 4572 860 4621; x_wconf 76' lang='lat' dir='ltr'><strong>naturae</strong></span> <span class='ocrx_word' id='word_1_433' title='bbox 927 4577 1302 4634; x_wconf 82' lang='lat' dir='ltr'><strong>nequaquam</strong></span> <span class='ocrx_word' id='word_1_434' title='bbox 1366 4577 1603 4632; x_wconf 90' lang='lat' dir='ltr'><strong>prorsus</strong></span> <span class='ocrx_word' id='word_1_435' title='bbox 1667 4563 1954 4621; x_wconf 84' lang='lat' dir='ltr'><strong>extabuit.</strong></span> 
     </span>
    </p>
   </div>
   <div class='ocr_carea' id='block_1_67' title="bbox 261 4651 1959 4722">
    <p class='ocr_par' dir='ltr' id='par_1_67' title="bbox 261 4651 1959 4722">
     <span class='ocr_line' id='line_1_67' title="bbox 261 4651 1959 4722; baseline -0.005 -9"><span class='ocrx_word' id='word_1_436' title='bbox 261 4656 656 4713; x_wconf 71' lang='lat' dir='ltr'><strong>Praedicantur</strong></span> <span class='ocrx_word' id='word_1_437' title='bbox 705 4658 903 4710; x_wconf 88' lang='lat' dir='ltr'><strong>merito</strong></span> <span class='ocrx_word' id='word_1_438' title='bbox 947 4667 1049 4722; x_wconf 90' lang='lat' dir='ltr'><strong>pro</strong></span> <span class='ocrx_word' id='word_1_439' title='bbox 1093 4652 1392 4707; x_wconf 91' lang='lat' dir='ltr'><strong>hominum</strong></span> <span class='ocrx_word' id='word_1_440' title='bbox 1440 4652 1696 4708; x_wconf 88' lang='lat' dir='ltr'><strong>novitate</strong></span> <span class='ocrx_word' id='word_1_441' title='bbox 1755 4651 1959 4722; x_wconf 89' lang='lat' dir='ltr'><strong>priscis</strong></span> 
     </span>
    </p>
   </div>
   <div class='ocr_carea' id='block_1_68' title="bbox 261 4739 1959 4812">
    <p class='ocr_par' dir='ltr' id='par_1_68' title="bbox 261 4739 1959 4812">
     <span class='ocr_line' id='line_1_68' title="bbox 261 4739 1959 4812; baseline -0.004 -12"><span class='ocrx_word' id='word_1_442' title='bbox 261 4754 391 4800; x_wconf 90' lang='lat' dir='ltr'><strong>acta</strong></span> <span class='ocrx_word' id='word_1_443' title='bbox 446 4742 818 4812; x_wconf 90' lang='lat' dir='ltr'><strong>temporibus,</strong></span> <span class='ocrx_word' id='word_1_444' title='bbox 873 4740 969 4796; x_wconf 91' lang='lat' dir='ltr'><strong>sed</strong></span> <span class='ocrx_word' id='word_1_445' title='bbox 1030 4739 1213 4795; x_wconf 91' lang='lat' dir='ltr'><strong>multo</strong></span> <span class='ocrx_word' id='word_1_446' title='bbox 1265 4740 1481 4810; x_wconf 90' lang='lat' dir='ltr'><strong>justius</strong></span> <span class='ocrx_word' id='word_1_447' title='bbox 1530 4740 1719 4797; x_wconf 76' lang='lat' dir='ltr'><strong>efferri</strong></span> <span class='ocrx_word' id='word_1_448' title='bbox 1779 4741 1959 4811; x_wconf 88' lang='lat' dir='ltr'><strong>digna</strong></span> 
     </span>
    </p>
   </div>
   <div class='ocr_carea' id='block_1_69' title="bbox 1998 3596 3777 3669">
    <p class='ocr_par' dir='ltr' id='par_1_69' title="bbox 1998 3596 3777 3669">
     <span class='ocr_line' id='line_1_69' title="bbox 1998 3596 3777 3669; baseline 0.001 -18"><span class='ocrx_word' id='word_1_449' title='bbox 1998 3604 2039 3659; x_wconf 89' lang='lat' dir='ltr'><strong>c</strong></span> <span class='ocrx_word' id='word_1_450' title='bbox 2066 3610 2193 3652; x_wconf 89' lang='lat' dir='ltr'><strong>cam</strong></span> <span class='ocrx_word' id='word_1_451' title='bbox 2224 3596 2578 3669; x_wconf 89' lang='lat' dir='ltr'><strong>superbiam,</strong></span> <span class='ocrx_word' id='word_1_452' title='bbox 2624 3596 2900 3667; x_wconf 83' lang='lat' dir='ltr'><strong>Argivam</strong></span> <span class='ocrx_word' id='word_1_453' title='bbox 2940 3596 3336 3663; x_wconf 87' lang='lat' dir='ltr'><strong>acrimoniam,</strong></span> <span class='ocrx_word' id='word_1_454' title='bbox 3369 3596 3777 3667; x_wconf 71' lang='lat' dir='ltr'><strong>Egyptiorum</strong></span> 
     </span>
    </p>
   </div>
   <div class='ocr_carea' id='block_1_70' title="bbox 2068 3684 3778 3755">
    <p class='ocr_par' dir='ltr' id='par_1_70' title="bbox 2068 3684 3778 3755">
     <span class='ocr_line' id='line_1_70' title="bbox 2068 3684 3778 3755; baseline 0.001 -15"><span class='ocrx_word' id='word_1_455' title='bbox 2068 3686 2426 3755; x_wconf 91' lang='lat' dir='ltr'><strong>spurcitiam,</strong></span> <span class='ocrx_word' id='word_1_456' title='bbox 2480 3686 2921 3755; x_wconf 86' lang='lat' dir='ltr'><strong>instabilemque</strong></span> <span class='ocrx_word' id='word_1_457' title='bbox 2970 3685 3165 3740; x_wconf 80' lang='lat' dir='ltr'><strong>Asiam</strong></span> <span class='ocrx_word' id='word_1_458' title='bbox 3219 3685 3447 3754; x_wconf 89' lang='lat' dir='ltr'><strong>Pompei</strong></span> <span class='ocrx_word' id='word_1_459' title='bbox 3499 3684 3673 3755; x_wconf 88' lang='lat' dir='ltr'><strong>Trogi</strong></span> <span class='ocrx_word' id='word_1_460' title='bbox 3720 3692 3778 3741; x_wconf 87' lang='lat' dir='ltr'><strong>et</strong></span> 
     </span>
    </p>
   </div>
   <div class='ocr_carea' id='block_1_71' title="bbox 2069 3772 3777 3843">
    <p class='ocr_par' dir='ltr' id='par_1_71' title="bbox 2069 3772 3777 3843">
     <span class='ocr_line' id='line_1_71' title="bbox 2069 3772 3777 3843; baseline 0 -16"><span class='ocrx_word' id='word_1_461' title='bbox 2069 3781 2372 3829; x_wconf 85' lang='lat' dir='ltr'><strong>auctorum</strong></span> <span class='ocrx_word' id='word_1_462' title='bbox 2401 3773 2799 3843; x_wconf 87' lang='lat' dir='ltr'><strong>disquisitione</strong></span> <span class='ocrx_word' id='word_1_463' title='bbox 2839 3773 3178 3828; x_wconf 89' lang='lat' dir='ltr'><strong>sublimium</strong></span> <span class='ocrx_word' id='word_1_464' title='bbox 3234 3772 3534 3827; x_wconf 89' lang='lat' dir='ltr'><strong>miramur.</strong></span> <span class='ocrx_word' id='word_1_465' title='bbox 3582 3772 3777 3827; x_wconf 90' lang='lat' dir='ltr'><strong>Prima</strong></span> 
     </span>
    </p>
   </div>
   <div class='ocr_carea' id='block_1_72' title="bbox 2070 3859 3771 3926">
    <p class='ocr_par' dir='ltr' id='par_1_72' title="bbox 2070 3859 3771 3926">
     <span class='ocr_line' id='line_1_72' title="bbox 2070 3859 3771 3926; baseline -0.001 -9"><span class='ocrx_word' id='word_1_466' title='bbox 2070 3862 2459 3917; x_wconf 85' lang='lat' dir='ltr'><strong>Romanorum</strong></span> <span class='ocrx_word' id='word_1_467' title='bbox 2506 3859 2791 3926; x_wconf 87' lang='lat' dir='ltr'><strong>instituta,</strong></span> <span class='ocrx_word' id='word_1_468' title='bbox 2825 3860 2934 3915; x_wconf 92' lang='lat' dir='ltr'><strong>sub</strong></span> <span class='ocrx_word' id='word_1_469' title='bbox 2977 3860 3301 3915; x_wconf 86' lang='lat' dir='ltr'><strong>communis</strong></span> <span class='ocrx_word' id='word_1_470' title='bbox 3342 3859 3607 3914; x_wconf 89' lang='lat' dir='ltr'><strong>utilitatis</strong></span> <span class='ocrx_word' id='word_1_471' title='bbox 3635 3874 3771 3915; x_wconf 82' lang='lat' dir='ltr'><strong>cen-</strong></span> 
     </span>
    </p>
   </div>
   <div class='ocr_carea' id='block_1_73' title="bbox 2068 3947 3773 4018">
    <p class='ocr_par' dir='ltr' id='par_1_73' title="bbox 2068 3947 3773 4018">
     <span class='ocr_line' id='line_1_73' title="bbox 2068 3947 3773 4018; baseline 0 -15"><span class='ocrx_word' id='word_1_472' title='bbox 2068 3962 2208 4003; x_wconf 90' lang='lat' dir='ltr'><strong>sura</strong></span> <span class='ocrx_word' id='word_1_473' title='bbox 2249 3952 2307 4004; x_wconf 88' lang='lat' dir='ltr'><strong>et</strong></span> <span class='ocrx_word' id='word_1_474' title='bbox 2361 3948 2606 4017; x_wconf 90' lang='lat' dir='ltr'><strong>imperiii</strong></span> <span class='ocrx_word' id='word_1_475' title='bbox 2681 3949 3115 4018; x_wconf 88' lang='lat' dir='ltr'><strong>propagatione,</strong></span> <span class='ocrx_word' id='word_1_476' title='bbox 3187 3947 3637 4014; x_wconf 90' lang='lat' dir='ltr'><strong>complectimur.</strong></span> <span class='ocrx_word' id='word_1_477' title='bbox 3702 3948 3773 4003; x_wconf 89' lang='lat' dir='ltr'><strong>Et</strong></span> 
     </span>
    </p>
   </div>
   <div class='ocr_carea' id='block_1_74' title="bbox 2070 4036 3767 4105">
    <p class='ocr_par' dir='ltr' id='par_1_74' title="bbox 2070 4036 3767 4105">
     <span class='ocr_line' id='line_1_74' title="bbox 2070 4036 3767 4105; baseline 0.002 -16"><span class='ocrx_word' id='word_1_478' title='bbox 2070 4041 2282 4102; x_wconf 90' lang='lat' dir='ltr'><strong>tamen,</strong></span> <span class='ocrx_word' id='word_1_479' title='bbox 2328 4036 2375 4092; x_wconf 92' lang='lat' dir='ltr'><strong>si</strong></span> <span class='ocrx_word' id='word_1_480' title='bbox 2407 4037 2613 4093; x_wconf 92' lang='lat' dir='ltr'><strong>horum</strong></span> <span class='ocrx_word' id='word_1_481' title='bbox 2641 4037 2902 4092; x_wconf 90' lang='lat' dir='ltr'><strong>omnium</strong></span> <span class='ocrx_word' id='word_1_482' title='bbox 2941 4037 3013 4091; x_wconf 91' lang='lat' dir='ltr'><strong>ad</strong></span> <span class='ocrx_word' id='word_1_483' title='bbox 3049 4050 3265 4105; x_wconf 89' lang='lat' dir='ltr'><strong>purum</strong></span> <span class='ocrx_word' id='word_1_484' title='bbox 3298 4036 3648 4091; x_wconf 87' lang='lat' dir='ltr'><strong>discutiatur</strong></span> <span class='ocrx_word' id='word_1_485' title='bbox 3675 4050 3767 4092; x_wconf 88' lang='lat' dir='ltr'><strong>es-</strong></span> 
     </span>
    </p>
   </div>
   <div class='ocr_carea' id='block_1_75' title="bbox 2068 4124 3774 4194">
    <p class='ocr_par' dir='ltr' id='par_1_75' title="bbox 2068 4124 3774 4194">
     <span class='ocr_line' id='line_1_75' title="bbox 2068 4124 3774 4194; baseline 0.001 -15"><span class='ocrx_word' id='word_1_486' title='bbox 2068 4124 2272 4192; x_wconf 88' lang='lat' dir='ltr'><strong>sentia,</strong></span> <span class='ocrx_word' id='word_1_487' title='bbox 2302 4138 2418 4180; x_wconf 93' lang='lat' dir='ltr'><strong>non</strong></span> <span class='ocrx_word' id='word_1_488' title='bbox 2460 4125 2627 4180; x_wconf 89' lang='lat' dir='ltr'><strong>modo</strong></span> <span class='ocrx_word' id='word_1_489' title='bbox 2671 4124 2829 4194; x_wconf 88' lang='lat' dir='ltr'><strong>apud</strong></span> <span class='ocrx_word' id='word_1_490' title='bbox 2880 4124 3086 4194; x_wconf 90' lang='lat' dir='ltr'><strong>probos</strong></span> <span class='ocrx_word' id='word_1_491' title='bbox 3128 4124 3410 4194; x_wconf 90' lang='lat' dir='ltr'><strong>quoslibet</strong></span> <span class='ocrx_word' id='word_1_492' title='bbox 3465 4124 3774 4180; x_wconf 89' lang='lat' dir='ltr'><strong>laudabilis</strong></span> 
     </span>
    </p>
   </div>
   <div class='ocr_carea' id='block_1_76' title="bbox 2068 4212 3773 4282">
    <p class='ocr_par' dir='ltr' id='par_1_76' title="bbox 2068 4212 3773 4282">
     <span class='ocr_line' id='line_1_76' title="bbox 2068 4212 3773 4282; baseline 0 -14"><span class='ocrx_word' id='word_1_493' title='bbox 2068 4212 2322 4282; x_wconf 90' lang='lat' dir='ltr'><strong>ipsorum</strong></span> <span class='ocrx_word' id='word_1_494' title='bbox 2356 4213 2603 4269; x_wconf 87' lang='lat' dir='ltr'><strong>habetur</strong></span> <span class='ocrx_word' id='word_1_495' title='bbox 2636 4212 2899 4278; x_wconf 88' lang='lat' dir='ltr'><strong>audacia,</strong></span> <span class='ocrx_word' id='word_1_496' title='bbox 2933 4213 3030 4268; x_wconf 90' lang='lat' dir='ltr'><strong>sed</strong></span> <span class='ocrx_word' id='word_1_497' title='bbox 3074 4212 3273 4268; x_wconf 89' lang='lat' dir='ltr'><strong>merito</strong></span> <span class='ocrx_word' id='word_1_498' title='bbox 3304 4213 3470 4282; x_wconf 89' lang='lat' dir='ltr'><strong>&#39;patet</strong></span> <span class='ocrx_word' id='word_1_499' title='bbox 3519 4212 3773 4268; x_wconf 64' lang='lat' dir='ltr'><strong>infamia</strong></span> 
     </span>
    </p>
   </div>
   <div class='ocr_carea' id='block_1_77' title="bbox 2067 4300 3775 4371">
    <p class='ocr_par' dir='ltr' id='par_1_77' title="bbox 2067 4300 3775 4371">
     <span class='ocr_line' id='line_1_77' title="bbox 2067 4300 3775 4371; baseline 0.001 -15"><span class='ocrx_word' id='word_1_500' title='bbox 2067 4301 2335 4371; x_wconf 87' lang='lat' dir='ltr'><strong>pertinax</strong></span> <span class='ocrx_word' id='word_1_501' title='bbox 2366 4301 2740 4371; x_wconf 88' lang='lat' dir='ltr'><strong>belligerandi</strong></span> <span class='ocrx_word' id='word_1_502' title='bbox 2771 4300 2895 4357; x_wconf 89' lang='lat' dir='ltr'><strong>sine</strong></span> <span class='ocrx_word' id='word_1_503' title='bbox 2938 4301 3060 4357; x_wconf 90' lang='lat' dir='ltr'><strong>ulla</strong></span> <span class='ocrx_word' id='word_1_504' title='bbox 3105 4302 3346 4362; x_wconf 87' lang='lat' dir='ltr'><strong>ratione.</strong></span> <span class='ocrx_word' id='word_1_505' title='bbox 3380 4315 3483 4371; x_wconf 90' lang='lat' dir='ltr'><strong>pro</strong></span> <span class='ocrx_word' id='word_1_506' title='bbox 3531 4301 3654 4357; x_wconf 91' lang='lat' dir='ltr'><strong>sola</strong></span> <span class='ocrx_word' id='word_1_507' title='bbox 3681 4301 3775 4357; x_wconf 91' lang='lat' dir='ltr'><strong>do-</strong></span> 
     </span>
    </p>
   </div>
   <div class='ocr_carea' id='block_1_78' title="bbox 2067 4387 2929 4455">
    <p class='ocr_par' dir='ltr' id='par_1_78' title="bbox 2067 4387 2929 4455">
     <span class='ocr_line' id='line_1_78' title="bbox 2067 4387 2929 4455; baseline -0.002 -11"><span class='ocrx_word' id='word_1_508' title='bbox 2067 4387 2327 4445; x_wconf 89' lang='lat' dir='ltr'><strong>minandi</strong></span> <span class='ocrx_word' id='word_1_509' title='bbox 2355 4388 2609 4455; x_wconf 90' lang='lat' dir='ltr'><strong>libidine,</strong></span> <span class='ocrx_word' id='word_1_510' title='bbox 2641 4389 2929 4444; x_wconf 87' lang='lat' dir='ltr'><strong>vecordia.</strong></span> 
     </span>
    </p>
   </div>
   <div class='ocr_carea' id='block_1_79' title="bbox 2139 4475 3763 4549">
    <p class='ocr_par' dir='ltr' id='par_1_79' title="bbox 2139 4475 3763 4549">
     <span class='ocr_line' id='line_1_79' title="bbox 2139 4475 3763 4549; baseline 0 -18"><span class='ocrx_word' id='word_1_511' title='bbox 2139 4477 2480 4532; x_wconf 71' lang='lat' dir='ltr'><strong>Prazcellunt</strong></span> <span class='ocrx_word' id='word_1_512' title='bbox 2497 4476 2821 4549; x_wconf 71' lang='lat' dir='ltr'><strong>gentilium,</strong></span> <span class='ocrx_word' id='word_1_513' title='bbox 2854 4475 3308 4533; x_wconf 71' lang='lat' dir='ltr'><strong>Christianorum</strong></span> <span class='ocrx_word' id='word_1_514' title='bbox 3331 4479 3498 4549; x_wconf 77' lang='lat' dir='ltr'><strong>gesta</strong></span> <span class='ocrx_word' id='word_1_515' title='bbox 3537 4475 3763 4532; x_wconf 81' lang='lat' dir='ltr'><strong>bellica.</strong></span> 
     </span>
    </p>
   </div>
   <div class='ocr_carea' id='block_1_80' title="bbox 2066 4565 3767 4637">
    <p class='ocr_par' dir='ltr' id='par_1_80' title="bbox 2066 4565 3767 4637">
     <span class='ocr_line' id='line_1_80' title="bbox 2066 4565 3767 4637; baseline 0 -16"><span class='ocrx_word' id='word_1_516' title='bbox 2066 4595 2136 4604; x_wconf 94' lang='lat'><strong><em>—</em></strong></span> <span class='ocrx_word' id='word_1_517' title='bbox 2186 4565 2579 4635; x_wconf 84' lang='lat' dir='ltr'><strong>Respiciamus</strong></span> <span class='ocrx_word' id='word_1_518' title='bbox 2634 4580 2791 4637; x_wconf 89' lang='lat' dir='ltr'><strong>ergo,</strong></span> <span class='ocrx_word' id='word_1_519' title='bbox 2842 4566 2956 4621; x_wconf 89' lang='lat' dir='ltr'><strong>imo</strong></span> <span class='ocrx_word' id='word_1_520' title='bbox 3004 4565 3432 4635; x_wconf 89' lang='lat' dir='ltr'><strong>resipiscamus,</strong></span> <span class='ocrx_word' id='word_1_521' title='bbox 3489 4565 3562 4621; x_wconf 91' lang='lat' dir='ltr'><strong>ad</strong></span> <span class='ocrx_word' id='word_1_522' title='bbox 3586 4565 3767 4636; x_wconf 89' lang='lat' dir='ltr'><strong>hujus</strong></span> 
     </span>
    </p>
   </div>
   <div class='ocr_carea' id='block_1_81' title="bbox 2066 4653 3770 4723">
    <p class='ocr_par' dir='ltr' id='par_1_81' title="bbox 2066 4653 3770 4723">
     <span class='ocr_line' id='line_1_81' title="bbox 2066 4653 3770 4723; baseline 0.001 -14"><span class='ocrx_word' id='word_1_523' title='bbox 2066 4666 2213 4723; x_wconf 88' lang='lat' dir='ltr'><strong>quas</strong></span> <span class='ocrx_word' id='word_1_524' title='bbox 2235 4653 2582 4723; x_wconf 91' lang='lat' dir='ltr'><strong>despicimus</strong></span> <span class='ocrx_word' id='word_1_525' title='bbox 2627 4654 2735 4709; x_wconf 78' lang='lat' dir='ltr'><strong>aevi</strong></span> <span class='ocrx_word' id='word_1_526' title='bbox 2787 4653 3113 4721; x_wconf 87' lang='lat' dir='ltr'><strong>fetuientas,</strong></span> <span class='ocrx_word' id='word_1_527' title='bbox 3157 4661 3221 4709; x_wconf 91' lang='lat' dir='ltr'><strong>ut</strong></span> <span class='ocrx_word' id='word_1_528' title='bbox 3265 4653 3346 4709; x_wconf 92' lang='lat' dir='ltr'><strong>sic</strong></span> <span class='ocrx_word' id='word_1_529' title='bbox 3374 4653 3641 4721; x_wconf 80' lang='lat' dir='ltr'><strong>dixerim,</strong></span> <span class='ocrx_word' id='word_1_530' title='bbox 3677 4653 3770 4710; x_wconf 72' lang='lat' dir='ltr'><strong>fe:-</strong></span> 
     </span>
    </p>
   </div>
   <div class='ocr_carea' id='block_1_82' title="bbox 2065 4740 3762 4811">
    <p class='ocr_par' dir='ltr' id='par_1_82' title="bbox 2065 4740 3762 4811">
     <span class='ocr_line' id='line_1_82' title="bbox 2065 4740 3762 4811; baseline 0.001 -16"><span class='ocrx_word' id='word_1_531' title='bbox 2065 4754 2179 4808; x_wconf 91' lang='lat' dir='ltr'><strong>ces,</strong></span> <span class='ocrx_word' id='word_1_532' title='bbox 2218 4747 2274 4795; x_wconf 90' lang='lat' dir='ltr'><strong>et</strong></span> <span class='ocrx_word' id='word_1_533' title='bbox 2319 4740 2625 4796; x_wconf 91' lang='lat' dir='ltr'><strong>minimum</strong></span> <span class='ocrx_word' id='word_1_534' title='bbox 2672 4740 2920 4811; x_wconf 87' lang='lat' dir='ltr'><strong>digitum</strong></span> <span class='ocrx_word' id='word_1_535' title='bbox 2971 4748 3253 4808; x_wconf 91' lang='lat' dir='ltr'><strong>nostrum,</strong></span> <span class='ocrx_word' id='word_1_536' title='bbox 3321 4747 3555 4810; x_wconf 88' lang='lat' dir='ltr'><strong>patrum</strong></span> <span class='ocrx_word' id='word_1_537' title='bbox 3614 4755 3762 4811; x_wconf 89' lang='lat' dir='ltr'><strong>quos</strong></span> 
     </span>
    </p>
   </div>
   <div class='ocr_carea' id='block_1_83' title="bbox 260 4827 3764 4928">
    <p class='ocr_par' dir='ltr' id='par_1_83' title="bbox 260 4827 3764 4928">
     <span class='ocr_line' id='line_1_83' title="bbox 260 4827 3764 4928; baseline -0.001 -39"><span class='ocrx_word' id='word_1_538' title='bbox 260 4840 398 4889; x_wconf 91' lang='lat' dir='ltr'><strong>sunt</strong></span> <span class='ocrx_word' id='word_1_539' title='bbox 426 4845 559 4902; x_wconf 65' lang='lat' dir='ltr'><strong>quae</strong></span> <span class='ocrx_word' id='word_1_540' title='bbox 589 4830 804 4886; x_wconf 90' lang='lat' dir='ltr'><strong>mundo</strong></span> <span class='ocrx_word' id='word_1_541' title='bbox 850 4828 1182 4899; x_wconf 89' lang='lat' dir='ltr'><strong>prolabente</strong></span> <span class='ocrx_word' id='word_1_542' title='bbox 1231 4829 1288 4883; x_wconf 90' lang='lat' dir='ltr'><strong>in</strong></span> <span class='ocrx_word' id='word_1_543' title='bbox 1315 4829 1560 4897; x_wconf 89' lang='lat' dir='ltr'><strong>senium,</strong></span> <span class='ocrx_word' id='word_1_544' title='bbox 1595 4836 1956 4900; x_wconf 89' lang='lat' dir='ltr'><strong>peraguntur</strong></span> <span class='ocrx_word' id='word_1_545' title='bbox 1990 4875 2035 4928; x_wconf 69' lang='grc' dir='ltr'><strong>Β</strong></span> <span class='ocrx_word' id='word_1_546' title='bbox 2068 4827 2198 4897; x_wconf 90' lang='lat' dir='ltr'><strong>plus</strong></span> <span class='ocrx_word' id='word_1_547' title='bbox 2227 4843 2394 4898; x_wconf 57' lang='lat' dir='ltr'><strong>aequo</strong></span> <span class='ocrx_word' id='word_1_548' title='bbox 2422 4828 2774 4894; x_wconf 83' lang='lat' dir='ltr'><strong>extollimus,</strong></span> <span class='ocrx_word' id='word_1_549' title='bbox 2806 4836 3139 4885; x_wconf 90' lang='lat' dir='ltr'><strong>nostrorum</strong></span> <span class='ocrx_word' id='word_1_550' title='bbox 3169 4828 3353 4884; x_wconf 88' lang='lat' dir='ltr'><strong>dorsis</strong></span> <span class='ocrx_word' id='word_1_551' title='bbox 3399 4828 3764 4898; x_wconf 86' lang='lat' dir='ltr'><strong>grossiorem,</strong></span> 
     </span>
    </p>
   </div>
   <div class='ocr_carea' id='block_1_84' title="bbox 261 4917 842 4978">
    <p class='ocr_par' dir='ltr' id='par_1_84' title="bbox 261 4917 842 4978">
     <span class='ocr_line' id='line_1_84' title="bbox 261 4917 842 4978; baseline -0.012 0"><span class='ocrx_word' id='word_1_552' title='bbox 261 4921 476 4978; x_wconf 87' lang='lat' dir='ltr'><strong>utiliter</strong></span> <span class='ocrx_word' id='word_1_553' title='bbox 506 4934 541 4975; x_wconf 91' lang='lat' dir='ltr'><strong>a</strong></span> <span class='ocrx_word' id='word_1_554' title='bbox 578 4917 842 4974; x_wconf 89' lang='lat' dir='ltr'><strong>rudibus.</strong></span> 
     </span>
    </p>
   </div>
   <div class='ocr_carea' id='block_1_85' title="bbox 330 5004 1955 5079">
    <p class='ocr_par' dir='ltr' id='par_1_85' title="bbox 330 5004 1955 5079">
     <span class='ocr_line' id='line_1_85' title="bbox 330 5004 1955 5079; baseline -0.004 -14"><span class='ocrx_word' id='word_1_555' title='bbox 330 5010 528 5079; x_wconf 86' lang='lat' dir='ltr'><strong>Regna</strong></span> <span class='ocrx_word' id='word_1_556' title='bbox 556 5005 851 5078; x_wconf 92' lang='lat' dir='ltr'><strong>quondam</strong></span> <span class='ocrx_word' id='word_1_557' title='bbox 879 5011 1077 5061; x_wconf 89' lang='lat' dir='ltr'><strong>extera</strong></span> <span class='ocrx_word' id='word_1_558' title='bbox 1106 5005 1267 5061; x_wconf 88' lang='lat' dir='ltr'><strong>bellis</strong></span> <span class='ocrx_word' id='word_1_559' title='bbox 1295 5005 1657 5075; x_wconf 88' lang='lat' dir='ltr'><strong>suspiramus</strong></span> <span class='ocrx_word' id='word_1_560' title='bbox 1679 5004 1955 5076; x_wconf 88' lang='lat' dir='ltr'><strong>insignita</strong></span> 
     </span>
    </p>
   </div>
   <div class='ocr_carea' id='block_1_86' title="bbox 259 5091 1952 5167">
    <p class='ocr_par' dir='ltr' id='par_1_86' title="bbox 259 5091 1952 5167">
     <span class='ocr_line' id='line_1_86' title="bbox 259 5091 1952 5167; baseline -0.003 -15"><span class='ocrx_word' id='word_1_561' title='bbox 259 5096 608 5167; x_wconf 88' lang='lat' dir='ltr'><strong>potentibus.</strong></span> <span class='ocrx_word' id='word_1_562' title='bbox 650 5094 911 5165; x_wconf 82' lang='lat' dir='ltr'><strong>Stragem</strong></span> <span class='ocrx_word' id='word_1_563' title='bbox 962 5093 1355 5163; x_wconf 87' lang='lat' dir='ltr'><strong>Philippicam,</strong></span> <span class='ocrx_word' id='word_1_564' title='bbox 1406 5099 1461 5148; x_wconf 91' lang='lat' dir='ltr'><strong>et</strong></span> <span class='ocrx_word' id='word_1_565' title='bbox 1510 5092 1729 5161; x_wconf 90' lang='lat' dir='ltr'><strong>ubique</strong></span> <span class='ocrx_word' id='word_1_566' title='bbox 1778 5091 1952 5147; x_wconf 90' lang='lat' dir='ltr'><strong>incle-</strong></span> 
     </span>
    </p>
   </div>
   <div class='ocr_carea' id='block_1_87' title="bbox 258 5178 1953 5251">
    <p class='ocr_par' dir='ltr' id='par_1_87' title="bbox 258 5178 1953 5251">
     <span class='ocr_line' id='line_1_87' title="bbox 258 5178 1953 5251; baseline -0.003 -11"><span class='ocrx_word' id='word_1_567' title='bbox 258 5191 530 5251; x_wconf 85' lang='lat' dir='ltr'><strong>mentem,</strong></span> <span class='ocrx_word' id='word_1_568' title='bbox 596 5197 709 5239; x_wconf 91' lang='lat' dir='ltr'><strong>non</strong></span> <span class='ocrx_word' id='word_1_569' title='bbox 783 5183 905 5239; x_wconf 91' lang='lat' dir='ltr'><strong>sine</strong></span> <span class='ocrx_word' id='word_1_570' title='bbox 974 5181 1250 5237; x_wconf 90' lang='lat' dir='ltr'><strong>continua</strong></span> <span class='ocrx_word' id='word_1_571' title='bbox 1323 5180 1627 5250; x_wconf 87' lang='lat' dir='ltr'><strong>sanguinis</strong></span> <span class='ocrx_word' id='word_1_572' title='bbox 1673 5178 1953 5236; x_wconf 76' lang='lat' dir='ltr'><strong>eﬂusione</strong></span> 
     </span>
    </p>
   </div>
   <div class='ocr_carea' id='block_1_88' title="bbox 259 5267 1953 5342">
    <p class='ocr_par' dir='ltr' id='par_1_88' title="bbox 259 5267 1953 5342">
     <span class='ocr_line' id='line_1_88' title="bbox 259 5267 1953 5342; baseline -0.003 -15"><span class='ocrx_word' id='word_1_573' title='bbox 259 5273 577 5338; x_wconf 90' lang='lat' dir='ltr'><strong>victoriam,</strong></span> <span class='ocrx_word' id='word_1_574' title='bbox 611 5271 991 5342; x_wconf 89' lang='lat' dir='ltr'><strong>suscipimus;</strong></span> <span class='ocrx_word' id='word_1_575' title='bbox 1037 5270 1353 5326; x_wconf 87' lang='lat' dir='ltr'><strong>Alexandri</strong></span> <span class='ocrx_word' id='word_1_576' title='bbox 1383 5268 1601 5324; x_wconf 89' lang='lat' dir='ltr'><strong>rabiem</strong></span> <span class='ocrx_word' id='word_1_577' title='bbox 1630 5267 1702 5323; x_wconf 88' lang='lat' dir='ltr'><strong>de</strong></span> <span class='ocrx_word' id='word_1_578' title='bbox 1728 5267 1953 5323; x_wconf 90' lang='lat' dir='ltr'><strong>camino</strong></span> 
     </span>
    </p>
   </div>
   <div class='ocr_carea' id='block_1_89' title="bbox 258 5355 1951 5425">
    <p class='ocr_par' dir='ltr' id='par_1_89' title="bbox 258 5355 1951 5425">
     <span class='ocr_line' id='line_1_89' title="bbox 258 5355 1951 5425; baseline -0.004 -8"><span class='ocrx_word' id='word_1_579' title='bbox 258 5359 633 5417; x_wconf 85' lang='lat' dir='ltr'><strong>Macedonum</strong></span> <span class='ocrx_word' id='word_1_580' title='bbox 680 5360 753 5414; x_wconf 88' lang='lat' dir='ltr'><strong>ad</strong></span> <span class='ocrx_word' id='word_1_581' title='bbox 809 5362 981 5415; x_wconf 88' lang='lat' dir='ltr'><strong>totius</strong></span> <span class='ocrx_word' id='word_1_582' title='bbox 1016 5358 1264 5414; x_wconf 85' lang='lat' dir='ltr'><strong>Orientis</strong></span> <span class='ocrx_word' id='word_1_583' title='bbox 1313 5355 1492 5411; x_wconf 86' lang='lat' dir='ltr'><strong>exitia</strong></span> <span class='ocrx_word' id='word_1_584' title='bbox 1541 5363 1951 5425; x_wconf 89' lang='lat' dir='ltr'><strong>emergentem,</strong></span> 
     </span>
    </p>
   </div>
   <div class='ocr_carea' id='block_1_90' title="bbox 257 5443 1956 5516">
    <p class='ocr_par' dir='ltr' id='par_1_90' title="bbox 257 5443 1956 5516">
     <span class='ocr_line' id='line_1_90' title="bbox 257 5443 1956 5516; baseline -0.004 -11"><span class='ocrx_word' id='word_1_585' title='bbox 257 5446 597 5505; x_wconf 86' lang='lat' dir='ltr'><strong>tonantibus</strong></span> <span class='ocrx_word' id='word_1_586' title='bbox 636 5446 880 5516; x_wconf 85' lang='lat' dir='ltr'><strong>eloquiis</strong></span> <span class='ocrx_word' id='word_1_587' title='bbox 924 5446 1296 5515; x_wconf 86' lang='lat' dir='ltr'><strong>pensitamus.</strong></span> <span class='ocrx_word' id='word_1_588' title='bbox 1347 5443 1555 5498; x_wconf 81' lang='lat' dir='ltr'><strong>Xerxis</strong></span> <span class='ocrx_word' id='word_1_589' title='bbox 1589 5444 1645 5498; x_wconf 93' lang='lat' dir='ltr'><strong>in</strong></span> <span class='ocrx_word' id='word_1_590' title='bbox 1691 5443 1956 5500; x_wconf 88' lang='lat' dir='ltr'><strong>Thermo-</strong></span> 
     </span>
    </p>
   </div>
   <div class='ocr_carea' id='block_1_91' title="bbox 258 5530 1951 5605">
    <p class='ocr_par' dir='ltr' id='par_1_91' title="bbox 258 5530 1951 5605">
     <span class='ocr_line' id='line_1_91' title="bbox 258 5530 1951 5605; baseline 0 -19"><span class='ocrx_word' id='word_1_591' title='bbox 258 5532 443 5605; x_wconf 88' lang='lat' dir='ltr'><strong>pylas,</strong></span> <span class='ocrx_word' id='word_1_592' title='bbox 476 5531 629 5586; x_wconf 87' lang='lat' dir='ltr'><strong>Darii</strong></span> <span class='ocrx_word' id='word_1_593' title='bbox 661 5534 718 5587; x_wconf 90' lang='lat' dir='ltr'><strong>in</strong></span> <span class='ocrx_word' id='word_1_594' title='bbox 747 5532 1142 5588; x_wconf 79' lang='lat' dir='ltr'><strong>Alexandrum</strong></span> <span class='ocrx_word' id='word_1_595' title='bbox 1187 5530 1397 5600; x_wconf 85' lang='lat' dir='ltr'><strong>copias,</strong></span> <span class='ocrx_word' id='word_1_596' title='bbox 1425 5545 1561 5586; x_wconf 92' lang='lat' dir='ltr'><strong>cum</strong></span> <span class='ocrx_word' id='word_1_597' title='bbox 1610 5530 1951 5587; x_wconf 83' lang='lat' dir='ltr'><strong>exsecrabili</strong></span> 
     </span>
    </p>
   </div>
   <div class='ocr_carea' id='block_1_92' title="bbox 256 5616 1956 5691">
    <p class='ocr_par' dir='ltr' id='par_1_92' title="bbox 256 5616 1956 5691">
     <span class='ocr_line' id='line_1_92' title="bbox 256 5616 1956 5691; baseline -0.001 -14"><span class='ocrx_word' id='word_1_598' title='bbox 256 5616 619 5677; x_wconf 84' lang='lat' dir='ltr'><strong>infinitarum</strong></span> <span class='ocrx_word' id='word_1_599' title='bbox 651 5618 908 5691; x_wconf 88' lang='lat' dir='ltr'><strong>gentium</strong></span> <span class='ocrx_word' id='word_1_600' title='bbox 937 5617 1344 5688; x_wconf 88' lang='lat' dir='ltr'><strong>digladiatioue</strong></span> <span class='ocrx_word' id='word_1_601' title='bbox 1372 5619 1662 5677; x_wconf 89' lang='lat' dir='ltr'><strong>metimur.</strong></span> <span class='ocrx_word' id='word_1_602' title='bbox 1695 5618 1956 5677; x_wconf 85' lang='lat' dir='ltr'><strong>Chaldai-</strong></span> 
     </span>
    </p>
   </div>
   <div class='ocr_carea' id='block_1_93' title="bbox 2061 4915 3764 4987">
    <p class='ocr_par' dir='ltr' id='par_1_93' title="bbox 2061 4915 3764 4987">
     <span class='ocr_line' id='line_1_93' title="bbox 2061 4915 3764 4987; baseline 0.001 -17"><span class='ocrx_word' id='word_1_603' title='bbox 2061 4915 2234 4985; x_wconf 87' lang='lat' dir='ltr'><strong>juxta</strong></span> <span class='ocrx_word' id='word_1_604' title='bbox 2280 4915 2423 4972; x_wconf 90' lang='lat' dir='ltr'><strong>illud</strong></span> <span class='ocrx_word' id='word_1_605' title='bbox 2464 4915 2609 4972; x_wconf 87' lang='lat' dir='ltr'><strong>fatui</strong></span> <span class='ocrx_word' id='word_1_606' title='bbox 2656 4916 2808 4987; x_wconf 88' lang='lat' dir='ltr'><strong>regis</strong></span> <span class='ocrx_word' id='word_1_607' title='bbox 2848 4916 3087 4983; x_wconf 87' lang='lat' dir='ltr'><strong>dictum,</strong></span> <span class='ocrx_word' id='word_1_608' title='bbox 3136 4916 3391 4986; x_wconf 87' lang='lat' dir='ltr'><strong>reperire</strong></span> <span class='ocrx_word' id='word_1_609' title='bbox 3429 4916 3764 4986; x_wconf 88' lang='lat' dir='ltr'><strong>poterimus.</strong></span> 
     </span>
    </p>
   </div>
   <div class='ocr_carea' id='block_1_94' title="bbox 2066 5003 3770 5075">
    <p class='ocr_par' dir='ltr' id='par_1_94' title="bbox 2066 5003 3770 5075">
     <span class='ocr_line' id='line_1_94' title="bbox 2066 5003 3770 5075; baseline 0.001 -16"><span class='ocrx_word' id='word_1_610' title='bbox 2066 5003 2121 5059; x_wconf 92' lang='lat' dir='ltr'><strong>Si</strong></span> <span class='ocrx_word' id='word_1_611' title='bbox 2149 5004 2302 5059; x_wconf 91' lang='lat' dir='ltr'><strong>enim</strong></span> <span class='ocrx_word' id='word_1_612' title='bbox 2354 5004 2549 5074; x_wconf 69' lang='lat' dir='ltr'><strong>praelia</strong></span> <span class='ocrx_word' id='word_1_613' title='bbox 2597 5004 2916 5075; x_wconf 90' lang='lat' dir='ltr'><strong>gentilium,</strong></span> <span class='ocrx_word' id='word_1_614' title='bbox 2951 5009 3100 5058; x_wconf 69' lang='grc' dir='ltr'><strong>εσυ</strong></span> <span class='ocrx_word' id='word_1_615' title='bbox 3142 5011 3197 5060; x_wconf 88' lang='lat' dir='ltr'><strong>et</strong></span> <span class='ocrx_word' id='word_1_616' title='bbox 3246 5018 3425 5075; x_wconf 86' lang='lat' dir='ltr'><strong>regna</strong></span> <span class='ocrx_word' id='word_1_617' title='bbox 3467 5004 3651 5060; x_wconf 86' lang='lat' dir='ltr'><strong>multo</strong></span> <span class='ocrx_word' id='word_1_618' title='bbox 3681 5020 3770 5061; x_wconf 85' lang='lat' dir='ltr'><strong>ar-</strong></span> 
     </span>
    </p>
   </div>
   <div class='ocr_carea' id='block_1_95' title="bbox 2061 5091 3767 5163">
    <p class='ocr_par' dir='ltr' id='par_1_95' title="bbox 2061 5091 3767 5163">
     <span class='ocr_line' id='line_1_95' title="bbox 2061 5091 3767 5163; baseline 0.001 -15"><span class='ocrx_word' id='word_1_619' title='bbox 2061 5106 2289 5149; x_wconf 89' lang='lat' dir='ltr'><strong>morum</strong></span> <span class='ocrx_word' id='word_1_620' title='bbox 2318 5092 2510 5149; x_wconf 89' lang='lat' dir='ltr'><strong>labore</strong></span> <span class='ocrx_word' id='word_1_621' title='bbox 2555 5106 2799 5163; x_wconf 89' lang='lat' dir='ltr'><strong>pervasa</strong></span> <span class='ocrx_word' id='word_1_622' title='bbox 2842 5092 3270 5163; x_wconf 89' lang='lat' dir='ltr'><strong>perpendimus,</strong></span> <span class='ocrx_word' id='word_1_623' title='bbox 3327 5091 3520 5148; x_wconf 90' lang='lat' dir='ltr'><strong>nullas</strong></span> <span class='ocrx_word' id='word_1_624' title='bbox 3563 5108 3767 5150; x_wconf 87' lang='lat' dir='ltr'><strong>eorum</strong></span> 
     </span>
    </p>
   </div>
   <div class='ocr_carea' id='block_1_96' title="bbox 2059 5181 3769 5253">
    <p class='ocr_par' dir='ltr' id='par_1_96' title="bbox 2059 5181 3769 5253">
     <span class='ocr_line' id='line_1_96' title="bbox 2059 5181 3769 5253; baseline -0.001 -15"><span class='ocrx_word' id='word_1_625' title='bbox 2059 5181 2233 5247; x_wconf 87' lang='lat' dir='ltr'><strong>vires,</strong></span> <span class='ocrx_word' id='word_1_626' title='bbox 2263 5181 2425 5237; x_wconf 91' lang='lat' dir='ltr'><strong>nulla</strong></span> <span class='ocrx_word' id='word_1_627' title='bbox 2468 5195 2704 5250; x_wconf 90' lang='lat' dir='ltr'><strong>prorsus</strong></span> <span class='ocrx_word' id='word_1_628' title='bbox 2746 5182 3021 5238; x_wconf 86' lang='lat' dir='ltr'><strong>exercitia</strong></span> <span class='ocrx_word' id='word_1_629' title='bbox 3066 5181 3294 5247; x_wconf 90' lang='lat' dir='ltr'><strong>nostris,</strong></span> <span class='ocrx_word' id='word_1_630' title='bbox 3347 5195 3448 5251; x_wconf 89' lang='lat' dir='ltr'><strong>per</strong></span> <span class='ocrx_word' id='word_1_631' title='bbox 3488 5181 3591 5236; x_wconf 89' lang='lat' dir='ltr'><strong>Dei</strong></span> <span class='ocrx_word' id='word_1_632' title='bbox 3640 5196 3769 5253; x_wconf 86' lang='lat' dir='ltr'><strong>gra-</strong></span> 
     </span>
    </p>
   </div>
   <div class='ocr_carea' id='block_1_97' title="bbox 2061 5268 3766 5339">
    <p class='ocr_par' dir='ltr' id='par_1_97' title="bbox 2061 5268 3766 5339">
     <span class='ocr_line' id='line_1_97' title="bbox 2061 5268 3766 5339; baseline 0.002 -15"><span class='ocrx_word' id='word_1_633' title='bbox 2061 5268 2220 5335; x_wconf 90' lang='lat' dir='ltr'><strong>tiam,</strong></span> <span class='ocrx_word' id='word_1_634' title='bbox 2259 5268 2674 5339; x_wconf 69' lang='lat' dir='ltr'><strong>aaquiparanda</strong></span> <span class='ocrx_word' id='word_1_635' title='bbox 2700 5269 3079 5326; x_wconf 87' lang='lat' dir='ltr'><strong>censebimus.</strong></span> <span class='ocrx_word' id='word_1_636' title='bbox 3130 5269 3187 5325; x_wconf 90' lang='lat' dir='ltr'><strong>Si</strong></span> <span class='ocrx_word' id='word_1_637' title='bbox 3220 5270 3403 5325; x_wconf 90' lang='lat' dir='ltr'><strong>Deum</strong></span> <span class='ocrx_word' id='word_1_638' title='bbox 3436 5268 3492 5323; x_wconf 94' lang='lat' dir='ltr'><strong>in</strong></span> <span class='ocrx_word' id='word_1_639' title='bbox 3524 5269 3766 5327; x_wconf 74' lang='lat' dir='ltr'><strong>Iudaico</strong></span> 
     </span>
    </p>
   </div>
   <div class='ocr_carea' id='block_1_98' title="bbox 2061 5357 3761 5428">
    <p class='ocr_par' dir='ltr' id='par_1_98' title="bbox 2061 5357 3761 5428">
     <span class='ocr_line' id='line_1_98' title="bbox 2061 5357 3761 5428; baseline 0.001 -15"><span class='ocrx_word' id='word_1_640' title='bbox 2061 5358 2272 5428; x_wconf 94' lang='lat' dir='ltr'><strong>populo</strong></span> <span class='ocrx_word' id='word_1_641' title='bbox 2320 5358 2757 5427; x_wconf 87' lang='lat' dir='ltr'><strong>magnilicatum</strong></span> <span class='ocrx_word' id='word_1_642' title='bbox 2805 5358 3159 5425; x_wconf 88' lang='lat' dir='ltr'><strong>audivimus,</strong></span> <span class='ocrx_word' id='word_1_643' title='bbox 3206 5359 3401 5415; x_wconf 73' lang='lat' dir='ltr'><strong>Iesum</strong></span> <span class='ocrx_word' id='word_1_644' title='bbox 3448 5357 3761 5426; x_wconf 83' lang='lat' dir='ltr'><strong>Christum,</strong></span> 
     </span>
    </p>
   </div>
   <div class='ocr_carea' id='block_1_99' title="bbox 2059 5445 3764 5516">
    <p class='ocr_par' dir='ltr' id='par_1_99' title="bbox 2059 5445 3764 5516">
     <span class='ocr_line' id='line_1_99' title="bbox 2059 5445 3764 5516; baseline 0.002 -15"><span class='ocrx_word' id='word_1_645' title='bbox 2059 5445 2208 5501; x_wconf 90' lang='lat' dir='ltr'><strong>sicut</strong></span> <span class='ocrx_word' id='word_1_646' title='bbox 2239 5446 2356 5501; x_wconf 88' lang='lat' dir='ltr'><strong>heri</strong></span> <span class='ocrx_word' id='word_1_647' title='bbox 2389 5446 2549 5516; x_wconf 89' lang='lat' dir='ltr'><strong>apud</strong></span> <span class='ocrx_word' id='word_1_648' title='bbox 2599 5448 2890 5516; x_wconf 90' lang='lat' dir='ltr'><strong>antiquos,</strong></span> <span class='ocrx_word' id='word_1_649' title='bbox 2923 5446 3002 5502; x_wconf 88' lang='lat' dir='ltr'><strong>ita</strong></span> <span class='ocrx_word' id='word_1_650' title='bbox 3049 5454 3105 5503; x_wconf 91' lang='lat' dir='ltr'><strong>et</strong></span> <span class='ocrx_word' id='word_1_651' title='bbox 3151 5446 3319 5502; x_wconf 89' lang='lat' dir='ltr'><strong>hodie</strong></span> <span class='ocrx_word' id='word_1_652' title='bbox 3360 5447 3517 5516; x_wconf 89' lang='lat' dir='ltr'><strong>apud</strong></span> <span class='ocrx_word' id='word_1_653' title='bbox 3550 5447 3764 5504; x_wconf 85' lang='lat' dir='ltr'><strong>moder-</strong></span> 
     </span>
    </p>
   </div>
   <div class='ocr_carea' id='block_1_100' title="bbox 2059 5532 3758 5604">
    <p class='ocr_par' dir='ltr' id='par_1_100' title="bbox 2059 5532 3758 5604">
     <span class='ocr_line' id='line_1_100' title="bbox 2059 5532 3758 5604; baseline -0.001 -16"><span class='ocrx_word' id='word_1_654' title='bbox 2059 5546 2185 5600; x_wconf 90' lang='lat' dir='ltr'><strong>nos,</strong></span> <span class='ocrx_word' id='word_1_655' title='bbox 2234 5546 2355 5588; x_wconf 90' lang='lat' dir='ltr'><strong>esse</strong></span> <span class='ocrx_word' id='word_1_656' title='bbox 2400 5540 2457 5589; x_wconf 91' lang='lat' dir='ltr'><strong>et</strong></span> <span class='ocrx_word' id='word_1_657' title='bbox 2499 5532 2692 5589; x_wconf 83' lang='lat' dir='ltr'><strong>valere</strong></span> <span class='ocrx_word' id='word_1_658' title='bbox 2741 5533 2911 5590; x_wconf 90' lang='lat' dir='ltr'><strong>certis</strong></span> <span class='ocrx_word' id='word_1_659' title='bbox 2955 5532 3368 5603; x_wconf 82' lang='lat' dir='ltr'><strong>experimentis</strong></span> <span class='ocrx_word' id='word_1_660' title='bbox 3391 5534 3758 5604; x_wconf 85' lang='lat' dir='ltr'><strong>agnovimus.</strong></span> 
     </span>
    </p>
   </div>
   <div class='ocr_carea' id='block_1_101' title="bbox 2060 5620 3759 5694">
    <p class='ocr_par' dir='ltr' id='par_1_101' title="bbox 2060 5620 3759 5694">
     <span class='ocr_line' id='line_1_101' title="bbox 2060 5620 3759 5694; baseline 0.001 -17"><span class='ocrx_word' id='word_1_661' title='bbox 2060 5620 2261 5692; x_wconf 84' lang='lat' dir='ltr'><strong>Reges,</strong></span> <span class='ocrx_word' id='word_1_662' title='bbox 2292 5620 2488 5690; x_wconf 89' lang='lat' dir='ltr'><strong>duces,</strong></span> <span class='ocrx_word' id='word_1_663' title='bbox 2509 5620 2815 5680; x_wconf 88' lang='lat' dir='ltr'><strong>dictatores</strong></span> <span class='ocrx_word' id='word_1_664' title='bbox 2842 5634 2911 5679; x_wconf 89' lang='lat' dir='ltr'><strong>ac</strong></span> <span class='ocrx_word' id='word_1_665' title='bbox 2937 5620 3224 5691; x_wconf 88' lang='lat' dir='ltr'><strong>consules,</strong></span> <span class='ocrx_word' id='word_1_666' title='bbox 3260 5621 3490 5694; x_wconf 87' lang='lat' dir='ltr'><strong>uspiam</strong></span> <span class='ocrx_word' id='word_1_667' title='bbox 3538 5635 3759 5694; x_wconf 82' lang='lat' dir='ltr'><strong>pugna-</strong></span> 
     </span>
    </p>
   </div>
  </div>
