3914 6094
196 428 301 480 685

1322 420 1543 475 GESTA
1579 419 1702 475 DEI
1742 418 1876 473 PER
1919 415 2256 472 FRANCOS.
2286 444 2357 456 —
2396 414 2524 468 LIB.
2567 415 2612 469 Ι.

3606 414 3707 465 686

194 556 312 612 turi
354 552 703 624 populorum
753 551 1046 619 examina,
1107 549 1524 618 conﬂaverunt,
1596 556 1652 605 et
1706 548 1905 605 edictis
1941 546 2307 613 Aclamaret,
2362 559 2496 601 cum
2553 542 2715 599 alteri
2765 555 2883 598 non
2944 540 3138 597 minus
3204 541 3462 611 monitis,
3493 556 3707 612 quam-

195 643 545 716 potentibus,
579 641 968 712 undecunque
1000 640 1256 712 gentium
1295 653 1631 696 numerosos
1682 637 1900 694 exerci-

195 740 291 788 tus
324 735 744 787 contraxerunt
784 743 796 782 ζ

264 817 356 872 Hi
381 820 590 880 tamen,
617 813 679 869 hi
699 816 902 869 coeunt
930 812 1224 868 hominum
1245 810 1561 867 terroribus
1582 811 1720 868 acti.

265 904 415 974 Quid
458 905 528 961 de
556 903 668 960 illis
725 903 912 959 dicam
951 902 1054 973 qui
1097 903 1218 958 sine
1264 901 1516 968 domino,
1560 900 1682 956 sine
1735 898 1904 969 prin-

194 994 340 1064 cipe,
373 993 489 1048 solo
521 991 786 1048 videlicet
819 992 932 1046 Deo
982 991 1313 1061 impulsore,
1361 1004 1474 1045 non
1527 989 1691 1044 modo
1739 996 1905 1044 extra

195 1080 446 1139 natalem
481 1079 856 1150 provinciam,
889 1086 1056 1135 extra
1102 1078 1272 1134 etiam
1308 1077 1586 1148 originale
1634 1089 1901 1147 regnum,

194 1180 403 1223 verum
445 1179 681 1236 quoque
736 1172 900 1220 extra
941 1163 1370 1219 multitudinem
1444 1163 1904 1233 interjacentium

198 1254 502 1309 nationum
545 1250 826 1322 progressi
889 1259 1063 1320 atque
1111 1250 1468 1320 linguarum,
1513 1249 1581 1304 de
1632 1248 1906 1305 extremis

196 1341 405 1399 Oceani
456 1339 769 1395 Britannici
827 1338 1059 1406 finibus,
1114 1352 1300 1408 usque
1357 1337 1430 1392 ad
1487 1336 1663 1392 totius
1740 1344 1906 1392 terra

202 1428 591 1485 meditullium
622 1434 941 1482 castrorum
972 1438 1210 1480 suorum
1244 1423 1393 1479 acies
1423 1423 1785 1493 produxere?
1827 1423 1906 1480 De

204 1514 330 1588 [al.,
357 1516 474 1586 illa]
503 1529 655 1572 nova
682 1522 737 1571 et
788 1513 1222 1584 incomparabili
1261 1513 1747 1583 Jerosolymitana
1796 1526 1907 1567 ex-

202 1601 507 1672 peditionis
564 1600 802 1656 victoria
850 1599 1162 1671 loquimur,
1200 1598 1368 1669 cujus
1409 1605 1570 1654 tanta
1618 1610 1755 1668 erga
1810 1610 1907 1652 eos

198 1690 303 1760 qui
358 1703 472 1745 non
522 1688 809 1757 desipiunt
858 1686 1051 1743 existit
1105 1686 1289 1758 gloria
1352 1693 1416 1742 ut
1472 1689 1689 1752 nostra,
1750 1683 1906 1754 quod

197 1777 364 1833 nulla
391 1777 679 1847 praterita
707 1782 1063 1840 meruerunt,
1097 1773 1194 1828 tali
1234 1772 1399 1828 titulo
1442 1771 1762 1842 jubilemus
1811 1770 1905 1824 in—

197 1838 411 1937 signiri
434 1864 849 1935 tempora.Hoc
879 1838 1104 1917 nostros
1136 1859 1392 1931 aggredi,
1425 1838 1542 1914 non
1585 1858 1775 1914 inanis
1814 1857 1905 1911 {a-
1944 1838 1985 1893 Β

196 1967 328 2020 ma,
374 1968 490 2008 non
534 1951 936 2022 pecuniarum,
990 1963 1105 2003 non
1149 1945 1425 2002 dilatandi
1476 1945 1673 2001 limitis
1721 1944 1907 2015 coegit

196 2041 459 2107 ambitio,
485 2040 701 2110 quibus
727 2036 1124 2093 occasionibus
1145 2035 1479 2090 innituntur
1508 2040 1610 2089 aut
1635 2033 1743 2088 nisi
1771 2038 1908 2088 sunt

196 2143 342 2199 pene
363 2143 566 2185 omnes
595 2126 697 2198 qui
727 2134 927 2182 contra
959 2125 1243 2195 quoslibet
1273 2136 1434 2178 arma
1479 2128 1729 2188 movent,
1787 2121 1907 2176 sive

197 2224 529 2273 moverunt.
565 2215 787 2281 Quibus
818 2213 963 2269 illud
983 2211 1263 2282 poeticum
1300 2218 1621 2280 opportune
1649 2209 1861 2265 dicitur
1888 2223 1901 2263 :

308 2323 445 2389 Quis
474 2322 661 2388 furor,
697 2336 729 2374 ο
758 2319 922 2386 cives,
954 2334 1077 2389 qua
1106 2322 1270 2372 tanta
1292 2315 1528 2371 licentia
1543 2315 1725 2389 ferri,
1768 2364 1787 2373 _

308 2388 582 2469 (gentibus
611 2390 814 2469 invisis
841 2388 1409 2469 propriumprabere
1435 2388 1730 2469 eruerent?

305 2464 481 2519 Bella
505 2462 631 2536 geri
646 2458 893 2533 placuit,
923 2458 1117 2515 dullas
1145 2458 1414 2514 habitura.
1443 2458 1781 2529 triumphos.

198 2568 259 2624 Si
279 2569 435 2624 enim
465 2582 570 2638 pro
600 2568 864 2624 libertate
895 2567 1129 2633 tuenda,
1154 2574 1254 2622 aut
1283 2580 1387 2636 pro
1420 2563 1653 2635 publica
1698 2578 1759 2619 re
1802 2563 1906 2619 de-

201 2655 489 2711 fendenda
547 2662 839 2712 sumerent
905 2668 1161 2719 causam,
1212 2653 1640 2710 excusationem
1705 2651 1908 2722 utique

202 2743 557 2813 pratendere
598 2750 826 2813 possent
874 2742 1193 2797 honestam.
1230 2741 1339 2797 Ubi
1384 2749 1578 2797 autem
1619 2748 1720 2797 aut
1770 2740 1908 2796 bar-

200 2833 482 2888 bararum
515 2832 796 2903 gentium,
820 2835 922 2887 aut
943 2830 1223 2886 metuitur
1254 2829 1591 2900 gentilitatis
1615 2829 1905 2895 incursus,

202 2920 278 2975 ab
300 2933 598 2975 armorum
624 2919 756 2989 jure
783 2917 982 2974 nullus
1012 2916 1176 2972 debet
1211 2917 1373 2971 miles
1402 2915 1607 2983 arceri,
1639 2924 1694 2971 et
1723 2915 1770 2971 si
1802 2916 1909 2971 ista

202 3005 514 3071 defuerint,
548 3019 651 3075 pro
684 3007 805 3060 sola
841 3011 1053 3059 sancta
1088 3003 1355 3058 Ecclesia
1390 3002 1629 3058 tuitione
1673 3016 1907 3058 consue-

92 3086 107 3091 ’
202 3103 419 3151 verunt
466 3109 644 3165 quam
692 3093 939 3164 legitime
987 3092 1136 3149 bella
1178 3091 1433 3147 tractari.
1494 3091 1586 3156 At,
1632 3091 1908 3161 quoniam

202 3185 264 3239 in
300 3184 560 3240 omnium
601 3184 807 3241 animis
858 3183 981 3238 hac
1028 3182 1123 3252 pia
1158 3181 1365 3237 desinit
1418 3180 1657 3237 intentio
1701 3188 1756 3237 et
1813 3181 1909 3235 ha-

204 3272 374 3328 bendi
428 3278 770 3328 cunctorum
828 3271 1079 3341 pervasit
1146 3270 1318 3325 corda
1384 3269 1579 3336 libido,
1659 3269 1909 3326 instituit

203 3369 405 3417 nostro
443 3368 696 3432 tempore
737 3360 935 3431 pralia
972 3367 1171 3415 sancta
1213 3359 1382 3427 Deus,
1437 3366 1501 3413 ut
1542 3358 1682 3414 ordo
1726 3372 1909 3429 eque-

203 3449 342 3506 stris
382 3456 437 3505 et
488 3449 703 3520 vulgus
754 3449 1049 3513 oberrans,
1104 3446 1205 3516 qui
1253 3452 1494 3501 vetusta
1558 3444 1909 3515 paganitatis

203 3537 474 3608 exemplo
518 3538 576 3592 in
616 3545 850 3592 mutuas
894 3535 1285 3590 versabantur
1323 3534 1522 3599 cades,
1570 3547 1783 3589 novum
1814 3547 1909 3588 re-

203 3628 465 3696 perirent
490 3625 693 3681 salutis
714 3624 1102 3695 promerenda
1141 3637 1345 3694 genus.
1380 3629 1443 3679 ut
1490 3637 1595 3678 nec
1648 3622 1911 3678 funditus

205 3713 391 3769 electa
424 3711 524 3787 [νη
569 3710 773 3783 ejecta]
823 3711 928 3779 (uti
973 3709 1093 3766 ﬁeri
1138 3712 1363 3778 assolet)
1403 3710 1719 3767 monastica
1768 3725 1911 3766 con-

210 3806 560 3873 versatione,
592 3820 692 3862 seu
723 3806 988 3877 religiosa
1018 3806 1274 3876 qualibet
1312 3805 1677 3874 professione,
1728 3820 1910 3861 sacu-

210 3894 339 3950 lum
370 3893 696 3963 relinquere
727 3902 1088 3965 cogerentur,
1119 3893 1216 3949 sed
1269 3894 1377 3950 sub
1417 3901 1691 3949 consueta
1737 3894 1911 3949 licen-

214 3983 299 4038 tia
327 3990 383 4038 et
402 3981 626 4049 habitu,
659 3996 731 4037 ex
761 3995 869 4038 suo
895 3982 1153 4051 ipsorum
1176 3980 1382 4049 officio,
1415 3980 1515 4035 Dei
1542 3980 1915 4051 aliquatenus

216 4070 468 4143 gratiam
516 4077 1025 4140 consequerentur.

289 4154 595 4227 Omnigeni
621 4157 806 4209 status
849 4159 905 4209 et
924 4153 1278 4210 conditionis
1307 4154 1563 4210 homines
1584 4157 1792 4209 cuncta
1819 4154 1916 4209 ab-

213 4243 494 4299 dicabant
523 4243 611 4298 uti
637 4247 840 4299 contra
861 4243 1112 4316 per/idos
1148 4243 1225 4297 ad
1256 4244 1464 4297 bellum
1498 4241 1917 4314 proﬁcisceren-

216 4336 334 4387 tur.
367 4364 434 4373 —
484 4334 596 4390 Deo
647 4348 784 4405 ergo
833 4334 1144 4401 incentore,
1196 4340 1377 4389 motas
1413 4332 1746 4388 audivimus
1789 4331 1912 4405 [al.,

2009 632 2268 701 exemplo
2307 633 2461 688 domi
2518 631 2771 700 forisque
2829 628 3191 698 profectionis
3236 637 3369 685 vota
3413 630 3705 686 clamaret.

2007 722 2297 776 Ardebant
2334 720 2526 776 studia
2569 719 2953 790 singulorum,
2999 725 3054 773 et
3094 725 3253 774 tanta
3304 718 3416 774 illis
3465 717 3710 776 facultas

2008 807 2314 865 videbatur
2338 808 2479 889 illud
2509 808 2617 864 iter
2647 807 2904 873 ineundi,
2930 807 3144 877 quibus
3164 806 3340 863 nulla
3367 816 3708 877 sumptuum

2009 895 2185 965 copia
2210 896 2609 966 suppetebant,
2646 902 2867 966 quanta
2896 895 3008 949 illis
3052 895 3268 965 quibus
3321 896 3522 967 ingens
3575 912 3709 967 pos-

2008 984 2326 1040 sessionum
2370 983 2638 1049 venditio,
2673 991 2773 1039 aut
2826 983 3080 1039 thesauri
3126 983 3359 1053 repositi
3398 985 3710 1054 opulentis-

2012 1072 2223 1128 simum
2259 1071 2531 1128 viaticum
2562 1072 3250 1141 convehebant.gVideres
3288 1072 3504 1128 dictum
3547 1073 3709 1128 Salo-

2014 1160 2198 1217 monis
2248 1161 2551 1216 evidenter
2595 1160 2735 1216 illud
2794 1159 3017 1230 impleri
3054 1180 3081 1209 ‹‹
3109 1160 3315 1229 Regem
3347 1159 3564 1216 locusta
3594 1176 3709 1217 non

2014 1249 2205 1317 habet,
2232 1256 2285 1305 et
2314 1249 2610 1321 egreditur
2638 1249 2906 1304 universa
2939 1262 3039 1317 per
3079 1255 3300 1303 turmas
3348 1263 3483 1304 suas
3515 1250 3705 1320 (Prov.

2013 1340 2101 1405 30,
2125 1340 2239 1407 27).
2280 1359 2301 1385 ι

2086 1427 2219 1481 Hac
2269 1425 2490 1481 locusta
2554 1424 2781 1481 nullum
2855 1424 3018 1481 bona
3077 1423 3424 1493 operationis
3498 1425 3709 1483 saltum

2013 1515 2264 1582 dederat,
2347 1514 2609 1586 quandiu
2658 1514 2843 1584 longa
2923 1513 3245 1583 iniquitatis
3320 1515 3711 1585 congelatione

2015 1611 2307 1674 torpuerat
2337 1621 2349 1657 :
2382 1610 2439 1659 at
2470 1603 2566 1658 ubi
2600 1603 2732 1658 solis
2756 1602 2992 1672 justitia
3034 1601 3220 1656 fervor
3252 1601 3551 1657 incanduit
3582 1603 3709 1673 [al.,

2014 1690 2372 1764 excanduit],
2421 1691 2686 1763 genuina
2744 1690 2888 1745 illico
2949 1690 3474 1760 transmigrationis
3518 1690 3709 1745 evola-

2015 1780 2169 1836 tione
2197 1780 2457 1851 prosiliit,
2512 1780 2650 1834 dum
2694 1778 2761 1832 de
2811 1778 2987 1847 patris
3037 1778 3207 1833 domo
3251 1792 3318 1832 ac
3369 1779 3710 1848 cognatione

2011 1868 2348 1940 digreditur,
2382 1874 2435 1924 et
2488 1882 2588 1938 per
2619 1876 2828 1921 sancta
2879 1866 3214 1921 intentionis
3260 1866 3711 1936 assumptionem

2013 1957 2269 2012 moribus
2310 1956 2672 2012 immutatur.
2725 1956 2853 2023 Ipsa
2898 1968 3088 2024 regem
3137 1969 3253 2009 non
3304 1954 3526 2019 habuit,
3573 1954 3712 2024 quia

2012 2058 2260 2113 quaque
2313 2043 2494 2098 fidelis
2538 2043 2732 2097 anima
2776 2041 2933 2096 omni
2985 2041 3222 2108 ducatu,
3277 2049 3483 2110 prater
3531 2042 3711 2097 solius

2012 2130 2112 2185 Dei
2142 2129 2348 2195 caruit,
2400 2129 2539 2184 dum
2595 2128 2749 2183 illius
2795 2142 2855 2182 se
2911 2126 3383 2183 contubernalem
3442 2127 3706 2194 astimat,

2010 2232 2261 2289 eumque
2290 2217 2571 2287 pravinm
2600 2216 2708 2273 sibi
2738 2230 2859 2272 esse
2888 2230 2999 2270 non
3031 2214 3277 2282 dubitat,
3313 2215 3482 2285 cujus
3514 2216 3711 2271 volun-

2012 2314 2126 2363 tate
2167 2315 2222 2362 et
2273 2306 2546 2362 instinctu
2593 2320 2653 2361 se
2701 2305 2955 2375 coepisse,
3004 2317 3177 2374 quem
3252 2304 3309 2358 in
3365 2303 3711 2373 egestatibus

2012 2394 2213 2451 solatio
2244 2394 2350 2450 sibi
2400 2394 2665 2450 futurum
2715 2391 3047 2463 conjubilat.
3110 2390 3214 2447 Sed
3272 2406 3403 2461 qua
3441 2399 3523 2447 est
3580 2407 3711 2461 qua

2011 2482 2305 2554 egreditur
2336 2481 2701 2548 universitas,
2731 2481 2841 2536 nisi
2873 2480 2985 2547 illa,
3030 2493 3160 2549 qua
3197 2479 3270 2534 ad
3317 2494 3499 2535 unum
3530 2480 3708 2535 idem-

2013 2586 2127 2642 que
2156 2571 2540 2641 appetendum
2582 2568 3184 2625 numerosissimarum
3236 2566 3489 2637 plebium
3539 2568 3712 2623 corda

1980 2659 2184 2715 ‘vertit
2246 2657 2621 2728 simplicitas?
2691 2656 2833 2714 Cum
2905 2655 3085 2712 solam
3162 2656 3328 2725 quasi
3388 2655 3710 2724 specialiter

2015 2748 2370 2803 Francorum
2426 2753 2654 2816 gentem
2708 2758 2883 2814 super
2936 2745 3045 2798 hac
3104 2757 3164 2798 re
3208 2743 3708 2798 commonitorium

2013 2834 2337 2905 apostolica
2366 2833 2515 2889 sedis
2554 2832 2827 2903 attigerit,
2871 2846 3001 2902 qua
3050 2844 3190 2902 gens
3233 2830 3555 2887 Christiano
3602 2833 3711 2887 sub

2009 2923 2141 2994 jure
2170 2937 2347 2994 agens
2377 2936 2491 2977 non
2537 2921 2685 2976 illico
2716 2928 2938 2975 turmas
2983 2919 3159 2975 edidit
3189 2934 3200 2973 :
3234 2926 3288 2974 et
3337 2919 3474 2975 dum
3510 2927 3712 2989 pensat

2014 3026 2073 3067 se
2095 3012 2206 3067 Deo
2235 3010 2496 3067 eamdem
2527 3008 2695 3064 ﬁdem
2740 3008 2945 3063 debere
2977 3021 3152 3077 quam
3198 3007 3426 3074 Franci,
3462 3008 3713 3063 France-

1962 3132 1986 3169 η
2016 3114 2146 3155 rum
2176 3097 2392 3169 quibus
2439 3102 2677 3166 possunt
2733 3094 2975 3161 viribus,
3033 3094 3301 3150 nituntur
3351 3103 3407 3150 et
3450 3095 3716 3151 ambiunt

2015 3186 2442 3244 communicare
2497 3182 2854 3240 discrimini?
2909 3183 3144 3240 Videres
3195 3183 3490 3239 Scotorum
3561 3184 3716 3252 apud

2014 3291 2074 3332 se
2102 3274 2397 3339 feracium,
2439 3273 2581 3328 alias
2624 3271 2960 3339 imbellium,
3007 3285 3220 3327 cuneos
3261 3286 3431 3327 crure
3483 3272 3712 3339 intecto,

2014 3364 2239 3434 hispida
2264 3361 2584 3431 chlamyde,
2623 3375 2696 3416 ex
2756 3359 3012 3415 humeris
3056 3358 3410 3429 dependente
3442 3360 3713 3429 psitarcia

2016 3450 2499 3523 [al.,sytarchia],
2535 3449 2603 3504 de
2649 3449 2863 3504 finibus
2894 3446 3195 3519 uliginosis
3233 3448 3427 3517 allabi,
3480 3456 3533 3503 et
3584 3449 3713 3518 qui-

2015 3540 2125 3596 bus
2150 3539 2414 3606 ridicula,
2451 3545 2739 3608 quantum
2769 3537 2837 3591 ad
2884 3551 3004 3602 nos,
3041 3535 3223 3591 forent
3255 3550 3417 3591 arma
3460 3536 3713 3605 copiosa,

2016 3642 2137 3684 sua
2169 3626 2295 3682 fidei
2346 3640 2412 3682 ac
2469 3624 2785 3680 devotionis
2849 3624 3014 3679 nobis
3065 3622 3287 3678 auxilia
3346 3632 3711 3693 prasentare.

2017 3717 2215 3771 Testor
2241 3715 2422 3769 Deum
2458 3728 2545 3768 me
2576 3712 2803 3768 audisse
2831 3711 3018 3766 nescio
3043 3710 3213 3781 cujus
3242 3711 3502 3767 barbara
3532 3712 3718 3782 gentis

2018 3801 2279 3858 homines
2308 3803 2379 3856 ad
2413 3800 2591 3856 nostri
2623 3807 2849 3869 portum
2899 3799 3076 3853 maris
3125 3799 3416 3869 appulsos,
3464 3814 3713 3870 quorum

2017 3903 2202 3947 sermo
2255 3889 2393 3945 adeo
2450 3888 2769 3943 habebatur
2824 3885 3151 3952 incognitus
3214 3894 3295 3953 ut,
3353 3885 3557 3957 lingua
3609 3902 3711 3943 va-

2019 3985 2205 4045 cante,
2247 3977 2558 4048 digitorum
2606 3989 2781 4045 super
2827 3974 3033 4045 digitos
3095 3975 3518 4031 transversione
3567 3981 3707 4031 an

2018 4066 2206 4123 erucis
2273 4066 2442 4137 signa
2495 4064 2934 4134 pratenderent,
3001 4063 3206 4133 hisque
3256 4063 3498 4120 indiciis.
3561 4066 3717 4135 quod

2020 4154 2341 4225 nequibant
2365 4153 2622 4219 vocibus,
2656 4167 2715 4209 se
2748 4152 2876 4208 ﬁdei
2906 4165 3080 4207 causa
3113 4150 3390 4222 proﬁcisci
3440 4162 3718 4209 monstra-

2023 4249 2169 4299 rent.
2204 4242 2308 4299 Sed
2338 4243 2407 4298 de
2440 4242 2526 4297 his
2557 4255 2661 4297 suo
2699 4240 2821 4296 loco
2866 4240 3117 4297 uberiori
3167 4239 3402 4296 forsitan
3450 4240 3717 4311 {circum-

2024 4331 2307 4387 locutione
2338 4330 2741 4396 tractabimus;
2789 4343 2947 4384 nunc
2997 4328 3066 4383 de
3099 4328 3589 4399 Jerosolymitana
3627 4330 3718 4386 vel

213 4420 490 4488 vidimus]
525 4421 801 4488 nationes,
852 4430 907 4477 et
939 4420 1009 4475 ad
1037 4421 1231 4475 omnia
1262 4421 1749 4476 necessitudinum
1785 4421 1918 4477 aﬁe-
1956 4425 2000 4478 D
2025 4419 2329 4476 Orientalis
2361 4426 2535 4486 statu,
2555 4417 2672 4488 qui
2705 4425 2844 4473 tunc
2881 4424 3024 4484 erat,
3056 4416 3338 4485 Ecclesia,
3383 4416 3721 4487 aliquantis-

213 4506 595 4575 ctionumque
626 4520 837 4577 genera
867 4507 1267 4576 praeordiales
1300 4508 1491 4563 aditus
1521 4508 1917 4578 pradurantes

213 4592 383 4650 tanta
427 4593 700 4649 aviditate
743 4594 815 4649 ad
863 4593 1172 4650 Christiani
1222 4594 1472 4649 nominis
1511 4594 1699 4650 hostes
1751 4610 1915 4651 ever-

213 4681 422 4738 tendos
447 4681 715 4736 exsilium
746 4687 955 4750 petere,
988 4681 1304 4750 orbemque
1349 4681 1636 4748 Latinum,
1686 4681 1919 4737 notitias

212 4768 391 4824 etiam
439 4776 724 4824 terrarum
768 4768 1062 4835 excedere,
1097 4775 1321 4838 quanta
1370 4768 1653 4824 neminem
1715 4769 1917 4824 alacri-

216 4863 334 4911 tate
390 4855 707 4911 viderimus
764 4863 865 4911 aut
916 4855 1118 4925 epulas
1164 4862 1268 4910 aut
1336 4855 1458 4911 dies
1515 4857 1683 4912 festos
1739 4856 1914 4912 adire.

218 4942 480 4998 Honores
508 4942 862 5011 amplissimi,
906 4941 1273 4998 castellorum
1304 4949 1360 4998 et
1391 4942 1625 4999 urbium
1668 4943 1922 4998 dominia

215 5029 664 5100 spernebantur,
716 5043 931 5086 uxores
973 5029 1379 5099 pulcherrima
1424 5030 1593 5100 quasi
1644 5029 1920 5101 quiddam

217 5115 483 5173 tabidum
505 5116 872 5179 vilesoebant,
892 5116 1048 5172 omni
1078 5131 1305 5188 gemma
1331 5118 1624 5188 quondam
1646 5119 1924 5189 gratiores

219 5202 534 5275 promiscui
582 5217 757 5259 sexus
801 5203 1108 5274 pignorum
1150 5205 1596 5263 fastidiehantur
1635 5213 1918 5276 aspectus,

218 5301 275 5349 et
302 5292 375 5346 ad
408 5293 564 5362 quod
584 5292 914 5349 mortalium
941 5293 1139 5349 nullus
1167 5301 1269 5350 aut
1306 5308 1514 5365 urgere
1544 5293 1779 5363 imperio
1817 5307 1923 5363 po-

220 5379 447 5448 tuisset,
491 5387 591 5435 aut
637 5378 905 5435 suasione
938 5379 1267 5448 propellere,
1310 5380 1381 5435 ad
1428 5380 1483 5434 id
1528 5380 1719 5436 subita
1771 5393 1925 5434 men-

223 5466 371 5522 tium
453 5467 883 5523 demutatarnm
939 5468 1323 5524 obstinatione
1380 5468 1732 5524 ferebantur.
1798 5470 1924 5526 Non

224 5563 350 5612 erat
379 5554 773 5612 ecclesiastica
806 5555 1090 5626 cuiquam
1138 5570 1393 5627 persona
1436 5559 1821 5616 necessarium
1862 5568 1927 5617 ut

2025 4522 2128 4579 per
2155 4521 2416 4579 agamus.

2699 4593 2932 4651 CAPUT
2973 4593 3043 4648 ΙΙ.

2098 4682 2214 4755 [ΙΙ.]
2236 4681 2613 4737 Orientalium
2621 4682 2770 4754 ﬁdes
2788 4678 3142 4737 nutabunda.
3176 4677 3339 4733 Unde
3362 4677 3618 4734 haereses.
3651 4706 3720 4719 —

2026 4773 2074 4826 A
2115 4770 2464 4839 temporibus
2513 4770 2696 4826 fidelis
2746 4769 2993 4825 Helena.
3044 4766 3404 4823 Constantini
3449 4766 3721 4836 principis

2028 4859 2244 4922 matris,
2292 4873 2392 4928 per
2433 4858 2558 4915 loca
2606 4859 3001 4915 Dominiorum
3052 4863 3106 4912 et
3141 4855 3557 4925 suppliciorum
3594 4855 3717 4923 [al.,

2028 4945 2459 5001 Dominicorum
2553 4940 2989 5015 suppliciorum]
3082 4941 3336 5013 vestigiis
3425 4941 3717 5013 insignita,

2029 5032 2277 5091 basilica
2305 5041 2462 5101 sunt,
2496 5047 2595 5102 per
2627 5032 2885 5089 eamdem
2934 5034 3276 5101 Augustam,
3306 5038 3361 5086 et
3404 5030 3723 5086 ministeria

2029 5123 2207 5194 digna
2230 5122 2480 5178 basilicis
2510 5122 2790 5178 instituta.
2827 5120 3007 5184 Quem
3050 5118 3429 5175 institutionis
3460 5119 3721 5175 ordinem

2031 5219 2157 5281 post
2211 5211 2507 5267 decessum
2571 5209 2957 5279 prafatorum,
3039 5221 3139 5278 per
3193 5206 3432 5263 Romani
3498 5207 3722 5279 imperii

2032 5298 2437 5366 successiones,
2516 5298 2810 5354 diuturnis
2892 5296 3267 5366 temporibus,
3343 5296 3724 5353 ecclesiastica

2033 5387 2271 5443 historia
2318 5385 2576 5455 docente,
2626 5385 3012 5457 comperimus
3055 5384 3416 5456 perdurasse.
3465 5384 3722 5442 Orienta-

2034 5474 2175 5530 lium
2203 5482 2397 5529 autem
2426 5474 2583 5540 fides,
2635 5488 2768 5529 cum
2810 5486 3034 5542 semper
3060 5471 3401 5529 nutabunda
3453 5473 3725 5529 constite—

2034 5562 2127 5631 rit,
2160 5570 2216 5618 et
2262 5576 2455 5618 rerum
2514 5561 2803 5618 molitione
2846 5575 3127 5620 novarum
3181 5561 3474 5617 mutabilis
3517 5570 3571 5617 et
3616 5575 3726 5615 va-

226 5642 301 5700 ad
331 5643 669 5700 excitandos
700 5657 802 5712 pro
830 5642 938 5701 hoc
985 5644 1107 5716 ipso
1141 5645 1382 5716 populos
1426 5644 1487 5702 in
1543 5647 1797 5705 ecclesiis
1838 5649 1930 5706 de-
2040 5649 2314 5721 gabunda
2357 5650 2547 5717 fuerit,
2594 5664 2819 5723 semper
2864 5665 2900 5707 a
2935 5652 3139 5724 regula
3179 5665 3332 5708 vera
3378 5649 3731 5706 credulitatis
