3914 6094
185 359 287 411 687

1075 357 1132 408 ν.
1175 355 1500 412 GUIBERTI
1541 356 1831 414 ABBATIS
1869 355 1924 411 S.
1968 356 2209 413 MARl/E
2252 357 2342 414 DE
2385 356 2785 415 NOVIGENTO

3575 362 3689 416 688

185 493 534 561 exorbitans,
585 493 656 548 ab
703 492 1075 561 antiquorum
1124 493 1357 547 Patrum
1407 492 1746 548 auctoritate
1786 492 1875 548 de—
1911 493 2175 548 Aeodem
2209 507 2373 562 pane,
2404 494 2543 564 quia
2579 494 2728 549 alius
2769 509 2885 549 non
2935 495 3151 564 aderat,
3203 511 3311 552 nec
3364 497 3691 553 secundum

171 584 369 645 scivit.
425 583 532 651 [psi
592 581 760 650 plane
809 579 1085 647 homines,
1149 594 1250 649 pro
1293 580 1442 634 aeris
1488 587 1542 635 et
1587 580 1712 635 coeli
1781 579 1874 636 cui

187 670 368 724 innati
398 675 532 722 sunt
559 667 821 736 puritate,
869 682 1002 721 cum
1041 667 1154 721 sint
1203 665 1431 721 levioris
1480 666 1871 735 corpulentiae,

186 766 238 814 et
293 757 501 811 idcirco
552 755 844 810 alacrioris
907 754 1140 824 ingenii,
1202 754 1400 808 multis
1459 761 1513 809 et
1573 754 1876 810 inutilibus

183 845 517 901 commentis
585 844 766 898 solent
830 843 990 899 radio
1061 858 1182 898 sum
1235 843 1658 912 perspicacitate
1715 844 1874 899 abuti

183 934 311 1004 [al.,
361 931 596 988 acrioris
654 933 868 1002 ingenii
934 932 1363 1001 perspicacitate
1405 931 1585 987 solent
1641 932 1872 1002 abuti]:

182 1031 236 1077 et
265 1021 402 1076 dum
428 1020 713 1090 majorum
741 1019 860 1075 sive
908 1034 1235 1076 coaevorum
1274 1033 1516 1074 suorum
1541 1019 1876 1088 Idespiciunt

183 1109 571 1178 obtemperare
603 1109 948 1178 magisterio,
978 1129 1005 1156 ‹‹
1055 1108 1296 1163 scrutati
1336 1116 1470 1164 sunt
1520 1108 1872 1178 iniquitates,

180 1198 509 1253 defecerunt
559 1204 878 1252 scrutantes
924 1195 1202 1251 scrutinio
1267 1195 1448 1266 (Psal.
1497 1211 1652 1264 thn,
1704 1195 1868 1268 71).»

179 1287 314 1341 Inde
363 1286 605 1341 haereses
643 1292 698 1340 et
749 1285 996 1354 pestium
1047 1285 1347 1340 variarum
1398 1299 1611 1355 genera
1655 1293 1875 1354 porten-

177 1383 386 1430 tuosa:
440 1388 694 1444 quarum
762 1381 923 1428 tanta
981 1373 1260 1442 pernicies
1319 1380 1374 1428 et
1458 1373 1874 1428 inextricabilis

177 1463 392 1518 exstitit
418 1462 804 1532 labyrinthus,
839 1468 902 1517 ut
929 1461 1192 1530 veprium
1227 1461 1314 1516 vel
1348 1461 1520 1516 etiam
1553 1461 1872 1517 urticarum

176 1550 414 1606 ferocior
445 1550 670 1619 uspiam
703 1549 819 1604 ﬁeri
854 1562 1227 1618 nequaquam
1270 1549 1651 1605 incultissima
1698 1552 1875 1618 possit

177 1640 414 1694 humus.
484 1639 755 1694 Omnium
823 1637 1112 1692 haereseon
1179 1638 1422 1708 catalogi
1479 1638 1870 1709 perlegantur,

175 1728 309 1782 libri
343 1728 718 1796 antiquorum
769 1725 964 1794 scripti
1008 1726 1285 1781 adversus
1337 1727 1629 1782 haereticos
1679 1741 1872 1782 recen-

1985 581 2167 651 lcgem
2199 597 2377 652 quam
2418 582 2709 652 implebat,
2750 583 2944 639 induci
2974 592 3113 640 tunc
3154 592 3390 655 poterat,
3432 585 3693 656 corporis

1985 670 2072 724 sui
2097 679 2455 726 sacramenta
2503 671 2866 738 contradidit,
2925 686 3259 741 azymorum
3309 673 3508 742 illatio,
3552 688 3690 743 quae

1983 764 2123 814 tunc
2147 757 2310 813 afluit
2341 759 2680 826 necessitati,
2713 774 2828 814 non
2861 760 2940 815 eis
2985 760 3215 816 videtur
3244 762 3316 816 ad
3369 762 3694 817 institutio-

1982 860 2114 901 nem
2166 846 2450 915 pertinere
2515 847 2798 918 mysterii;
2866 848 3014 904 sicut
3073 849 3340 906 buccellae
3400 850 3688 916 intinctio,

1981 949 2099 990 non
2141 935 2483 992 sacramenti
2532 937 2861 1006 peragendi,
2891 937 2989 992 sed
3017 938 3180 994 Iudae
3213 939 3518 1007 proditoris
3577 939 3692 994 fuit

1982 1023 2254 1091 ostensio;
2306 1024 2372 1090 si,
2434 1025 2696 1095 inquam,
2759 1025 2868 1080 ista
2923 1033 3025 1081 aut
3082 1027 3352 1096 quaelibet
3405 1027 3519 1082 alia
3582 1034 3692 1082 aut

1983 1111 2124 1167 falso
2181 1120 2282 1168 aut
2334 1114 2614 1169 veraciter
2665 1114 2896 1169 obtendi
2953 1122 3210 1183 possunt,
3273 1115 3413 1185 quid
3467 1115 3690 1185 Spiritu

1982 1208 2177 1256 sancto
2201 1200 2409 1257 dicturi
2440 1209 2594 1268 sunt,
2631 1203 2731 1272 qui
2774 1201 2965 1257 adhuc
2995 1217 3128 1257 eum
3173 1203 3495 1258 secundum
3538 1203 3687 1258 reli-

1983 1289 2150 1358 quias
2176 1288 2453 1343 haereseos
2481 1289 2725 1354 Arianae,
2768 1287 3050 1345 minorem
3081 1289 3246 1345 Patre
3271 1298 3325 1346 et
3357 1289 3501 1344 Filio
3544 1304 3689 1359 pro-

1983 1375 2118 1431 fana
2156 1384 2343 1432 mente
2380 1375 2941 1438 contendunt?§Cum
2989 1377 3062 1432 ab
3097 1378 3373 1432 institutis
3425 1385 3688 1447 paterno-

1981 1477 2113 1518 rum
2159 1478 2466 1531 canonum,
2500 1472 2554 1520 et
2586 1464 2656 1519 ab
2685 1463 3060 1520 Occidentalis
3109 1464 3371 1520 Ecclesiae
3400 1465 3490 1534 pio
3543 1465 3684 1532 ritu,

1983 1568 2154 1608 sensu
2181 1568 2247 1608 ac
2277 1554 2617 1609 multimoda
2637 1555 2858 1609 actione
2888 1554 3231 1621 discordent,
3258 1555 3415 1610 hunc
3441 1554 3686 1608 damna-

1983 1641 2154 1697 tionis
2184 1657 2303 1697 suae
2332 1643 2669 1712 abiecerunt
2694 1643 3016 1709 cumulum,
3052 1651 3115 1697 ut
3135 1642 3460 1698 claudicare
3486 1643 3690 1712 perhi-

1984 1730 2174 1798 beant,
2249 1717 2465 1786 inflicta
2527 1732 2576 1787 ei
2653 1732 2897 1801 propriae
2971 1739 3196 1786 naturae
3273 1731 3688 1801 inaequalitate,

176 1825 432 1881 seantur,
468 1815 721 1870 mirabor
746 1815 788 1870 si
818 1823 1022 1883 praeter
1063 1814 1350 1870 Orientem
1380 1823 1434 1870 et
1476 1815 1727 1871 Africam
1774 1815 1875 1870 vix
1913 1790 1957 1845 Β
1987 1821 2184 1875 Deum.
2215 1819 2268 1874 Si
2318 1820 2493 1886 enim,
2525 1834 2599 1875 ex
2648 1790 2778 1875 Pilii
2829 1819 2928 1874 Dei
2973 1827 3273 1889 praecepto,
3322 1821 3379 1874 in
3427 1820 3611 1875 Patris
3637 1827 3694 1874 et

175 1905 356 1974 aliqui
386 1904 494 1959 sub
525 1904 726 1958 Latino
762 1903 897 1958 orbe
928 1912 1258 1958 cernentur.

250 1993 537 2062 Pelagius,
592 1990 784 2059 Arius,
859 1991 1076 2058 Manis,
1151 1993 1489 2060 Eunomius,
1569 1993 1871 2063 Eutychea,

173 2080 477 2134 Nestorius
526 2079 928 2135 haeresiarchaa.
986 2111 1054 2120 —
1116 2081 1434 2151 Pelagium,
1497 2081 1604 2136 nisi
1685 2081 1870 2150 fallor,

176 2169 460 2224 Britonem
502 2169 836 2224 haereticum
881 2170 1069 2224 nescio
1114 2185 1230 2238 quo
1278 2169 1544 2240 legerim;
1590 2170 1686 2225 sed
1745 2170 1875 2224 illo-

144 2271 304 2310 .rum
367 2256 454 2310 vel
508 2270 797 2322 erroneos,
858 2255 946 2310 vel
987 2270 1209 2310 errores
1258 2256 1524 2325 colligere
1587 2255 1871 2312 neminem

175 2359 435 2414 unquam
470 2345 720 2413 potuisse
771 2343 1132 2398 crediderim.
1175 2343 1290 2413 Ipsi
1336 2344 1570 2399 fuerunt
1615 2352 1766 2399 terra
1814 2344 1873 2398 in

173 2447 412 2489 suorum
473 2433 776 2488 maledicta
838 2432 1250 2502 magistrorum
1317 2447 1507 2502 opere,
1565 2433 1757 2502 spinas
1819 2440 1874 2488 et

177 2521 414 2576 tribulos
448 2520 781 2591 germinans
825 2520 1201 2589 operantibus
1252 2534 1330 2575 se.
1379 2522 1464 2575 Ex
1523 2520 1875 2576 Alexandria

171 2610 365 2676 Arius,
417 2624 489 2664 ex
539 2609 762 2664 Perside
817 2609 1001 2663 Manis
1052 2608 1298 2664 emersit.
1366 2609 1615 2664 Alterius
1683 2609 1872 2665 rabies

172 2707 381 2753 sanctae
424 2697 690 2752 Ecclesiae
745 2706 978 2763 vestem,
1024 2697 1312 2752 maculam
1365 2705 1465 2752 aut
1513 2713 1718 2768 rugam
1758 2714 1872 2754 non

171 2786 499 2850 habentem,
529 2793 688 2840 tanta
717 2785 881 2839 scidit
917 2793 1090 2854 atque
1123 2785 1446 2840 cruentavit
1496 2786 1767 2841 instantia
1809 2794 1874 2842 ut

171 2874 296 2943 ejus
345 2873 814 2938 consideratione,
858 2873 1087 2927 brevior
1133 2873 1362 2942 penitus
1407 2881 1679 2943 tempore,
1737 2875 1873 2929 locis

172 2962 516 3017 contractior
590 2962 907 3016 aestimetur
977 2961 1297 3030 persecutio
1348 2963 1616 3028 Deciana,
1675 2971 1872 3032 utpote

1986 1909 2113 1964 Filii
2174 1917 2226 1963 et
2295 1909 2542 1978 Spiritus
2599 1909 2780 1963 sancti
2839 1908 3070 1963 nomine
3129 1907 3539 1978 baptizandum
3605 1917 3696 1964 est

1984 1997 2207 2068 (Matlh.
2260 2012 2456 2065 xxvut,
2518 1997 2626 2066 19),
2674 2005 2728 2052 et
2783 1997 2889 2051 hoc
2941 1997 3150 2052 idcirco
3200 1997 3340 2066 quia
3387 1998 3506 2051 haec
3573 1997 3692 2052 tria

1985 2100 2140 2142 unus
2163 2087 2312 2141 Deus
2336 2094 2420 2141 est
2457 2101 2468 2139 :
2505 2085 2792 2156 quidquid
2824 2086 2882 2139 in
2915 2085 3003 2140 his
3045 2085 3229 2141 tribus
3259 2085 3538 2141 asseritur
3570 2085 3693 2141 mi—

1984 2189 2096 2230 nus
2121 2175 2418 2241 alterutro,
2448 2176 2598 2230 Deus
2627 2174 2877 2243 profecto
2898 2188 3012 2229 non
3043 2182 3146 2229 est.

2056 2262 2134 2316 0b
2162 2261 2423 2334 ips-orum
2461 2269 2700 2334 peccata
2721 2261 2985 2334 gentibus
3027 2261 3252 2318 tradita:
3275 2265 3409 2316 sunt
3450 2263 3690 2319 diversae

1977 2350 2305 2423 provinciae.
2361 2384 2430 2391 —
2489 2353 2715 2408 Talium
2765 2367 2901 2423 ergo
2945 2352 3316 2423 congregatio
3379 2359 3686 2408 taurorum

1983 2440 2132 2496 inter
2188 2455 2394 2497 vaccas
2455 2441 2820 2510 populorum,
2883 2441 3258 2496 excluserunt
3289 2440 3460 2496 etiam
3521 2456 3687 2496 nunc

1982 2543 2078 2584 eos
2104 2531 2205 2598 qui
2235 2530 2455 2599 probati
2505 2537 2640 2585 sunt
2670 2536 2911 2599 argento
2945 2529 3123 2600 (Psal.
3168 2543 3337 2595 vau,
3381 2529 3488 2599 3t),
3537 2530 3685 2584 dum

1983 2618 2219 2688 quidam
2302 2619 2666 2685 nostratium,
2745 2618 2853 2672 hac
2909 2617 3237 2673 Graecorum
3311 2617 3686 2672 altercatione

1981 2707 2158 2774 citati,
2226 2706 2574 2762 clarissimos
2638 2706 2706 2762 de
2758 2707 2939 2762 sancti
3015 2706 3262 2776 Spiritus
3322 2707 3685 2775 processione

1980 2796 2283 2852 ediderunt
2341 2795 2529 2850 libros.
2583 2795 2656 2850 At
2703 2794 2981 2864 quoniam
3049 2793 3459 2850 offendiculum
3521 2795 3686 2864 ponit

1985 2885 2134 2939 Deus
2165 2897 2355 2938 coram
2389 2884 2476 2938 his
2505 2883 2606 2953 qui
2635 2882 2960 2938 voluntarie
3009 2892 3261 2951 peccant,
3295 2890 3446 2938 terra
3475 2897 3679 2938 eorum

1981 2973 2132 3042 ipsos
2163 2972 2253 3027 sui
2309 2972 2658 3027 habitatores
2709 2972 2984 3038 evomuit,
3045 2971 3182 3026 dum
3232 2971 3417 3040 primo
3467 2971 3613 3026 ﬁunt
3648 2986 3702 3029 a.

171 3052 262 3107 cui
304 3058 426 3120 post
471 3049 769 3115 Graeciam,
819 3048 1144 3119 plenissime
1193 3051 1629 3107 succubuerunt
1666 3053 1869 3122 I-lispa-
1909 3072 1952 3128 ο
1981 3061 2182 3116 notitia
2212 3074 2364 3116 verae
2424 3061 2781 3116 credulitatis
2833 3065 2979 3113 392
3035 3069 3291 3115 exsortes
3353 3075 3419 3115 ac
3478 3061 3687 3117 merito

170 3141 288 3207 nia,
326 3139 616 3209 Illyricum
655 3137 776 3210 [al.,
811 3137 1036 3210 Illyres]
1076 3146 1130 3195 et
1159 3139 1352 3194 Africa
1380 3139 1663 3196 .Alterius
1703 3142 1870 3197 fabu-

170 3230 258 3296 lae,
324 3229 425 3284 etsi
477 3227 748 3293 ridendae,
807 3228 1308 3297 argutissimorum
1377 3230 1548 3284 etiam
1613 3231 1870 3285 virorum

172 3321 338 3390 longe
393 3313 619 3386 lateque
671 3316 1022 3372 obtuderunt
1063 3317 1228 3385 quasi
1279 3317 1583 3387 praestigiis
1639 3319 1874 3386 quibus-

170 3407 305 3461 dam
353 3404 643 3460 acumina.
679 3403 826 3469 Quid
877 3403 1212 3470 Eunomios,
1259 3404 1622 3474 Eutychetes,
1682 3405 1875 3462 Nesto-

168 3496 402 3564 riosque
435 3492 684 3563 loquar?
715 3499 1104 3546 monstrorum
1130 3491 1309 3546 millia
1344 3495 1572 3548 texam?
1616 3492 1872 3559 Quorum

169 3584 446 3638 adversus
477 3590 701 3636 nostros
749 3588 865 3635 tam
915 3581 1173 3649 pertinax
1215 3581 1481 3636 vecordia
1528 3581 1655 3650 fuit,
1703 3584 1872 3640 adeo-

170 3686 282 3741 que
313 3670 561 3725 difticilis
593 3669 832 3724 victoria
865 3669 1128 3737 provenit
1153 3675 1215 3723 ut
1247 3668 1584 3724 viderentur
1630 3669 1874 3728 haereses

167 3775 285 3814 non
318 3758 522 3829 gladiis
552 3758 648 3813 sed
682 3757 933 3812 fustibus
971 3756 1264 3812 decollari.
1325 3758 1663 3813 Recolamus
1711 3768 1872 3816 vete-

169 3863 260 3903 res
289 3849 356 3904 de
383 3847 709 3918 originibus
749 3859 1060 3916 regnorum
1104 3844 1388 3913 historias,
1445 3853 1500 3901 et
1547 3849 1874 3918 garriamus

170 3950 344 4006 super
370 3935 612 3990 ridiculo
663 3941 816 3988 statu
856 3947 1061 4003 regum
1110 3941 1164 3988 et
1205 3934 1518 3990 Asiaticatn
1565 3936 1870 4004 levitatem,

169 4040 343 4095 super
375 4023 568 4080 subita
600 4023 926 4092 principum
971 4023 1336 4080 destitutione
1388 4038 1454 4080 ac
1515 4026 1873 4083 restitutione

171 4115 470 4169 miremur.

249 4205 572 4255 Graecorum
603 4215 841 4254 erronea
891 4199 1173 4255 doctrina.
1220 4232 1288 4240 —
1335 4201 1441 4268 Qui
1499 4216 1635 4273 ergo
1683 4202 1871 4259 doceri

171 4292 239 4347 de
269 4304 468 4346 eorum
501 4289 649 4344 [teda
700 4288 1008 4346 mobilitate
1050 4289 1351 4356 desiderat,
1402 4290 1756 4347 rotabundos
1807 4292 1866 4347 in

168 4381 362 4449 regnis
421 4378 885 4448 alternantesque
939 4378 1244 4433 Antiochos
1286 4379 1718 4449 Demetriosque
1775 4393 1871 4436 re-

169 4474 416 4534 censeat,
475 4475 529 4522 et
578 4482 752 4536 quem
800 4466 967 4522 hodie
1018 4465 1487 4521 florentissimum
1542 4467 1751 4524 viderit
1812 4468 1871 4523 in

168 4557 423 4626 imperio,
485 4556 743 4626 gentium
801 4555 1041 4610 facilitas
1105 4554 1470 4610 subditarum
1539 4569 1672 4611 eum
1753 4572 1870 4613 non

169 4646 337 4700 modo
369 4660 402 4699 a
446 4644 716 4711 fascibus,
763 4659 966 4700 verum
1019 4643 1272 4698 naturali
1305 4657 1432 4698 cras
1479 4645 1737 4700 exsulem
1777 4646 1871 4701 di—

167 4740 394 4804 sperget
420 4747 454 4788 a
485 4734 620 4788 solo.
655 4732 814 4788 Unde
847 4731 967 4786 haec
1000 4731 1276 4800 ipsorum,
1304 4741 1359 4788 et
1400 4732 1458 4787 in
1497 4741 1630 4789 actu
1681 4749 1869 4790 saecu-

167 4823 295 4890 lari,
329 4830 382 4878 et
411 4823 470 4878 in
525 4821 851 4880 Christiana
900 4820 1243 4890 professione
1282 4822 1602 4892 nugacitas,
1652 4824 1722 4878 ad
1760 4824 1870 4879 hoc

166 4927 353 4981 usque
385 4918 612 4980 tempus
644 4912 698 4964 in
733 4917 957 4964 tantum
988 4909 1173 4980 viguit
1202 4917 1264 4965 ut
1290 4925 1477 4981 neque
1504 4912 1560 4966 in
1590 4912 1868 4968 Euchari-

165 5001 286 5055 stiae
336 4999 704 5063 confessione,
748 5011 936 5066 neque
985 4997 1045 5052 in
1097 4999 1416 5068 apostolicae
1466 4999 1616 5055 sedis
1673 5000 1865 5070 subje-

165 5089 348 5144 ctione
380 5102 520 5158 pene
549 5087 875 5158 quidquam
909 5085 1020 5141 illis
1067 5101 1372 5142 commune
1422 5087 1717 5143 nobiscutn
1771 5088 1860 5144 sit.

167 5176 272 5232 Sed
327 5177 373 5230 si
426 5177 568 5231 illud
627 5176 777 5245 quod
835 5175 904 5230 de
962 5175 1211 5244 panibus
1265 5175 1619 5231 fermentatis
1665 5190 1863 5234 sacra-

164 5271 355 5319 menta
384 5265 715 5329 conﬁciunt,
747 5265 1109 5320 convenienti
1144 5272 1245 5320 aut
1283 5279 1418 5320 vero
1467 5264 1637 5320 simili
1679 5267 1862 5321 ratio-

165 5353 446 5408 cinatione
514 5352 856 5419 defenditur,
917 5352 1076 5422 quia,
1135 5352 1289 5422 quod
1353 5359 1506 5407 recta
1565 5367 1696 5408 cum
1751 5354 1860 5411 ﬁde

165 5442 406 5511 geritur,
479 5440 790 5496 materialis
830 5440 1090 5496 fermenti
1146 5440 1483 5496 admistione
1529 5455 1646 5496 non
1696 5441 1859 5497 laedi-

163 5534 283 5595 tur,
329 5535 384 5584 et
434 5526 589 5597 quod
641 5527 930 5582 veteribus
974 5528 1327 5583 caeremoniis
1367 5527 1644 5584 Dominus
1689 5529 1856 5586 tidem

161 5629 397 5684 ponens,
429 5622 735 5685 postquam
781 5628 916 5671 cum
952 5615 1165 5686 azymis
1198 5629 1418 5687 agnum
1464 5617 1726 5687 comedit,
1785 5618 1855 5675 de

1981 3148 2188 3204 deinde
2241 3162 2308 3203 ac
2357 3147 2508 3218 jure,
2567 3148 2752 3203 omnis
2809 3162 2929 3202 suae
2993 3155 3232 3202 terrenae
3306 3148 3688 3216 possessionis

1979 3243 2251 3290 extorres.
2294 3236 2441 3291 Dum
2481 3236 2631 3290 enim
2679 3250 2713 3290 a
2742 3235 3038 3290 Trinitatis
3085 3235 3193 3290 ﬁde
3236 3236 3576 3303 desciscunt,
3619 3244 3689 3292 ut

1981 3321 2172 3377 adhuc
2215 3322 2542 3377 sordescant
2572 3323 2673 3391 qui
2710 3322 2766 3376 in
2803 3323 3071 3378 sordibus
3116 3331 3252 3378 sunt
3299 3325 3502 3392 (Apoc.
3532 3338 3684 3391 xxu,

1985 3411 2094 3478 lt),
2131 3411 2409 3479 paulatim
2441 3424 2627 3480 usque
2655 3411 2725 3466 ad
2757 3419 3018 3467 extrema
3061 3411 3438 3481 suscipiendae
3485 3412 3687 3481 genti-

1982 3497 2156 3554 litatis
2179 3499 2521 3554 detrimenta
2552 3507 2852 3566 venerunt,
2893 3508 2947 3554 et
2979 3501 3314 3569 procedente
3343 3514 3508 3569 paena
3544 3515 3688 3568 pee-

1981 3586 2112 3654 cati,
2168 3587 2506 3658 alienigenis
2563 3587 2938 3654 irruentibus,
3013 3589 3184 3644 etiam
3239 3589 3423 3644 solum
3478 3589 3687 3658 patriae

1981 3674 2326 3741 amiserunt;
2365 3682 2422 3729 at
2467 3674 2513 3729 si
2561 3675 2891 3744 quempiam
2936 3675 3142 3730 ibidem
3193 3660 3490 3732 remanere
3541 3691 3690 3731 con-

1980 3763 2126 3834 tigit,
2163 3763 2415 3818 externis
2453 3764 2739 3834 indigenae
2770 3779 2889 3819 sese
2925 3766 3034 3820 sub
3071 3766 3272 3821 tributi
3320 3765 3688 3821 redibitioni-

1981 3848 2090 3903 bus
2133 3848 2535 3903 subdiderunt.
2592 3850 3081 3906 Praedicatissimm
3135 3852 3446 3908 nobilitatis
3503 3853 3687 3908 urbes

1979 3938 2303 4007 Antiochia,
2354 3940 2668 3996 Jerusalem
2718 3955 2785 3996 ac
2843 3941 3054 4009 Nicaea,
3115 3944 3286 3999 etiam
3341 3944 3678 4013 provinciae,

1981 4026 2164 4096 Syria,
2217 4027 2518 4083 Palaestina
2553 4037 2607 4084 et
2642 4028 2878 4098 Graecia,
2911 4039 2964 4086 et
2997 4032 3214 4101 quibus
3262 4047 3429 4087 novae
3479 4034 3686 4103 gratiae

1981 4115 2289 4170 seminaria
2333 4115 2716 4186 pullularunt,
2779 4119 3054 4175 abortivis
3104 4119 3445 4177 ﬂorentibus
3494 4121 3681 4187 Italis,

1981 4201 2178 4273 Gallis,
2221 4204 2552 4261 Britonibus
2589 4207 2661 4261 ab
2712 4206 2937 4263 interno
2987 4209 3177 4264 virore
3203 4211 3482 4266 radicitus
3533 4210 3687 4266 defe-

1983 4300 2204 4349 cerunt.
2236 4293 2415 4349 Taceo
2473 4295 2628 4364 quod
2679 4293 2738 4350 in
2786 4295 2938 4364 ipsis,
2990 4305 3053 4352 ut
3099 4297 3178 4352 ita
3220 4298 3485 4364 dixerim,
3549 4299 3688 4368 qui-

1980 4380 2206 4451 squiliis
2235 4381 2622 4438 Ecclesiarum
2676 4390 2850 4440 tantae
2881 4385 3187 4442 abusiones
3227 4386 3588 4442 inoleverunt
3619 4395 3690 4444 ut

1982 4469 2040 4523 in
2073 4469 2360 4540 plerisque
2401 4470 2630 4527 illorum
2678 4472 3028 4542 regionibus,
3062 4488 3228 4530 nemo
3271 4475 3342 4529 ad
3381 4475 3687 4544 presbyte-

1981 4558 2134 4614 rium
2183 4559 2555 4628 provehatur,
2603 4560 2710 4615 nisi
2761 4562 2946 4630 primo
2995 4563 3334 4633 conjugium
3382 4564 3685 4631 sortiatur,

1981 4647 2132 4702 utde
2162 4647 2338 4703 unius
2365 4648 2564 4703 uxoris
2596 4647 2740 4715 viro,
2784 4649 2887 4718 qui
2925 4650 3226 4721 eligendus
3265 4659 3368 4718 est,
3425 4652 3689 4721 Apostoli

1980 4735 2262 4790 sententia
2315 4736 2671 4806 compleatur
2711 4738 2763 4805 (Ι
2813 4737 2956 4793 Tim.
3008 4755 3087 4807 iu,
3157 4740 3257 4810 2):
3334 4755 3466 4796 cum
3531 4740 3687 4796 idem

1978 4824 2196 4880 dictum
2226 4839 2338 4880 non
2379 4825 2446 4881 de
2485 4839 2551 4881 eo
2606 4827 2707 4896 qui
2752 4827 2959 4884 habeat
3001 4835 3056 4883 et
3102 4836 3324 4896 utatur,
3377 4828 3473 4883 sed
3511 4828 3581 4883 de
3615 4844 3686 4884 eo

1977 4913 2078 4982 qui
2127 4913 2391 4969 habuerit
2433 4915 2807 4985 habitamque
2853 4916 3154 4982 dimiserit,
3218 4917 3683 4974 constantissime

1973 5001 2349 5058 Occidentalis
2407 5003 2673 5059 Ecclesiae
2717 5005 3057 5060 auctoritate
3135 5006 3416 5061 ﬁrmetur.
3495 5005 3684 5062 Taceo

1973 5105 2225 5160 quoque,
2295 5100 2495 5147 contra
2541 5093 3016 5148 consuetudinem
3075 5094 3362 5160 Latinam,
3423 5093 3682 5149 marium

1971 5178 2457 5250 feminarumque,
2489 5180 2785 5251 dignitatis
2815 5181 2990 5236 etiam
3013 5181 3355 5238 Christianae
3401 5197 3682 5251 personas

1970 5263 2362 5320 indifferenter
2391 5266 2523 5328 emi,
2558 5280 2624 5322 ac
2665 5267 2712 5322 si
2744 5267 2916 5323 bruta
2961 5267 3257 5334 animalia,
3306 5268 3572 5335 distrahi,
3619 5277 3680 5325 et

1968 5352 2200 5424 longius
2229 5367 2263 5408 a
2291 5353 2475 5423 patria
2505 5355 2576 5410 ad
2606 5356 2960 5412 crudelitatis
2990 5365 3395 5427 augmentum,
3429 5365 3492 5413 ut
3522 5372 3676 5427 gen-

1968 5441 2154 5498 tilium
2189 5441 2328 5497 ﬁant
2358 5443 2647 5512 mancipia
2677 5445 3008 5501 vendendas
3035 5446 3234 5501 emitti.

2034 5529 2322 5596 Nefanda
2351 5529 2731 5587 Orientalium
2755 5533 2997 5589 scelera.
3026 5564 3094 5574 —
3126 5534 3226 5590 His
3251 5534 3502 5605 denique
3533 5549 3667 5591 om-

1964 5617 2138 5676 nibus
2176 5621 2614 5690 praeponderare
2669 5621 2900 5680 videtur
2944 5623 3103 5694 quod
3175 5623 3458 5695 imperiali
3499 5626 3662 5696 apud
