3920 6080
264 257 370 310 689

1376 257 1596 314 GESTA
1632 258 1754 314 DEI
1793 259 1933 315 PER
1970 258 2312 315 FRANCOS.
2337 291 2405 300 —
2430 261 2559 316 LIB.
2602 263 2648 316 Ι.

3666 272 3770 323 690

260 387 488 443 eosdem
532 392 753 443 constat
782 386 1125 458 generaliter
1171 388 1292 460 lege
1337 389 1622 445 sancitum
1667 389 1962 460 quod,‘de
1997 391 2045 445 A
2075 405 2149 447 ex
2193 392 2321 464 ejus
2370 394 2834 452 confabulatione
2885 396 3201 467 conjiciunt
3254 412 3389 455 eum
3441 399 3769 473 intelligen-

262 476 524 532 omnium
571 474 833 531 videlicet
889 475 1137 545 ﬁliabus,
1192 492 1461 534 concessa
1518 479 1729 547 passim
1792 480 1960 550 quasi

262 578 367 633 pro
402 564 557 633 justo
596 562 841 628 licentia,
889 564 1103 620 assumi
1153 565 1395 621 debeant
1434 567 1712 622 subitura
1764 568 1962 638 prosti-

260 649 488 706 bulum.
521 649 691 707 Verbi
723 651 909 721 gratia
942 666 955 705 :
990 653 1134 708 Ecce
1164 652 1267 723 qui
1314 654 1484 709 habet
1517 662 1630 710 tres
1678 663 1778 711 aut
1807 670 1960 726 qua-

260 746 394 795 tuor
426 739 591 807 ﬁlias,
628 753 745 795 una
783 754 986 796 earum
1027 741 1099 795 ad
1141 740 1390 811 lupanar
1426 743 1751 812 exponitur,
1789 753 1844 801 et
1890 745 1960 801 de

257 840 325 883 eo
370 827 490 898 ipso
538 835 654 883 tam
710 828 932 898 putenti
964 828 1146 897 lucro,
1186 830 1340 900 quod
1385 830 1698 888 infelicium
1727 832 1959 889 illarum

257 922 345 971 est
396 914 658 985 passione
714 916 1046 986 quasitum,
1123 931 1258 986 pars
1304 918 1493 974 nescio
1537 927 1716 988 quota
1769 921 1959 976 miseri

259 1003 623 1074 imperatoris
673 1004 929 1060 defertur
977 1005 1049 1061 ad
1099 1005 1344 1075 fiscum;
1398 1021 1531 1077 pars
1580 1007 1639 1063 in
1691 1017 1959 1079 sumptus

256 1093 385 1164 ejus
412 1108 544 1164 qua
582 1094 826 1163 turpiter
855 1094 1164 1163 admeruit,
1205 1095 1503 1153 retinetur.
1557 1098 1700 1154 Ecce
1743 1098 1959 1155 clamor

258 1183 319 1238 in
372 1182 597 1238 Domini
638 1182 885 1239 Sabaoth
932 1196 1103 1239 aures
1153 1184 1325 1239 nimis
1370 1185 1725 1242 truculenter
1753 1201 1957 1244 ascen-

255 1271 417 1327 dens.
474 1272 754 1327 Praterea
806 1273 1128 1329 sacerdotes
1186 1273 1400 1343 quibus
1451 1279 1535 1330 est
1598 1284 1957 1332 sacramenta

256 1359 457 1415 divina
482 1368 729 1416 tractare
768 1361 1156 1428 commissum,
1198 1362 1561 1420 Dominicum
1591 1378 1798 1434 corpus
1833 1374 1956 1435 post

255 1448 502 1518 prandia
534 1451 592 1504 in
640 1449 796 1516 locis,
838 1457 902 1505 ut
934 1450 1154 1516 audivi,
1202 1451 1491 1521 plerisque
1520 1452 1849 1522 conﬁciunt,
1899 1462 1954 1511 et

247 1536 453 1607 jejuno
486 1537 723 1593 cuilibet
762 1537 1186 1611 absumendum
1239 1539 1563 1610 porrigunt.
1612 1543 1756 1597 Dum
1789 1542 1877 1598 his
1901 1551 1955 1599 et

250 1625 382 1682 aliis
418 1626 704 1683 similibus
753 1627 1105 1683 malitiarum
1151 1627 1335 1684 modis
1360 1638 1668 1697 exerrant;
1720 1630 1858 1686 dum
1894 1633 1951 1687 in
1992 1659 2034 1713 Β

249 1715 372 1771 suis
401 1715 909 1772 adinventionibus
954 1724 1094 1772 eunt
1125 1716 1306 1786 (Psal.
1351 1732 1529 1786 Lxxx,
1566 1721 1673 1786 l3),
1727 1735 1949 1777 novum

247 1803 547 1860 constituit
599 1805 750 1860 Deus
798 1819 972 1874 super
1018 1820 1113 1861 eos
1166 1805 1592 1877 legislatorem:
1656 1808 1727 1863 Ut
1767 1808 1949 1865 sciant

247 1900 447 1964 gentes
501 1893 778 1964 quoniam
835 1894 1094 1949 homines
1151 1902 1287 1951 sunt
1342 1894 1528 1966 (Psal.
1582 1910 1663 1964 1x,
1712 1898 1828 1967 2t).
1879 1900 1948 1955 Et

246 1981 392 2036 dum
449 1980 721 2037 terminos
776 1991 1006 2052 patrum
1055 1997 1294 2039 suorum
1348 1984 1595 2040 scienter
1650 1992 1947 2057 transgre-

247 2069 497 2126 diuntur
545 2070 740 2140 (Prov.
791 2085 930 2138 xxii,
988 2073 1094 2138 28),
1143 2072 1215 2127 ad
1273 2072 1381 2129 hoc
1433 2073 1633 2129 merito
1694 2073 1948 2130 devoluti

243 2165 384 2213 sunt
426 2165 506 2225 ut,
544 2158 844 2227 pecoribus
875 2158 1007 2215 facti
1040 2159 1473 2229 petulantiores,
1502 2161 1811 2230 opprobrio
1842 2161 1945 2218 ha-

244 2245 514 2302 beantur.
569 2246 677 2302 Sed
725 2247 1147 2318 aliquantisper
1184 2248 1616 2305 edisserendum
1666 2255 1769 2317 est,
1816 2264 1949 2306 cum

245 2334 638 2391 Christianum
685 2335 908 2391 cultum
940 2335 1253 2406 aliquando
1287 2337 1603 2393 deseruisse
1635 2346 1951 2395 noscantur

243 2423 624 2481 Orientalium
683 2424 943 2480 nationes
1002 2434 1064 2480 ut
1118 2424 1176 2479 in
1222 2426 1625 2497 paganismum
1674 2426 1949 2484 redierint

245 2526 364 2583 quo
389 2512 617 2568 tandem
650 2519 881 2569 auctore
912 2512 1190 2568 nitantur.

549 2657 552 2660 .
911 2600 1142 2657 CAPUT
1178 2601 1278 2656 III.

320 2688 461 2759 [111.]
515 2687 824 2743 Mahometi
874 2688 1166 2761 dogmata.
1198 2719 1268 2729 —-
1341 2688 1563 2745 Plebeia
1613 2690 1804 2759 opinio
1864 2698 1947 2747 est

243 2777 556 2847 quemdam
596 2776 787 2845 fuisse,
823 2778 943 2847 qui,
973 2777 1016 2832 si
1049 2777 1192 2834 bene
1238 2792 1371 2832 eum
1404 2778 1685 2847 exprimo,
1720 2779 1943 2835 Matho-

242 2878 375 2920 mus
403 2872 798 2934 nuncupatur,
826 2864 928 2935 qui
962 2865 1255 2935 quondam
1288 2879 1383 2920 eos
1407 2879 1441 2920 a
1468 2866 1589 2921 Filii
1620 2873 1677 2921 et
1701 2866 1945 2936 Spiritus

2072 478 2209 534 tiam
2237 480 2528 537 catholica
2576 481 2706 538 fidei
2761 497 2877 538 non
2952 484 3161 540 habere
3226 486 3585 543 concordem.
3650 490 3769 551 Quo

2069 575 2317 638 cognito,
2365 568 2657 624 confestim
2696 571 2925 639 penitus
2968 572 3040 626 ab
3079 572 3329 627 hominis
3372 587 3550 644 quam
3599 589 3770 645 cepe-

2069 663 2200 711 rant
2246 656 2518 713 electione
2564 657 2908 727 desciscunt,
2972 667 3025 716 et
3092 660 3149 715 in
3204 663 3459 717 maximo
3524 677 3768 720 marore

2068 757 2170 813 pro
2216 743 2306 800 sui
2357 745 2754 815 reprobatione
2799 748 3176 804 constituunt.
3241 748 3613 818 Contemptus
3662 751 3767 823 igi-

2068 838 2165 887 tur
2194 846 2328 888 cum
2360 832 2619 888 molestia
2651 833 2770 904 [al.,
2804 834 3092 906 mastitia]
3119 834 3532 892 dilaceraretur
3560 840 3759 907 atroci,

2069 920 2344 990 quoniam
2375 935 2490 977 non
2528 922 2712 991 potuit
2740 921 2812 977 ad
2844 922 2899 978 id
2931 923 3087 992 quod
3119 922 3406 979 ambiebat
3436 938 3762 996 assurgere,

2067 1009 2139 1064 ad
2171 1008 2291 1064 Arii
2337 1009 2768 1065 similitudinem
2816 1010 3079 1066 meditari
3129 1025 3322 1068 secum
3367 1012 3540 1069 anxie
3571 1014 3761 1084 capit,

2066 1111 2182 1166 quo
2215 1098 2377 1152 modo
2424 1096 2603 1153 effuso
2648 1098 2804 1168 quod
2845 1107 3183 1169 conceperat
3236 1099 3489 1169 perﬁdia
3519 1115 3761 1170 veneno,

2068 1184 2139 1239 ad
2177 1185 2267 1241 sui
2313 1185 2589 1240 ultionem
2628 1186 2908 1242 catholica
2946 1187 3158 1257 passim
3205 1195 3390 1257 posset
3421 1189 3765 1245 documenta

2068 1282 2407 1345 pervertere.
2452 1274 2617 1329 Tales
2648 1289 2900 1345 namque
2935 1276 3212 1342 homines,
3247 1291 3500 1347 quorum
3531 1284 3647 1332 tota
3673 1277 3760 1334 in-

2068 1362 2242 1418 tentio
2274 1362 2545 1417 humana
2574 1375 2756 1431 prona
2786 1370 2868 1418 est
2915 1363 3094 1428 laudi,
3128 1363 3411 1420 lethaliter
3452 1365 3761 1431 feriuntur,

2065 1448 2422 1505 intolerabile
2461 1450 2727 1520 rugiunt,
2750 1450 2794 1505 si
2835 1450 3269 1507 astimationem
3301 1467 3464 1508 suam
3506 1454 3762 1524 qualibet

2065 1538 2344 1595 senserint
2396 1538 2692 1594 occasione
2742 1537 3028 1594 imminui.
3073 1540 3192 1595 Hac
3246 1542 3526 1610 antiquus
3580 1542 3761 1598 hostis

2064 1626 2217 1696 apud
2246 1626 2544 1683 eremitam
2574 1641 2747 1683 suum
2778 1628 3206 1696 opportunitate
3246 1630 3474 1697 provisa
3518 1629 3604 1684 his
3647 1629 3759 1684 mi-

2061 1715 2376 1771 serandum
2427 1714 2593 1771 dictis
2641 1715 3030 1787 aggreditur:
3068 1736 3096 1765 «
3140 1714 3215 1781 Si,
3264 1716 3474 1787 inquit,
3519 1716 3603 1772 vis
3638 1716 3757 1772 evi-

2058 1802 2199 1858 dens
2246 1802 2489 1872 repulsa
2549 1810 2661 1859 tua
2705 1802 2992 1870 solatium,
3038 1810 3094 1858 et
3127 1802 3307 1859 multo
3340 1804 3527 1874 majus
3579 1816 3757 1873 quam

2058 1893 2387 1963 patriarcha
2437 1892 2656 1947 valeres
2714 1892 2925 1948 habere
2981 1892 3398 1962 magisterium,
3460 1892 3609 1949 inter
3660 1908 3757 1950 eos

2053 1981 2154 2051 qui
2182 1981 2253 2036 ad
2286 1988 2337 2036 te
2368 1980 2627 2050 proxime
2656 1981 2911 2047 venient,
2946 1988 3081 2036 nota
3124 1980 3431 2051 diligenter
3473 1984 3750 2052 juvenem

2055 2070 2155 2125 tali
2190 2077 2364 2135 veste,
2410 2067 2507 2123 tali
2560 2069 2755 2124 vultus
2796 2076 2849 2124 et
2890 2069 3142 2137 corporis
3200 2069 3558 2138 habitudine,
3604 2076 3751 2124 873

2056 2156 2153 2213 tali
2183 2156 2353 2213 etiam
2384 2156 2629 2212 nomine.
2666 2157 2833 2212 Hunc
2849 2156 3058 2212 animis
3088 2171 3298 2224 acrem,
3332 2157 3561 2227 tuisque
3591 2172 3748 2212 coui-

2057 2253 2336 2317 petentem
2368 2246 2643 2312 moribus,
2675 2258 2742 2301 ea
2772 2245 3033 2301 doctrina
3053 2260 3182 2316 qua
3213 2244 3368 2302 cordi
3399 2253 3499 2302 tuo
3531 2246 3753 2316 adjacet

2056 2334 2267 2390 imbue.
2294 2334 2461 2389 Hunc
2481 2333 2904 2390 institutionum
2931 2342 3162 2390 tuarum
3178 2334 3516 2391 ﬁdissimum
3531 2336 3754 2391 audito-

2055 2435 2171 2477 rem
2204 2429 2760 2492 propagatoremque
2790 2430 2890 2478 tuo
2936 2422 3277 2493 magistratu
3326 2438 3688 2494 prosequere.
3722 2444 3748 2472 ››

2134 2507 2325 2564 Vidua
2352 2508 2468 2581 ipsi
2495 2509 2565 2566 ab
2594 2509 2837 2564 eremila
2866 2526 3009 2565 uxor
3049 2511 3403 2582 adjungitur.
3456 2512 3533 2564 In
3578 2510 3752 2582 epile-

2046 2596 2241 2670 psiam
2269 2597 2492 2653 incidil.
2521 2629 2590 2639 —-
2626 2598 2723 2654 Ille
2754 2597 3031 2654 sollicitus
3058 2599 3164 2654 hoc
3206 2598 3439 2654 oraculo
3470 2600 3746 2666 redditus,

2055 2687 2327 2757 pradicta
2357 2687 2464 2743 sibi
2498 2688 2644 2742 inter
2674 2687 3109 2742 adventantium
3136 2700 3351 2743 cuneos
3398 2686 3747 2758 circumspe-

2052 2777 2140 2832 xit
2182 2776 2448 2847 insignia,
2486 2775 2882 2846 juvenemque
2912 2774 3270 2845 recognitum
3319 2773 3625 2831 affectuose
3659 2785 3747 2833 te-

2053 2864 2201 2933 nuit,
2237 2872 2389 2934 peste
2441 2878 2558 2934 qua
2588 2863 2911 2919 tabescebat
2942 2862 3175 2933 imbuit;
3210 2870 3283 2930 et,
3333 2862 3473 2933 quia
3527 2877 3747 2934 pauper

239 2952 424 3008 sancti
493 2966 728 3022 prorsus
779 2952 1117 3009 credulitate
1189 2952 1486 3010 diduxerit
1543 2954 1694 3023 (30‘),
1765 2955 1941 3012 solius
1976 2959 2015 3014 C
2045 2961 2169 3009 erat
2217 2961 2273 3009 et
2312 2954 2556 3023 pauperi
2608 2952 2801 3009 minus
2846 2952 3202 3009 auctoritatis
3233 2952 3591 3021 suppetebat,
3641 2945 3771 3009 boc'

238 3041 427 3096 Patris
468 3048 758 3111 persona,
819 3042 988 3112 quasi
1044 3043 1157 3098 Deo
1208 3042 1312 3098 uni
1365 3050 1421 3099 et
1470 3043 1713 3099 creatori
1771 3043 1939 3123 inniti

237 3129 514 3196 docuerit,
541 3130 738 3186 Iesum
768 3145 980 3200 purum
1020 3132 1308 3187 hominem
1341 3132 1571 3199 dixerit,
1603 3139 1677 3198 et,
1712 3140 1774 3187 ut
1809 3133 1937 3189 bre-

2049 3042 2101 3099 ei
2153 3041 2344 3098 statim
2392 3042 2557 3097 modo
2603 3041 2833 3097 divitias
2873 3041 3222 3112 procuravit.
3263 3041 3549 3097 Ditissima
3578 3056 3745 3111 qua-

2048 3130 2179 3185 dam
2238 3130 2443 3185 mulier
2491 3129 2851 3197 viduitatem,
2907 3129 3153 3184 obeunte
3182 3129 3406 3195 marito,
3442 3129 3738 3185 inciderat.

239 3217 389 3274 viter
428 3218 554 3289 ejus
583 3218 794 3289 dogma
834 3218 1195 3286 concludam,
1242 3220 1675 3275 circumcisione
1702 3220 1934 3290 quidem
2044 3218 2183 3273 Eam
2216 3217 2324 3273 sibi
2359 3218 2564 3273 nuntio
2594 3216 3022 3272 sordidissimus
3050 3216 3288 3271 eremita
3342 3216 3652 3283 contraxit,
3686 3225 3741 3273 et

238 3306 487 3374 decreta,
548 3307 725 3363 totius
798 3307 879 3363 eis
940 3307 1310 3377 impudicitia
1380 3308 1600 3364 laxavit
1656 3310 1933 3366 habenas.

236 3394 415 3462 Quem
453 3396 758 3465 profanum
792 3396 1078 3452 hominem
1108 3411 1303 3467 parva
1335 3396 1581 3452 multum
1619 3398 1934 3467 antiquita-

236 3484 311 3540 tis
354 3484 619 3540 existimo
657 3498 771 3540 non
820 3485 891 3540 ob
940 3483 1097 3539 aliud
1149 3484 1380 3552 scilicet,
1426 3484 1536 3540 nisi
1566 3485 1708 3555 quia
1756 3486 1936 3542 eccle-

234 3572 601 3629 siasticorum
631 3572 928 3628 doctorum
972 3571 1261 3627 neminem
1309 3580 1510 3628 contra
1549 3573 1676 3643 ejus
1703 3576 1934 3643 spurci-

235 3662 375 3717 tiam
444 3660 735 3729 scripsisse
810 3660 1049 3730 reperio.
1125 3659 1305 3730 Cujus
1370 3674 1555 3716 mores
1616 3660 1928 3731 vitamque,

233 3760 369 3803 cum
399 3760 693 3817 nusquam
732 3747 945 3817 scripta
981 3745 1295 3813 didicerim,
1340 3762 1470 3817 qua
1509 3761 1543 3802 a
1578 3747 1928 3818 quibusdam

232 3834 633 3891 disertioribus
660 3835 773 3891 dici
812 3835 987 3906 vulgo
1035 3835 1379 3900 audiverim,
1425 3836 1571 3893 nulli
1616 3836 1783 3893 debet
1811 3851 1931 3893 esse

231 3924 449 3980 mirum
481 3924 528 3979 si
577 3923 766 3979 dicere
812 3923 1003 3980 velim.
1046 3924 1286 3979 Frustra
1329 3923 1496 3994 plane
1528 3925 1600 3981 ab
1632 3924 1850 3995 aliquo,
1883 3925 1932 3981 si

230 4010 375 4067 falsa
403 4025 479 4066 an
527 4024 668 4067 vera
709 4011 818 4067 sint
860 4011 1227 4078 discutiatur,
1257 4011 1395 4067 dum
1428 4012 1533 4068 hoc
1569 4012 1930 4069 solummodo

230 4098 583 4167 attendatur,
618 4107 873 4169 quantus
908 4099 1003 4156 ille
1033 4100 1303 4169 magister
1334 4099 1523 4167 fuerit,
1568 4101 1637 4157 de
1666 4115 1783 4170 quo
1813 4108 1927 4157 tam

230 4186 517 4242 nobilium
581 4186 901 4243 facinorum
979 4187 1163 4259 gloria
1241 4195 1611 4258 propagatur.
1681 4188 1929 4245 Securus

230 4274 387 4331 enim
420 4276 555 4345 quis
584 4274 653 4330 de
679 4288 745 4330 eo
775 4274 923 4331 male
951 4283 1163 4343 cantat,
1200 4275 1370 4346 cujus
1400 4276 1727 4349 malignitas
1757 4278 1928 4349 quid-

230 4361 375 4432 quid
408 4361 570 4432 pravi
594 4361 806 4418 dicitur
834 4363 1185 4419 transcendit
1207 4370 1261 4420 et
1285 4371 1537 4434 superat.

304 4448 445 4520 [1V.]
512 4448 675 4504 Unde
741 4464 907 4505 suum
958 4449 1151 4505 hausit
1199 4467 1489 4508 venenum.
1544 4481 1613 4492 —-
1669 4451 1928 4508 Alexan-

230 4537 491 4607 drinum,
541 4551 658 4608 quo
707 4539 901 4595 nescio
954 4546 1228 4610 tempore,
1303 4539 1692 4609 patriarcham
1744 4541 1929 4597 obisse

231 4626 585 4694 constiterat,
648 4634 703 4683 et
758 4641 993 4695 vacans,
1069 4635 1133 4683 ut
1202 4628 1424 4694 assolet,
1503 4628 1757 4687 Ecclesia
1809 4644 1928 4685 sese

230 4712 417 4769 multa
494 4712 823 4770 animorum
898 4714 1174 4770 varietate
1240 4714 1581 4785 disciderat;
1657 4723 1713 4771 et
1787 4716 1926 4773 dum

229 4800 481 4871 quisque
536 4799 596 4855 in
653 4813 781 4857 eam
829 4814 1007 4871 quam
1066 4799 1291 4857 affectat
1345 4816 1643 4871 personam
1701 4802 1925 4861 liberio-

228 4889 280 4945 ri
338 4887 639 4945 voluntate
712 4887 1090 4960 protrahitur,
1170 4902 1310 4959 erga
1358 4904 1451 4945 eos
1526 4890 1629 4960 qui
1700 4891 1927 4949 diversa

227 4975 506 5045 sentiunt,
539 4976 744 5033 acriori
777 4976 1079 5032 severitate
1122 4977 1435 5033 invehitur.
1488 4979 1552 5033 ln
1587 4994 1763 5049 quem
1790 4996 1927 5054 ergo

226 5061 493 5133 plurima
547 5064 925 5121 consideratio
978 5065 1157 5135 partis
1210 5065 1538 5132 incesserat,
1588 5066 1747 5124 haud
1796 5083 1926 5139 pro-

226 5149 324 5205 cul
352 5149 484 5205 inde
513 5149 748 5205 eremita
794 5151 1079 5207 manebat.
1122 5150 1322 5220 Quem,
1364 5166 1539 5209 causa
1579 5153 1706 5225 ejus
1733 5169 1928 5211 essen-

230 5235 366 5291 tiam
400 5233 803 5304 comperiendi,
853 5238 1151 5294 scientiam
1192 5238 1640 5311 facundiamque
1689 5255 1929 5298 noscen-

229 5324 307 5393 di,
340 5338 474 5381 cum
499 5324 702 5382 crebro
731 5324 971 5397 quidam
1000 5340 1200 5384 eorum
1232 5328 1555 5400 argutiores
1592 5328 1925 5399 inviserent,

1969 4240 2011 4294 D

2046 3304 2114 3362 de
2161 3305 2414 3376 conjugii
2455 3305 2754 3361 iteratione
2801 3303 3159 3360 submonuit.
3195 3304 3300 3360 Illa
3329 3320 3460 3360 cum
3505 3306 3736 3373 diceret,

2040 3394 2213 3466 juxta
2258 3409 2378 3450 sua
2408 3402 2621 3451 statum
2669 3393 2997 3462 honestatis,
3032 3408 3147 3448 non
3196 3407 3255 3448 se
3285 3401 3488 3464 prasto
3527 3395 3740 3452 habere

2044 3498 2217 3554 quem
2249 3485 2500 3549 duceret,
2535 3483 2654 3553 ipse
2707 3481 2923 3547 intulit,
2963 3496 3021 3537 se
3068 3481 3174 3537 sibi
3214 3490 3412 3551 aptum
3453 3484 3739 3539 invenisse

2041 3572 2399 3643 prophetam,
2446 3580 2502 3627 et
2553 3585 2700 3636 eam,
2746 3571 2792 3626 si
2842 3570 2949 3626 sibi
3002 3571 3408 3640 acquiesceret,
3464 3585 3563 3640 per
3611 3572 3737 3641 ejus

2039 3661 2272 3731 nuptias
2321 3660 2535 3715 felicem
2584 3658 2819 3714 omnino
2866 3659 3173 3714 victuram.
3228 3658 3407 3714 Multa
3435 3659 3735 3715 mulierem

2037 3745 2545 3803 circumlocutione
2575 3744 2960 3815 praestringit;
2988 3751 3043 3800 et
3101 3744 3173 3799 ad
3203 3759 3454 3814 prasens
3492 3744 3539 3800 ei
3571 3744 3734 3800 futu—

2038 3849 2289 3905 rumque
2339 3833 2618 3889 saculum
2668 3832 2954 3889 affuturas
3010 3833 3296 3902 propheta
3345 3832 3498 3888 illius
3550 3833 3735 3902 provi-

2037 3923 2222 3979 siones
2270 3922 2557 3991 pollicens,
2608 3920 2667 3975 in
2711 3934 2968 3975 amorem
3014 3920 3195 3990 ipsius
3243 3934 3415 3989 quem
3459 3933 3573 3974 non
3622 3934 3731 3975 no-

2035 4016 2196 4065 verat
2228 4008 2479 4064 hominis
2509 4007 2817 4064 femineum
2845 4007 3011 4077 jecur
3040 4007 3372 4077 exporrigit.
3406 4006 3513 4077 Spe
3554 4007 3734 4078 igitur

2035 4096 2292 4153 omnium
2326 4111 2458 4167 qua
2513 4096 2712 4152 ﬁerent
2743 4103 2799 4151 et
2839 4110 2971 4166 qua
2998 4095 3185 4152 ﬁenda
3211 4102 3394 4152 essent
3424 4096 3734 4167 pracogni-

2037 4184 2208 4240 tionis
2242 4184 2444 4252 illecta,
2478 4198 2581 4240 suo
2612 4182 2727 4239 vati
2757 4182 3175 4255 conjungitur;
3227 4190 3282 4239 et
3312 4182 3531 4252 pridem
3563 4184 3733 4239 miser

2040 4275 2379 4340 Mathomus,
2446 4272 2694 4329 fortunis
2734 4272 3143 4341 -.undecunque
3214 4270 3580 4336 micantibus,
3659 4273 3732 4327 ad

2038 4362 2363 4433 inopinatos
2393 4361 2589 4427 fasces,
2619 4359 2856 4416 forsitan
2891 4374 3008 4415 non
3046 4359 3169 4414 sine
3198 4358 3288 4414 sui
3339 4357 3519 4427 ipsius
3548 4358 3731 4415 incre-

2037 4451 2198 4508 dibili
2246 4460 2492 4521 stupore,
2532 4448 2887 4520 provehitur.
2929 4450 2999 4502 At
3042 4462 3174 4503 cum
3202 4446 3410 4516 sapius
3439 4454 3729 4503 utrorum-

2038 4555 2153 4611 que
2183 4539 2524 4596 commercia
2553 4537 2681 4593 lecti
2711 4536 2883 4594 unius
2915 4549 3066 4592 urna
3091 4536 3422 4605 susciperet,
3459 4536 3732 4604 propheta

2036 4627 2207 4697 coepit
2271 4625 2540 4696 egregius
2602 4626 2802 4681 morbo
2856 4624 3162 4694 epilepsia,
3217 4636 3390 4693 quem
3443 4622 3729 4679 caducum

2034 4715 2219 4787 vulgo
2268 4713 2534 4782 dicimus,
2584 4712 2886 4784 aliquoties
2933 4713 3159 4779 acriter,
3216 4711 3572 4782 prophetissa
3622 4727 3734 4767 cer-

2036 4812 2227 4873 nente,
2286 4804 2509 4866 vexari,
2568 4809 2622 4859 et
2664 4805 2877 4859 eversis
2951 4800 3264 4869 obtutibus,
3326 4800 3467 4856 facie
3515 4801 3731 4870 tabida,

2036 4891 2202 4949 labiis
2244 4890 2673 4962 spumantibus,
2730 4889 2989 4947 dentium
3046 4890 3173 4961 ejus
3194 4888 3564 4945 ‘stridoribus
3610 4889 3735 4960 ipsa

2038 4980 2256 5037 terreri.
2304 4980 2595 5049 Insperato
2636 4979 2743 5034 hoc
2769 4985 2981 5034 eventu
3031 4975 3352 5047 perterrita,
3383 4975 3629 5033 recurrit
3661 4977 3733 5033 ad

2034 5066 2376 5134 solitarium,
2432 5065 2707 5137 quodque
2753 5064 2859 5121 sibi
2915 5064 3121 5121 accidit
3161 5071 3438 5120 causatur
3498 5061 3737 5118 infortu-

2037 5157 2221 5224 nium,
2288 5164 2363 5224 et,
2426 5154 2604 5210 animi
2661 5167 2899 5223 prorsus
2950 5153 3295 5225 agritudine
3350 5158 3733 5220 consternata,

2037 5252 2359 5315 praoptare
2395 5243 2501 5299 sibi
2558 5243 2768 5300 fatetur
2817 5242 3111 5299 interitum
3161 5254 3339 5313 quam
3382 5240 3737 5296 exsecrabile

2036 5333 2317 5403 arreptitii
2350 5331 2546 5389 subire
2576 5330 2936 5402 conjugium.

301 5513 413 5585 30‘)
464 5514 542 5570 De
584 5514 815 5582 Iisdem,
864 5524 919 5572 et
950 5515 1257 5573 Mahometi
1297 5515 1521 5589 origine
1581 5516 1710 5572 vide
1750 5516 2095 5586 Cedrenum,
2126 5528 2183 5577 et
2217 5522 2643 5581 Damascenum
2671 5521 2753 5577 De
2783 5520 3120 5591 haresibus,
3150 5519 3260 5579 sub
3294 5519 3491 5577 finem.
