3914 6094
187 151 287 206 691

1068 151 1132 205 ν.
1172 149 1259 206 GU
1273 147 1512 207 IBERTI
1551 148 1843 205 ABBATIS
1877 147 1939 205 S.
1988 147 2231 205 ΜΑΒΙᾸΞ
2269 148 2360 204 DE
2399 145 2797 208 NOVICENTO

3584 145 3710 197 692

254 285 649 341 Mahometum
672 300 819 341 uxor
841 283 1260 354 repudiandum
1288 284 1455 351 dicit,
1495 284 1597 338 sed
1622 283 1872 340 eremitae
1909 285 1956 337 Α
1988 284 2299 339 honestatis
2324 297 2389 338 ac
2418 283 2633 352 vigoris
2664 295 2737 337 ex
2780 279 3230 351 Evangeliorum
3259 286 3453 336 tenore
3480 280 3717 336 consti-

185 373 549 429 suasionibus
577 375 914 430 deterretur.
947 402 1014 414 —
1053 373 1382 428 Innumeris
1433 373 1627 443 itaque
1678 373 1881 443 queri-

188 462 518 518 moniarum
560 462 741 518 modis
778 460 1029 516 eremita
1074 461 1440 531 improperat,
1477 475 1729 531 nequam
1775 462 1880 516 sibi

190 549 505 621 praebuisse
559 548 880 604 consilium.
943 548 1018 603 At
1082 548 1193 615 ille,
1255 564 1389 604 cum
1445 549 1882 620 incomparabili

192 638 570 708 praemunitus
620 643 766 692 esset
810 637 1021 692 astutia
1054 650 1067 690 :
1107 657 1128 685 ι
1169 636 1405 705 Desipis,
1458 636 1668 707 inquit,
1700 637 1880 704 fatua,

190 725 333 780 dum
366 725 419 778 id
451 724 604 795 quod
635 732 720 780 est
750 724 1025 780 claritatis
1048 733 1103 780 et
1151 724 1366 795 gloriae,
1412 733 1475 781 tu
1506 735 1619 781 tuze
1648 726 1887 782 ascribis

190 812 440 883 injurias.
493 816 582 867 An
627 814 831 875 nescis,
877 813 1210 883 improvida,
1245 813 1384 883 quia
1431 815 1887 886 quotiescunque

188 898 598 967 prophetarum
651 899 943 955 mentibus
988 901 1135 955 Deus
1178 900 1452 967 illabitur,
1497 908 1612 957 tota
1636 900 1888 971 corporis

188 985 433 1041 humani
468 999 654 1041 massa
701 987 1047 1054 concutitur,
1090 987 1229 1057 quia
1279 988 1423 1043 ferre
1471 1003 1584 1044 non
1620 990 1888 1058 praevalet

192 1074 384 1130 carnis
415 1072 742 1142 inﬁrmitas,
785 1087 915 1129 cum
939 1074 988 1130 ei
1010 1088 1068 1130 se
1097 1075 1345 1144 applicat
1370 1074 1566 1131 divina
1588 1076 1889 1147 majestas?

192 1163 479 1232 Besipisce
510 1163 758 1230 tandem,
793 1177 864 1217 ne
894 1164 1133 1219 insolitis
1165 1164 1483 1220 visionibus
1519 1179 1885 1234 expavescas,

194 1251 507 1320 beatasque
563 1249 744 1304 sancti
798 1249 1047 1304 hominis
1122 1250 1392 1306 tortiones
1450 1260 1745 1322 gratanter
1799 1262 1891 1310 at—

194 1337 382 1403 tende,
437 1336 750 1406 praesertim
809 1351 938 1391 cum
987 1351 1120 1392 eum
1164 1344 1303 1392 tunc
1345 1338 1529 1394 virtus
1578 1341 1893 1409 spiritualis

197 1424 461 1480 instituat
514 1438 688 1494 super
746 1424 833 1480 his
886 1423 1156 1479 omnibus
1204 1438 1335 1493 quze
1379 1426 1510 1480 sciri
1559 1435 1612 1482 et
1662 1426 1781 1483 fieri
1837 1428 1891 1482 in

195 1512 463 1568 futurum
496 1526 530 1568 a
560 1513 720 1568 vobis
742 1513 1030 1583 expediat.
1062 1534 1082 1559 ι
1133 1512 1230 1568 His
1283 1514 1524 1568 feminea
1568 1515 1766 1571 levitas
1800 1530 1893 1571 re-

1994 379 2198 437 tuerat,
2229 369 2480 426 crudelis
2534 376 2776 425 vocatur
2834 369 3135 425 acerbitas.
3191 370 3262 424 At
3315 377 3709 439 praeceptum,

1992 459 2146 528 quod
2202 471 2378 513 vacca
2434 456 2659 524 detulit,
2720 455 2987 528 generale
3053 456 3396 526 appellatur,
3459 465 3515 512 et
3574 457 3721 526 ipsa

1992 547 2178 603 solum
2208 547 2390 621 aIDeo
2432 545 2831 601 commendata
2862 545 3113 600 libertas.
3151 545 3274 600 Non
3324 545 3500 614 Moysi
3554 544 3722 599 anti-

1994 635 2204 705 quitas,
2252 648 2366 689 non
2412 634 2694 689 catholica
2746 634 2974 689 novitas
3019 641 3343 703 reputatur.
3396 630 3711 703 Quidquid

1995 730 2127 778 ante
2158 723 2360 793 legem,
2394 723 2503 778 sub
2535 722 2674 789 lege,
2721 721 3007 792 quidquid
3041 722 3151 778 sub
3183 722 3389 793 gratia,
3443 720 3718 790 inexpia-

1997 811 2095 865 bili
2140 810 2382 865 falsitate
2435 818 2688 875 notatur,
2723 819 2795 873 et,
2858 816 2921 863 ut
2951 808 3169 878 psalmo
3201 809 3395 863 minus
3440 821 3715 878 congrue

1996 907 2147 965 utar,
2182 899 2360 954 Deum
2412 913 2528 953 non
2574 897 2768 953 fecisse
2814 896 3006 953 taliter
3037 897 3194 952 omni
3237 896 3476 962 nationi,
3515 905 3570 951 et
3598 897 3711 966 ju-

1996 988 2144 1042 dicia
2182 1000 2288 1042 sua
2333 986 2477 1042 nulli
2530 999 2564 1041 a
2608 986 2816 1041 saeculo
2866 984 2961 1040 alii
2994 985 3386 1041 manifestasse
3417 992 3708 1039 cantatur

2000 1073 2185 1141 (Psal.
2236 1088 2441 1135 CXLVII,
2490 1073 2600 1143 20).
2661 1073 2949 1128 Profusior
2996 1073 3254 1128 libidinis
3313 1070 3709 1141 adimplenda:

1998 1159 2260 1229 facultas,
2317 1168 2370 1216 et
2418 1160 2709 1216 bestialem
2762 1164 2907 1214 31-!
2962 1159 3083 1230 jam
3130 1174 3413 1229 superans
3480 1157 3712 1227 appeti-

1999 1257 2143 1317 tum,
2200 1265 2313 1305 non
2365 1249 2769 1319 conjugiorum
2818 1249 2961 1316 jam,
2999 1248 3098 1303 sed
3133 1258 3452 1303 scortorum
3496 1261 3726 1302 nume-—

2001 1339 2229 1394 rositate
2272 1340 2556 1407 voluptas,
2614 1336 3099 1407 procreandorum
3148 1336 3459 1391 liberorum
3491 1348 3707 1404 super-

2007 1425 2126 1482 ﬁcie
2168 1427 2456 1496 palliatur.
2500 1425 2629 1490 Sed,
2674 1425 2814 1480 dum
2861 1425 2916 1479 in
2966 1424 3056 1479 his
3082 1438 3213 1494 quae
3265 1423 3428 1493 quasi
3468 1422 3709 1477 usualia

2001 1523 2155 1582 sunt,
2189 1527 2560 1585 nequaquam
2608 1513 2806 1568 ﬂuxus
2837 1520 3060 1567 naturae
3093 1512 3479 1582 restringitur,
3511 1524 3711 1580 usque

196 1601 382 1657 levata
407 1600 791 1667 sermonibus,
835 1608 1015 1656 totum
1053 1602 1170 1671 jam
1225 1616 1339 1657 non
1377 1603 1545 1658 modo
1579 1604 1887 1672 tolerabile,
1931 1576 1976 1633 Β
2004 1604 2076 1658 ad
2104 1616 2171 1658 ea
2207 1576 2338 1673 quae
2380 1616 2495 1656 non
2543 1601 2919 1666 conveniunt,
2969 1614 3074 1655 nec
3106 1598 3391 1654 nominari
3442 1601 3497 1653 in
3530 1576 3711 1653 nobis

197 1689 291 1744 sed
339 1690 509 1744 etiam
554 1696 984 1743 sacrosanctum
1027 1695 1082 1744 et
1128 1690 1432 1758 spectabile
1476 1691 1889 1761 arbitrabatur,

198 1777 483 1848 quidquid
535 1777 697 1847 prius
745 1776 956 1833 fcedum
1010 1790 1077 1832 ac
1134 1778 1478 1848 despicabile
1552 1781 1886 1850 putabatur.

196 1867 417 1922 Interea
466 1880 565 1935 per
622 1865 952 1921 hiereticum
1005 1867 1300 1922 eremitam
1360 1868 1431 1924 ad
1492 1869 1732 1938 profana
1788 1870 1888 1926 do-

192 1962 387 2025 gmata
416 1952 529 2019 ille,
554 1952 767 2009 diaboli
805 1953 1014 2021 ﬁstula,
1043 1954 1428 2020 imbuebatur,
1460 1966 1513 2012 et
1543 1957 1722 2027 ipsius
1743 1972 1888 2029 qua-

191 2056 309 2113 qua
347 2056 579 2097 versum
627 2051 918 2112 praeeunte
971 2043 1276 2113 praeconio,
1322 2046 1602 2115 propheta
1639 2046 1712 2102 ab
1756 2047 1887 2103 uni-

190 2132 371 2187 versis
399 2130 676 2186 creditur.

264 2220 386 2284 Qua
400 2219 618 2273 astutia
627 2221 747 2284 fert
756 2219 957 2290 legem.
972 2250 1041 2259 —
1052 2218 1233 2291 Cumq
1244 2235 1314 2276 ue
1321 2220 1443 2291 jam
1457 2222 1622 2293 longe
1638 2222 1886 2294 lateque,

192 2304 250 2360 in
280 2306 538 2362 omnium
571 2307 938 2377 opinionibus
967 2307 1119 2363 fama
1152 2308 1499 2378 proficiente,
1535 2310 1886 2382 claresceret,

190 2402 245 2451 et
290 2396 411 2451 suis
440 2395 797 2452 documentis
843 2396 1377 2467 circumjacentium
1419 2413 1486 2454 ac
1535 2409 1889 2458 remotarum

192 2484 624 2553 provinciarum
675 2484 920 2540 acclines
975 2485 1217 2555 populos
1265 2486 1671 2556 conspexisset,
1728 2504 1888 2546 com-

193 2571 489 2628 municato
522 2587 655 2628 cum
701 2587 807 2628 suo
836 2573 1067 2628 doctore
1104 2573 1361 2642 consilio,
1419 2575 1601 2644 legem
1640 2577 1885 2648 scripsit,

192 2660 294 2715 ubi
353 2662 471 2715 suis
509 2662 858 2731 sequacibus
923 2661 1098 2716 totius
1145 2661 1540 2731 turpitudinis,
1592 2679 1692 2734 per
1734 2667 1886 2736 quod

192 2748 379 2818 magis
427 2748 814 2817 traherentur,
880 2748 1043 2804 frena
1084 2750 1318 2805 remisit.
1373 2751 1495 2818 Quo
1548 2752 1715 2816 facto,
1766 2755 1887 2810 infi-

1999 1691 2225 1758 debent,
2280 1690 2467 1746 brutis
2514 1688 2685 1745 etiam
2741 1688 3047 1759 pecoribus
3089 1687 3404 1757 inexperta,
3447 1701 3709 1742 concur-

2000 1780 2169 1835 ritur.

2073 1866 2260 1938 Hujus
2288 1865 2521 1921 nefaria
2554 1864 2928 1921 institutionis
2954 1864 3277 1920 obscuritas
3307 1862 3707 1918 Christianum

1996 1961 2137 2011 tunc
2189 1968 2396 2009 nomen
2429 1953 2662 2019 obtexit,
2714 1960 2769 2008 et
2813 1953 3004 2008 adhuc
3047 1952 3391 2021 pertinentia
3425 1948 3556 2022 [al.,
3602 1962 3711 2018 per

1995 2042 2260 2113 Orientis]
2317 2056 2459 2112 pene
2508 2041 2786 2103 universi,
2832 2039 3032 2096 Africae
3091 2040 3343 2111 IEgypti,
3390 2038 3707 2106 Ethiopize

1997 2132 2206 2202 Lybiae,
2257 2139 2312 2187 et
2343 2130 2515 2201 juxta
2570 2144 2675 2185 nos
2727 2128 3013 2198 Hispaniae
3059 2128 3464 2184 remotissimos
3511 2128 3705 2194 sinus,

1996 2221 2304 2276 oblitterat.
2333 2219 2437 2273 Sed
2473 2218 2629 2273 hunc
2664 2224 2888 2272 tantum
2924 2226 3155 2285 tamque
3193 2215 3497 2271 miriﬁcum
3536 2214 3708 2284 legis-

1998 2309 2236 2365 latorem
2268 2308 2399 2377 quis
2427 2306 2618 2363 exitus
2657 2306 2725 2361 de
2759 2304 2943 2360 medio
2992 2304 3207 2369 tulerit,
3249 2303 3557 2359 dicendum
3588 2309 3699 2357 est.

1997 2400 2139 2455 Cum
2192 2396 2493 2452 subitaneo
2527 2395 2641 2449 ictu
2666 2393 2977 2463 epilepseos
3028 2407 3174 2462 saepe
3216 2395 3536 2458 corrueret,
3578 2406 3702 2461 quo

1996 2501 2128 2543 eum
2175 2485 2443 2554 superius
2472 2482 2728 2538 diximus
2758 2481 3039 2545 laborare,
3087 2480 3295 2536 accidit
3324 2479 3517 2545 semel,
3551 2479 3697 2535 dum

1997 2576 2154 2632 solus
2185 2572 2539 2638 obambulat,
2575 2579 2636 2627 ut
2677 2571 2874 2626 morbo
2916 2569 3092 2624 elisus
3133 2569 3329 2624 eodem
3359 2568 3606 2634 caderet,
3643 2575 3700 2624 et

1997 2662 2284 2726 inventus,
2330 2662 2466 2716 dum
2513 2661 2635 2729 ipsa
2677 2659 2937 2729 passione
2981 2664 3304 2728 torquetur,
3352 2671 3387 2711 a
3416 2656 3605 2727 porcis
3639 2657 3697 2711 in

1997 2757 2221 2806 tantum
2254 2749 2596 2818 discerpitur
2642 2755 2703 2804 ut
2747 2746 2923 2802 nulla;
2974 2745 3101 2816 ejus
3153 2753 3360 2815 printer
3402 2744 3543 2800 talos
3570 2743 3698 2799 reli-

193 2834 329 2890 nitaa
350 2835 738 2891 multitudinis
769 2835 982 2907 vulgus
1012 2846 1308 2909 aggregat,
1341 2846 1396 2894 et
1430 2847 1492 2895 ut
1520 2842 1703 2912 magis
1738 2856 1888 2913 vaga
1925 2852 1965 2907 c
1998 2835 2150 2906 quiae
2219 2834 2633 2889 invenirentur.
2712 2832 2855 2887 Ecce
2925 2831 3124 2902 legifer
3204 2830 3473 2899 Optimus.
3554 2830 3695 2885 dum

193 2922 365 2977 corda
396 2924 688 2992 praemissa
716 2924 989 2999 religione
1032 2924 1331 2995 deciperet,
1384 2928 1575 2984 triduo
1617 2930 1700 2985 eis
1739 2931 1891 3001 jeju-

194 3024 336 3066 nare
369 3011 629 3081 imperat,
662 3021 717 3068 et
740 3020 803 3067 ut
829 3013 1010 3069 Deum
1051 3021 1263 3071 attente
1309 3016 1713 3088 postulentpro
1751 3019 1891 3090 legis

195 3099 523 3168 acceptione
586 3100 870 3157 sollicitat.
929 3102 1048 3158 Hoc
1107 3103 1276 3158 etiam
1330 3103 1411 3159 eis
1462 3104 1694 3176 signum
1743 3106 1886 3163 dat:

194 3183 341 3250 Quia
368 3185 413 3241 si
450 3187 564 3241 Deo
593 3186 699 3242 sibi
740 3187 923 3259 legem
963 3188 1101 3245 dare
1156 3189 1455 3259 placuerit,
1507 3206 1665 3248 more
1697 3193 1779 3248 eis
1804 3194 1891 3248 in-

194 3273 375 3340 solito,
408 3282 462 3331 et
512 3289 612 3345 per
654 3289 915 3343 manum,
957 3277 1025 3333 de
1070 3293 1188 3348 qua
1226 3293 1341 3334 non
1374 3287 1658 3349 speratur,
1710 3282 1887 3338 dabit.

194 3362 431 3417 Interim
490 3377 723 3419 vaccam
788 3365 1056 3434 habebat,
1132 3381 1309 3436 quam
1370 3369 1446 3423 ita
1515 3370 1715 3425 manui
1771 3385 1890 3427 suae.

194 3450 575 3507 assuefecerat
607 3459 671 3508 ut
722 3454 1181 3525 quotiescunque
1227 3464 1327 3512 aut
1359 3456 1538 3526 hujus
1569 3471 1765 3513 vocem
1791 3472 1892 3513 au-

194 3537 360 3605 diret,
393 3539 477 3594 vel
510 3541 725 3596 videret
757 3544 1139 3611 praesentiam,
1172 3544 1272 3598 vix
1302 3558 1428 3600 eam
1462 3545 1546 3599 vis
1581 3544 1698 3600 ulla
1727 3553 1889 3602 tene-

192 3633 275 3682 ret
305 3627 448 3697 quin
478 3628 549 3683 ad
580 3643 711 3684 eum
766 3629 1108 3685 intolerabili
1150 3631 1402 3701 quadam
1456 3631 1731 3688 aviditate
1760 3648 1890 3689 con-

193 3722 471 3770 curreret.
522 3716 760 3772 Factum
793 3716 972 3788 igitur
1019 3718 1274 3774 libellum
1317 3719 1588 3775 cornibus
1622 3719 1889 3776 animalis

192 3800 556 3874 circumligat
574 3812 628 3860 et
650 3805 705 3859 in
731 3807 973 3861 tentorio
996 3821 1110 3876 quo
1136 3807 1477 3863 versabatur
1514 3807 1657 3864 illud
1698 3809 1889 3865 occul-

192 3896 293 3945 tat.
329 3891 514 3947 Tertio
545 3891 793 3962 denique
822 3893 913 3948 die
942 3908 1116 3964 super
1145 3910 1371 3950 omnem
1413 3896 1512 3965 qui
1543 3905 1890 3954 convenerat

194 3976 470 4047 populum
523 3979 802 4048 eminens,
844 3981 1097 4037 tribunal
1147 3984 1421 4049 ascendit,
1469 3993 1523 4039 et
1569 3986 1889 4042 declamare

192 4066 483 4135 productis
513 4067 751 4123 vocibus
787 4069 859 4124 ad
902 4071 1180 4140 populum
1216 4072 1404 4142 cmpit.
1460 4072 1597 4139 Quae
1636 4087 1789 4141 cum,
1823 4082 1889 4130 ut

191 4153 275 4209 ita
321 4154 585 4219 dixerim,
638 4170 867 4213 summa
922 4172 1019 4215 ore
1063 4160 1373 4216 verborum
1416 4175 1622 4217 sonum
1664 4162 1883 4233 attigis-
1925 4151 1969 4206 Ῑ)

192 4249 296 4310 set,
325 4256 357 4298 e
387 4243 627 4299 tentorio
679 4245 1089 4318 subterjacenti
1128 4248 1423 4304 confestim
1476 4250 1789 4320 egreditur,
1836 4259 1890 4307 et

190 4343 295 4402 per
326 4331 540 4388 medias
568 4333 1023 4392 coadunatarum
1047 4337 1306 4407 gentium
1327 4343 1569 4406 turmas,
1598 4338 1890 4397 volumine

191 4420 467 4476 cornibus
498 4421 779 4492 imposito,
819 4425 893 4480 ad
927 4426 1098 4495 pedes
1127 4425 1415 4496 loquentis
1443 4428 1607 4497 quasi
1638 4440 1889 4498 congra-

190 4508 451 4564 tulatura
503 4524 675 4568 vacca
727 4513 1041 4570 contendit.
1089 4513 1375 4570 Mirantur
1411 4529 1628 4583 omnes,
1679 4516 1887 4586 raptim

190 4595 461 4653 volumen
514 4598 822 4666 evolvitur,
875 4598 1168 4656 anhelanti
1217 4601 1400 4657 turba
1440 4604 1773 4673 exponitur,
1804 4618 1889 4673 pe-

190 4684 437 4741 tulantia
483 4688 639 4757 turpi
696 4688 817 4759 lege
859 4688 1154 4758 permissa,
1207 4689 1524 4760 gaudenter
1578 4692 1882 4762 excipitur.

190 4772 338 4839 Quid
394 4775 602 4845 plura?
656 4776 832 4834 oblati
892 4776 1025 4832 libri
1080 4777 1427 4835 miraculum
1486 4780 1885 4851 centuplicatis

190 4861 484 4920 favoribus
513 4864 855 4921 celebratur.

261 4949 619 5021 Propagatur
647 4952 865 5023 ubique
904 4952 1161 5023 gentium
1196 4955 1359 5025 quasi
1400 4946 1621 5013 caelitus
1650 4957 1886 5013 veniens

191 5036 581 5096 indifferenter
608 5041 849 5097 coeundi
882 5056 1034 5098 nova
1069 5042 1317 5100 licentia.
1349 5047 1418 5101 Et
1450 5054 1668 5116 quanto
1698 5045 1884 5116 magis

188 5122 556 5192 pollutionem
585 5140 984 5186 concessarum
1005 5131 1283 5188 exuberat
1308 5133 1491 5204 copia,
1525 5139 1681 5188 tanto
1700 5133 1889 5203 magis

1998 2923 2368 2992 Epicureum,
2420 2935 2594 2991 quem
2644 2919 2762 2975 veri
2816 2918 3003 2986 Stoici,
3061 2918 3266 2973 Christi
3315 2918 3529 2973 scilicet
3565 2918 3697 2973 cul-

1997 3018 2168 3073 tores.
2216 3009 2558 3076 occiderant,
2612 3022 2849 3079 porcum
2904 3008 3243 3063 resuscitare
3281 3007 3534 3069 molitur,
3583 3006 3698 3063 imo

1997 3114 2235 3171 prorsus
2289 3098 2610 3165 resuscitat,
2665 3112 2873 3167 porcus
2924 3097 3036 3166 ipse
3088 3096 3272 3165 porcis
3319 3096 3692 3152 devorandus

1996 3187 2325 3258 exponitur,
2400 3194 2464 3242 ut
2521 3184 2888 3241 obscenitatis
2948 3185 3342 3255 magisterium
3412 3183 3699 3239 obscenis-

1995 3275 2159 3343 simo,
2196 3276 2281 3331 uti
2330 3275 2617 3340 convenit,
2673 3273 2783 3329 [ine
2821 3273 3148 3329 concludat.
3190 3272 3356 3327 Talos
3395 3271 3527 3342 jure
3557 3272 3694 3327 reli-

1996 3365 2144 3436 quit,
2176 3364 2315 3435 quia
2348 3362 2602 3433 perﬂdiae
2631 3376 2698 3417 ac
2748 3361 3126 3431 turpitudinis
3154 3360 3415 3431 vestigia,
3448 3360 3698 3430 deceptis

1993 3453 2395 3510 miserabiliter
2423 3451 2726 3507 animabus
2772 3450 2980 3506 inﬁxit.
3010 3450 3190 3520 Cujus
3234 3450 3481 3505 talorum
3529 3449 3696 3505 titulo

1993 3543 2293 3614 exegimus
2346 3540 2716 3605 tetrasticum,
2772 3540 2945 3611 juxta
2998 3547 3221 3609 poetam
3281 3538 3523 3609 (Honn.
3584 3536 3690 3593 Od.

1995 3646 2131 3700 xxx,
2167 3634 2213 3699 1,
2250 3632 2327 3700 2).
2420 3703 2550 3756 Ere
2578 3698 2911 3772 perennius,

2279 3789 2589 3861 Regalique
2610 3788 2727 3843 situ
2749 3786 3108 3861 piramidum
3136 3787 3336 3852 altius,

1993 3903 2060 3954 ut
2100 3896 2191 3953 vir
2221 3896 2491 3967 egregius
2536 3896 2691 3951 omni
2728 3896 2847 3966 jam
2879 3908 3050 3964 porco
3093 3893 3308 3949 felicior
3347 3908 3481 3950 cum
3527 3902 3692 3964 poeta

1992 3985 2189 4042 eodem
2224 3983 2418 4055 (Ibid.,
2442 3984 2559 4055 6-7)
2590 3983 2776 4039 dicere
2805 3983 2994 4038 valeat
3027 3997 3040 4036 :

2278 4073 2412 4128 Non
2440 4071 2627 4127 omnis
2655 4069 2893 4139 moriar,
2925 4070 3226 4142 multaque
3254 4085 3397 4141 pars
3423 4069 3541 4125 mei

2469 4156 2690 4213 Vitabit
2719 4156 3054 4211 Libitinam.

2071 4246 2233 4312 Quod
2259 4254 2376 4303 est:

1996 4335 2290 4392 Manditur
2314 4351 2412 4390 ore
2428 4349 2620 4403 suum,
2645 4333 2746 4406 qui
2759 4350 2997 4407 porcum
3029 4332 3276 4398 dixerat;
3313 4332 3484 4403 hujus

2068 4424 2322 4481 Membra
2359 4424 2528 4478 beata
2544 4422 2970 4495 cluunt,podice
2981 4423 3132 4491 fusa
3158 4438 3345 4476 suum.

1998 4514 2128 4570 Cum
2153 4512 2302 4567 talos
2329 4511 2437 4579 ori,
2466 4514 2583 4566 tum
2611 4511 2759 4583 quod
2781 4528 2880 4565 sua
2917 4511 3071 4573 fudit
3101 4510 3281 4576 odori,

2065 4599 2244 4673 Digna
2268 4600 2373 4673 qui
2399 4600 2650 4656 celebrat
2676 4600 2868 4656 cultor
2895 4600 3104 4655 honore
3121 4599 3296 4665 ferat.

2065 4689 2225 4756 Quod
2256 4691 2300 4744 si
2335 4689 2781 4745 Manichaeorum
2817 4696 2954 4744 sunt
2998 4701 3135 4743 vera
3177 4686 3452 4758 repurgia
3502 4693 3684 4749 sectae,

1995 4785 2059 4834 ut
2099 4777 2157 4832 in
2203 4778 2360 4834 omni
2408 4777 2562 4848 quod
2609 4777 2927 4832 comeditur
2967 4790 3102 4847 pars
3154 4776 3421 4847 quaedam
3461 4782 3688 4831 maneat

1993 4866 2411 4922 commaculata
2443 4866 2578 4935 Dei;
2620 4874 2673 4922 et
2712 4865 2969 4921 dentium
3005 4862 3455 4921 comminutione
3495 4872 3552 4920 et
3581 4871 3688 4920 sto-

1993 4955 2182 5010 machi
2233 4954 2593 5011 concoctione
2629 4968 2761 5024 pars
2806 4954 2928 5024 ipsa
2969 4954 3069 5009 Dei
3109 4961 3422 5024 purgetur;
3464 4959 3520 5008 et
3551 4966 3683 5022 pur-

1993 5051 2126 5115 gata
2165 5044 2286 5114 jam
2332 5042 2392 5098 in
2441 5041 2674 5113 angelos
2715 5050 3106 5108 convertatur,
3162 5040 3263 5111 qui
3323 5039 3589 5097 ructibus
3633 5049 3685 5098 et

1992 5131 2328 5187 ventositate
2358 5139 2523 5187 extra
2555 5145 2659 5187 nos
2685 5130 2912 5201 prodire
2937 5131 3224 5194 dicantur,
3250 5143 3381 5186 sues
3411 5129 3479 5185 de
3510 5129 3684 5200 hujus

189 5212 360 5268 tacito
436 5214 703 5272 foeditatis
769 5218 1023 5285 nomine,
1078 5221 1174 5276 Dei
1229 5221 1557 5277 remissiora
1627 5228 1884 5290 tempora
1989 5220 2265 5276 carnibus
2322 5227 2531 5291 pastas,
2585 5220 2739 5290 quod
2795 5218 3084 5275 credimus
3155 5218 3387 5290 angelos
3438 5216 3683 5274 effecisse

194 5299 546 5370 indulgentis
593 5305 941 5374 praedicatur
986 5308 1191 5379 gratia.
1248 5310 1388 5365 Tota
1433 5308 1884 5366 Christianitatis
1990 5316 2045 5364 et
2099 5309 2281 5379 magis
2335 5307 2469 5364 hinc
2523 5308 2657 5364 inde
2708 5307 2942 5363 flatibus
2995 5306 3293 5363 emisisse?
3323 5305 3426 5362 Sed
3460 5305 3682 5362 omissis

188 5401 435 5444 censura
472 5392 737 5448 convitiis
770 5394 923 5450 mille
968 5396 1300 5465 damnatur,
1336 5404 1392 5453 et
1421 5397 1709 5468 quidquid
1742 5396 1879 5453 olim
1985 5396 2346 5468 jocularibus
2374 5411 2506 5467 quae
2535 5409 2638 5466 pro
2684 5395 3019 5466 sequacium
3052 5394 3336 5451 derisione
3382 5393 3676 5460 dicuntur,
