3914 6094
160 198 277 250 693

1282 197 1498 253 GESTA
1537 195 1654 250 DEI
1695 198 1835 251 PER
1879 197 2208 255 FRANCOS.
2237 227 2305 238 —
2331 198 2467 252 LIB.
2516 200 2561 252 Ι.

3574 207 3680 260 694

158 332 277 387 hoc
306 340 391 388 est
423 332 836 389 insinuandum
860 330 1015 401 quod
1047 346 1161 387 non
1191 346 1325 388 eum
1355 332 1547 400 deum,
1580 340 1645 389 ut
1691 333 1873 404 aliqui
1911 335 1958 388 Α
1986 334 2073 389 ria
2101 342 2155 390 et
2185 349 2367 390 scenae
2400 334 2620 391 fierent.
2648 336 2820 390 Porro
2857 336 2927 391 de
2963 336 3383 394 Catholicorum
3440 339 3678 395 necibus

160 422 474 486 aestimant,
534 419 869 490 opinantur,
920 419 1017 475 sed
1070 420 1355 475 bomniem
1402 421 1646 489 justum,
1701 435 1870 477 eum-

159 508 417 578 demque
450 515 778 577 patronum,
822 522 920 576 per
951 522 1123 577 quem
1171 508 1323 578 leges
1370 508 1582 565 divinae
1629 510 1871 565 tradan—

156 603 279 652 tur.
309 597 477 651 Hunc
506 596 732 651 coalitus
757 604 1122 665 assumptum
1156 605 1447 663 astruunt,
1482 605 1536 652 et
1556 598 1703 652 solos
1730 597 1870 652 talos

160 684 396 739 reiictos
415 685 485 739 ad
507 699 749 740 suorum
774 684 1025 739 fidelium
1051 693 1509 751 monumentum,
1535 700 1681 755 quos
1699 686 1871 741 etiam

159 771 394 828 infinita
420 773 790 828 veneratione
821 773 1115 841 revisunt;
1157 786 1460 842 porcorum
1493 788 1628 828 vero
1681 788 1868 840 esum,

154 860 322 929 justa
382 874 620 929 prorsus
674 862 895 916 ratione
959 868 1360 926 contemnunt,
1428 861 1530 931 qui
1586 862 1872 917 morsibus

157 960 365 1002 eorum
381 946 678 1003 dominum
709 954 1208 1015 consumpserunt.

842 1034 1073 1092 CAPUT
1113 1035 1209 1091 IV.

238 1123 351 1194 [V.]
385 1124 483 1179 Hae
515 1123 693 1193 igitur
722 1137 869 1193 quas
920 1136 1098 1193 supra
1148 1122 1403 1180 diximus
1446 1131 1660 1195 gentes,
1712 1131 1872 1194 post-

161 1225 350 1283 quam
382 1226 482 1281 per
527 1213 696 1282 longa
740 1220 1015 1281 tempora,
1064 1221 1191 1280 post
1239 1213 1451 1267 multas
1499 1213 1868 1282 posteritates,

161 1297 332 1357 error
370 1304 564 1370 ereptae
608 1301 940 1372 gentilitatis
992 1301 1256 1368 invaluit,
1307 1317 1438 1357 cum
1492 1302 1867 1369 Palaestinam,

162 1396 294 1444 tum
348 1388 754 1457 Jerosolymam
808 1401 875 1442 ac
933 1387 1267 1456 sepulcrum
1318 1388 1545 1442 Domini
1602 1403 1869 1458 pervase-

160 1483 329 1538 runt,
383 1474 849 1544 Armeniamque,
910 1473 1154 1542 Syriam,
1219 1484 1557 1545 partemque
1615 1475 1867 1545 Graeciae,

162 1576 312 1632 pene
362 1577 544 1631 usque
596 1563 667 1617 ad
715 1562 860 1616 illud
910 1575 1067 1616 mare
1111 1563 1264 1631 quod
1318 1562 1625 1618 Brachium
1675 1563 1867 1620 Sancti

158 1648 394 1721 Georgii
452 1649 682 1713 dicitur,
729 1649 1122 1705 obtinuerunt.
1180 1651 1335 1706 [nter
1378 1652 1571 1705 omnia
1620 1651 1869 1708 Orientis

157 1750 347 1807 regna
392 1737 795 1807 Babylonicum
843 1738 1171 1806 imperium,
1221 1739 1296 1794 ab
1361 1739 1602 1809 antiquo
1649 1754 1870 1811 praepo-

161 1825 547 1881 tentissimum
581 1824 706 1891 fuit,
735 1833 786 1879 et
820 1824 1013 1895 regnis
1055 1825 1505 1895 quampluribus
1544 1827 1866 1896 imperavit.

157 1914 427 1967 Attamen
473 1913 815 1968 Parthorum
845 1927 1111 1984 regnum,
1157 1928 1303 1983 quos
1350 1915 1564 1970 Turcos
1602 1923 1871 1985 corrupto

155 1999 396 2056 nomine
456 2002 792 2069 vocitamus,
835 2002 895 2057 in
960 2016 1018 2057 re
1063 2003 1298 2058 militari
1353 2012 1408 2059 et
1456 2005 1705 2073 equestri
1750 2004 1870 2060 ele-

159 2088 382 2158 gantia,
414 2088 592 2143 animi
622 2089 794 2144 etiam
826 2091 1040 2145 virtute
1072 2091 1394 2159 praepollet;
1438 2092 1535 2146 sed
1580 2099 1867 2147 terrarum

159 2175 543 2244 amplitudine
587 2176 779 2232 minus
823 2184 995 2246 patet.
1050 2179 1365 2248 Imperator
1395 2178 1590 2247 itaque
1636 2179 1872 2250 Babylo—

160 2263 333 2318 nicus
360 2277 457 2319 eas
490 2277 636 2332 quas
665 2265 1047 2333 prmmisimus
1090 2266 1416 2335 provincias
1454 2280 1665 2338 magno
1711 2282 1870 2324 exer-

160 2351 282 2406 citu
340 2360 678 2421 occuparat;
728 2353 823 2408 sed
875 2354 1147 2422 temporis
1207 2368 1496 2423 processu,
1547 2356 1867 2411 Turcorum

159 2447 492 2510 emergente
516 2440 696 2510 copia,
728 2440 974 2510 Assyriis
1004 2441 1206 2497 evictis
1230 2443 1526 2498 amiserat.

236 2526 396 2581 Petit
438 2526 759 2598 imperator
811 2530 1141 2584 Grecorum
1197 2545 1235 2586 a
1276 2531 1523 2585 Roberto
1580 2529 1868 2586 Flandriae

158 2616 371 2671 comite
405 2617 654 2672 auxilia.
703 2618 791 2673 Hii
825 2618 1004 2689 igitur
1045 2620 1222 2675 armis
1273 2620 1608 2686 vivaciores,
1642 2626 1696 2674 et
1724 2634 1866 2675 con-

161 2705 384 2760 suetius
415 2712 638 2760 utentes
666 2704 930 2772 audacia,
982 2706 1120 2761 dum
1172 2706 1862 2776 Constantinopolitanum

162 2800 439 2864 urgerent
487 2792 814 2862 imperium,
852 2801 907 2849 et
946 2794 1127 2850 eidem
1178 2794 1307 2850 urbi
1360 2808 1502 2864 pene
1537 2794 1863 2851 obsidenda:

161 2881 502 2937 viderentur
548 2881 888 2950 irrumpere,
942 2881 1256 2951 imperator
1324 2885 1649 2939 Graecorum
1696 2882 1863 2938 minis

160 2984 364 3026 eorum
415 2969 833 3039 frequentibus,
876 2976 931 3025 et
972 2970 1218 3025 assiduis
1279 2969 1705 3026 incursionibus
1749 2978 1858 3026 tre-

162 3058 463 3123 mefactus,
525 3057 676 3113 misit
735 3058 795 3112 in
853 3058 1177 3124 Franciam,
1243 3058 1501 3114 scribens
1553 3058 1860 3115 Rothberto

160 3147 369 3203 seniori
417 3146 856 3202 Flandrensium
909 3146 1097 3202 comiti
1148 3146 1464 3215 epistolam,
1518 3147 1861 3216 multiplices

160 3236 210 3293 ei
264 3237 557 3306 objectans
608 3249 832 3301 causas,
893 3236 1109 3305 quibus
1151 3236 1386 3292 excitari
1448 3239 1574 3307 ejus
1629 3238 1859 3293 animus

160 3332 344 3394 posset
378 3325 449 3380 ad
488 3323 901 3379 defendendam
938 3324 1353 3393 periclitantem
1386 3323 1685 3380 Graeciam.
1733 3325 1856 3381 Non

160 3420 354 3468 autem
386 3411 510 3466 ideo
557 3410 896 3467 sollicitabat
935 3413 1198 3467 eumdem
1242 3416 1455 3480 virum,
1497 3413 1653 3484 quod
1700 3421 1857 3470 tanto

161 3500 412 3570 negotio,
436 3498 613 3554 solius
645 3499 825 3568 ipsius
864 3502 1173 3556 mstimaret
1212 3501 1475 3557 sufficere
1522 3516 1684 3571 posse
1715 3516 1858 3558 con-

158 3602 419 3655 cursum,
449 3588 576 3644 licet
614 3588 929 3645 ditissimus
972 3597 1136 3655 esset,
1172 3597 1227 3645 et
1269 3603 1537 3660 magnam
1588 3588 1857 3644 valuisset

159 3677 411 3734 conﬂare
456 3691 713 3744 manum,
746 3678 839 3733 sed
890 3679 1030 3748 quia
1076 3692 1191 3732 non
1240 3677 1543 3747 ignorabat
1598 3676 1773 3747 quod,
1806 3675 1855 3730 si

158 3766 251 3821 vir
284 3765 426 3821 adeo
480 3773 681 3836 potens
728 3766 973 3835 idipsum
1023 3766 1433 3837 aggrederetur
1473 3764 1596 3832 iter,
1647 3771 1855 3819 nostrae

159 3869 354 3912 secum
396 3853 581 3925 gentis
616 3854 835 3911 auxilia
885 3855 1135 3925 plurima
1166 3868 1267 3923 pro
1314 3853 1434 3909 sola
1475 3854 1726 3909 novitate
1771 3852 1855 3909 rei

155 3943 535 4000 contraheret.
576 3943 709 3998 Fuit
736 3956 873 3999 vero
902 3957 1090 3999 comes
1120 3943 1316 4009 isdem,
1351 3950 1636 4012 quantum
1671 3955 1849 4012 sagax

156 4033 215 4088 in
269 4032 442 4087 rebus
491 4031 723 4097 bellicis,
785 4039 1014 4087 tantum
1059 4030 1359 4101 perspicax
1410 4038 1467 4086 et
1524 4028 1744 4086 facetus
1794 4029 1850 4084 in

155 4119 380 4176 litteris.
435 4120 486 4174 ls
536 4119 944 4188 Jerosolymam
990 4118 1264 4173 orationis
1298 4118 1481 4188 gratia
1538 4117 1852 4188 aliquando

1980 422 2194 477 frustra
2241 437 2489 493 agerem,
2520 437 2651 479 cum
2686 425 2926 479 mortuis
2960 425 3017 480 in
3055 425 3181 493 fide,
3215 427 3348 483 vitae
3389 427 3677 483 aeternalis

1977 509 2272 565 videretur
2302 512 2512 565 instare
2557 511 2980 575 concambium,
3037 514 3371 583 superstites
3417 515 3525 570 sub
3577 514 3679 568 mi-

1978 597 2087 651 seri
2114 597 2258 668 jugo
2291 598 2604 654 famulatus
2646 599 2825 653 vitam
2880 608 3161 669 gererent,
3208 601 3363 670 ipsis,
3415 610 3477 656 ut
3523 602 3677 657 arbi-

1982 693 2116 753 tror,
2176 687 2457 743 mortibus
2525 689 2820 742 acriorem.
2883 687 3147 758 Virgines
3203 687 3357 742 enim
3423 687 3676 743 fidelium

1978 771 2363 841 deprehensae,
2400 774 2695 844 publicum
2727 774 2851 829 fieri
2880 775 3360 844 praecipiebantur
3404 783 3673 840 scortum,

1979 874 2111 915 cum
2153 877 2440 932 nusquam
2496 864 2696 932 pudori
2729 864 3048 919 deferretur
3093 878 3159 918 ac
3209 865 3490 920 honestati
3533 880 3678 920 con-

1973 947 2205 1019 jugum.
2240 950 2445 1006 Matres
2470 958 2751 1019 corruptae
2781 951 2841 1005 in
2870 960 3180 1021 conspectu
3213 952 3484 1019 filiarum,
3528 952 3675 1008 mul-

1978 1036 2247 1106 tipliciter
2285 1037 2536 1107 repetitis
2576 1038 2933 1094 diversorum
2983 1039 3246 1107 coitibus,
3291 1042 3675 1104 vexabantur,

1977 1138 2111 1179 cum
2156 1125 2284 1179 tiliae
2333 1125 2675 1193 assistentes,
2736 1125 2994 1181 carmina
3049 1129 3355 1196 praecinere
3415 1128 3677 1184 saltando

1978 1211 2198 1266 nefaria
2234 1212 2381 1267 inter
2434 1213 2763 1282 hujusmodi
2810 1210 3172 1284 cogerentur.
3228 1216 3441 1271 Eadem
3486 1216 3673 1270 statim

1979 1300 2188 1370 passio,
2219 1301 2373 1370 quod
2404 1301 2509 1355 dici
2539 1302 2772 1371 quidem
2801 1311 2855 1356 et
2905 1302 3067 1357 dolor
3102 1311 3157 1359 et
3204 1304 3389 1372 pudor
3433 1312 3534 1371 est,
3588 1317 3677 1359 re-

1978 1388 2319 1444 volvebatur
2377 1390 2447 1444 ad
2520 1390 2686 1455 tilias,
2738 1405 2868 1460 qum
2919 1393 3089 1445 etiam
3146 1392 3368 1447 fceditas
3419 1392 3679 1448 obscenis

1979 1476 2293 1532 infelicium
2358 1485 2607 1533 matrum
2670 1478 3037 1533 cantionibus
3094 1479 3433 1534 ornabatur.
3483 1480 3678 1535 Totius

1978 1565 2228 1634 denique
2276 1566 2525 1620 nominis
2586 1566 2904 1621 reverentia
2956 1565 3285 1633 Christiani,
3364 1568 3678 1636 prostibulo

1908 1624 1951 1680 Β
1983 1624 2335 1708 tradebatur.
2401 1655 2661 1724 Cumque
2702 1656 2867 1709 sexui
2928 1654 3222 1722 feminino,
3274 1624 3429 1725 quod
3487 1663 3677 1711 tamen

1979 1742 2243 1797 excusari
2276 1743 2500 1811 poterit,
2535 1756 2638 1812 pro
2681 1743 3023 1812 competenti
3070 1751 3284 1799 natura
3331 1758 3444 1799 non
3488 1744 3676 1813 parci-

1980 1836 2096 1895 tur,
2130 1830 2187 1884 in
2231 1830 2613 1885 masculinum
2664 1831 3003 1900 pecualitate
3051 1840 3427 1903 transgressa,
3479 1831 3676 1887 solutis

1979 1917 2404 1973 bumanitatum
2438 1918 2680 1988 legibus,
2723 1919 2854 1975 itur.
2892 1941 2913 1967 ι
2963 1984 2967 1989 ἢ

2049 2006 2226 2073 Unde,
2266 2013 2328 2061 ut
2358 2008 2534 2061 unius
2570 2007 2923 2062 exsecranda
2951 2014 3006 2062 et
3051 2007 3282 2076 penitus
3331 2006 3672 2063 intolerabili

1976 2084 2220 2149 auribus
2256 2095 2548 2164 majestate
2575 2094 2798 2164 ﬂagitii,
2834 2095 2950 2161 illa,
3003 2110 3135 2165 quae
3177 2095 3236 2149 in
3282 2095 3593 2151 mediocres
3620 2104 3674 2151 et
3771 2139 3782 2150 .

1976 2181 2222 2249 intimos,
2303 2181 2601 2238 defurebat
2680 2182 3018 2252 petulantia,
3087 2183 3453 2252 panderetur,
3536 2184 3673 2239 dicit

1977 2271 2284 2341 quemdam
2312 2286 2408 2327 eos
2439 2271 2715 2327 abusione
2746 2272 3087 2327 Sodomitica
3114 2258 3496 2327 intervenisse
3543 2271 3668 2343 [al.,

1976 2359 2346 2431 interemisse]
2403 2360 2754 2430 episcopum.
2802 2382 2822 2409 ι
2875 2361 2945 2415 Ει
2992 2360 3280 2430 quomodo
3331 2374 3580 2429 prmeeps
3617 2367 3671 2415 et

1973 2446 2243 2502 omnibus
2288 2445 2540 2501 omnimo
2588 2445 2840 2501 vesaniis
2890 2446 3242 2516 praeferenda
3289 2446 3486 2513 libido,
3537 2461 3670 2516 quae

1974 2546 2198 2602 semper
2244 2531 2462 2587 consilii
2514 2532 2836 2601 frontisque
2886 2532 3065 2602 fugax
3120 2540 3394 2602 perpetuo
3451 2533 3670 2601 impetu

1974 2620 2187 2690 agitur,
2246 2627 2300 2674 et
2356 2635 2473 2690 quo
2525 2621 2786 2675 crebrius
2837 2620 3251 2690 exstinguitur,
3303 2634 3368 2675 eo
3413 2620 3670 2676 vivacior

1974 2707 2206 2763 ﬂamma
2245 2708 2446 2763 iterato
2477 2708 2867 2775 succenditur,
2900 2722 3039 2779 erga
3076 2708 3337 2763 humana
3379 2721 3437 2763 se
3465 2716 3671 2779 tempe-

1973 2804 2078 2861 ret,
2113 2811 2244 2867 quae
2276 2796 2581 2852 brutorum
2613 2796 2951 2852 animalium
2980 2796 3273 2863 inauditis,
3302 2803 3358 2851 et
3390 2797 3477 2852 ori
3506 2797 3669 2852 Chri-

1901 2885 2158 2974 Cstiano
2212 2884 2402 2940 vetitis
2452 2884 2947 2940 commistionibus
2995 2883 3225 2940 sordet?
3282 2885 3353 2940 Et
3409 2899 3542 2940 cum
3598 2885 3670 2941 sit

1972 2973 2192 3029 miseris
2219 2974 2498 3043 permissa
2536 2987 2641 3028 suo
2686 2973 2939 3043 ipsorum
2989 2973 3229 3029 arbitrio
3276 2972 3670 3042 multiplicitas

1972 3061 2338 3129 feminarum,
2396 3074 2601 3130 parum
2647 3068 2731 3115 est
2789 3061 2940 3130 apud
2995 3074 3090 3116 eos
3139 3061 3248 3115 nisi
3304 3068 3359 3116 et
3416 3059 3668 3131 dignitas

1970 3158 2142 3207 tantae
2194 3150 2482 3220 spurcitiae
2528 3149 2829 3206 volutabro
2884 3148 3335 3205 commaculetur
3393 3149 3661 3205 marium.

1966 3240 2082 3296 Nec
2113 3239 2321 3294 mirum
2372 3237 2420 3293 si
2466 3240 2616 3294 Deus
2656 3238 2940 3293 exoletam
2974 3252 3173 3293 eorum
3212 3237 3550 3307 nequitiam,
3609 3245 3664 3293 et

1968 3327 2027 3383 in
2080 3327 2384 3383 clamorem
2436 3340 2658 3382 versam
2714 3326 3074 3395 impatienter
3114 3325 3327 3391 tulerit,
3389 3334 3663 3395 tantaque

1966 3416 2322 3472 funestorum
2373 3414 2760 3471 habitatorum
2819 3422 3267 3476 exsecramenta,
3311 3428 3466 3470 more
3505 3415 3662 3469 anti-

1964 3519 2101 3574 quo,
2136 3512 2289 3559 terra
2320 3503 2622 3559 vomuerit.
2659 3523 2681 3551 ›

2033 3594 2174 3648 Cum
2223 3604 2358 3661 ergo
2402 3591 2473 3645 de
2526 3587 3149 3659 Constantinopolitana
3190 3602 3367 3658 quam
3434 3588 3658 3658 potissi-

1961 3692 2123 3734 mum
2146 3678 2471 3744 verebatur,
2499 3685 2553 3732 et
2584 3691 2715 3747 quae
2750 3677 2986 3731 transito
3019 3675 3204 3731 Sancti
3254 3674 3479 3745 Georgii
3515 3676 3654 3729 Bra-

1960 3768 2090 3824 cbio
2120 3766 2452 3822 imminebat
2492 3765 2804 3827 obsidione.
2852 3763 3035 3819 multa
3082 3763 3317 3832 querela
3367 3770 3653 3826 tractaret,

1962 3857 2111 3911 inter
2151 3863 2357 3910 caetera
2402 3854 2632 3909 intulit:
2683 3875 2703 3901 α
2760 3852 2922 3916 Quod
2981 3850 3241 3906 videlicet
3288 3850 3335 3905 si
3382 3865 3495 3906 non
3546 3851 3659 3906 alia

1959 3943 2334 4000 subveniendi
2405 3943 2512 3999 sibi
2565 3942 2857 3998 videretur
2932 3940 3099 3996 nobis
3148 3941 3389 4003 occasio,
3457 3941 3656 3997 saltem

1961 4041 2190 4103 propter
2260 4046 2444 4097 senos,
2503 4043 2754 4101 quorum
2809 4042 3047 4097 corpora
3104 4028 3311 4083 ibidem
3370 4029 3657 4085 tumulata

1959 4121 2267 4183 habentur.
2300 4119 2599 4189 apostolos,
2628 4133 2695 4173 ne
2724 4117 2797 4173 ab
2826 4117 3032 4186 impiis,
3074 4124 3175 4171 aut
3216 4117 3478 4173 incendio
3515 4132 3656 4173 con-

157 4208 463 4278 profectus,
527 4206 762 4262 forsitan
830 4206 1380 4275 Constantinopolim
1438 4206 1693 4275 perviam
1749 4206 1851 4260 ha-
1889 4213 1933 4267 D
1965 4208 2299 4280 ﬂagrentur,
2332 4215 2433 4263 aut
2479 4207 2539 4262 in
2584 4206 2891 4276 voragines
2932 4206 3367 4275 demergantur,
3400 4206 3655 4263 celeber-

154 4296 320 4360 bens,
381 4310 513 4351 cum
570 4295 691 4365 ipso
745 4302 830 4350 est
897 4295 1235 4364 imperatore
1287 4294 1529 4360 locutus,
1593 4293 1747 4349 unde
1798 4302 1854 4349 et

50 4401 57 4406 ·
153 4385 311 4455 apud
343 4399 475 4441 eum
506 4392 737 4455 sumpta
788 4386 1004 4455 majore
1057 4383 1289 4450 fiducia,
1328 4385 1397 4439 de
1443 4383 1741 4454 adjutoriis
1768 4390 1852 4440 est

150 4472 819 4543 expetendisvappulsus.
863 4474 1048 4542 Ipsam
1082 4483 1273 4529 autem
1305 4472 1625 4541 epistolam,
1673 4486 1849 4542 quam

150 4561 406 4616 inserere
445 4560 723 4630 opusculo
774 4559 866 4615 isti
893 4560 1128 4615 omnino
1173 4560 1378 4630 piguit,
1427 4559 1693 4629 quadam
1742 4559 1848 4615 ibi-

149 4648 282 4705 dem
312 4648 619 4716 dictorum,
666 4647 861 4704 verbis
900 4656 1090 4704 tamen
1138 4648 1341 4704 vestita
1369 4647 1551 4712 -meis,
1600 4646 1851 4717 proferre

146 4734 341 4791 libuit.

222 4822 603 4894 Imperatoris
655 4822 920 4895 epistola.
980 4852 1049 4862 —
1109 4843 1131 4872 ι
1192 4823 1270 4877 De
1326 4821 1591 4877 Ecclesiis
1653 4821 1852 4892 queri-

148 4912 347 4968 monia
373 4920 477 4978 est,
513 4926 661 4982 quas
691 4911 977 4983 siquidem
1007 4910 1296 4982 gentilitas
1322 4923 1523 4966 eversa
1569 4909 1851 4966 Christia-

145 5001 327 5055 nitate
382 5001 631 5069 tenebat,
692 5000 750 5055 in
803 5001 1021 5071 quibus
1074 5012 1382 5069 equorum,
1430 5011 1497 5053 ac
1559 4997 1847 5053 mulorum

146 5097 607 5158 caeterorumque
686 5089 1024 5145 animalium
1104 5087 1374 5143 catabula
1457 5086 1845 5142 construebat.

146 5176 308 5243 Quod
340 5177 398 5232 in
428 5184 652 5233 tantum
686 5191 905 5233 verum.
933 5176 1040 5233 fuit
1077 5182 1143 5231 ut
1178 5175 1349 5231 etiam
1395 5173 1529 5229 fana
1558 5188 1682 5236 sua,
1716 5188 1848 5243 quae

147 5265 557 5321 Mathomarias
595 5272 822 5333 vocant,
857 5264 997 5320 inibi
1044 5263 1409 5318 instituerent
1454 5261 1580 5331 [al.,
1630 5261 1845 5317 consti-

146 5352 420 5421 tuerent],
474 5359 531 5408 et
559 5351 797 5408 infinitae
827 5365 1060 5422 quoque
1090 5349 1467 5419 turpitudinis
1507 5349 1849 5406 commercia

124 5446 504 5519 exercerent,
536 5446 602 5496 ut
647 5444 792 5495 8'16
840 5454 955 5495 non
990 5439 1111 5510 jam
1154 5438 1424 5499 basilicae.
1470 5437 1567 5493 sed
1620 5439 1847 5495 merito-

1959 4297 2165 4351 rimam
2226 4294 2485 4365 perhibet
2539 4294 2827 4349 civitatem
2897 4293 3227 4348 omnimoda
3279 4293 3654 4363 opitulatione

1960 4383 2373 4454 dignissimam.
2407 4404 2428 4430 ι
2466 4383 2536 4438 Et
2563 4389 2714 4437 certe
2744 4379 2888 4436 nihil
2909 4381 3123 4437 verius.
3149 4381 3318 4437 Urbis
3344 4382 3496 4437 enim
3532 4381 3650 4447 illa,

1958 4486 2074 4528 non
2107 4471 2270 4526 modo
2300 4477 2631 4525 sanctorum
2663 4470 2890 4525 illorum
2922 4468 3310 4524 monumentis
3345 4469 3648 4532 excellens,

1959 4560 2055 4616 sed
2100 4568 2155 4615 et
2201 4558 2452 4617 auctoris
2498 4558 2699 4614 merito
2747 4564 2803 4613 et
2848 4557 3079 4612 nomine
3116 4556 3452 4625 praecluens,
3502 4570 3652 4625 prae-

1957 4648 2150 4705 sertim
2182 4661 2314 4702 cum
2353 4660 2426 4701 ex
2474 4645 2821 4701 revelatione
2848 4658 3119 4714 superna,
3149 4658 3222 4699 ex
3267 4643 3650 4699 vetustissimo

1955 4733 2229 4804 oppidulo
2257 4747 2383 4789 eam
2425 4733 2523 4788 toti
2581 4731 2801 4787 mundo
2853 4729 3236 4800 spectabilem,
3295 4730 3650 4801 Romamque

1956 4822 2266 4879 secundam
2320 4820 2534 4887 fecerit,
2605 4818 2887 4886 universi,
2951 4817 3000 4873 si
3044 4817 3163 4873 ﬁeri
3231 4826 3436 4888 posset,
3496 4819 3649 4874 orbis

1955 4925 2243 4968 concursu
2266 4917 2321 4965 et
2348 4908 2623 4979 suﬂ'ragio
2651 4907 2827 4977 digna
2846 4905 2972 4963 fuit.

2028 4999 2214 5069 Caput
2258 4998 2328 5051 Β.
2351 4995 2607 5052 Joannis
2636 4994 2913 5067 Baptista
2955 4993 3478 5064 Constantinopoli.
3512 4995 3649 5049 Non

1952 5087 2157 5156 probat
2194 5090 2395 5141 auctor
2424 5100 2732 5141 sacrarum
2793 5081 3168 5153 reliquiarum
3220 5082 3644 5139 ostentationes.

1957 5180 2159 5247 Quare.
2196 5204 2258 5215 —
2311 5174 2585 5244 Sequitur
2631 5173 2860 5229 demum
2909 5178 3034 5240 post
3080 5170 3465 5241 apostolorum
3516 5172 3647 5228 illa-

1956 5264 2188 5329 tionem,
2234 5270 2289 5318 et
2344 5261 2482 5318 dicit
2540 5282 2562 5309 ι
2605 5260 2758 5329 apud
2803 5272 2861 5314 se
2911 5258 3059 5314 beati
3106 5258 3340 5313 Joannis
3381 5258 3647 5331 Baptistae

1954 5357 2128 5419 caput
2158 5349 2376 5405 haberi.
2417 5369 2438 5396 ι
2491 5346 2674 5413 Quod,
2727 5345 2996 5417 quamvis
3045 5344 3187 5402 falso
3233 5345 3426 5401 dicat:
3465 5368 3487 5395 ‹
3535 5347 3643 5402 Ho-

1955 5438 2183 5508 dieque,
2216 5450 2284 5493 ac
2310 5437 2359 5493 si
2388 5435 2636 5491 viventis
2674 5433 2915 5505 capillis,
2946 5441 3002 5490 et
3032 5442 3163 5491 cute
3200 5434 3467 5491 videatur
3504 5435 3644 5491 insi-
