3914 6094
1144 219 1206 272 ν.
1247 182 1583 273 GUIBERTI
1620 215 1911 271 ABBA'l‘lS
1951 217 2005 270 S.
2049 217 2286 271 ΜΑΒΙΑΞ
2321 216 2415 270 DE
2478 216 2863 272 NOVIGENTO
3679 217 3806 270 696

256 224 360 278 695

258 352 430 425 gniri.
465 374 486 400 ι
521 351 682 418 Quod
713 350 760 406 si
791 364 994 405 verum
1030 355 1132 414 est,
1183 347 1561 417 quzerendum
1607 347 1762 416 apud
1807 347 1953 418 Age-
1995 349 2040 401 A
2069 347 2303 403 enervia
2340 361 2405 402 ac
2450 345 2776 403 effeminata
2823 346 3153 412 reddiderit,
3201 361 3332 418 quae
3379 347 3592 404 usibus
3634 347 3811 402 mili-

258 444 543 500 riacenses
572 448 654 496 est
702 439 1030 504 monachos,
1072 437 1139 492 de
1192 437 1360 507 cujus
1409 436 1670 505 Baptistae
1724 435 1994 516 Joannis}
2068 435 2159 491 tite
2197 436 2318 506 jam
2373 451 2488 492 non
2530 437 2852 492 habeantur
2900 436 3084 501 utilia,
3147 436 3260 492 imo
3311 436 3382 490 ad
3439 435 3807 492 detrimenti

261 531 441 600 capite
468 529 806 600 glorientur,
848 541 980 582 cum
1008 540 1110 595 pro
1151 534 1302 580 certo
1353 526 1670 580 habeamus
1704 541 1716 579 :
1769 539 1958 594 neque
2069 524 2389 592 cumulum,
2424 525 2755 580 abscidatur
2783 525 2841 579 in
2865 524 3002 594 ipsis
3030 538 3282 594 propago
3313 523 3534 592 futura,
3607 525 3810 594 cujus

260 620 404 676 duos
431 621 677 672 Joannes
709 615 884 670 fuisse
928 614 1232 684 Baptistas,
1274 627 1460 683 neque
1510 627 1692 670 unum
1743 613 1955 682 ipsum,
2067 611 2432 669 incrementis
2478 613 2693 683 sperari
2741 613 2995 668 valerent
3051 620 3252 668 contra
3299 613 3486 668 hostes
3521 612 3802 668 auxilia.

260 707 415 776 quod
483 704 592 760 dici
647 703 806 759 nefas
881 709 983 771 est,
1043 702 1162 757 ﬁeri
1221 702 1469 771 potuisse
1534 701 1844 771 bicipitem.
1887 703 1958 757 Et
2067 701 2172 764 Qui
2203 717 2338 772 ergo
2376 703 2737 757 damnaverit
2770 702 2920 758 ultro
2961 715 3069 757 sua
3091 703 3212 773 jam
3260 716 3521 771 quaerere
3567 701 3805 757 merito

258 793 708 850 considerandus
757 793 929 848 etiam
979 791 1086 846 sub
1145 791 1252 845 hac
1303 790 1617 853 occasione,
1673 789 1958 859 plurimus
2067 789 2294 859 cogitur
2321 790 2530 846 aliena.

259 882 512 954 quidem,
560 881 657 937 sed
689 896 808 937 non
855 880 1210 950 perniciosus
1253 893 1432 946 error,
1485 880 1584 948 qui
1638 877 1959 934 Gallicanas
2137 877 2243 932 Sed
2299 879 2708 934 attendendum
2765 878 2936 934 etiam
2985 878 3141 948 quod
3186 877 3232 933 is
3290 877 3409 948 ipse
3457 877 3805 947 imperator

258 971 568 1042 praecipue,
622 970 691 1026 de
750 977 1077 1025 sanctorum
1127 968 1466 1038 corporibus
1503 967 1723 1023 obsedit
1773 967 1960 1022 Eccle—
2065 980 2182 1021 non
2227 981 2298 1021 ex
2349 967 2604 1038 legitima
2651 982 2969 1036 purpuram
3015 967 3373 1022 successione
3421 967 3800 1035 susceperit;

259 1059 372 1116 sias
406 1058 548 1130 (3t);
582 1058 702 1114 istis
755 1057 940 1124 illum,
995 1057 1103 1111 illis
1133 1057 1420 1120 eumdem,
1468 1070 1568 1110 seu
1625 1063 1955 1124 martyrem,
2066 1055 2164 1110 sed
2193 1069 2325 1110 cum
2355 1056 2421 1110 de
2450 1056 2791 1112 ofﬁcialibus
2819 1056 3012 1126 palatii
3036 1057 3142 1111 sub
3176 1055 3446 1126 principe,
3481 1055 3611 1124 qui,
3671 1054 3800 1108 nisi

257 1160 360 1202 seu
417 1146 797 1201 confessorem
860 1159 918 1200 se
967 1145 1177 1200 habere
1225 1143 1600 1214 jactantibus,
1652 1157 1784 1198 cum
1842 1143 1957 1198 duo
2068 1143 2250 1209 fallor,
2302 1143 2540 1200 Michael
2590 1144 2926 1210 vocabatur,
2989 1148 3137 1197 378
3206 1151 3370 1210 esset,
3431 1151 3488 1198 et
3534 1142 3798 1198 cuidam

259 1234 380 1290 loca
408 1248 522 1289 non
559 1234 744 1289 valeat
776 1247 1058 1302 occupare
1090 1233 1308 1302 integer
1341 1246 1511 1286 unus.
1564 1231 1722 1295 Quod
1777 1238 1957 1287 totum
2068 1231 2312 1302 portioni
2355 1232 2618 1301 plurima}
2675 1231 3115 1287 occidentalium
3181 1232 3426 1286 militum
3483 1241 3795 1301 praeesset,

259 1323 640 1378 contentionis
674 1322 892 1377 malum
935 1321 1068 1376 inde
1115 1320 1291 1376 sumit
1321 1320 1603 1390 originem
1634 1319 1788 1389 quod
1833 1333 1960 1374 san—
2069 1334 2213 1390 quos
2251 1319 2679 1375 excellentiores
2717 1320 2869 1388 apud
2933 1317 3196 1375 Graecum
3243 1319 3679 1388 imperatorem,
3737 1327 3798 1373 et

205 1439 210 1444 -
259 1411 331 1465 cti
367 1425 479 1465 non
523 1410 939 1478 permittuntur
982 1408 1191 1462 habere
1231 1406 1436 1462 debitae
1484 1414 1538 1461 et
1583 1405 1959 1461 immutabilis
2069 1407 2140 1462 ad
2172 1406 2298 1476 ejus
2327 1406 2644 1461 custodiam
2685 1406 2870 1477 magis
2921 1407 3220 1476 contiguos
3262 1407 3519 1476 ingenita
3569 1421 3794 1462 eorum

258 1498 571 1567 sepulturae
621 1497 890 1567 quietem.
940 1498 1009 1552 Et
1039 1497 1204 1565 plane
1251 1510 1324 1551 ex
1364 1495 1570 1564 pietate
1601 1494 1958 1550 descendisse

260 1600 377 1641 non
407 1586 636 1656 ambigo
668 1586 822 1655 quod
851 1599 1051 1641 eorum
1095 1597 1334 1654 corpora
1391 1592 1628 1653 argento
1684 1583 1956 1652 operiun-

261 1680 359 1728 tur
389 1681 443 1729 et
473 1687 644 1738 auro;
671 1673 767 1728 sed
806 1673 927 1742 jam
958 1672 1208 1728 evidenti
1244 1679 1298 1728 et
1332 1671 1576 1726 nimium
1607 1672 1762 1740 turpi
1811 1684 1956 1725 ava-

262 1759 406 1815 ritiae
441 1760 706 1822 militant,
748 1767 804 1816 et
849 1761 1064 1816 ossium
1095 1761 1462 1826 ostensiones,
1495 1765 1549 1815 et
1594 1759 1956 1825 feretrorum,

261 1848 334 1903 ad
386 1849 659 1917 pecunias
704 1850 1093 1920 corrogandas
1119 1848 1601 1905 circumlationes.
1651 1850 1787 1912 Quae
1837 1863 1956 1903 om-

262 1937 360 1991 nia
415 1936 772 2002 desivissent,
820 1936 868 1991 si
924 1951 1148 2004 eorum,
1191 1945 1256 1992 ut
1300 1936 1478 2006 ipsius
1522 1936 1752 1991 Domini
1802 1937 1955 2004 Jesu,

261 2023 393 2080 forti
439 2025 692 2093 apposito
762 2025 922 2080 obice
967 2024 1240 2081 immobili
1310 2025 1720 2081 clauderentur
1781 2039 1956 2080 mem-

260 2112 365 2168 bra
443 2111 723 2181 sepulcro.
799 2112 906 2168 Sed
965 2112 1054 2168 his
1119 2113 1341 2169 omissis
1397 2113 1696 2183 sequentia
1779 2112 1959 2168 attin-

262 2213 488 2271 gamus.

336 2289 520 2354 Quam
583 2305 857 2361 perversa
908 2289 1278 2362 imperatoria
1319 2306 1498 2346 mens.
1554 2320 1623 2331 —
1680 2292 1959 2346 Praeterea

260 2380 456 2450 adjicit
486 2389 568 2450 ut,
609 2403 630 2431 ι
663 2381 712 2437 si
739 2395 856 2436 non
877 2381 1023 2436 tanti
1049 2379 1318 2436 cohibitio
1346 2379 1504 2446 mali,
1545 2379 1592 2433 si
1641 2393 1756 2433 non
1808 2393 1959 2447 prae-

259 2471 507 2526 fatorum
577 2477 907 2526 sanctorum
967 2469 1038 2524 ad
1119 2470 1228 2525 hoc
1284 2469 1474 2540 ipsum
1521 2483 1616 2524 eos
1681 2466 1960 2524 animaret

259 2573 442 2623 amor,
483 2559 682 2616 saltem
734 2559 863 2614 auri
909 2559 1269 2628 argentique,
1322 2572 1571 2627 quorum
1622 2558 1959 2612 innumera-

260 2645 402 2701 biles
445 2646 560 2701 illic
607 2647 894 2701 habentur
953 2646 1149 2715 copiae,
1192 2646 1474 2714 cupiditas
1520 2644 1770 2699 illiceret.
1809 2665 1828 2691 ι
1875 2645 1961 2698 Ιη-

259 2733 366 2788 fert
395 2733 644 2803 denique
673 2742 728 2788 et
757 2733 1034 2804 quiddam
1089 2733 1371 2788 bonorum
1405 2733 1660 2788 virorum
1712 2731 1956 2803 frugali-

259 2821 363 2876 tati
419 2822 825 2890 incompetens,
875 2829 936 2876 ut
987 2820 1266 2887 videlicet,
1321 2842 1341 2869 α
1394 2829 1600 2890 praeter
1647 2821 1769 2876 haec
1824 2819 1958 2876 uni-

259 2923 428 2964 versa
479 2910 1004 2979 pulcherrimarum
1062 2909 1407 2964 feminarum
1481 2909 1771 2979 voluptate
1845 2917 1960 2964 tra-

2068 1494 2320 1564 prohitas
2371 1494 2520 1562 fecit,
2553 1493 2789 1549 collecta
2818 1508 2890 1549 ex
2931 1495 3204 1564 subjectis
3248 1495 3527 1550 militibus
3593 1495 3791 1550 auda-

2069 1584 2176 1650 cia,
2224 1597 2402 1638 novas
2442 1597 2532 1637 res
2578 1591 2778 1637 contra
2821 1582 3011 1652 ipsum
3062 1583 3376 1653 principem
3421 1583 3614 1637 moliri
3665 1598 3790 1637 eua-

2070 1671 2169 1742 pit.
2222 1671 2331 1738 Qui
2397 1670 3028 1740 Constantinopolitana
3093 1679 3294 1726 contra
3369 1671 3784 1740 imperatorem

2069 1761 2298 1816 civitate
2338 1773 2599 1830 pervasa,
2641 1767 2873 1828 captum
2925 1759 3189 1814 eumdem
3242 1759 3566 1814 luminibus
3630 1759 3788 1814 illico

2069 1849 2317 1904 feraliter
2337 1849 2543 1918 privat,
2584 1856 2638 1904 et
2678 1848 2735 1902 in
2789 1847 3041 1917 quodam
3090 1847 3407 1916 municipio
3453 1857 3635 1902 arcta}
3687 1862 3789 1902 cu-

2068 1938 2263 1994 stodia:
2301 1938 2608 2007 mancipat,
2641 1945 2695 1992 et
2719 1937 2856 2006 jura
2893 1935 3115 2005 imperii
3165 1936 3337 1991 totius
3384 1950 3599 2005 expers
3627 1936 3786 2006 juris

2070 2034 2329 2096 usurpat.
2390 2025 2494 2093 Qui
2549 2026 2797 2080 Francos
2853 2025 3105 2095 quidem,
3167 2039 3236 2080 ea
3277 2038 3454 2094 quam
3513 2024 3784 2079 diximus

2071 2117 2400 2172 necessitate
2483 2114 2830 2183 compulsus,
2927 2113 3190 2182 expetiit;
3267 2114 3365 2168 sed
3464 2122 3783 2183 postquam

2071 2213 2243 2260 tantae
2303 2204 2598 2274 dignitatis
2655 2216 2916 2272 proceres
2963 2202 3296 2257 convenisse
3345 2201 3486 2256 adeo
3547 2203 3782 2256 instru-

2070 2301 2188 2348 ctos
2237 2291 2512 2346 modestia
2569 2295 2625 2346 et
2670 2291 2865 2357 armis,
2911 2289 3136 2360 equites
3191 2289 3352 2356 vidit,
3408 2288 3778 2344 multitudini

2072 2382 2341 2448 multutn,
2369 2381 2465 2435 sed
2503 2380 2683 2435 multo
2727 2378 2977 2448 amplius
3018 2379 3335 2448 prudentize
3382 2392 3588 2433 eorum
3637 2379 3780 2433 invi-

2072 2470 2173 2525 dit.
2216 2470 2314 2525 Ast
2365 2469 2461 2524 ubi
2499 2469 2571 2523 ad
2622 2466 2886 2523 effectum
2939 2481 3140 2523 eorum
3194 2467 3450 2537 pervenit
3506 2467 3772 2532 intentio,

2073 2559 2253 2615 crevit
2278 2557 2454 2628 hujus
2481 2564 2683 2611 contra
2729 2564 3055 2611 nostrorum
3086 2556 3398 2611 efﬁcaciam
3435 2555 3776 2611 invidentiae

2072 2646 2428 2715 magnitudo,
2485 2645 2622 2699 dum
2683 2651 2808 2713 post
2871 2644 3401 2712 Jerosolymitanam
3465 2644 3774 2699 victoriam

2070 2742 2320 2801 veretur,
2369 2748 2439 2788 ne
2481 2733 2736 2788 victricia
2781 2733 2838 2787 in
2877 2747 2936 2787 se
2978 2746 3140 2787 arma
3189 2740 3577 2802 retorqueant,
3633 2747 3775 2802 prae-

2070 2823 2263 2877 sertim
2293 2836 2423 2876 cum
2455 2836 2520 2878 eo
2553 2823 2826 2891 potiorem
2849 2821 3275 2888 sibizemulum,
3316 2822 3462 2876 inter
3501 2822 3774 2878 nationes

2071 2925 2442 2982 nequaquam
2481 2924 2602 2965 esse
2647 2909 2984 2964 didicerant.
3040 2909 3320 2965 Auditum
3358 2918 3548 2964 tamen
3603 2911 3773 2968 nobis

260 2997 496 3066 hantur,
527 3019 554 3047 ››
587 2999 753 3068 quasi
792 2998 1122 3054 Graecarum
1177 2997 1485 3053 mulierum
1541 2998 1754 3067 species
1804 3004 1962 3053 tanta
2002 2991 2042 3046 C
2074 3007 2312 3063 constat,
2345 3007 2476 3054 ante
2509 2999 2684 3068 hujus
2727 2999 2836 3054 viae
2875 3006 3229 3068 compertum
3275 2999 3608 3068 primordia,
3646 3015 3769 3056 ma-

258 3093 422 3154 esset,
458 3094 519 3142 ut
543 3087 772 3144 Gallicis
807 3087 973 3143 modo
1015 3087 1268 3157 quolibet
1316 3087 1736 3156 przeferrentur,
1807 3086 1962 3142 sola-

261 3189 375 3244 que
413 3188 616 3230 earum
647 3189 824 3230 causa
857 3176 1210 3230 Francorum
1237 3175 1523 3230 exercitus
1555 3174 1613 3228 in
1657 3175 1957 3231 Thraciam

261 3271 549 3333 ageretur.
583 3265 732 3319 Dum
763 3265 883 3319 hzec
915 3263 1342 3319 sordidissimus
1387 3264 1478 3319 ille
1518 3272 1802 3333 tyrannus
1839 3263 1958 3319 edi-

173 3381 178 3386 -
260 3360 432 3419 ceret,
477 3353 802 3408 meminisse
853 3353 1128 3408 debuerat
1157 3353 1312 3422 quod
1342 3353 1411 3408 ob
1448 3353 1554 3407 hoc
1585 3353 1791 3422 ipsum,
1839 3354 1959 3408 haec

259 3439 367 3494 sibi
428 3443 665 3511 suisque
718 3441 1033 3498 adversitas
1086 3441 1444 3511 potissimum
1504 3442 1796 3511 ingencret
1828 3441 1955 3511 [al.,

260 3528 594 3600 ingrueret],
628 3529 767 3600 quia
811 3529 996 3586 evicto
1043 3529 1272 3596 celebri,
1321 3529 1388 3585 de
1422 3529 1685 3598 pluribus
1733 3530 1960 3585 univer-

257 3633 450 3674 sorum
508 3618 756 3685 ﬁliabus,
817 3631 995 3674 unam
1053 3633 1154 3688 per
1207 3633 1374 3674 omne
1433 3619 1735 3687 imperium
1784 3633 1957 3674 suum

258 3707 524 3776 prostitui
547 3708 794 3777 juberet,
827 3717 880 3764 et
915 3708 1048 3763 ﬁsco
1092 3707 1325 3777 proprio
1354 3707 1581 3762 lucrum
1632 3706 1956 3762 foedissimae

256 3795 534 3864 passionis
567 3796 818 3851 inferret.
846 3796 961 3851 Nec
995 3796 1186 3850 minus
1211 3796 1372 3860 illud,
1407 3795 1562 3866 quod
1594 3796 1661 3850 de
1691 3796 1958 3865 pluribus

259 3883 409 3950 filiis,
442 3899 627 3939 unum
657 3885 1048 3950 eunuchizari,
1102 3885 1235 3939 data
1279 3884 1542 3952 praecepti
1593 3885 1951 3953 auctoritate,

257 3971 636 4035 mandaverit,
683 3980 738 4028 et
793 3986 1032 4042 corpora
1086 3972 1332 4028 marium
1398 3972 1677 4042 ademptis
1732 3973 1956 4029 viribus

2071 3095 2213 3144 trem
2237 3088 2394 3142 hunc
2426 3087 2691 3142 habuisse
2716 3087 3068 3157 sortilegam;
3115 3101 3245 3157 qua?
3273 3087 3381 3141 sibi
3423 3101 3573 3157 saepe
3621 3103 3765 3157 prae-

2069 3177 2298 3243 diceret,
2347 3176 2485 3246 quia
2531 3190 2604 3231 ex
2641 3175 2874 3230 Francis
2929 3175 3208 3245 originem
3259 3175 3510 3240 duceret,
3564 3179 3665 3246 qui
3716 3180 3767 3234 ei

2067 3265 2372 3334 imperium
2414 3265 2707 3334 vitamque
2740 3264 3033 3320 adimeret.
3086 3264 3266 3334 Cujus
3311 3265 3614 3320 oraculum
3657 3267 3766 3336 ipsi

2065 3353 2358 3410 effectibus
2401 3353 2631 3423 explere
2675 3353 2911 3408 forsitan
2951 3353 3319 3408 Boemundus
3349 3352 3596 3409 affectat.
3657 3354 3764 3420 Qui

2065 3451 2360 3512 tantopere
2405 3442 2485 3497 illi
2537 3441 2763 3507 insistit,
2824 3449 2884 3497 ut
2925 3455 3316 3510 saepenumero
3363 3456 3498 3497 cum
3563 3441 3763 3498 eodem

2065 3532 2378 3602 conﬂigens
2431 3539 2651 3586 vertere
2707 3538 2868 3600 terga
2915 3530 3275 3599 compulerit,
3339 3538 3393 3586 et
3449 3530 3765 3600 plurimam

2065 3619 2489 3688 provinciarum
2541 3619 2668 3688 ejus
2720 3626 2940 3686 partem
3007 3632 3126 3672 suae
3184 3617 3384 3674 ditioni
3453 3618 3760 3674 addixerit.

2065 3707 2329 3774 Quicum
2359 3721 2540 3778 genus
2561 3721 2632 3761 ex
2680 3706 3100 3762 Northmannia
3143 3707 3315 3763 ducat
3353 3721 3532 3776 quam
3578 3709 3765 3763 Fran-

2064 3796 2164 3851 cia:
2201 3803 2420 3865 partem
2457 3809 2578 3851 esse
2615 3802 2854 3862 constat,
2887 3795 2960 3850 ob
3008 3795 3112 3850 hoc
3143 3795 3230 3850 vel
3274 3794 3528 3851 maxime
3577 3797 3765 3851 Fran-

2064 3898 2166 3940 cus
2189 3884 2516 3954 habebitur,
2559 3885 2697 3955 quia
2721 3885 2874 3956 regis
2922 3885 3277 3940 Francorum
3310 3883 3445 3939 ﬁliae
3492 3887 3764 3958 conjugio

2059 3972 2180 4043 jam
2212 3973 2444 4042 potitur.

1480 4229 1816 4316 LIBER
1881 4229 2512 4321 SECUNDUS.

819 4542 1052 4601 CAPUT
1090 4543 1384 4601 PRIMUM.

323 4683 411 4754 [1.]
440 4684 666 4742 Urbani
686 4701 854 4757 papa
871 4685 1173 4757 pracont'a.
1208 4687 1349 4741 Post
1367 4688 1606 4741 mortem
1623 4687 1819 4742 clarus
1841 4687 1951 4742 mi-

249 4773 485 4827 raculis.
515 4803 588 4815 —
615 4774 881 4830 Urbanus
913 4789 1076 4844 papa,
1115 4784 1247 4831 ante
1292 4784 1567 4845 papatum
1616 4777 1734 4834 Odo
1782 4792 1948 4833 voca-

248 4861 439 4930 batur,
471 4877 543 4918 ex
567 4862 802 4918 Francis
831 4863 986 4919 claro
1035 4864 1292 4935 germine
1327 4865 1629 4933 oriundus,
1675 4880 1748 4922 ex
1790 4866 1950 4922 terri-

251 4951 394 5006 torio
433 4959 488 5006 et
516 4952 666 5007 clero
710 4953 992 5020 Remensi,
1037 4961 1093 5009 et
1121 4954 1393 5021 existens,
1450 4962 1512 5009 ut
1572 4955 1784 5020 ferunt,
1835 4957 1944 5012 nisi

249 5036 550 5106 falluntur,
577 5052 725 5110 papa
754 5039 976 5109 primus
995 5054 1066 5097 ex
1100 5041 1350 5097 Francis.
1385 5042 1440 5097 Is
1471 5042 1728 5098 Cluniaci
1762 5043 1946 5100 factus

247 5139 320 5179 ex
341 5125 544 5183 clerico
568 5129 903 5197 monachus,
948 5136 1074 5200 post
1103 5129 1366 5186 abbatem
1413 5131 1674 5202 gloriosae
1722 5146 1942 5188 memo-

247 5211 347 5268 riae
376 5214 478 5282 qui
508 5215 734 5284 adjuvit
760 5217 1058 5288 Hugonem
1091 5232 1205 5273 non
1237 5217 1417 5274 multo
1453 5226 1577 5288 post
1613 5219 1765 5275 rexit
1811 5219 1942 5274 ofﬁ-

246 5300 400 5357 cium
460 5303 768 5372 prioratus.
830 5307 969 5362 Inde
1028 5306 1356 5377 proﬁciente
1421 5309 1640 5376 merito,
1721 5309 1940 5365 civitati

1989 4509 2032 4563 D
2063 4508 2252 4578 Ostia,
2279 4508 2537 4583 Gregorii
2566 4509 2787 4581 septimi
2819 4525 2982 4582 papae
3025 4511 3217 4583 jussu,
3270 4513 3593 4570 destinatur
3636 4515 3751 4582 epi-

2058 4613 2296 4670 scopus;
2349 4601 2422 4655 ad
2485 4608 2811 4656 extremum
2880 4601 3202 4670 apostolicae
3271 4601 3390 4657 sedi
3445 4601 3754 4671 praeficitur

2058 4688 2313 4757 pontifex
2335 4702 2614 4744 summus.
2648 4688 2827 4759 Cujus
2853 4697 3074 4758 quanta
3095 4689 3542 4759 magnanimitas
3578 4690 3751 4745 exsti-

2057 4777 2143 4843 tit,
2179 4777 2356 4847 hujus
2378 4776 2740 4846 profectionis
2770 4777 3056 4834 incentivo
3094 4778 3364 4845 innotuit,
3402 4779 3556 4847 quod
3615 4779 3748 4835 dum

2056 4866 2280 4935 primus
2305 4867 2424 4936 ipse
2467 4865 2727 4935 praebuit,
2777 4881 3031 4936 quonam
3075 4875 3240 4936 pacto
3279 4867 3333 4922 id
3385 4867 3556 4927 fieret,
3605 4875 3749 4924 totus

2057 4955 2310 5010 mundus
2362 4955 2676 5024 obstupuit.
2748 4961 3060 5011 Attestatur
3121 4956 3295 5011 statui
3346 4956 3553 5011 mentis
3623 4956 3749 5012 ﬁnis

2051 5044 2176 5114 ejus
2226 5043 2528 5112 splendens
2578 5043 2891 5099 miraculis.
2953 5043 3233 5100 Defuncto
3282 5044 3493 5100 etenim
3565 5057 3631 5100 ac
3668 5059 3747 5101 se-

2053 5132 2211 5202 pulto
2241 5146 2326 5199 eo,
2351 5133 2500 5188 sicut
2527 5134 2836 5189 succedens
2862 5133 2913 5188 ei
2943 5133 3218 5189 Ostiensis
3255 5133 3481 5202 scripsit
3539 5135 3744 5203 episco-

2050 5234 2177 5290 pus,
2205 5235 2338 5276 cum
2367 5220 2618 5290 plurima
2645 5221 2812 5291 signa
2837 5222 2957 5292 jam
3006 5221 3223 5289 ﬁerent,
3272 5222 3450 5277 astitit
3509 5222 3738 5292 quidam

2047 5309 2306 5378 sepulcro
2333 5310 2488 5366 illius
2503 5311 2754 5381 juvenis,
2785 5317 2841 5366 et
2885 5311 3274 5367 membrorum
3318 5311 3596 5366 damnum
3637 5312 3737 5367 sibi

318 5423 432 5494 (3t)
473 5423 758 5481 Prolixius
786 5427 855 5482 de
909 5428 998 5484 his
1051 5427 1106 5484 in
1164 5436 1414 5487 tractatu
1471 5431 1550 5486 De
1580 5431 1918 5502 pignoribus
1948 5439 2300 5500 sanctorum,
2339 5431 2438 5487 lib.
2464 5447 2500 5488 ι.
