3914 6094
150 293 265 346 697

1263 287 1489 344 GESTA
1524 288 1646 345 DEI
1687 287 1829 343 PER
1869 287 2299 344 mancos—
2324 289 2454 344 LIB.
2498 291 2567 344 ιι.
2602 256 2609 259 ’

3565 297 3669 349 698

153 425 517 494 imprecatus
544 427 648 484 est,
683 419 732 476 si
758 433 860 491 per
888 419 1109 478 Urbani
1141 421 1364 489 merita,
1416 420 1514 491 qui
1553 419 1671 476 Odo
1722 419 1877 476 dice-
1914 422 1962 475 A
1991 420 2201 492 aliquae
2228 421 2459 477 mundae
2487 430 2845 479 manserunt.
2880 422 2949 478 Hi
2979 430 3114 479 sunt
3141 424 3264 495 qui,
3291 425 3431 481 dum
3478 425 3672 484 adhuc

154 520 343 579 retur,
374 510 607 581 signum
639 523 900 579 unquam
932 506 1151 563 factum
1181 508 1352 565 fuerit
1390 522 1457 563 ac
1504 507 1678 564 ﬁeret.
1716 507 1860 564 Nec-

155 600 301 657 dum
337 600 535 670 pedem
566 613 601 654 a
648 599 770 654 loco
821 596 1129 661 extulerat,
1177 612 1311 652 cum
1351 596 1536 652 ofﬁcio
1587 596 1865 652 sermonis

156 688 394 756 amisso,
453 694 509 742 et
582 684 761 741 altero
828 683 1072 739 laterum
1134 683 1380 753 paralysi
1445 682 1865 738 intercurrente

157 783 442 847 correpto,
516 773 806 845 postridie,
874 771 1094 829 Urbani
1158 772 1444 828 virtutum
1537 769 1865 826 testimonia

159 872 435 920 mortuus
467 863 584 933 ipse
612 861 922 933 perhibuit.

231 951 546 1024 Suppetias
573 953 645 1006 ab
674 950 911 1022 antiquo
939 947 1102 1005 soliti
1128 950 1260 1003 sunt
1281 946 1532 1002 Romani
1558 946 1864 1019 pontiﬁces

156 1057 200 1095 a
227 1041 471 1096 Francis
496 1043 780 1111 expetere.
832 1070 902 1078 —
945 1040 998 1095 Is
1049 1039 1244 1108 itaque
1291 1037 1381 1093 vir
1421 1036 1686 1102 eximius,
1731 1050 1863 1092 cum

158 1135 236 1191 ab
293 1134 460 1191 Alexi
518 1134 848 1190 Graecorum
892 1131 1153 1203 principe
1212 1131 1441 1202 magnis
1484 1132 1866 1187 honoraretur

156 1221 478 1292 exsequiis,
511 1229 565 1277 et
597 1220 864 1290 precibus
894 1219 1151 1290 quidem,
1187 1219 1284 1275 sed
1314 1219 1497 1276 multo
1528 1219 1867 1289 propensius

158 1308 419 1381 generali
498 1308 944 1363 Christianitatis
1019 1306 1271 1377 periculo
1346 1306 1866 1376 pulsareturlquaa

157 1391 522 1462 quotidianis
545 1390 855 1447 Gentilium
888 1388 1258 1446 minuebatur
1287 1389 1615 1446 incursibus
1640 1388 1714 1461 (et
1742 1391 1870 1445 Sar-

157 1495 507 1537 racenorum
538 1494 792 1551 namque
837 1479 1258 1550 irruptionlbus
1306 1478 1612 1549 Hispanias
1667 1477 1865 1535 audie-

158 1568 261 1625 bat
291 1569 600 1638 szepissime
628 1569 1008 1636 conturbari),
1049 1583 1152 1639 pro
1180 1568 1289 1624 hoc
1328 1568 1467 1637 ipso,
1517 1581 1636 1623 sua;
1684 1567 1866 1637 gentis

155 1658 574 1714 sollicitaturus
611 1657 893 1725 homines,
932 1665 1315 1739 commeatum
1365 1656 1550 1711 facere
1599 1656 1860 1712 destina-

154 1745 247 1801 vit
278 1745 338 1801 in
368 1745 693 1812 Franciam,
726 1719 1043 1814 apostolica
1075 1730 1278 1814 nempe
1307 1744 1455 1800 sedis
1496 1743 1862 1814 pontiﬁcibus
1902 1719 1947 1775 Β

156 1833 237 1889 ab
296 1832 537 1904 antiquo
601 1833 1175 1889 consuetudinarium
1226 1832 1355 1900 fuit,
1409 1832 1456 1887 si
1500 1845 1678 1901 quam
1730 1838 1867 1887 sunt

167 1924 323 1993 passi
376 1936 409 1977 a
464 1921 708 1978 ﬁnitima
761 1930 927 1993 gente
984 1921 1324 1987 molestiam,
1379 1919 1600 1975 auxilia
1649 1931 1870 1986 semper

165 2017 439 2081 expetere
469 2023 502 2065 a
534 2009 785 2065 Francis.
820 2007 1141 2079 Stephanus
1181 2016 1236 2065 et
1278 2006 1584 2062 Zacharias
1631 2004 1868 2075 pontiﬁ-

161 2110 277 2163 ces,
310 2104 557 2166 uterque
594 2096 703 2152 sub
748 2096 987 2166 Pippino
1033 2104 1085 2152 et
1135 2095 1334 2152 Carolo
1379 2093 1613 2165 regibus
1661 2092 1867 2148 confu-

162 2185 327 2257 gium
378 2184 508 2240 fecit
554 2184 625 2239 ad
672 2184 842 2254 ipsos.
888 2184 1147 2251 Quorum
1191 2184 1367 2253 prior,
1424 2197 1454 2238 e
1500 2182 1867 2253 pontiﬁcibus

159 2280 521 2344 sequentem,
555 2270 706 2329 facta
756 2287 944 2342 usque
990 2271 1253 2328 Ticinum
1311 2270 1690 2341 expeditione,
1752 2271 1867 2326 Ec-

160 2360 350 2416 clesiae
375 2373 547 2415 suum
590 2360 1001 2430 patrimonium
1053 2359 1396 2430 reparando,
1450 2358 1694 2429 propriae
1745 2357 1865 2414 sedi

162 2450 453 2516 restituit;
486 2449 844 2506 Desiderium
877 2464 1091 2521 regem,
1133 2449 1232 2519 qui
1274 2448 1605 2504 violentiam
1656 2446 1865 2504 intule-

160 2543 274 2602 rat,
306 2536 379 2592 ad
407 2550 611 2592 eorum
657 2552 788 2608 qua:
826 2537 1146 2607 diripuerat
1182 2537 1556 2594 redditionem
1602 2537 1723 2593 sola
1765 2551 1865 2593 ar-

161 2638 390 2680 morum
434 2626 809 2682 intentatione
866 2627 1068 2698 coegit.
1123 2624 1355 2683 Caeteris
1394 2625 1546 2680 enim
1598 2624 1867 2696 gentibus

160 2727 301 2783 erga
350 2714 582 2772 beatum
638 2715 867 2770 Petrum
918 2728 1172 2786 ergaque
1226 2714 1576 2784 pontiﬁcalia
1618 2715 1861 2783 decreta,

165 2798 488 2856 timoratius
518 2800 914 2871 humiliusque
957 2816 1016 2857 se
1058 2801 1262 2858 habuit
1308 2815 1448 2872 gens
1493 2801 1710 2869 eadem,
1760 2816 1866 2858 nec

162 2889 497 2956 temeritate,
541 2902 661 2960 qua
707 2889 803 2944 alii
857 2890 1122 2958 assolent,
1173 2891 1431 2946 velamen
1487 2890 1721 2947 malitiae
1769 2904 1862 2946 ar-

161 2976 349 3048 ripere
374 2984 574 3032 contra
602 2977 783 3033 Deum
816 2978 995 3035 voluit
1026 2978 1370 3035 libertatem.

230 3063 588 3117 Francorum
638 3080 777 3136 erga
817 3081 1103 3119 summum
1123 3064 1450 3139 pontiﬁcem
1481 3063 1699 3121 devotio
1726 3081 1862 3120 con-

162 3152 409 3206 tinuata.
461 3182 531 3192 —-
573 3152 857 3221 Vidimus,
900 3153 1020 3224 jam
1072 3153 1241 3209 annis
1288 3154 1535 3211 emensis
1575 3154 1859 3225 pluribus,

161 3240 520 3308 Teutonicos,
574 3241 686 3297 imo
739 3242 912 3299 totius
956 3243 1344 3314 Lotharingim
1396 3258 1662 3315 regnum,
1711 3244 1860 3301 beati

162 3327 312 3384 Petri
350 3329 595 3399 ejusque
643 3329 977 3399 pontiﬁcum
1026 3330 1325 3402 praeceptis
1368 3331 1673 3388 barbarica
1720 3346 1862 3403 qua-

162 3416 295 3473 dam
354 3418 736 3475 obstinatione
790 3418 981 3487 reniti,
1044 3427 1099 3476 et
1143 3420 1458 3476 ambientes
1517 3420 1686 3476 malle
1758 3429 1862 3477 aut

161 3505 441 3562 diuturno
508 3508 628 3563 sive
698 3508 1045 3577 sempiterno
1130 3509 1484 3564 anathemati
1559 3510 1860 3580 subjacere

157 3608 339 3666 quam
368 3594 595 3665 subjici.
626 3595 837 3651 Audivi
870 3609 1023 3652 anno
1055 3596 1366 3667 praeterito,
1401 3597 1540 3653 dum
1579 3611 1713 3653 cum
1758 3611 1859 3653 ar-

152 3681 495 3739 chidiacono
540 3683 793 3754 quodam
838 3684 1167 3755 Magontino
1211 3699 1386 3755 super
1435 3699 1543 3741 sua
1602 3685 1857 3754 ipsorum

149 3770 466 3827 rebellione
512 3771 910 3843 congrederer,
958 3772 1113 3842 quod
1169 3787 1362 3844 regem
1413 3780 1678 3828 nostrum
1724 3787 1857 3829 cum

149 3858 459 3929 populoin
513 3867 737 3916 tantum
781 3860 1161 3930 vilipenderit,
1210 3859 1283 3916 ob
1326 3861 1431 3916 hoc
1481 3860 1667 3916 solum
1715 3860 1858 3931 quia

150 3945 457 4002 dominum
488 3959 692 4016 papam
719 3947 1049 4003 Paschalem
1087 3952 1232 4002 321
1284 3962 1417 4004 cum
1465 3948 1588 4005 suis
1636 3948 1855 4019 princi-

153 4033 332 4104 pibus
385 4041 546 4105 grate
597 4035 816 4105 ubique
866 4036 1197 4106 susceperit,
1257 4044 1319 4092 ut
1373 4050 1468 4092 eos
1527 4051 1642 4092 non
1692 4036 1856 4092 modo

156 4123 410 4179 Francos
438 4124 749 4179 vocaverit.
777 4123 883 4180 Cui
916 4125 1156 4195 inquam
1186 4142 1199 4180 :
1241 4148 1261 4174 ι
1297 4124 1353 4181 Si
1388 4124 1466 4181 ita
1512 4139 1607 4181 eos
1650 4125 1858 4182 inertes

154 4209 460 4267 arbitraris
503 4217 558 4267 et
600 4212 884 4268 marcidos
935 4219 998 4268 ut
1045 4212 1479 4270 celeberrimum
1539 4227 1726 4284 usque
1794 4214 1855 4271 in

1971 509 2082 566 sub
2107 523 2300 565 errore
2333 508 2531 580 gentili
2566 507 2751 578 positi,
2797 509 3113 577 Gallorum,
3167 511 3263 567 sed
3311 511 3667 570 Christiano-

1971 613 2103 654 rum
2163 612 2307 654 arva
2364 599 2616 669 pugnaci
2676 598 2991 654 intentione
3043 600 3400 671 subigerent,
3452 604 3669 659 nemini

1971 699 2235 755 unquam
2265 699 2367 754 pro
2396 684 2605 741 Christi
2647 684 2756 740 ﬁde
2795 693 2897 741 aut
2946 699 3145 755 poenas
3193 687 3516 743 intulerunt
3568 697 3671 746 aut

1971 784 2245 842 mortem;
2279 776 2373 831 sed
2404 790 2499 831 eos
2526 790 2671 845 quos
2709 777 2965 831 Romana
3009 775 3280 831 severitas
3329 776 3477 831 ferro
3527 776 3673 848 igni-

1971 878 2085 938 que
2115 863 2403 933 punierat,
2443 877 2585 919 auro
2636 870 2991 933 argentoque
3040 863 3375 930 recondidit,
3431 864 3671 934 gemmis

1971 952 2293 1029 electroque
2329 952 2583 1007 contexit
2632 951 2885 1021 ingenita
2933 950 3241 1007 liberalitas
3295 952 3497 1022 gentis.
3550 952 3669 1008 Nec

1971 1041 2158 1096 solum
2184 1040 2335 1095 intra
2362 1053 2418 1095 se
2447 1052 2662 1108 passos,
2708 1038 2797 1094 his
2842 1038 3161 1095 honoribus
3202 1040 3498 1095 contendit
3549 1054 3671 1096 am-

1972 1130 2141 1199 bire;
2182 1129 2277 1184 sed
2331 1135 2385 1184 et
2435 1127 2723 1197 Hispaniis
2780 1128 2889 1183 aut
2943 1128 3106 1182 Italia
3160 1142 3262 1183 seu
3315 1128 3670 1198 quibuslibet

1973 1219 2242 1291 gentibus
2270 1218 2558 1286 advectos,
2600 1224 2773 1273 tantae
2820 1216 3098 1273 desiderio
3150 1215 3465 1272 affectionis
3507 1231 3672 1272 exco-

1973 1309 2098 1375 luit,
2132 1314 2196 1364 ut
2226 1313 2550 1374 martyrum
2581 1319 2684 1360 seu
2724 1305 3134 1371 confessorum,
3189 1318 3334 1375 quos
3379 1312 3671 1374 tantopere

1972 1403 2181 1461 servat,
2242 1407 2405 1449 amor
2451 1399 2506 1448 et
2559 1392 2836 1448 celebrem
2895 1391 3207 1448 reddiderit
3255 1399 3310 1447 et
3362 1391 3666 1459 illustrem,

1976 1484 2221 1553 ﬁdeique
2253 1480 2539 1536 irremisso
2582 1486 2771 1537 tenore
2828 1479 3167 1549 donaverit;
3221 1479 3292 1534 ad
3343 1486 3671 1534 extremum

1974 1569 2152 1639 hujus
2189 1566 2676 1636 Jerosolymitanae
2722 1564 2976 1621 victoriae
3020 1565 3330 1635 triumphis
3374 1564 3669 1620 extulerit.

1974 1656 2120 1724 Quia
2146 1655 2299 1710 enim
2340 1653 2586 1724 portavit
2626 1654 2840 1724 jugum
2885 1653 2957 1709 ab
3009 1652 3410 1718 adolescentia,
3455 1651 3672 1708 sedebit

1976 1744 2255 1810 solitaria,
2305 1744 2454 1798 inter
2499 1742 2759 1798 omnium
2800 1741 3061 1798 videlicet
3105 1743 3361 1813 gentium
3411 1740 3670 1811 proprie-

1977 1841 2140 1902 tates,
2197 1847 2336 1904 gens
2382 1831 2609 1899 nobilis,
2666 1830 2938 1900 prudens,
2986 1830 3274 1898 bellicosa,
3318 1828 3556 1900 dapsilis
3604 1842 3672 1884 ac

1974 1922 2176 1978 nitida.
2210 1921 2432 1988 Quibus
2462 1920 2764 1990 proprium
2798 1934 2932 1977 cum
2978 1920 3049 1976 sit
3097 1934 3328 1987 nomen,
3381 1932 3671 1989 quarum-

1975 2024 2207 2080 cunque
2258 2007 2560 2064 nationum
2616 2006 2895 2074 homines,
2948 2013 3211 2063 mutuato
3260 2006 3374 2063 imo
3417 2005 3670 2075 praestita

1976 2097 2231 2169 ipsorum
2262 2094 2568 2167 agnomine
2595 2094 2977 2150 honorantur.
3010 2094 3161 2160 Quos
3184 2093 3345 2161 fenim
3394 2093 3666 2161 Britones,

1974 2183 2209 2255 Anglos,
2244 2183 2503 2254 Ligures,
2535 2180 2581 2237 si
2611 2180 2771 2236 bonis
2793 2195 2889 2237 eos
2915 2180 3173 2236 moribus
3201 2180 3522 2247 videamus,
3552 2194 3669 2235 non

1975 2271 2123 2327 illico
2154 2272 2405 2327 Francos
2432 2268 2691 2325 homines
2719 2267 3114 2339 appellemus?
3148 2266 3255 2324 Sed
3279 2266 3399 2340 jam
3436 2267 3509 2323 ad
3536 2281 3665 2339 pro-

1975 2358 2159 2429 posita
2188 2358 2510 2414 redeamus.

2645 2444 2868 2501 CAPUT
2919 2443 2990 2499 II.

2045 2535 2164 2607 [11.]
2196 2537 2357 2607 Papa
2382 2534 2540 2590 venit
2557 2533 2620 2588 in
2639 2533 2898 2588 Galliam
2920 2534 3299 2603 conuocatque
3320 2531 3671 2588 Claromonti

1972 2623 2298 2687 concilium.
2331 2625 2475 2689 Quot
2520 2621 2664 2677 inibi
2707 2622 3016 2679 antistites.
3067 2624 3246 2693 Papa
3274 2620 3571 2692 facundia
3614 2623 3671 2675 et

1971 2711 2227 2785 aequitas.
2260 2742 2328 2751 —
2359 2711 2514 2781 Papa
2543 2710 2722 2782 igitur
2759 2710 3048 2777 Urbanus,
3091 2708 3253 2780 regni
3298 2708 3477 2764 nostri
3528 2708 3677 2787 ﬁnes

1972 2801 2319 2873 ingrediens,
2363 2806 2522 2855 tanta
2556 2798 2813 2863 urbium,
2862 2796 3223 2867 oppidorum,
3277 2795 3670 2867 villarumque

1973 2889 2168 2947 laetitia
2197 2896 2253 2945 et
2281 2887 2659 2945 concursione
2690 2887 2980 2957 excipitur
3009 2893 3230 2957 quanto
3261 2883 3522 2941 omnium
3565 2885 3668 2954 qui

1973 2978 2306 3036 adviverent
2338 2977 2630 3034 memoriis
2660 2977 3079 3047 incompertum
3108 2974 3318 3043 fuerat,
3357 2974 3513 3046 quod
3558 2974 3671 3030 ali—

1973 3067 2206 3139 quando
2264 3066 2585 3137 apostolicw
2645 3066 2792 3121 sedis
2863 3065 3098 3121 antistes
3149 3064 3210 3120 in
3258 3063 3515 3134 regiones
3565 3063 3670 3118 has

1970 3156 2194 3213 venisse
2240 3156 2552 3212 videretur.
2619 3155 2828 3211 Annus
2884 3156 3079 3224 itaque
3146 3150 3430 3208 incarnati
3494 3149 3669 3208 Verbi

1971 3244 2309 3300 millesimus
2352 3242 2762 3314 nonagesimus
2801 3241 3041 3312 quintus
3078 3238 3424 3310 properabat
3459 3236 3666 3303 evolvi,

1969 3347 2100 3388 cum
2133 3331 2342 3403 praesul
2367 3330 2534 3394 idem,
2570 3328 2736 3385 valde
2767 3328 3037 3398 frequens
3070 3325 3407 3382 acceleravit
3452 3337 3669 3380 convo-

1970 3433 2100 3475 care
2129 3418 2455 3484 concilium,
2485 3416 2575 3472 cui
2610 3415 2836 3471 tandem
2870 3414 2929 3469 in
2957 3414 3100 3469 urbe
3128 3410 3465 3474 Arvernica,
3510 3409 3670 3465 scho-

1969 3507 2325 3564 lasticissimo
2354 3506 2614 3563 omnium
2648 3503 2960 3574 praesnlum
2994 3500 3224 3558 Sidonio
3254 3499 3523 3570 gloriosa.
3570 3496 3666 3551 de-

1969 3596 2050 3652 dit
2080 3595 2289 3662 locum,
2319 3594 2411 3649 cui
2450 3601 2641 3649 tamen
2680 3592 2999 3647 immutata
3050 3587 3398 3646 Claromonti
3446 3591 3669 3641 constat

1965 3699 2086 3742 esse
2129 3682 2499 3739 vocabulum.
2557 3680 2718 3744 Quod
2760 3679 2868 3734 fuit
2911 3685 3068 3733 tanto
3116 3675 3400 3732 celebrius
3448 3679 3667 3744 quanto

1966 3771 2295 3829 excellentis
2323 3777 2377 3826 et
2410 3769 2699 3824 inusitatae
2732 3780 2985 3839 personae
3036 3779 3139 3821 ora
3188 3777 3439 3830 cernere,
3488 3760 3669 3817 verba

1967 3860 2168 3917 audire
2197 3866 2321 3915 erat
2349 3855 2811 3921 desiderabilius.
2839 3853 2981 3920 lllic,
3015 3858 3220 3922 prazter
3268 3849 3667 3920 episcoporum

1966 3956 2020 4004 et
2072 3948 2346 4004 abbatum
2397 3944 2688 4011 examina,
2743 3957 2889 4012 quos
2934 3940 3161 3997 circiter
3210 3938 3668 4010 quadringentos

1966 4051 2064 4108 per
2094 4035 2479 4107 prominentes
2505 4032 2721 4091 ferulas
2750 4032 2922 4089 fuisse
2965 4030 3147 4101 aliqui
3192 4031 3664 4095 numeraverant,

1965 4124 2141 4183 totius
2186 4125 2440 4180 Franciae
2502 4130 2556 4179 et
2584 4120 2988 4193 appendicium
3028 4118 3406 4175 comitatuum
3458 4116 3669 4172 littera-

1967 4219 2099 4269 tura
2129 4210 2428 4267 conﬂuxit.
2459 4210 2599 4265 Erat
2646 4209 2725 4265 ibi
2768 4216 3025 4279 spectare
3071 4219 3250 4276 quam
3299 4217 3503 4261 serena
3542 4216 3670 4275 gra-

153 4297 450 4354 Oceanum
501 4296 767 4354 Indicum
815 4313 1044 4367 nomen,
1099 4298 1242 4355 {uade
1293 4299 1599 4370 garriendo
1662 4300 1854 4357 detor-
1893 4315 1938 4369 ι)
1970 4299 2165 4366 vitate,
2198 4298 2517 4368 ponderosa
2546 4297 2813 4354 comitate
2852 4295 3201 4367 praesideret,
3235 4300 3291 4350 et
3337 4300 3402 4349 ut
3444 4290 3668 4362 praefati

155 4399 360 4456 queas,
393 4384 484 4441 dic
514 4385 656 4441 mihi
682 4385 753 4441 ad
786 4400 933 4457 quos
964 4400 1114 4456 papa
1135 4386 1406 4443 Urbanus
1428 4395 1628 4444 contra
1644 4388 1861 4445 Turcos

157 4471 434 4543 praesidia
472 4480 878 4530 contracturus
907 4472 1138 4530 divertit
1162 4474 1192 4528 ?
1217 4488 1408 4531 nonne
1445 4475 1519 4531 ad
1566 4476 1863 4533 Francos?

152 4561 240 4620 hii
278 4560 391 4616 nisi
450 4561 748 4632 praeissent
799 4572 854 4619 et
904 4562 1230 4619 barbariem
1275 4556 1665 4634 undecunque
1715 4580 1858 4621 con-

151 4648 464 4706 ﬂuentium
498 4651 758 4721 gentium
785 4651 973 4708 vivaci
1005 4650 1289 4707 industria
1317 4658 1372 4707 et
1423 4652 1726 4722 impavidis
1769 4652 1856 4709 vi-

148 4737 322 4795 ribus
388 4738 883 4806 constrinxissent,
968 4738 1415 4794 Teutonicorum
1506 4746 1851 4807 vestrorum,

148 4838 408 4896 quorum
439 4840 511 4881 ne
542 4840 748 4882 nomen
782 4826 1015 4896 quidem
1048 4825 1126 4882 ibi
1157 4825 1367 4894 sonuit,
1423 4826 1643 4882 auxilia
1694 4826 1856 4883 nulla

145 4912 416 4969 fuissent.
456 4935 477 4962 ι
517 4914 648 4970 Haec
674 4914 745 4970 ad
780 4915 964 4971 illum.

224 5000 409 5066 Quam
457 5000 661 5070 ﬁrmia
703 5018 1191 5074 perseverans-que
1260 5002 1616 5057 Francorum
1680 5001 1850 5073 ﬁdes.

145 5118 217 5130 —
249 5091 455 5145 Fateor
480 5103 615 5146 vero
660 5099 714 5147 et
749 5092 1022 5149 omnibus
1067 5091 1338 5148 credibile
1380 5100 1464 5148 est
1507 5091 1645 5148 huic
1693 5099 1853 5148 tanto

144 5185 381 5252 gentem
452 5176 618 5234 istam
698 5179 881 5236 Deum
946 5192 1269 5237 reservasse
1355 5181 1602 5251 negotio,
1699 5195 1852 5251 prae-

141 5266 344 5324 sertim
376 5281 511 5322 cum
539 5280 641 5337 pro
671 5276 823 5325 certo
852 5269 1183 5326 noverimus
1213 5269 1353 5340 quia
1376 5284 1448 5326 ex
1480 5285 1599 5340 quo
1624 5268 1755 5326 ﬁdei
1775 5269 1853 5325 si-

143 5369 354 5428 gnum,
387 5355 552 5412 beato
578 5357 837 5429 Remigio
862 5357 1142 5421 tradente,
1195 5364 1588 5427 sumpserunt,
1631 5355 1851 5414 nullius

146 5457 413 5515 unquam
450 5443 703 5514 perﬁdiae
733 5445 1022 5515 suscipere
1060 5445 1389 5516 contagium
1414 5446 1506 5502 vel
1534 5445 1605 5501 ad
1648 5446 1849 5501 horam

144 5533 589 5606 acquieverunt,
633 5548 750 5605 quo
802 5532 926 5604 vix,
975 5541 1077 5589 aut
1122 5533 1283 5590 nullo
1330 5534 1520 5601 modo,
1581 5533 1846 5591 nationes

1970 4387 2183 4444 Sidonii
2209 4387 2401 4443 verbis
2430 4394 2584 4453 utar,
2626 4399 2802 4457 quam
2839 4405 2867 4434 «
2901 4385 3156 4454 piperata
3185 4382 3480 4453 facundia,
3514 4402 3542 4430 »
3595 4379 3668 4435 ad

1967 4475 2188 4547 objecta
2216 4474 2489 4546 quaelibet
2531 4487 2682 4544 papa
2725 4472 3133 4529 disertissimus
3179 4471 3493 4527 dctonaret.
3543 4468 3665 4525 No-

1965 4564 2201 4621 tabatur
2259 4555 2481 4635 quanta
2531 4563 2621 4619 vir
2667 4561 3021 4618 clarissimus
3069 4559 3344 4617 modestia
3388 4556 3668 4614 tolerabat

1964 4667 2101 4710 suas
2130 4653 2484 4709 tumultuose
2512 4665 2719 4708 causas
2766 4649 3172 4721 ingerentium,
3217 4645 3664 4716 loquacitatem;

1965 4756 2141 4813 quam
2194 4754 2401 4811 parum
2445 4740 2901 4811 appretiabatur,
2949 4737 3058 4793 nisi
3105 4735 3425 4792 secundum
3475 4733 3658 4789 Deum

1963 4830 2289 4901 cujuspiam
2319 4829 2803 4899 personalitatem.

2036 4917 2180 4991 [111.]
2215 4916 2546 4989 Philippum
2560 4933 2747 4990 regem
2765 4933 2805 4971 α
2820 4914 3045 4987 piorum
3066 4915 3209 4968 cwtu
3228 4910 3406 4981 ejicit.
3433 4940 3495 4952 —
3526 4909 3666 4966 Inde

1963 5008 2294 5078 Philippum
2332 5020 2523 5078 regem
2567 5009 2939 5069 Francorum,
2982 5003 3152 5073 cujus
3189 4999 3521 5072 trigesimus
3568 5013 3664 5055 se-

1958 5096 2173 5166 ptimus
2213 5103 2351 5151 tunc
2391 5094 2552 5165 regni
2580 5092 2985 5149 recensebatur
3021 5104 3230 5157 annus,
3267 5089 3369 5159 qui
3410 5087 3662 5159 propria,

1960 5184 2166 5240 Bertha
2204 5182 2455 5250 nomine,
2499 5195 2681 5237 uxore
2714 5179 2929 5246 relicta,
2972 5178 3407 5248 Andegavensis
3441 5177 3667 5233 comitis

1958 5284 2199 5328 uxorem
2240 5268 2369 5333 sibi,
2410 5267 2741 5326 Bertradam
2773 5266 3072 5332 vocabulo,
3112 5264 3472 5332 devinxerat,
3506 5272 3667 5321 tanta

1955 5358 2292 5415 auctoritate
2316 5355 2841 5413 excommunicavit
2870 5362 2934 5410 ut
2974 5352 3408 5410 intercessiones
3437 5360 3661 5422 specta-

1954 5443 2159 5501 bilium
2192 5457 2589 5513 personarum.
2621 5450 2676 5497 et
2709 5441 3117 5511 multiplicium
3167 5454 3481 5496 munerum
3528 5440 3664 5497 illa-

1957 5533 2137 5590 tiones
2162 5531 2583 5603 contempserit,
2625 5537 2682 5587 et
2733 5529 2890 5603 quod
2942 5530 3093 5587 intra
3139 5528 3303 5602 regni
3347 5527 3531 5599 ipsius
3568 5528 3663 5588 des
