3920 6080
261 175 364 227 699

1196 165 1259 218 V.
1302 163 1628 221 GUIBEHTI
1664 162 1954 218 ABBA’I‘IS
1991 159 2050 214 S.
2091 159 2331 214 MARUE
2371 159 2460 214 DE
2498 156 2893 216 NOVIGENTO

3650 160 3755 213 700

261 298 598 356 morabatur
624 294 831 352 limites
868 308 982 349 non
1012 292 1363 349 extimuerit.
1399 292 1463 347 In
1495 295 1602 349 hoc
1648 292 1770 362 ipso
1814 306 1950 347 con-
1987 292 2034 344 A
2063 304 2195 361 qua
2226 289 2283 345 in
2313 296 2466 345 terra
2494 296 2630 344 sunt
2667 287 3040 359 vestigiorum
3058 288 3186 359 ejus
3216 287 3383 359 signa
3412 287 3668 359 diligitis,
3707 291 3757 345 si

264 388 413 454 cilio,
444 385 613 442 sicuti
649 392 960 453 antequam
1002 382 1073 437 ab
1115 381 1256 437 urbe
1305 381 1703 452 digrederetur
1749 394 1964 451 propo—

262 483 477 534 suerat.
512 475 735 542 hacque
765 471 833 526 de
859 484 1039 526 causa
1071 470 1318 525 Francos
1347 469 1721 539 expetiverat,
1767 467 1960 524 maxi—

262 578 417 620 mam
447 563 517 617 ad
540 562 648 617 sibi
698 559 1025 615 assistentes
1068 558 1397 613 concionem
1443 558 1662 623 habuit,
1716 565 1771 613 et
1814 558 1961 612 inter

262 658 485 712 catera,
537 663 668 718 qua
720 661 1013 702 excessere
1082 646 1389 701 memorias
1446 645 1799 711 auditorum,
1854 644 1961 699 hac

262 737 572 792 intentione
602 735 889 790 disseruit.
923 734 1064 804 Ejus
1101 733 1253 789 enim
1285 734 1535 787 scientia
1573 732 1797 789 litterali
1838 731 1960 787 elo-

262 824 512 895 quentia
573 822 987 891 cooperabatur
1024 820 1270 892 agilitas,
1312 835 1426 875 non
1474 820 1623 874 enim
1675 819 1863 874 minor
1910 817 1960 873 ei

260 912 568 967 videbatur
598 911 655 965 in
693 910 906 965 Latina
943 909 1339 979 prosecutione
1379 908 1681 964 locutionis
1727 908 1962 963 ubertas

263 1014 440 1072 quam
490 998 694 1054 forensi
751 997 985 1052 cuilibet
1026 1004 1207 1066 potest
1244 1010 1364 1052 esse
1408 997 1467 1051 in
1529 1004 1785 1051 materno
1837 1008 1962 1050 ser-

261 1103 429 1145 mone
481 1088 808 1156 pernicitas.
876 1086 992 1142 Nec
1054 1085 1458 1141 altercantium
1512 1085 1821 1140 multitudo
1864 1086 1961 1141 ob-

260 1176 540 1232 tundebat
582 1174 975 1229 concionantis
1006 1174 1326 1243 ingenium,
1376 1173 1472 1228 sed
1517 1172 1647 1227 licet
1692 1174 1963 1243 pradica-

260 1263 463 1319 bilium
499 1261 1007 1333 grammaticorum
1040 1260 1317 1329 elegantis
1354 1260 1689 1326 ambiretur,
1722 1269 1779 1316 et
1816 1275 1961 1316 cau-

260 1364 455 1407 sarum
504 1348 919 1419 emergentium
971 1349 1197 1404 nebulis
1240 1348 1462 1404 effundi
1520 1350 1830 1418 videretur,
1907 1358 1963 1405 et

260 1446 552 1495 oratorum
579 1437 1051 1506 superexundare
1079 1436 1289 1506 copias,
1334 1451 1399 1491 ac
1443 1450 1775 1491 sermonum
1824 1452 1964 1507 quo-

260 1539 628 1594 rumcunque
661 1524 887 1579 facetias
913 1526 1347 1593 superequitare
1380 1524 1602 1579 litterali
1647 1525 1958 1594 luculentia

258 1613 593 1683 putabatur.
634 1612 730 1666 His
755 1625 912 1681 ergo,
954 1613 1058 1666 etsi
1104 1626 1220 1667 non
1252 1611 1461 1678 verbis,
1503 1618 1695 1668 tamen
1765 1613 1957 1668 inten-

262 1701 516 1757 tionibus
546 1714 689 1756 usus
727 1707 830 1755 est.
1503 1694 1507 1698 ’

339 1788 561 1844 Urbani
583 1787 878 1861 pontiﬁcis
907 1785 1093 1842 oratio
1122 1786 1322 1842 habita
1349 1785 1412 1840 in
1441 1787 1704 1842 concilio.
1738 1819 1805 1829 —
1848 1808 1874 1841 «
1905 1789 1959 1845 Si

259 1878 411 1934 inter
439 1878 719 1933 Ecclesias
755 1884 870 1931 toto
908 1877 1046 1931 orbe
1070 1874 1309 1930 diffusas
1339 1874 1464 1930 alia
1493 1889 1610 1945 pra
1646 1876 1774 1932 aliis
1805 1889 1962 1934 reve-

258 1968 502 2023 rentiam
537 1980 638 2035 pro
672 1964 926 2035 personis
958 1964 1209 2034 locisque
1241 1972 1573 2019 merentur:
1611 1978 1712 2034 pro
1763 1980 1958 2035 perso-

257 2055 366 2121 nis,
414 2057 672 2124 inquam,
715 2055 851 2109 dum
886 2052 1209 2123 apostolicis
1234 2052 1465 2108 sedibus
1491 2052 1792 2124 privilegia
1830 2068 1960 2109 ma-

252 2142 383 2212 jora
412 2141 763 2209 traduntur;
798 2156 898 2211 pro
943 2141 1080 2196 locis
1112 2154 1268 2205 vero,
1319 2141 1458 2196 dum
1508 2141 1680 2212 regiis
1715 2142 1960 2198 urbibus

257 2230 455 2286 eadem
484 2245 616 2301 qua
647 2231 905 2301 personis
927 2230 1197 2300 dignitas,
1234 2230 1313 2284 uti
1343 2236 1427 2284 est
1457 2230 1661 2285 civitas
1689 2231 1960 2287 Constan-

255 2318 648 2387 tinopolitana,
683 2319 1018 2387 prabetur:
1056 2316 1179 2390 [IV]
1223 2316 1304 2372 illi
1357 2317 1713 2386 potissimum
1759 2318 1958 2374 Eccle-

256 2404 353 2460 sia
397 2405 758 2472 deberemus,
808 2420 881 2461 ex
951 2420 1070 2476 qua
1129 2407 1376 2475 gratiam
1433 2406 1857 2477 redemptionis,
1902 2414 1957 2462 et

253 2493 429 2549 totius
475 2494 756 2565 originem
801 2495 1247 2551 Christianitatis
1304 2497 1647 2565 accepimus.
1701 2495 1756 2551 Si
1804 2496 1957 2551 enim

253 2595 458 2637 verum
490 2589 712 2637 constat
738 2583 893 2652 quod
924 2597 957 2637 a
998 2584 1236 2638 Domino
1266 2583 1498 2651 dicitur,
1530 2585 1670 2654 quia
1696 2582 1957 2639 videlicet

251 2669 415 2722 salus
441 2686 510 2724 ea:
551 2671 775 2725 Judaei:
803 2676 883 2724 est
913 2672 1109 2737 (Joan.
1164 2686 1240 2735 1v,
1285 2672 1395 2742 22),
1429 2681 1483 2727 et
1516 2673 1822 2728 Dominum
1857 2671 1954 2727 Sa-

255 2757 428 2811 baoth
460 2763 606 2813 3'18
653 2771 845 2813 semen
887 2757 1052 2813 nobis
1082 2758 1382 2827 reliquisse
1413 2767 1653 2827 constat,
1696 2773 1768 2813 ne
1803 2760 1954 2814 sicut

2067 378 2349 448 expetitis,
2381 378 2492 433 Deo
2516 392 2619 433 vos
2640 384 2954 447 praeunte,
2978 378 3089 433 Deo
3120 391 3221 446 pro
3245 376 3412 431 vobis
3443 377 3754 446 praliante,

2068 466 2402 522 mundetur.

2139 557 2411 611 Rationes
2437 555 2639 627 quibus
2668 552 3028 608 Christianos
3051 553 3127 607 ad
3155 551 3568 624 expeditionem
3590 555 3763 607 lera-

2059 643 2473 713 solymitanam
2516 660 2685 697 arma
2712 642 2957 699 induere
3001 642 3345 696 adhortatur
3372 642 3647 714 pontifex.
3689 672 3760 680 ——

2070 751 2099 785 α
2134 733 2187 788 Si
2229 733 2573 789 Machabais
2611 732 2746 787 olim
2800 732 2871 786 ad
2918 731 3232 787 maximam
3282 731 3493 799 profuit
3538 730 3769 796 pietatis

2064 820 2315 881 laudem,
2345 823 2484 892 quia
2526 835 2626 890 pro
2666 820 3021 876 caremoniis
3051 829 3107 874 et
3141 819 3350 888 templo
3402 825 3765 889 pugnarunt,

2066 917 2121 965 et
2147 911 2324 977 vobis,
2353 925 2385 965 ο
2418 909 2624 965 milites
2662 907 2988 974 Christiani,
3039 907 3289 978 legitime
3336 907 3669 962 conceditur
3702 912 3772 961 ut

2068 1012 2363 1054 armorum
2403 999 2590 1053 studio
2636 997 2959 1053 libertatem
2989 997 3189 1067 patria
3219 995 3554 1051 defendatis.
3589 994 3644 1049 Si
3699 993 3770 1048 li-

2068 1086 2226 1142 mina
2280 1086 2447 1141 etiam
2500 1086 2907 1154 apostolorum,
2971 1084 3057 1139 vel
3107 1092 3436 1139 sanctorum
3492 1096 3775 1152 quorum—

2064 1174 2220 1238 libet,
2274 1181 2430 1229 tauto
2486 1174 2694 1229 sudore
2746 1173 2988 1242 petenda
3039 1172 3271 1241 putatis,
3322 1171 3460 1241 quid
3506 1184 3765 1235 crucem,

2070 1264 2211 1335 quid
2261 1263 2625 1334 sanguinem,
2675 1262 2813 1332 quid
2865 1269 3305 1316 monumentum
3357 1274 3577 1324 eruere,
3624 1258 3771 1329 quid

2068 1352 2319 1415 visitare,
2373 1352 2512 1421 quid
2572 1365 2675 1420 pro
2723 1351 2810 1405 his
2857 1350 3128 1405 erucndis
3199 1349 3524 1403 animarum
3588 1346 3776 1417 pretia

2071 1439 2396 1508 impendere
2425 1438 2798 1494 detrectatis?
2827 1438 3081 1492 Indebita
3119 1436 3399 1491 hactenus
3441 1434 3587 1490 bella
3639 1448 3775 1503 ges-

2069 1528 2240 1592 sistis,
2275 1527 2331 1581 in
2366 1535 2599 1582 mutuas
2627 1527 2825 1586 caries,
2862 1539 3068 1580 vesana
3101 1525 3407 1594 aliquoties
3451 1523 3562 1578 tela
3593 1521 3777 1577 solius

2069 1612 2399 1685 cupiditatis
2424 1624 2525 1670 aut
2554 1615 2842 1685 superbia
2871 1627 3048 1669 causa
3079 1613 3356 1681 torsistis;
3397 1626 3469 1668 ex
3499 1625 3616 1681 quo
3646 1623 3773 1680 per-

2071 1711 2269 1773 petuos
2322 1704 2607 1765 interitus,
2658 1710 2713 1759 et
2755 1711 2910 1757 certa
2974 1701 3364 1756 damnationis
3418 1700 3594 1755 exitia
3653 1712 3766 1753 me-

2072 1792 2291 1847 ruistis.
2322 1792 2490 1848 Nunc
2518 1791 2684 1847 vobis
2715 1791 2861 1847 bella
2886 1790 3260 1861 proponimus
3290 1803 3420 1859 qua
3466 1789 3520 1843 in
3568 1802 3627 1843 se
3663 1788 3770 1841 ha-

2069 1879 2207 1935 bent
2237 1880 2550 1950 gloriosum
2588 1879 2847 1948 martyrii
2880 1893 3116 1945 munus,
3159 1877 3373 1947 quibus
3407 1880 3577 1931 restat
3615 1889 3773 1945 pra—

2068 1968 2245 2023 sentis
2287 1976 2342 2024 et
2390 1976 2618 2023 aterna
2666 1967 2853 2022 laudis
2895 1966 3117 2022 titulus.
3159 1966 3448 2020 Ponamus
3496 1963 3662 2018 modo
3710 1962 3771 2017 in

2065 2055 2377 2111 Jerusalem
2408 2054 2699 2111 Christum
2730 2069 2917 2124 neque
2950 2061 3263 2115 mortuum,
3302 2066 3406 2108 nec
3451 2052 3768 2121 sepultum,

2064 2158 2169 2200 nec
2202 2143 2411 2199 ibidem
2466 2142 2678 2199 vixisse
2719 2142 3050 2212 aliquando.
3106 2142 3286 2209 Certe,
3337 2141 3381 2196 si
3436 2142 3555 2196 hac
3604 2140 3766 2194 dees-

2066 2238 2193 2286 sent
2223 2231 2436 2298 omnia,
2469 2231 2652 2287 solum
2686 2230 2848 2298 illud,
2888 2231 2959 2284 ad
3002 2228 3458 2285 subveniendum
3504 2235 3672 2283 terra
3712 2235 3770 2283 et

2065 2319 2280 2375 civitati
2307 2333 2409 2374 vos
2447 2319 2698 2374 excitare
2744 2318 3038 2385 debuerat,
3085 2319 3223 2388 quia
3269 2318 3337 2373 de
3377 2317 3509 2373 Sion
3557 2316 3769 2372 exierit

2065 2407 2178 2475 lex,
2212 2414 2268 2463 et
2299 2407 2541 2463 verbum
2575 2407 2798 2463 Domini
2830 2407 2899 2462 de
2927 2407 3237 2462 Jerusalem
3280 2406 3421 2476 (1.9a.
3476 2420 3535 2471 ιι,
3581 2406 3656 2471 3).
3710 2403 3765 2458 Si

2062 2496 2214 2575 enim
2245 2510 2317 2551 ex
2347 2496 2841 2565 Jerosolymitana,
2893 2495 3178 2565 quidquid
3223 2494 3561 2550 Christiana
3606 2505 3762 2562 pra-

2063 2583 2363 2639 dicationis
2387 2592 2471 2639 est
2522 2584 2672 2640 fonte
2716 2584 2993 2649 manavit,
3044 2582 3240 2649 rivuli,
3285 2594 3767 2652 quaquaversum

2065 2674 2179 2727 toto
2225 2680 2508 2727 terrarum
2547 2672 2683 2727 orbe
2725 2671 2982 2741 dispersi,
3033 2671 3324 2726 catholica
3374 2668 3770 2724 multitudinis

2063 2761 2237 2816 corda
2266 2769 2659 2830 retorqueant,
2706 2769 2767 2816 ut
2815 2762 3051 2816 solerter
3098 2760 3395 2815 attendant
3435 2757 3575 2827 quid
3619 2756 3769 2811 fonti

254 2844 501 2900 Sodoma
530 2846 708 2900 simus
761 2853 817 2901 et
854 2847 1184 2902 Gomorrha
1231 2847 1446 2903 similes
1492 2847 1702 2902 ﬁamus
1750 2848 1944 2914 (Rom.
1990 2854 2179 2915 ctam
2232 2849 2453 2918 irriguo
2499 2848 2761 2903 debeant.
2810 2848 2867 2903 Si
2884 2848 2969 2901 ad
3002 2847 3191 2902 locum
3218 2846 3367 2900 unde
3397 2848 3620 2912 exeunt,
3653 2844 3769 2899 llu-

254 2948 332 3001 1X,
368 2935 475 3000 '29),
508 2941 562 2989 et
588 2948 781 2989 semen
820 2941 1084 2989 nostrum
1117 2934 1378 2991 Christus
1407 2942 1508 3002 est,
1543 2935 1602 2990 in
1642 2950 1759 3005 quo
1798 2935 1956 2990 salus

252 3029 307 3078 et
363 3021 622 3077 omnium
669 3022 928 3092 gentium
980 3022 1296 3079 benedictio
1349 3031 1478 3079 est:
1525 3023 1649 3093 ipsa
1704 3032 1856 3079 terra
1898 3029 1954 3078 et

253 3110 460 3166 civitas
490 3110 548 3165 in
590 3125 708 3180 qua
740 3110 1022 3167 habitavit
1047 3119 1101 3167 et
1134 3125 1339 3180 passus
1370 3119 1473 3179 est,
1520 3111 1951 3181 Scripturarum

252 3198 577 3254 testimonio
620 3207 820 3254 sancta
869 3206 1129 3255 vocatur.
1175 3200 1227 3255 Si
1269 3199 1421 3256 enim
1464 3201 1585 3256 hac
1638 3208 1809 3267 terra,
1858 3198 1952 3255 Dei

252 3286 558 3343 bareditas
585 3294 639 3342 et
669 3287 943 3356 templum
977 3296 1262 3356 sanctum,
1295 3297 1607 3357 antequam
1660 3288 1732 3343 ibi
1760 3288 1955 3343 obam-

252 3375 479 3431 bularet
516 3388 583 3430 ac
611 3383 902 3445 pateretur
930 3377 1229 3443 Dominus,
1264 3378 1321 3432 in
1353 3377 1532 3432 sacris
1557 3383 1611 3433 et
1660 3377 1951 3446 propheti-

251 3464 333 3521 cis
363 3464 587 3536 paginis
615 3464 845 3536 legitur,
878 3465 1017 3536 quid
1053 3466 1388 3530 sanctitatis,
1423 3465 1564 3536 quid
1615 3464 1950 3521 reverentia

250 3552 567 3609 obtinuisse
590 3562 730 3610 tunc
757 3554 1030 3621 creditur,
1059 3566 1189 3610 cum
1222 3556 1375 3610 Deus
1401 3554 1713 3625 majestatis
1744 3553 1952 3610 ibidem

250 3642 677 3712 incorporatur,
711 3643 989 3708 nutritur,
1032 3643 1322 3710 adolescit,
1356 3651 1411 3698 et
1461 3642 1741 3712 corporali
1784 3656 1951 3711 vege-

250 3731 461 3787 tatione
492 3731 600 3787 hac
631 3731 875 3801 iilacque
910 3731 1271 3800 perambulat
1300 3737 1401 3786 aut
1450 3729 1747 3801 gestator?
1776 3738 1850 3795 et,
1888 3737 1953 3786 ut

251 3827 460 3875 cuncta
492 3834 624 3889 qua
657 3820 827 3891 longo
871 3819 1178 3875 verborum
1230 3833 1370 3889 gyro
1420 3818 1646 3873 narrari
1692 3825 1949 3888 possunt,

251 3906 430 3977 digna
463 3907 740 3963 brevitate
782 3907 1195 3976 constringam,
1229 3906 1327 3962 ubi
1375 3905 1499 3961 Filii
1548 3905 1645 3961 Dei
1689 3906 1950 3975 sanguis,

251 3995 393 4050 coelo
432 4002 701 4063 terraque
729 3998 998 4061 sanctudr,
1029 3993 1247 4050 eti'usus
1277 4002 1380 4057 est,
1418 3994 1516 4049 ubi
1567 4007 1793 4062 corpus,
1843 4007 1950 4062 pa-

250 4081 523 4137 ventibus
569 4081 882 4148 elementis,
941 4089 1230 4138 mortuum
1289 4082 1344 4136 in
1391 4081 1655 4151 sepulcro
1704 4080 1946 4151 quievit,

254 4170 396 4238 quid
439 4178 709 4239 putamus
745 4170 1133 4225 venerationis
1151 4169 1438 4225 emeruit?
1462 4168 1538 4234 Si,
1566 4168 1685 4238 ipso
1711 4169 1952 4224 Domino

252 4264 452 4312 nostro
485 4271 682 4312 recens
713 4257 1027 4324 interfecto,
1057 4265 1112 4313 et
1142 4272 1176 4312 a
1218 4257 1430 4313 Judais
1485 4256 1677 4312 adhuc
1722 4257 1952 4312 civitate

252 4358 529 4415 possessa,
560 4353 759 4400 sancta
788 4346 991 4401 civitas
1023 4347 1096 4401 ab
1126 4345 1480 4416 evangelista
1508 4353 1766 4412 vocatur,
1817 4359 1952 4401 cum

252 4432 466 4490 dicitur
500 4448 513 4487 :
544 4433 737 4488 Multa
761 4448 1010 4506 corpora
1044 4437 1371 4489 sanctorum
1428 4433 1529 4506 qui
1571 4432 1947 4501 dormierant,

249 4524 639 4589 surrexerunt,
670 4524 726 4576 et
747 4528 1019 4577 venerunt
1048 4527 1108 4577 in
1135 4526 1400 4578 sanctam
1428 4522 1740 4589 civitatem,
1771 4525 1826 4575 et
1857 4538 1954 4592 ap-

246 4612 569 4682 paruerunt
592 4608 796 4663 multis
829 4610 1064 4677 (Matth.
1104 4625 1284 4677 xxvn,
1319 4612 1446 4681 53);
1495 4618 1549 4665 et
1597 4624 1631 4665 a
1676 4610 1952 4680 propheta

252 4698 402 4754 lsaia
431 4697 642 4754 dicitur
670 4713 682 4752 :
711 4697 842 4752 Erit
870 4699 1198 4769 sepulcrum
1218 4699 1343 4769 ejus
1357 4698 1671 4771 gloriosum
1693 4698 1836 4766 (Isa.
1870 4712 1949 4764 x1,

257 4786 384 4855 i0);
424 4801 557 4841 cum
594 4785 716 4855 ipsa
746 4786 1042 4855 sanctitas,
1076 4787 1290 4843 civitati
1323 4787 1496 4843 semel
1530 4787 1645 4843 Deo
1676 4787 1795 4856 ipse
1826 4800 1955 4841 san-

251 4874 558 4930 ctificatore
587 4888 688 4943 per
717 4876 967 4944 seipsum
1015 4876 1214 4943 indita,
1267 4876 1426 4931 nullo
1484 4875 1633 4930 malo
1668 4886 1950 4943 superve-

252 4962 444 5018 niente
473 4962 763 5017 exinaniri
793 4964 1000 5031 valeat,
1041 4971 1097 5019 et
1134 4964 1331 5020 eodem
1363 4963 1532 5019 modo
1577 4960 1950 5017 indivisibili-

252 5059 339 5107 ter
365 5050 606 5120 sepulcri
640 5050 823 5121 gloria
866 5060 1083 5108 constet
1118 5067 1131 5106 :
1182 5053 1424 5107 summis
1466 5050 1691 5117 studiis,
1746 5049 1950 5104 fratres

252 5138 594 5206 charissimi,
647 5139 807 5195 vobis
851 5140 1263 5196 elaborandum
1304 5147 1408 5205 est,
1453 5145 1518 5194 ut
1560 5138 1833 5193 sanctitas
1876 5136 1952 5193 ci-

251 5227 464 5293 vitatis,
493 5242 560 5283 ac
582 5228 832 5298 sepulcri
859 5229 1061 5300 gloria,
1092 5244 1223 5300 qua
1266 5227 1566 5299 gentilium
1616 5226 1947 5297 frequenta-

253 5314 404 5370 tione
458 5324 745 5385 quantum
796 5317 854 5372 in
903 5319 1038 5388 ipsis
1080 5327 1164 5373 est
1195 5317 1397 5372 crebro
1430 5313 1823 5386 polluiturgsi
1874 5315 1946 5370 ad

251 5403 561 5460 Auctorem
593 5404 747 5463 illius
776 5407 1096 5463 sanctitatis
1117 5414 1172 5463 et
1209 5407 1405 5478 gloria
1446 5403 1731 5475 aspiratis,
1781 5402 1828 5457 si
1877 5418 1946 5459 ea

2058 2934 2224 2990 mina
2251 2937 2632 3003 revertuntur,
2662 2938 2726 2989 ut
2754 2933 2961 2990 iterum
2969 2935 3195 3006 ﬂuant,
3225 2935 3397 3003 juxta
3420 2932 3634 2991 dictum
3671 2931 3772 2987 Sa-

2060 3023 2304 3078 lomonis
2333 3023 2551 3090 (Eccle.
2582 3038 2620 3087 ι,
2656 3026 2733 3092 7),
2768 3023 3081 3093 gloriosum
3125 3023 3292 3077 vobis
3338 3021 3521 3077 videri
3572 3020 3765 3085 debet,

2058 3110 2103 3165 si
2136 3113 2183 3165 ei
2209 3110 2330 3166 loco
2357 3112 2696 3181 repurgium
2728 3111 2954 3181 possitis
2984 3110 3333 3180 impendere,
3370 3109 3520 3165 unde
3568 3106 3768 3176 Bapti-

2059 3198 2259 3254 smatis
2297 3206 2766 3269 purgamentum,
2793 3206 2848 3255 et
2878 3197 3004 3254 ﬁdei
3041 3199 3454 3254 documentum
3483 3209 3585 3250 vos
3627 3209 3766 3250 con-

2057 3287 2197 3343 stitit
2220 3286 2521 3356 accepisse.

2130 3397 2151 3425 ι
2189 3375 2258 3430 Et
2285 3382 2370 3430 est
2395 3375 2555 3431 vobis
2583 3381 2858 3445 praterea
2891 3388 3120 3431 summa
3146 3373 3554 3430 deliberatione
3607 3386 3756 3442 pen-

2058 3464 2327 3530 sandum,
2382 3463 2427 3518 si
2486 3463 2666 3532 ipsam
2715 3471 2959 3518 matrem
3007 3462 3377 3518 ecclesiarum
3422 3461 3758 3527 Ecclesiam,

2057 3552 2221 3608 vobis
2274 3552 2726 3618 elaborantibus,
2774 3551 2846 3606 ad
2890 3550 3338 3608 Christianitatis
3397 3548 3620 3605 cultum
3670 3562 3758 3603 re-

2060 3640 2283 3705 ﬂorere,
2316 3641 2429 3695 Deo
2463 3654 2561 3709 per
2592 3654 2694 3696 vos
2723 3648 2947 3711 agente,
2976 3640 3298 3710 contigerit,
3333 3653 3403 3694 ne
3438 3638 3577 3693 forte
3621 3651 3758 3693 con-

2060 3736 2148 3784 tra
2179 3730 2505 3798 propinqua
2549 3727 2885 3784 Antichristi
2935 3735 3189 3798 tempora
3237 3726 3307 3782 ad
3353 3726 3521 3782 fidem
3568 3733 3764 3794 partes

2058 3815 2302 3873 Orientis
2349 3817 2576 3888 aliquas
2631 3817 2854 3873 restitui
2909 3816 3062 3872 velit.
3097 3815 3463 3885 Perspicuum
3504 3827 3764 3882 namque

2057 3912 2141 3961 est
2201 3905 2618 3961 Antichristum
2671 3920 2783 3960 non
2838 3912 3035 3961 contra
3080 3905 3325 3971 Judaos,
3384 3917 3497 3958 non
3557 3909 3764 3957 contra

2059 3993 2297 4064 gentiles
2329 3993 2475 4049 bella
2510 3993 2819 4058 facturum,
2853 3994 2972 4059 sed,
3009 3994 3182 4063 juxta
3229 3990 3632 4061 etymologiam
3663 3990 3761 4045 sui

2060 4082 2328 4148 nominis,
2360 4081 2715 4139 Christianos
2739 4095 3139 4151 pervasurum.
3170 4082 3258 4145 Et,
3296 4081 3340 4134 si
3368 4079 3761 4135 Antichristus

2060 4170 2267 4225 ibidem
2300 4170 2693 4226 Christianum
2726 4171 3008 4225 neminem
3033 4168 3198 4225 sicuti
3225 4168 3391 4223 hodie
3421 4168 3518 4223 vix
3542 4166 3761 4237 aliquis

2058 4258 2326 4326 habetur,
2359 4258 2634 4325 inveniat,
2668 4272 2783 4313 non
2812 4258 2920 4314 erit
2960 4259 3061 4328 qui
3100 4258 3208 4313 sibi
3252 4257 3597 4326 refragetur,
3650 4263 3758 4312 aut

2059 4361 2234 4418 quem
2259 4348 2392 4417 jure
2424 4347 2710 4416 pervadat.
2741 4347 2919 4402 Juxta
2948 4346 3103 4402 enim
3152 4345 3465 4412 Danielem,
3514 4353 3569 4401 et
3616 4344 3757 4400 Hie-

2058 4449 2367 4504 ronymum
2413 4436 2663 4491 Danielis
2700 4435 3087 4505 interpretem,
3139 4434 3370 4490 fixurus
3414 4441 3497 4489 est
3545 4434 3602 4488 in
3635 4433 3755 4489 Oli-

2058 4524 2174 4580 veti
2209 4532 2400 4580 monte
2430 4524 2690 4591 tentoria,
2719 4532 2774 4579 et
2811 4524 3194 4593 Jerosolymis,
3248 4525 3319 4576 In
3360 4522 3469 4576 Dei
3514 4522 3749 4593 templo,

2060 4616 2339 4684 tanquam
2394 4615 2471 4666 sit
2520 4613 2697 4679 Deus,
2758 4621 2979 4668 certum
3030 4620 3133 4674 est,
3193 4611 3459 4682 Apostolo
3507 4611 3748 4676 dicente,

2059 4702 2215 4773 quod
2240 4702 2432 4757 sedeat
2460 4702 2557 4766 (II
2589 4701 2750 4755 Thes.
2787 4714 2845 4768 ιι,
2892 4702 2967 4768 4),
3011 4707 3066 4755 et
3095 4702 3268 4771 juxta
3310 4699 3574 4756 eumdem
3618 4712 3752 4767 pro-

2057 4788 2313 4859 phetam,
2351 4797 2465 4845 tres
2493 4803 2657 4859 reges
2685 4790 2857 4857 (Dan.
2890 4803 2985 4849 vn,
3030 4790 3142 4857 24),
3188 4788 3421 4859 Egypti
3470 4784 3747 4847 videlicet,

2057 4876 2264 4933 Africa
2294 4891 2359 4933 ac
2382 4877 2711 4946 Ethiopia,
2766 4877 2923 4932 haud
2969 4876 3213 4932 dubium
3257 4876 3400 4948 quin
3451 4888 3549 4944 pro
3593 4871 3756 4928 Chri-

2055 4965 2244 5020 stiana
2273 4965 2381 5021 ﬁde
2407 4966 2622 5034 primos
2663 4965 2992 5021 interficiat.
3024 4965 3184 5031 Quod
3230 4964 3464 5035 quidem
3515 4960 3754 5016 nullate-

2054 5067 2170 5108 nus
2223 5053 2343 5108 fieri
2397 5053 2620 5122 poterit,
2674 5053 2804 5119 nisi,
2855 5051 2953 5108 ubi
3013 5067 3171 5108 nunc
3220 5051 3595 5122 paganismus
3642 5056 3749 5114 est,

2053 5141 2456 5200 Christianitas
2482 5141 2597 5197 ﬁat.
2634 5141 2687 5196 Si
2721 5156 2856 5213 ergo
2890 5142 3117 5211 piorum
3170 5140 3497 5210 praliorum
3541 5139 3753 5194 exerci-

2050 5229 2129 5285 tio
2181 5230 2476 5291 studeatis,
2530 5237 2595 5285 ut
2652 5230 2800 5285 sicut
2849 5230 2921 5284 ab
2966 5228 3329 5297 Jerosolymis
3379 5227 3475 5282 Dei
3534 5226 3751 5281 notitia

2050 5318 2427 5374 seminarium
2458 5318 2774 5388 accepistis,
2821 5318 2900 5373 ita
2933 5318 3047 5373 illic
3100 5323 3379 5373 mutuata
3422 5315 3749 5371 redhibitio-

2054 5417 2184 5459 nem
2221 5404 2419 5475 gratia
2451 5404 2785 5472 restituatis,
2810 5412 2876 5459 ut
2906 5417 3013 5487 per
3034 5417 3135 5459 vos
3161 5396 3367 5459 nomen
3392 5401 3740 5459 catholicum
