3914 6094
17 238 140 290 701

1151 235 1381 293 GESTA
1415 235 1537 291 DEI
1576 234 1719 291 PER
1758 233 2334 291 FRANCOS.—LlB.
2377 233 2451 290 II.

3446 237 3552 290 702

16 379 421 444 propagetur,
451 371 610 442 quod
655 370 991 428 Antichristi
1040 371 1745 440 Antichristianorumque
1781 373 1826 426 A
1857 371 2154 440 pensiones
2180 377 2471 441 coguntur
2500 376 2555 425 et
2596 370 2811 427 tributa
2856 367 3196 438 dependere,
3233 382 3335 437 per
3365 381 3546 438 quas—

16 460 304 529 pertidiae
336 460 676 531 refragetur.
709 460 855 526 Quia
888 475 1002 515 non
1045 460 1326 530 conjicere
1370 467 1549 529 potest
1592 459 1746 529 quod

14 550 219 616 Deus,
281 548 383 620 qui
437 551 840 605 universorum
889 562 1045 618 spem
1089 549 1473 603 exuberantia
1518 549 1747 603 virtutis

13 645 378 707 exsuperat,
414 650 512 707 per
540 636 845 691 scintillam
896 644 1146 691 vestram
1187 645 1360 691 tantm
1401 637 1748 707 paganitatis

13 726 393 782 arundineta
408 733 730 792 consumat,
766 732 828 780 ut
855 726 1191 795 zEgyptum,
1223 724 1493 792 Africam,
1522 724 1747 780 .rEthio-

16 814 341 883 piamque,
400 828 531 883 quae
587 827 622 868 a
679 820 887 869 nostra
936 813 1290 868 credulitatis
1344 814 1748 868 communione

21 902 395 968 desciscunt,
428 902 579 956 intra
624 901 804 972 hujus
850 901 1180 956 rudimenta
1209 901 1351 971 legis
1383 901 1659 969 includat,
1694 909 1749 956 et

18 990 217 1045 homo
274 998 555 1059 peccator,
615 988 771 1045 ﬁlius
828 989 1165 1059 perditionis
1215 989 1441 1059 aliquos
1513 990 1750 1045 rebelles

20 1076 354 1132 inveniat?

117 1188 142 1215 ι
178 1166 256 1221 Ει
281 1179 409 1221 ecce
447 1164 861 1233 Evangelicum
903 1163 1113 1218 clamat
1138 1163 1483 1219 Jerusalem
1530 1164 1751 1218 calcan-

22 1249 179 1304 dam
212 1264 250 1305 a
268 1251 552 1322 gentibus,
580 1252 756 1306 donec
783 1251 1143 1323 impleantur
1170 1252 1470 1307 nationum
1491 1256 1751 1323 tempora

21 1337 203 1407 (Luc.
247 1352 373 1405 xxi,
427 1340 538 1406 24).
594 1338 861 1393 Bifariam
920 1338 1161 1410 intelligi
1205 1336 1444 1410 possunt
1491 1343 1750 1411 tempora

22 1425 372 1495 nationum,
423 1435 523 1482 aut
572 1427 713 1498 quia
760 1427 1103 1483 Christianis
1144 1429 1452 1484 dominatae
1498 1440 1634 1484 sunt
1677 1429 1747 1484 ad

22 1514 347 1584 placitum,
395 1522 453 1576 et
481 1529 586 1584 pro
634 1516 755 1571 suis
798 1515 1135 1572 libidinibus
1175 1517 1599 1586 turpitudinum
1628 1533 1749 1573 om-

20 1604 210 1659 nium
245 1603 549 1660 volutabra
576 1612 803 1660 sectatae
847 1613 1005 1673 sunt,
1055 1614 1110 1661 et
1159 1606 1215 1660 in
1247 1606 1468 1662 cunctis
1498 1607 1589 1661 bis
1619 1608 1747 1663 nul-

20 1690 161 1746 lum
186 1692 411 1748 obicem
460 1693 812 1759 habuerunt,
857 1702 1080 1763 tempus
1122 1695 1273 1749 enim
1320 1709 1491 1750 suum
1535 1696 1745 1751 habere

22 1780 327 1836 dicuntur
352 1781 569 1850 quibus
597 1781 668 1836 ad
720 1789 920 1836 votum
952 1790 1161 1837 cuncta
1186 1792 1513 1853 suppetunt,
1560 1791 1622 1840 ut
1661 1792 1746 1840 est

21 1868 186 1924 illud
225 1868 496 1940 :Tempus
517 1885 705 1923 meum
735 1870 983 1923 nondum
1001 1869 1261 1937 advenit;
1301 1873 1524 1941 tempus
1550 1877 1744 1927 autem

17 1959 293 2011 vestrum
319 1973 546 2028 semper
570 1959 848 2029 paratum
896 1961 977 2012 est
1010 1958 1208 2026 (.Ioan.
1254 1974 1350 2024 vu,
1395 1961 1472 2029 6),
1512 1960 1665 2014 unde
1691 1966 1747 2015 et

20 2045 407 2115 voluptuosis
436 2045 577 2101 solet
609 2046 750 2115 dici;
791 2060 893 2100 vos
926 2046 1144 2102 habetis
1198 2054 1423 2116 tempus
1464 2056 1741 2102 vestrum.

19 2136 152 2189 Aut
215 2146 442 2199 rursus,
499 2133 780 2204 Tempora
828 2133 1133 2188 nationum
1186 2143 1321 2190 sunt
1364 2135 1747 2204 plenitudines

21 2221 335 2287 Gentium,
368 2235 499 2291 quae
523 2230 836 2292 antequam
864 2222 1033 2277 Israel
1056 2223 1252 2279 salvus
1302 2223 1416 2290 ﬁat,
1446 2224 1746 2279 subintra-

21 2316 189 2365 turae
237 2318 394 2365 sunt.
451 2309 583 2365 Haac
621 2317 898 2379 tempora,
944 2310 1147 2366 fratres
1189 2312 1529 2378 charissimi,
1579 2312 1746 2368 modo

24 2397 284 2453 forsitan
338 2397 754 2467 implebantur,
797 2398 934 2454 dum
977 2413 1076 2468 per
1124 2413 1242 2465 vos,
1288 2405 1437 2453 379
1478 2401 1590 2456 Deo
1643 2415 1744 2456 co-

25 2494 340 2555 operante,
390 2499 751 2556 paganorum
804 2487 1067 2556 potentiae
1124 2487 1494 2556 repellentur,
1531 2495 1584 2544 et
1634 2488 1746 2543 ﬁne

27 2573 244 2629 saeculi
269 2573 391 2644 jam
428 2577 773 2645 propinquo,
798 2582 852 2629 et
886 2576 929 2629 si
975 2583 1171 2645 gentes
1210 2576 1466 2632 desinent
1489 2576 1743 2633 converti

27 2663 109 2717 ad
164 2661 499 2730 Dominum,
549 2662 707 2732 quia,
757 2663 930 2733 juxta
977 2664 1332 2733 Apostolum,
1364 2667 1585 2736 Oportet
1608 2665 1747 2733 ﬁeri

26 2750 213 2818 aﬁde
258 2749 663 2806 discessionem
688 2753 775 2821 (II
820 2752 1008 2806 Thess.
1054 2768 1113 2817 ιι,
1157 2754 1229 2823 3).
1266 2753 1520 2809 Primum
1552 2762 1743 2810 tamen

28 2852 273 2894 necesse
313 2846 417 2900 est.
464 2839 637 2910 juxta
683 2839 1011 2909 prophetas,
1056 2848 1187 2896 ante
1225 2841 1534 2897 adventum
1586 2842 1745 2897 Anti-

1787 1648 1828 1704 B

1853 474 1968 529 que
2009 459 2256 515 civitatis
2289 466 2499 528 portas,
2545 473 2644 528 per
2693 457 3060 514 ecclesiarum
3106 464 3161 512 et
3207 456 3545 527 templorum

1852 543 2149 614 ingressus
2185 543 2602 613 redemptiones
2639 542 2963 605 exsolvere;
3012 541 3084 596 ad
3147 555 3412 610 quasque
3478 540 3547 596 de

1853 632 1991 687 locis
2033 632 2106 687 ad
2144 632 2269 687 loca
2311 629 2773 701 demigrationes,
2821 628 3036 683 inﬂicta
3076 628 3332 697 qualibet
3370 642 3547 684 accu—

1853 720 2088 787 satione,
2149 720 2219 775 ad
2275 719 2719 788 redemptionem
2777 715 3158 787 compellere?
3218 716 3356 771 dare
3415 729 3549 770 vero

1856 821 2099 863 munera
2145 808 2544 873 detrectantes,
2595 806 2883 876 quomodo
2938 805 3242 875 gentilium
3302 802 3549 872 praefecti

1853 896 2278 961 consueverint,
2331 896 2666 951 verberibus
2707 894 3059 950 truculenter
3103 892 3350 963 urgere?
3404 891 3552 958 Quid

1855 983 1923 1039 de
1966 985 2056 1040 his
2104 984 2314 1040 dicturi
2369 998 2592 1052 sumus,
2646 982 2748 1053 qui
2794 982 2937 1038 nihil
2993 995 3229 1051 prorsus
3282 981 3554 1036 habentes

1854 1073 2028 1128 nudze
2083 1072 2293 1128 ﬁducia
2343 1072 2714 1142 paupertatis,
2762 1072 2901 1126 dum
2945 1070 3023 1125 nil
3069 1078 3274 1140 praeter
3313 1082 3551 1139 corpora

1854 1161 2126 1218 videntur
2157 1161 2364 1215 habere
2394 1160 2548 1230 quod
2586 1161 2847 1229 perdant,
2894 1160 2999 1214 iter
3041 1158 3183 1213 illud
3225 1156 3554 1226 arripiunt?

1857 1251 2005 1306 Dum
2034 1249 2105 1305 ab
2135 1250 2216 1305 eis
2249 1249 2510 1319 pecunia,
2559 1262 2690 1317 quae
2721 1262 2834 1302 non
2864 1255 2968 1311 est,
3016 1245 3311 1316 suppliciis
3346 1244 3550 1301 intole-

1855 1337 2054 1392 randis
2083 1336 2354 1407 exigitur,
2404 1336 2543 1390 dum
2574 1335 2747 1389 callos
2779 1335 3048 1399 talorum,
3089 1350 3160 1389 ne
3207 1334 3349 1389 forte
3379 1332 3551 1403 quid-

1858 1425 2033 1495 piam,
2077 1423 2155 1480 ibi
2189 1425 2490 1490 insuerint,
2526 1423 2861 1483 dissecando
2891 1437 2957 1477 ac
2984 1422 3306 1477 revellendo
3328 1421 3552 1476 riman-

1852 1518 1970 1580 tur,
2004 1512 2309 1567 crudelitas
2341 1512 2723 1567 nefandorum
2762 1512 2832 1565 ad
2866 1510 2974 1565 hoc
3006 1524 3191 1580 usque
3218 1508 3552 1579 perducitur

1856 1607 1922 1655 ut
1953 1613 2161 1654 aurum
2194 1599 2280 1654 vel
2315 1607 2621 1668 argentum
2665 1598 2901 1652 miseros
2942 1596 3305 1651 absorbuisse
3335 1603 3552 1664 putan-

1861 1696 1958 1753 tes,
1995 1695 2097 1743 aut
2128 1686 2261 1742 data
2288 1686 2345 1742 in
2377 1694 2573 1756 potum
2601 1686 2897 1741 scamonia
2927 1698 3113 1754 usque
3143 1684 3215 1738 ad
3248 1682 3549 1748 vomitum,

1854 1775 1945 1832 vel
1975 1775 2147 1832 etiam
2173 1777 2531 1845 eruptionem
2570 1789 2665 1829 eos
2702 1774 2965 1829 vitalium
2998 1779 3224 1843 urgent,
3260 1770 3348 1827 vel
3381 1770 3547 1836 ferro,

1854 1865 2007 1935 quod
2042 1865 2150 1921 dici
2183 1864 2343 1921 nefas
2372 1869 2475 1932 est,
2512 1862 2765 1918 discissis
2792 1861 3111 1925 ventribus,
3146 1858 3550 1915 intestinorum

1855 1965 2344 2022 quorumcumque
2418 1949 2722 2006 involucra
2774 1949 3179 2013 distendentes,
3263 1944 3551 2016 quidquid

1854 2041 2026 2097 habet
2064 2048 2275 2095 natura
2323 2039 2546 2105 secreti,
2583 2037 2836 2092 horribili
2890 2034 3210 2092 concisione
3258 2033 3547 2103 aperiunt.

1855 2128 2121 2196 Recolite,
2173 2141 2389 2198 precor,
2416 2140 2618 2182 eorum
2661 2126 2842 2180 millia
2886 2123 2988 2194 qui
3024 2122 3426 2179 detestabiliter
3453 2134 3550 2190 pe—

1854 2219 2095 2285 rierunt,
2128 2224 2182 2272 et
2216 2231 2315 2286 pro
2366 2214 2580 2271 sanctis
2624 2214 2757 2269 locis
2808 2213 2977 2283 agite,
3016 2212 3164 2267 unde
3214 2210 3377 2265 vobis
3421 2209 3543 2278 pie-

1855 2305 1984 2362 tatis
2041 2305 2366 2363 rudimenta
2415 2310 2719 2368 venerunt,
2776 2310 2909 2356 ante
2957 2314 3079 2368 vos,
3131 2300 3189 2354 in
3242 2311 3351 2353 sua
3398 2295 3547 2352 bella

1851 2394 2178 2463 mittendos,
2232 2394 2522 2449 Christum
2588 2391 2706 2447 fore
2752 2388 3089 2461 signiferum
3152 2386 3548 2442 indubitanter

1855 2481 2085 2549 credite,
2117 2490 2172 2537 et
2202 2494 2612 2550 praecursorem
2648 2479 3038 2534 individuum.
3078 2497 3099 2523 ι

1926 2570 2041 2642 [V.]
2075 2572 2220 2627 Crux
2238 2569 2491 2623 militum
2517 2565 2869 2623 vestimentis
2896 2563 3179 2638 afﬁgitur.
3204 2591 3277 2604 —
3309 2562 3549 2618 Perora-

1853 2667 2017 2715 verat
2066 2659 2155 2713 vir
2202 2657 2735 2723 excellentissimus,
2786 2663 2841 2709 et
2880 2666 3077 2708 omnes
3127 2650 3230 2722 qui
3263 2664 3321 2705 se
3367 2649 3550 2704 ituros

1853 2756 2152 2815 voverant,
2184 2747 2329 2804 beati
2378 2744 2527 2801 Petri
2561 2750 2830 2815 potestate
2863 2741 3128 2802 absolvit,
3172 2739 3391 2804 eadem,
3426 2736 3550 2806 ipsa

1854 2838 2163 2906 apostolica
2217 2835 2554 2892 auctoritate
2584 2831 2856 2898 ﬁrmavit,
2888 2838 2942 2886 et
2972 2830 3205 2900 signum
3237 2827 3375 2883 satis
3405 2839 3549 2880 con-

30 2926 270 2994 christi,
305 2927 363 2982 in
396 2927 508 2982 illis
547 2928 829 2997 partibus,
872 2936 975 2983 aut
1013 2943 1112 2998 per
1148 2943 1269 2997 vos,
1303 2936 1404 2985 aut
1457 2945 1557 3000 per
1597 2945 1743 3001 quos
1780 2925 1823 2982 C
1849 2925 2087 2981 veniens
2118 2925 2298 2995 hujus
2329 2932 2444 2979 tam
2497 2923 2749 2991 honestae
2788 2918 3153 2990 professionis
3192 2914 3461 2982 instituit,
3492 2920 3549 2970 et

30 3016 155 3071 Deo
187 3015 487 3085 placuerit,
518 3016 782 3072 renovari
827 3016 1271 3073 Christianitatis
1320 3018 1644 3088 imperium,
1678 3027 1742 3074 ut

1853 3014 2027 3069 veluti
2079 3013 2379 3083 cingulum
2421 3011 2656 3077 militiae,
2708 3010 2794 3064 vel
2838 3007 3025 3078 potius
3072 3006 3403 3062 militaturis
3431 3005 3545 3059 Deo

26 3105 307 3160 omnium
340 3105 627 3159 malorum
666 3111 857 3174 caput,
890 3106 991 3175 qui
1028 3104 1239 3161 ibidem
1277 3106 1436 3177 regni
1467 3108 1740 3162 thronum
1850 3102 2131 3173 passionis
2161 3102 2468 3157 Dominicaa
2493 3100 2702 3170 stigma
2751 3097 3001 3163 tradens,
3049 3094 3239 3150 crucis
3274 3093 3542 3164 ﬁguram,

27 3192 356 3247 habiturus
384 3200 486 3260 est,
525 3193 651 3249 ﬁdei
684 3193 907 3263 aliquid
939 3201 1139 3249 contra
1168 3196 1322 3265 quod
1356 3205 1570 3265 pugnet
1591 3208 1745 3265 repe-

27 3281 151 3336 riat
183 3280 630 3336 nutrimentum.

108 3390 139 3417 ‹‹
162 3369 423 3440 Cogitate
456 3370 650 3440 itaque
680 3369 836 3439 apud
883 3383 988 3425 vos
1027 3371 1179 3441 quod
1224 3385 1326 3425 vos
1368 3370 1743 3441 Omnipotens

28 3458 107 3512 ad
146 3458 259 3513 hoc
300 3458 537 3514 fortasse
586 3458 899 3528 provideat,
954 3466 1244 3529 quatenus
1281 3459 1594 3515 Jerusalem
1641 3474 1743 3529 per

23 3559 137 3601 vos
170 3559 209 3599 a
239 3553 397 3600 tanta
428 3546 855 3601 conculcatione
889 3546 1168 3602 resﬁtuat.
1205 3547 1381 3617 Rogo,
1413 3548 1741 3616 perpendite

26 3634 258 3705 quibus
286 3633 556 3689 cordibus
602 3634 817 3705 gaudia
875 3633 974 3690 illa
1013 3641 1279 3704 poterunt
1316 3635 1557 3704 concipi,
1604 3649 1737 3690 cum

23 3730 297 3778 sanctam
375 3721 665 3779 civitatem
736 3731 927 3779 vestro
997 3722 1348 3779 adminiculo
1424 3721 1739 3777 viderimus

25 3810 328 3879 suscitari,
388 3819 444 3867 et
513 3811 846 3881 prophetica
903 3810 1110 3866 nostris
1186 3810 1557 3881 temporibus,
1626 3809 1738 3866 imo

27 3898 277 3956 oracula
303 3898 521 3966 divina,
544 3899 835 3969 compleri.
872 3899 1094 3955 Moveat
1126 3899 1457 3955 memoriam
1486 3904 1737 3954 vestram

26 3987 195 4057 quod
221 4001 359 4043 voce
395 3987 574 4056 ipsius
602 3985 831 4042 Domini
862 3987 935 4042 ad
966 3987 1275 4043 Ecclesiam
1309 3987 1524 4042 dicitur
1554 4001 1567 4041 :
1595 4004 1623 4037 α
1655 3987 1736 4043 Ab

26 4076 268 4132 Oriente
297 4075 581 4132 adducam
614 4089 805 4132 semen
839 4080 1028 4143 tuum,
1074 4084 1129 4132 et
1161 4077 1233 4132 ab
1262 4075 1567 4132 Occidente
1596 4090 1735 4131 con-

30 4164 294 4235 gregabo
344 4170 399 4218 te
430 4165 577 4233 (Isa.
621 4178 776 4232 xuii,
833 4167 910 4234 5).
947 4187 974 4214 ι
1026 4164 1227 4220 Semen
1274 4172 1534 4220 nostrum
1583 4165 1733 4220 Deus

31 4251 288 4308 adduxit
343 4252 415 4308 ab
474 4252 722 4320 Oriente,
780 4255 919 4323 quia
960 4252 1173 4322 duplici
1219 4254 1386 4309 modo
1443 4252 1732 4309 orientalis

34 4338 136 4394 illa
164 4340 470 4409 provincia
494 4340 671 4396 edidit
702 4339 993 4409 primitiva
1043 4340 1395 4395 incrementa
1432 4339 1597 4395 nobis
1632 4340 1735 4394 Ec-

31 4426 246 4484 clesiae.
290 4426 396 4484 Sed
447 4429 520 4483 ab
568 4427 871 4483 Occidente
908 4442 1034 4483 eam
1074 4430 1405 4498 congregat,
1449 4428 1588 4483 dum
1636 4441 1738 4496 per

31 4530 129 4571 eos
157 4516 263 4587 qui
308 4515 512 4577 ultimi,
559 4516 689 4571 ﬁdei
742 4516 1085 4572 documenta
1114 4525 1429 4587 cmperunt,
1471 4515 1735 4572 occiden-

29 4605 177 4659 tales
229 4603 445 4660 scilicet
491 4603 671 4674 (quod
717 4618 817 4673 per
866 4619 985 4671 vos,
1048 4614 1352 4675 przestante
1412 4606 1543 4672 Deo,
1614 4603 1737 4659 ﬁeri

30 4704 195 4760 posse
228 4694 542 4763 putamus),
574 4692 1050 4761 Jerosolymitana
1078 4694 1292 4749 damna
1324 4702 1626 4750 restaurat.

102 4800 132 4827 «
166 4779 223 4835 Si
281 4778 706 4848 Scripturarum
756 4794 860 4836 vos
914 4795 1030 4837 non
1082 4782 1338 4838 excitant
1397 4781 1569 4848 dicta,
1629 4796 1735 4836 nec

30 4877 231 4924 nostra
293 4875 512 4923 vestros
563 4869 790 4925 animos
855 4877 1157 4939 penetrant
1223 4872 1460 4938 monita,
1528 4873 1738 4925 excitet

30 4957 235 5013 saltem
282 4969 385 5011 vos
427 4969 624 5013 eorum
659 4958 758 5028 qui
799 4966 999 5013 sancta
1047 4958 1169 5014 loca
1212 4959 1370 5014 adire
1413 4958 1737 5013 desiderant

31 5058 253 5116 magna
275 5043 524 5100 miseria.
558 5045 892 5114 Perpendite
923 5059 1019 5100 eos
1048 5047 1148 5116 qui
1191 5045 1650 5116 peregrinantur,
1681 5052 1737 5101 et

35 5147 135 5202 per
195 5132 615 5189 Mediterranea
667 5133 802 5189 illuc
857 5133 1104 5202 vadunt,
1155 5134 1440 5204 siquidem
1497 5133 1739 5204 opulen—

32 5222 206 5277 tiores
268 5230 425 5288 sunt,
475 5221 712 5291 quantis
758 5221 1256 5289 redhibitionibus,
1319 5224 1555 5291 quantis
1608 5223 1737 5276 vio-

34 5308 228 5365 lentiis
278 5310 595 5381 subjarent,
648 5309 790 5365 dum
850 5322 995 5379 pene
1046 5323 1147 5380 per
1205 5310 1438 5380 singula
1484 5309 1734 5365 millaria

105 5466 250 5535 (31‘)
283 5465 604 5523 Ademarus
627 5465 752 5522 sive
772 5466 1062 5537 Aymarus
1089 5467 1554 5539 nuncupabatur.

1846 3204 1920 3248 ex
1949 3190 2253 3262 cujuslibet
2284 3188 2534 3245 materiae
2568 3185 2764 3257 panni,
2801 3185 3033 3252 tunicis,
3066 3183 3253 3253 byrris
3275 3190 3329 3237 et
3360 3179 3548 3250 palliis

1851 3279 2155 3340 iturorum,
2188 3278 2342 3334 assui
2376 3275 2692 3332 mandavit.
2722 3274 2885 3341 Quod
2933 3273 2980 3329 si
3027 3272 3179 3342 quis,
3214 3277 3337 3340 post
3368 3268 3546 3339 hujus

1848 3367 1999 3437 signi
2041 3366 2446 3436 acceptionem,
2500 3371 2600 3420 aut
2634 3372 2755 3434 post
2800 3361 3085 3417 evidentis
3115 3359 3230 3415 voti
3268 3357 3543 3427 pollicita-

1848 3456 2080 3524 tionem,
2113 3456 2186 3511 ab
2220 3456 2324 3510 ista
2363 3453 2779 3519 benevolentia,
2831 3464 3010 3520 prava
3034 3448 3410 3518 paenitudine,
3443 3451 3544 3500 aut

1847 3545 2178 3615 aliquorum
2222 3542 2349 3614 [al.,
2380 3541 2598 3612 aliqua]
2649 3553 2888 3596 suorum
2929 3536 3227 3593 affectione
3278 3533 3539 3599 resiliter,

1847 3640 1913 3690 ut
1958 3632 2122 3689 exlex
2160 3638 2430 3700 perpetuo
2478 3629 2790 3684 haberetur
2817 3625 3050 3683 omnino
3097 3624 3387 3693 praecepit,
3432 3619 3542 3675 nisi

1846 3721 2199 3789 resipisceret
2219 3735 2237 3787 ;
2283 3717 2549 3787 idemque
2578 3715 2731 3787 quod
2771 3714 3038 3769 omiserat
3066 3711 3213 3768 fuede
3244 3715 3538 3778 repeteret.

1846 3808 2125 3864 Praeterea
2174 3820 2373 3862 omnes
2417 3805 2541 3859 illos
2587 3802 2764 3858 atroci
2807 3800 3104 3857 damnavit
3154 3798 3538 3864 anathemate,

1846 3897 1948 3967 qui
1992 3909 2191 3951 eorum
2235 3892 2540 3959 uxoribus,
2578 3891 2728 3957 ﬁliis,
2784 3897 2887 3945 aut
2935 3886 3402 3958 possessionibus,
3439 3883 3541 3954 qui

1844 3986 1952 4041 hoc
1997 3984 2093 4040 Dei
2138 3984 2243 4039 iter
2284 3981 2762 4052 aggrederentur,
2814 3992 2914 4047 per
2963 3978 3254 4047 integrum
3309 3973 3539 4031 triennii

1844 4081 2089 4144 tempus,
2121 4071 2436 4127 molestiam
2481 4069 2760 4124 auderent
2795 4066 3026 4123 inferre.
3059 4065 3144 4120 Ad
3189 4071 3538 4129 extremum,

1843 4162 2072 4218 cuidam
2104 4160 2227 4215 viro
2256 4158 2597 4215 omnimodis
2630 4157 2899 4213 laudibus
2915 4153 3220 4220 efferendo,
3256 4150 3545 4208 Podiensis

1847 4251 2008 4307 urbis
2051 4250 2331 4319 episcopo,
2366 4247 2537 4318 cujus
2578 4261 2787 4302 nomen
2832 4244 2993 4299 doleo
3031 4242 3171 4313 quia
3214 4254 3400 4311 neque
3440 4254 3543 4295 us-

1846 4353 2023 4410 quam
2054 4337 2239 4408 reperi
2267 4337 2428 4407 (31'),
2469 4350 2575 4392 nec
2612 4335 2831 4401 audivi,
2879 4346 3082 4388 curam
3131 4343 3306 4399 super
3342 4328 3542 4385 eadem

1844 4427 2202 4497 expeditione
2279 4424 2531 4495 regenda
2574 4423 2835 4489 contulit,
2906 4430 2961 4477 et
3015 4421 3160 4476 vices
3220 4432 3356 4474 suas
3414 4415 3540 4487 ipsi,

1844 4530 2019 4586 super
2046 4514 2355 4572 Christiani
2379 4511 2574 4582 populi
2622 4525 2977 4581 quocunque
3016 4508 3278 4563 venirent
3308 4504 3539 4560 institu-

1841 4605 2010 4670 tione,
2061 4601 2361 4659 commisit.
2414 4600 2569 4656 Unde
2597 4607 2651 4655 et
2692 4611 2899 4654 manus
2926 4599 2997 4663 ei,
3058 4610 3214 4651 more
3252 4592 3543 4664 apostolo-

1843 4706 1995 4759 rum,
2026 4692 2157 4747 data
2189 4691 2402 4760 pariter
2451 4688 2857 4753 benedictione,
2912 4684 3201 4754 imposuit.
3248 4682 3405 4746 Quod
3449 4681 3541 4737 ille

1844 4795 2021 4852 quam
2048 4786 2329 4850 sagaciter
2362 4779 2433 4834 sit
2475 4784 2803 4843 exsecutus,
2847 4775 3008 4831 docet
3046 4772 3327 4828 mirabilis
3354 4770 3541 4841 operis

1845 4871 1984 4926 tanti
2017 4869 2228 4925 exitus.

2506 4952 2738 5009 CAPUT
2781 4951 2871 5005 IlI.

1914 5044 2057 5115 [VL]
2088 5041 2397 5112 Expeditio
2437 5039 2938 5111 Jerosolymituna.
2970 5069 3039 5077 —
3070 5036 3394 5093 Terminato
3426 5034 3540 5091 ita-

1844 5147 1959 5203 que
1983 5132 2243 5197 concilio,
2289 5132 2444 5201 quod
2489 5128 2833 5187 Claromonti
2881 5127 3161 5194 habitum,
3192 5126 3344 5181 circa
3382 5124 3542 5180 Beati

1844 5221 2070 5278 Martini
2113 5229 2365 5286 octavas,
2411 5219 2719 5276 Novembri
2764 5231 2954 5273 mense
3001 5215 3360 5280 consederat,
3408 5227 3535 5268 ma-

1846 5327 1996 5382 gnus
2034 5325 2135 5382 per
2181 5311 2482 5367 universas
2519 5309 2774 5365 Francia;
2807 5314 2998 5378 partes
3036 5319 3239 5362 rumor
3283 5312 3537 5361 emanat.
