3920 6080
356 206 459 259 703

1257 202 1318 255 V.
1359 203 1689 260 GUIBERTI
1729 203 2022 260 ABBATIS
2059 205 2120 260 S.
2171 204 2408 259 ΜΑΒΙΑΞ
2445 204 2536 257 DE
2575 203 2960 262 NOVIGENTO
3753 208 3841 258 703

356 349 411 398 et
464 341 714 412 quisque
759 341 831 396 ad
887 353 1058 410 quem
1107 339 1292 409 primo
1342 339 1626 409 pontilicis
1674 348 2040 411 praeceptum,
2082 342 2129 395 Α
2229 341 2345 396 Nec
2380 341 2521 396 illud
2572 341 2767 396 minus
2818 339 3127 395 ridiculum
3169 339 3324 409 quod
3369 339 3446 394 hii
3489 339 3844 409 plerumque,

357 431 678 499 praevolans
739 429 892 483 fama
940 428 1242 495 detulerat,
1288 429 1356 484 de
1407 430 1774 498 proponenda
1816 429 1922 485 Via
1954 430 2050 485 Dei

356 519 458 588 (sic
501 518 653 572 enim
711 517 1135 572 antonomasice
1185 517 1545 586 vocabatur),
1591 519 1889 588 contiguos
1943 518 2051 573 sibi

354 620 422 660 ac
473 605 779 660 familiares
836 620 1097 675 quosque
1143 607 1424 662 sollicitat.
1474 610 1599 662 Jam
1657 607 2050 662 Palatinorum

356 693 627 748 comitum
694 695 989 762 pruriebat
1034 694 1290 762 intentio,
1339 703 1393 750 et
1449 696 1812 751 mediocritas
1865 710 2050 766 eque—

354 781 558 837 strium
613 782 870 837 virorum
919 783 1209 852 parturire
1253 784 1372 854 jam
1411 793 1673 853 cmperat,
1721 799 1853 839 cum
1899 798 2046 850 ecce,

355 883 671 938 pauperum
703 871 1035 926 animositas
1064 873 1238 927 tantis
1283 873 1352 927 ad
1390 855 1493 928 hoc
1541 873 1729 943 ipsum
1759 873 2051 928 desideriis

353 958 655 1027 aspiravit,
711 967 774 1014 ut
832 974 1032 1015 eorum
1091 975 1258 1016 nemo
1312 962 1379 1016 de
1438 976 1716 1017 censuum
1768 961 2049 1031 parvitate

353 1053 641 1114 tractaret,
688 1048 755 1103 de
794 1049 1118 1116 domorum,
1171 1051 1474 1105 vinearum
1512 1059 1565 1106 et
1595 1065 1869 1121 agrorum
1909 1064 2048 1104 con-

353 1136 580 1204 gruenti
625 1136 994 1192 distractione
1041 1138 1297 1201 duraret,
1331 1138 1426 1192 sed
1467 1139 1706 1207 optimos
1753 1138 2049 1206 possessio-

353 1239 496 1279 num
548 1233 824 1294 quzestus,
903 1226 1082 1280 multo
1135 1226 1388 1294 pauciori
1460 1226 1640 1295 pretio
1707 1226 2042 1292 venditaret,

351 1327 529 1384 quam
586 1314 630 1368 si
685 1328 886 1368 eorutn
934 1329 1224 1384 quemque
1282 1313 1643 1369 ferocissimae
1698 1315 2048 1384 captivitatis

351 1416 547 1458 carcer
603 1402 937 1467 includeret,
1002 1405 1102 1472 qui
1157 1404 1546 1458 necessitatem
1603 1403 1910 1458 celerrima
1962 1419 2047 1459 re-

350 1491 690 1560 demptionis
733 1491 1024 1547 indiceret.
1075 1493 1209 1547 Erat
1237 1506 1302 1546 ea
1335 1500 1684 1560 tempestate,
1721 1505 1822 1560 pro
1868 1506 2047 1562 gene-

352 1580 456 1635 rali
491 1580 822 1642 defectione,
866 1581 1101 1651 frugum
1141 1581 1312 1636 etiam
1362 1581 1516 1649 apud
1564 1580 1796 1636 ditiores
1836 1595 2046 1651 magna

352 1673 500 1722 380
557 1669 817 1739 penuria,
868 1684 1024 1736 cum,
1074 1671 1175 1725 etsi
1215 1669 1512 1738 aliquibus
1554 1669 1764 1738 passim
1810 1670 2051 1724 emenda

351 1766 736 1827 suppeterent,
771 1758 933 1813 nulla
969 1767 1156 1813 tamen
1205 1766 1304 1814 aut
1345 1758 1449 1812 vix
1479 1757 1859 1827 aliqua'unde
1888 1773 2046 1814 eme-

349 1853 550 1901 rentur
609 1847 899 1902 haberent.
948 1848 1073 1901 Jam
1127 1847 1362 1916 inopum
1421 1861 1622 1917 greges
1653 1847 2047 1903 addidicerant

353 1935 664 1990 herbarum
714 1944 913 2005 sponte
983 1935 1339 1990 nascentium
1411 1935 1670 1990 victitare
1731 1935 2043 2002 radicibus,

352 2024 490 2080 dum
528 2024 691 2093 panis
733 2024 1012 2079 rarissimi
1053 2025 1406 2094 parcitatem,
1450 2025 1825 2093 qumsitarum
1865 2025 2043 2079 unde-

351 2127 584 2182 cunque
631 2127 891 2168 escarum
942 2112 1130 2168 edulio
1210 2112 1579 2182 propensiore
1652 2121 2042 2182 compensant.

350 2202 687 2257 Imminebat
721 2201 886 2270 plane
934 2202 1106 2257 etiam
1150 2201 1530 2271 potentiorum
1575 2201 1875 2256 obtutibus
1923 2216 2044 2256 om-

351 2290 512 2346 nium
539 2290 914 2345 aestimatione
945 2289 1302 2345 conclamata
1348 2289 1600 2355 miseria,
1644 2297 1698 2344 et
1738 2289 1876 2344 dum
1921 2291 2045 2345 sin-

353 2376 526 2446 gulus
555 2377 814 2446 quilibet,
863 2377 1025 2447 vulgi
1071 2376 1296 2432 minimi
1342 2390 1440 2445 per
1475 2377 1764 2432 crudelem
1797 2377 2042 2433 inediam

351 2465 673 2520 considerat
697 2465 992 2534 torsiones,
1040 2465 1251 2521 indicta
1294 2465 1397 2520 sibi
1432 2465 1790 2535 parcimonia
1821 2467 2046 2537 magnis

351 2553 642 2608 elaborare
680 2553 990 2608 sudoribus
1024 2553 1247 2620 metuit,
1303 2567 1374 2608 ne
1413 2561 1650 2623 sumptu
1701 2554 1852 2609 facili
1893 2554 2044 2609 dila-

352 2639 622 2708 pidentur
667 2653 821 2708 opes.
873 2641 1194 2695 Avarorum
1245 2640 1540 2695 sitibunda
1577 2641 1907 2709 praecordia,
1942 2641 2044 2711 qui

353 2733 606 2795 tempora
661 2727 1008 2782 laetabantur
1061 2727 1314 2782 cruentis
1387 2728 1642 2783 arridere
1705 2728 2038 2798 femoribus,

353 2813 492 2868 dum
540 2814 758 2869 modios
807 2815 908 2870 diu
949 2823 1190 2871 servatae
1235 2815 1420 2886 frugis
1453 2816 1778 2884 intendunt,
1826 2819 2043 2873 crebris

2163 445 2309 500 quos
2341 430 2501 485 nulla
2531 430 2722 485 adhuc
2749 429 2930 485 eundi
2949 429 3219 484 voluntas
3260 429 3547 498 attigerat,
3577 430 3721 482 dum
3769 428 3851 482 ho-

2161 518 2250 573 die
2282 533 2454 587 super
2480 517 2808 573 omnimoda
2840 517 3085 572 aliorum
3126 517 3452 571 venditione
3484 517 3848 576 cachinnant,

2160 608 2299 662 dum
2333 621 2428 662 eos
2469 607 2671 661 misere
2722 607 2901 661 ituros
2941 605 3324 674 miseriusque
3365 605 3649 660 redituros
3700 605 3848 659 affir-

2160 705 2339 762 mant,
2380 696 2434 750 in
2469 695 2787 750 crastinum
2846 695 3147 762 repentino
3197 694 3469 749 instinctu
3522 707 3622 762 pro
3657 692 3850 762 paucis

2158 783 2477 839 nummulis
2531 797 2638 838 sua
2691 791 2807 838 tota
2864 783 3169 850 tradentes,
3246 797 3378 837 cum
3440 783 3519 837 eis
3585 782 3850 851 proﬁsce-

2159 872 2373 927 bantur
2404 886 2549 942 quos
2581 872 2844 927 riserant.

2156 1010 2294 1077 Quis
2324 1025 2547 1080 pueros,
2583 1011 2682 1081 qui
2713 1011 2864 1067 dicat
2890 1025 3039 1066 anus
3070 1011 3141 1066 ad
3173 1010 3321 1066 bella
3350 1011 3604 1066 moveri?

2228 1101 2364 1163 Quis
2394 1100 2520 1169 quit
2553 1100 2840 1170 virgineas
2870 1113 3252 1154 annumerare
3280 1101 3523 1153 manus?

2157 1187 2296 1251 Quis
2328 1188 2534 1244 referat
2565 1188 2786 1243 senium
2819 1188 3038 1257 trepida
3058 1190 3338 1258 gravitate
3371 1185 3680 1242 fatiscens?

2157 1275 2311 1330 Bella
2339 1285 2556 1331 canunt
2580 1291 2798 1343 omnes,
2831 1291 2936 1332 nec
2964 1291 3022 1331 se
3050 1289 3307 1346 pugnare
3339 1275 3610 1330 fatentur.

2157 1365 2491 1434 Martyrium
2521 1365 2824 1433 spondent,
2861 1363 3066 1435 gladiis
3101 1365 3187 1418 vel
3221 1364 3363 1418 colla
3389 1363 3648 1417 daturos.

2162 1471 2182 1498 ι
2221 1450 2334 1506 Vos
2359 1450 2620 1521 juvenes,
2652 1454 2833 1518 aiunt,
2870 1453 3138 1506 manibus
3171 1451 3484 1514 tractabitis
3514 1463 3682 1504 enses

2158 1540 2230 1594 At
2261 1554 2364 1595 nos
2398 1540 2488 1596 hic
2513 1541 2677 1596 liceat
2709 1541 2996 1596 Christum
3033 1540 3324 1596 tolerando
3355 1540 3580 1594 mereri.
3611 1560 3641 1586 ν

2235 1683 2386 1738 Licet
2429 1684 2581 1738 enim
2625 1683 3048 1739 aemulationem
3088 1682 3185 1738 Dei
3237 1682 3447 1737 habere
3493 1681 3852 1746 viderentur,

2156 1772 2254 1827 sed
2289 1787 2402 1826 non
2442 1772 2760 1828 secundum
2788 1771 3104 1838 scientiam,
3139 1779 3327 1826 tatnen
3363 1771 3511 1824 Deus
3539 1771 3644 1839 qui
3678 1769 3857 1824 multa

2152 1873 2302 1915 vane
2353 1868 2537 1929 coepta
2591 1861 2663 1915 ad
2740 1862 2898 1930 pium
2955 1860 3289 1929 intorquere
3321 1857 3625 1913 consuevit
3661 1858 3853 1922 ﬁnem,

2154 1947 2511 2018 simplicibus
2545 1949 2772 2004 illorum
2824 1949 3033 2003 animis
3063 1946 3436 2016 comparavit,
3471 1960 3541 2000 ex
3573 1959 3683 2000 sua
3719 1945 3856 2014 ipso—

2155 2052 2286 2093 rum
2317 2038 2465 2092 bona
2496 2036 2826 2104 intentione,
2864 2037 3125 2092 salutem.
3157 2036 3389 2093 Videres
3425 2037 3638 2089 mirum
3686 2035 3854 2103 quid-

2153 2126 2306 2193 dam,
2355 2132 2409 2181 et
2450 2125 2618 2195 plane
2658 2127 2816 2196 joco-
2835 2125 3216 2194 aptissimum,
3264 2137 3543 2192 pauperes
3595 2121 3855 2176 videlicet

2155 2215 2435 2285 quosdam
2469 2214 2653 2269 bobus
2694 2214 2877 2269 biroto
2922 2212 3225 2283 applicitis,
3257 2211 3588 2279 eisdemque
3618 2210 3677 2264 in
3728 2225 3852 2264 mo—

2153 2303 2293 2358 dum
2336 2317 2623 2372 equorum
2670 2302 2916 2370 ferratis,
2962 2301 3368 2356 substantiolas
3411 2314 3541 2354 cum
3592 2298 3854 2367 parvulis

2153 2391 2213 2447 in
2245 2405 2488 2447 carruca
2526 2391 2875 2460 convehere;
2925 2399 2979 2446 et
3016 2391 3165 2459 ipsos
3207 2388 3541 2453 infantulos,
3581 2388 3724 2442 dum
3755 2386 3850 2440 ob-

2153 2481 2307 2537 viam
2363 2480 2577 2535 habent
2625 2479 2894 2549 quzelibet
2940 2478 3170 2533 castella
3217 2477 3307 2532 vel
3361 2477 3550 2542 urbes,
3628 2475 3677 2530 si
3735 2475 3855 2530 hac

2151 2575 2294 2624 esset
2323 2566 2658 2632 Jerusalem,
2693 2566 2763 2621 ad
2796 2580 2974 2636 quam
3008 2565 3301 2620 tenderent
3329 2565 3595 2634 rogitare.

2225 2655 2401 2728 [νη]
2431 2657 2579 2709 Cum
2608 2658 2816 2709 cuncta
2840 2655 2985 2708 bello
3001 2655 3294 2721 arderent,
3323 2656 3603 2719 actutum,
3628 2650 3856 2704 indicta

2151 2760 2190 2798 a
2216 2761 2437 2798 summo
2462 2744 2731 2814 pontiﬁce
2759 2743 3106 2814 expeditione
3133 2741 3644 2813 Jerosolymitana,
3679 2740 3858 2806 fuere

2152 2833 2448 2889 exstincta.
2507 2864 2576 2872 —
2621 2834 2759 2888 Erat
2817 2848 2882 2889 eo
2939 2839 3192 2902 tempore
3232 2839 3544 2900 antequam
3590 2830 3856 2900 gentium

353 2917 636 2958 annorum
679 2917 986 2960 numerare
1019 2904 1348 2959 recursibus
1377 2912 1636 2974 pensant,
1675 2905 1815 2975 quid
1845 2921 1935 2976 ειη

2182 2923 2314 2977 ieret
2343 2929 2500 2977 tanta
2531 2921 2816 2991 profectio,
2866 2922 3132 2976 maximis
3168 2921 3236 2975 ad
3282 2921 3527 2975 invicem
3572 2918 3856 2974 hostilita-

352 2992 558 3047 addere
598 2993 833 3062 possint,
881 3006 949 3048 ea
993 2993 1247 3057 vendita,
1275 2992 1643 3049 cumulandis
1669 2994 2046 3064 pecuniarum

351 3081 662 3138 montibus.

423 3171 643 3226 interea
671 3169 808 3226 dum
835 3170 910 3225 illi
936 3171 1290 3239 cruciantur,
1338 3171 1416 3226 hii
1449 3171 1731 3238 ambiunt,
1767 3179 1997 3243 repente
2029 3187 2042 3226 :

357 3281 377 3307 ι
432 3259 489 3314 in
537 3258 743 3328 spiritu
808 3258 1126 3316 vehementi
1204 3267 1500 3315 conterens
1571 3274 1747 3315 naves
1813 3261 2047 3317 Tharsis

349 3347 530 3416 (Psat.
585 3363 758 3412 XLVII,
783 3349 860 3418 6).
895 3368 916 3396 ι
964 3362 1063 3418 per
1102 3347 1362 3403 omnium
1394 3363 1536 3418 pene
1569 3349 1895 3404 animorum
1937 3364 2043 3404 au-

348 3450 439 3492 res
485 3437 745 3492 Christus
800 3437 1065 3504 intonuit,
1115 3444 1170 3492 et
1227 3437 1274 3492 is
1326 3437 1426 3507 qui
1474 3438 1665 3493 educit
1716 3439 1938 3493 vinctos
1983 3439 2042 3493 in

350 3525 682 3580 fortitudine
710 3525 882 3595 (Psat.
929 3540 1099 3590 vau,
1140 3527 1196 3594 7)
1228 3525 1620 3593 adamantina,
1653 3526 1868 3596 quibus
1900 3527 2039 3582 irre-

351 3615 640 3670 tiebantur
665 3614 1092 3684 desperatorum
1128 3614 1426 3670 hominum
1474 3615 1666 3680 corda,
1713 3615 2042 3685 cupiditatis

349 3703 541 3759 vincla
571 3703 839 3773 disrupit,
889 3705 1032 3758 Cum
1074 3703 1248 3771 enim,
1294 3710 1358 3758 ut
1397 3703 1663 3772 superius
1706 3703 1848 3771 dixi,
1899 3704 2041 3760 illud

349 3793 544 3847 minus
592 3792 772 3848 fertile
817 3798 1042 3861 tempus
1088 3792 1348 3847 omnium
1406 3792 1755 3848 substantias
1797 3801 2043 3848 coarcta-

350 3889 454 3948 ret,
497 3881 636 3936 dum
685 3881 756 3935 ad
799 3887 1178 3948 spontaneum
1229 3881 1685 3936 innumerabiles
1733 3881 2040 3936 animasset

349 3969 640 4034 exsilium,
684 3969 923 4022 diversae
963 3968 1344 4037 plurimorum
1381 3968 1554 4036 copiae
1602 3967 1940 4022 deferuntur
1982 3969 2039 4022 in

351 4057 602 4112 medium
631 4064 686 4111 et
716 4071 846 4125 quae
876 4056 1052 4111 chara
1103 4055 1462 4121 videbantur,
1499 4055 1639 4110 dum
1689 4055 1884 4110 nullus
1915 4071 2040 4112 mo-

351 4151 518 4198 vetur
576 4143 897 4208 hominum,
956 4143 1252 4198 commotis
1303 4143 1373 4197 ad
1435 4143 1542 4197 hoc
1588 4143 1695 4198 iter
1750 4143 2036 4212 omnibus,

2156 3011 2310 3067 tibus
2341 3012 2513 3066 totius
2547 3011 2902 3065 Francorum
2949 3010 3111 3079 regni
3156 3009 3305 3064 facta
3344 3007 3613 3071 turbatio,
3645 3007 3854 3062 crebra

2155 3099 2373 3169 ubique
2419 3098 2738 3166 latrocinia,
2795 3099 3020 3154 viarum
3071 3098 3336 3154 obsessio.
3389 3096 3605 3152 Passim
3659 3096 3852 3150 audie-

2153 3187 2386 3255 bantur,
2432 3188 2546 3242 imo
2581 3188 2791 3243 fiebant
2831 3187 3092 3242 incendia
3142 3187 3386 3252 infinita,
3425 3185 3599 3240 nullis
3644 3193 3854 3253 printer

2151 3277 2272 3333 sola
2346 3284 2400 3332 et
2478 3276 2757 3331 indomita
2837 3275 3150 3345 cupiditate
3227 3274 3603 3330 existentibus
3657 3273 3848 3326 causis

2151 3366 2601 3422 exstruebantur
2646 3364 2859 3434 praelia,
2905 3372 2960 3420 et
3004 3372 3068 3420 ut
3113 3364 3272 3419 brevi
3329 3371 3508 3417 totum
3549 3361 3842 3426 claudam,

2151 3453 2437 3524 quidquid
2467 3454 2760 3509 obtutibus
2784 3452 3129 3522 cupidorum
3157 3451 3504 3523 subjacebat,
3553 3463 3848 3519 nusquam

2150 3543 2495 3599 attendendo
2547 3543 2718 3612 cujus
2764 3549 2925 3604 esset,
2979 3541 3186 3611 praedae
3238 3541 3481 3610 patebat.
3521 3539 3652 3594 Mox
3711 3552 3848 3607 ergo

2147 3640 2203 3688 et
2233 3632 2380 3687 mira
2395 3639 2450 3686 et
2481 3630 2798 3686 incredibili
2819 3629 2890 3686 ob
2914 3629 3482 3699 inseparabilitatem,
3517 3627 3847 3682 animorum

2149 3721 2550 3776 immutatione
2599 3719 2883 3788 commoti,
2963 3719 3195 3789 signum
3251 3716 3531 3786 pontilicis
3586 3714 3846 3785 praedicti

2150 3810 2526 3879 praeceptione.
2558 3807 2858 3873 indictum,
2889 3821 3088 3863 cruces
3133 3805 3414 3872 videlicet,
3462 3804 3534 3859 ab
3567 3803 3849 3873 episcopis

2146 3906 2202 3953 et
2241 3897 2586 3968 presbyteris
2630 3895 2737 3951 sibi
2782 3903 3091 3965 precantur
3136 3894 3368 3963 imponi.
3416 3893 3480 3947 Et
3519 3892 3688 3947 sicuti
3747 3905 3844 3946 ra-

2147 3985 2425 4054 pidissimi
2503 3983 2654 4038 venti
2709 3983 2958 4052 impetus
3007 3983 3145 4037 solet
3194 3996 3308 4036 non
3366 3995 3576 4050 magna
3633 3980 3849 4049 pluviae

2149 4073 2307 4127 unda
2340 4071 2630 4142 restringi,
2678 4071 2755 4126 ita
2796 4070 2944 4125 illico
2975 4069 3213 4140 contigit
3263 4069 3334 4124 ad
3367 4069 3612 4124 invicem
3641 4067 3848 4121 simul-

2147 4167 2289 4216 tates
2335 4160 2739 4216 universorum
2787 4166 2841 4214 et
2889 4158 3036 4214 bella
3077 4157 3271 4227 sopiri,
3316 4171 3418 4227 per
3466 4156 3707 4213 inditam
3738 4155 3847 4210 sibi

349 4231 450 4326 Ῡίιί
501 4231 680 4326 Ριςθῐξο
725 4231 1041 4326 ῑΐὸἀαῄῐιῐιξτ
1087 4230 1618 4326 γθιιιιηιο-Οωηψιθ
1661 4233 1826 4326 mum
1859 4247 2040 4326 11θὲοή
2078 4272 2122 4326 D
2149 4250 2575 4320 aspirationem,
2610 4247 2764 4303 haud
2796 4247 3038 4303 dubium
3071 4247 3212 4317 quin
3241 4246 3471 4301 Christi.

350 4321 494 4376 tium
548 4319 726 4390 hujus
780 4320 1140 4389 profectionis
1195 4320 1530 4387 accelerant,
1594 4328 1658 4377 ut
1715 4323 1899 4379 unicae
1960 4323 2041 4378 rei

349 4408 611 4478 exemplo
648 4423 847 4464 eorum
889 4423 1020 4478 quae
1067 4407 1467 4464 vendebantur
1501 4409 1723 4465 subitas
1765 4418 1820 4466 et
1851 4413 2039 4481 inspe-

350 4505 505 4554 ratas
551 4496 798 4554 vilitates
833 4497 1176 4566 exprimam,
1223 4497 1377 4566 quod
1409 4497 1699 4554 insolitum
1741 4498 1898 4554 dictu
1930 4507 2036 4565 est,

351 4587 613 4656 quinque
641 4585 1014 4641 denariorum
1059 4584 1257 4654 pretio,
1306 4593 1519 4655 septem
1569 4586 2041 4643 distrahebantur

350 4689 502 4731 oves.
550 4675 992 4730 Frumentorum
1034 4673 1131 4728 illa
1176 4673 1434 4742 defectio,
1470 4675 1803 4730 vertebatur
1842 4675 1901 4730 in
1945 4690 2038 4731 co-

351 4763 526 4833 piam,
570 4771 624 4818 et
652 4763 962 4820 dummodo
999 4769 1263 4832 suppetat
1295 4763 1505 4833 cuique
1549 4765 2041 4833 quantulamcun-

352 4843 467 4922 que
505 4867 741 4922 quoque
781 4860 944 4922 pacto
981 4865 1330 4922 congregare
1374 4852 1695 4921 pecuniam,
1737 4854 1833 4908 dat
1872 4852 2040 4923 quid-

353 4940 493 5010 quid
526 4940 734 4996 habere
765 4940 1014 5007 videtur,
1047 4955 1161 4995 non
1195 4954 1296 5010 pro
1326 4954 1451 5008 sua,
1493 4940 1586 4995 sed
1623 4954 1723 5009 pro
1753 4941 2043 4996 taxatione

350 5029 610 5096 ementis,
663 5043 734 5084 ne
778 5028 878 5083 Dei
927 5030 1201 5098 posterior
1258 5028 1631 5099 aggrediatur
1679 5027 1853 5082 viam.
1911 5029 2044 5085 Erat

352 5117 548 5186 itaque
588 5117 663 5172 ibi
709 5117 900 5173 videre
940 5117 1286 5173 miraculum
1328 5129 1462 5172 caro
1507 5130 1704 5171 omnes
1747 5130 1952 5184 emere,
1989 5125 2044 5173 et

351 5205 450 5259 vili
481 5207 743 5274 vendere,
777 5221 911 5262 caro
945 5206 1200 5277 quidem,
1226 5220 1356 5275 quae
1385 5204 1456 5259 ad
1485 5219 1657 5260 usum
1687 5204 2045 5262 deferrentur

355 5291 590 5362 itineris,
634 5294 771 5350 dum
823 5301 1288 5364 praeproperam;
1340 5293 1438 5348 vili
1483 5306 1638 5361 vero,
1696 5293 1835 5349 dum
1879 5308 2044 5350 sum-

354 5389 560 5451 ptuum
592 5384 882 5452 impendia
911 5390 1275 5454 coaggerant,
1313 5391 1367 5438 et
1396 5397 1526 5453 quae
1559 5383 1730 5452 paulo
1760 5391 1890 5438 ante
1944 5399 2046 5440 nec

356 5483 612 5526 carceres
661 5486 765 5527 nec
806 5479 1089 5527 tormenta
1137 5471 1210 5526 ab
1253 5472 1334 5527 eis
1360 5478 1710 5541 extorquere
1761 5481 2041 5542 poterant,

356 5557 519 5614 brevi
549 5572 924 5616 nummorum
953 5573 1200 5617 numero
1230 5567 1441 5616 cuncta
1470 5560 1828 5617 constabant.

2825 4369 3057 4426 CAPUT
3099 4370 3188 4424 IV.

2223 4499 2432 4553 Petrus
2453 4495 2712 4559 eremita,
2735 4495 2849 4549 dux
2873 4493 3170 4549 exercitus.
3192 4492 3309 4547 Per
3339 4490 3598 4548 Galliam
3617 4491 3847 4550 verbum

2151 4587 2258 4643 Dei
2286 4584 2644 4642 d'isseminat.
2675 4584 2875 4655 Ipsius
2897 4582 3022 4637 vitae
3048 4599 3242 4655 genus.
3279 4580 3396 4635 Pili
3436 4598 3503 4636 ex
3534 4582 3659 4650 ejus
3690 4584 3847 4637 muto

2148 4694 2253 4750 pro
2299 4673 2564 4746 reliquiis
2609 4672 3080 4730 extrahebantur.
3131 4701 3200 4710 —
3245 4671 3605 4740 Principibus
3648 4671 3844 4742 igitur,

2149 4765 2253 4836 qui
2292 4764 2489 4820 multis
2531 4762 2797 4832 expensis
2844 4769 2899 4817 et
2940 4761 3167 4832 magnis
3202 4760 3644 4828 obsequentium
3677 4760 3847 4814 mini-

2149 4854 2336 4912 steriis
2379 4852 2733 4923 indigebant,
2784 4864 2891 4906 sua
2929 4865 3172 4917 morose,
3220 4863 3287 4903 ac
3329 4848 3710 4917 dispensative
3742 4857 3852 4908 tra.

2149 4942 2458 5009 ctantibus,
2508 4949 2678 4997 tenue
2727 4939 2869 4994 illud
2917 4938 3149 5008 quidem
3193 4937 3535 5003 substantia,
3597 4937 3691 4992 sed
3738 4951 3846 4992 nu-

2150 5046 2306 5087 mero
2352 5027 2883 5100 frequentissimum
2924 5027 3155 5098 vulgus,
3207 5026 3369 5080 Petro
3424 5025 3654 5080 cuidam
3706 5026 3846 5081 Ere-

2147 5121 2300 5175 mitze
2349 5117 2598 5184 cohaesit,
2640 5117 2810 5186 eique
2859 5115 3105 5183 interim,
3153 5115 3287 5169 dum
3340 5114 3532 5169 adhuc
3576 5128 3667 5169 res
3698 5114 3845 5170 intra

2152 5222 2255 5263 nos
2299 5207 2510 5278 agitur,
2559 5219 2626 5260 ac
2673 5204 2721 5260 si
2767 5204 3040 5275 magistro
3086 5204 3296 5273 paruit.
3351 5201 3529 5268 Quem
3577 5217 3644 5257 ex
3688 5203 3840 5266 urbe,

2152 5297 2262 5351 nisi
2320 5295 2505 5357 fallor,
2554 5293 2925 5349 Ambianensi
2968 5301 3181 5356 ortum,
3221 5292 3278 5347 in
3329 5289 3612 5360 superiori
3662 5291 3846 5346 nescio

2154 5399 2272 5455 qua
2327 5383 2643 5439 Galliarum
2683 5390 2875 5451 .partc,
2923 5381 3234 5437 solitariam
3287 5380 3394 5435 sub
3427 5379 3628 5435 habitu
3653 5393 3845 5435 mona-

2153 5472 2314 5529 chico
2343 5471 2524 5527 vitam
2568 5471 2821 5536 duxisse,
2867 5471 3268 5539 comperimus.
3317 5468 3478 5525 Unde
3507 5468 3843 5538 digressum,

2154 5574 2273 5632 qua
2316 5558 2504 5616 nescio
2541 5558 2876 5626 intentione,
2924 5559 3098 5616 urbes
3141 5564 3197 5615 et
3243 5556 3538 5627 muncipia
3576 5555 3846 5626 pradica-
