3920 6080
47 349 162 402 705

1173 347 1392 404 GESTA
1433 347 1550 403 DEI
1590 345 1727 401 PER
1767 345 2102 402 FRANCOS.
2129 375 2198 384 —
2230 345 2360 400 LIB.
2405 345 2470 400 II.

3469 347 3575 404 706

48 479 235 534 tionis
272 478 511 534 obtentu
550 477 854 534 circumire
918 483 1053 532 38!
1111 478 1379 544 vidimus,
1439 477 1609 533 tantis
1660 491 1763 546 po-
1801 480 2004 546 Agus,
2059 484 2251 546 utpote
2314 476 2600 544 mancipia
2659 483 2714 531 et
2792 473 3020 545 publica
3078 476 3330 545 servitia,
3403 478 3576 533 nullis

46 567 340 636 pulorum
383 566 854 623 multitudinibus
900 565 1124 633 vallari,
1179 567 1351 622 tantis
1429 567 1770 622 muneribus

47 657 292 723 donari,
350 664 508 712 tanto
569 655 884 712 sanctitatis
942 656 1225 726 praeconio
1282 655 1627 711 conclamari
1706 663 1768 710 ut

49 746 354 800 neminem
385 745 747 801 meminerim
795 745 1037 800 similem
1067 745 1281 800 honore
1318 745 1534 800 haberi.
1589 744 1768 800 Multa

49 834 216 888 enim
249 833 455 901 fuerat,
489 849 561 889 ex
608 835 696 889 his
736 849 866 904 qua;
905 833 1013 889 sibi
1057 833 1366 900 dabantur,
1409 833 1768 904 dilargitione

50 935 202 991 erga
282 935 564 992 pauperes
621 922 890 989 liberalis,
955 922 1292 992 prostitutas
1330 922 1600 978 mulieres
1653 937 1767 978 non

53 1009 184 1064 sine
233 1025 340 1066 suo
378 1025 619 1066 munere
661 1011 883 1066 maritis
926 1010 1256 1076 honestans,
1307 1009 1365 1064 in
1409 1010 1768 1066 discordibus

54 1098 285 1167 ubique
308 1112 475 1168 paces
502 1107 558 1154 et
585 1099 814 1166 hedera,
847 1099 995 1155 mira
1027 1099 1386 1165 auctoritate,
1437 1099 1764 1155 restituens.

55 1184 362 1256 Quidquid
418 1187 623 1258 agebat
683 1202 958 1258 namque,
1015 1201 1117 1242 seu
1172 1187 1535 1256 loquebatur,
1597 1189 1766 1258 quasi

57 1274 349 1343 quiddam
423 1276 797 1332 subdivinum
858 1275 1182 1341 videbatur,
1262 1276 1578 1346 praesertim
1635 1290 1766 1332 cum

57 1363 242 1418 etiam
285 1363 355 1419 de
400 1364 528 1434 ejus
563 1364 721 1421 mulo
770 1364 866 1434 pili
923 1379 1026 1434 pro
1080 1364 1342 1434 reliquiis
1401 1373 1764 1434 raperentur,

60 1452 227 1522 quod
266 1467 372 1509 nos
422 1468 537 1508 non
583 1453 653 1508 ad
709 1453 1026 1520 veritatem,
1085 1453 1181 1508 sed
1237 1452 1412 1523 vulgo
1467 1453 1767 1510 referimus

59 1542 288 1597 amanti
336 1542 666 1598 novitatem.
709 1543 898 1597 Lanea
932 1541 1128 1597 tunica
1157 1542 1229 1596 ad
1273 1555 1503 1610 purum,
1539 1543 1766 1598 cucullo

58 1645 244 1699 super
273 1630 534 1700 utrisque
564 1629 862 1696 talaribus,
900 1629 1072 1698 byrro
1108 1629 1352 1698 desuper
1387 1628 1763 1698 induebatur;

59 1718 291 1774 braccis
339 1717 594 1785 minime,
643 1717 887 1786 nudipes
943 1723 1164 1782 autem;
1209 1729 1376 1785 pane,
1439 1715 1540 1771 vix
1593 1715 1762 1785 pisce,

58 1820 376 1877 nunquam
402 1807 538 1861 vino
568 1805 851 1860 alebatur.

97 1896 196 1966 [VI
206 1895 297 1965 [1.]
313 1893 568 1949 Militum
580 1891 980 1948 dissolutiones
989 1907 1092 1963 per
1100 1893 1407 1964 Hungaria
1417 1892 1772 1964 proﬁciscen-

60 1982 231 2038 tium.
257 2012 326 2022 —
351 1983 406 2038 Is
424 1982 618 2051 itaque
639 1982 748 2047 vir,
770 1982 975 2050 partim
998 1979 1284 2049 opinione,
1309 1981 1511 2048 partim
1535 1995 1638 2035 suo
1657 1994 1770 2034 rno-

58 2073 192 2128 nitu
224 2086 358 2127 cum
382 2071 692 2126 immanem
737 2069 1038 2125 conﬂasset
1076 2069 1415 2134 exercitum,
1468 2082 1568 2136 per
1603 2069 1771 2124 Hun-

60 2175 343 2231 garorum
377 2167 590 2215 terram
621 2158 829 2230 delegit
849 2159 1027 2213 abire.
1070 2156 1325 2223 Quorum
1349 2157 1608 2227 regiones
1637 2171 1768 2212 cum

59 2264 269 2305 earum
299 2262 494 2303 rerum
529 2263 659 2318 qua
698 2247 770 2302 ad
811 2247 1150 2301 alimentum
1198 2244 1481 2314 pertinent
1530 2244 1767 2314 opulen-

61 2337 334 2402 tissimas,
370 2337 516 2393 idem
562 2337 777 2407 vulgus
819 2335 1062 2391 indocile
1109 2337 1430 2405 reperisset,
1477 2341 1771 2404 coeperunt

62 2426 322 2481 luxuriis
355 2425 690 2480 enormibus
729 2432 928 2479 contra
975 2423 1383 2493 indigenarum
1435 2429 1771 2477 mansuetu-

63 2515 258 2570 dinem
296 2514 657 2570 debacchari.
691 2513 836 2570 Cum
862 2512 1016 2568 enim
1043 2511 1428 2581 plurimorum
1479 2523 1769 2564 annorum

64 2611 286 2673 segetes
318 2602 586 2667 triticeas,
634 2608 699 2656 ut
730 2602 788 2655 in
813 2615 878 2656 ea
917 2608 1070 2656 terra
1100 2597 1274 2656 moris
1311 2603 1412 2662 est,
1449 2597 1504 2650 in
1536 2597 1770 2652 modum

65 2692 322 2746 turrium
388 2705 488 2759 per
540 2703 710 2759 agros
757 2688 1040 2745 stabilitas
1090 2691 1409 2751 cernerent,
1465 2699 1614 2754 quas
1671 2699 1772 2740 nos

65 2781 254 2832 metas
277 2777 595 2848 vulgariter
625 2791 830 2832 vocare
860 2777 1139 2846 solemus;
1168 2792 1303 2833 cum
1340 2773 1560 2830 carium
1591 2773 1774 2828 diver-

69 2880 273 2921 sarum
321 2865 688 2935 aliorumque
719 2865 1080 2932 victualium,
1124 2880 1380 2935 quorum
1410 2864 1506 2918 illa
1537 2860 1772 2917 feracis-

67 2954 214 3008 sima
273 2953 440 3008 tellus
491 2959 594 3019 est,
656 2951 832 3021 copias
898 2958 1282 3021 suppeterent,
1345 2966 1460 3006 non
1523 2946 1772 3005 contenti

69 3041 430 3098 humanitate
471 3054 693 3107 eorum,
746 3041 893 3095 mira
935 3041 1240 3107 dementia,
1289 3040 1396 3109 ipsi
1439 3037 1774 3107 alienigenae

69 3141 366 3202 coeperunt
395 3133 732 3189 conculcare
771 3131 1028 3201 gentiles,
1073 3139 1126 3188 et
1176 3145 1309 3186 cum
1358 3131 1529 3197 idem,
1580 3134 1775 3196 utpote

69 3219 381 3276 Christiani
407 3219 744 3274 Christianis
775 3217 1002 3273 venalia
1033 3226 1242 3274 cuncta
1283 3224 1579 3288 gratanter
1610 3215 1776 3284 inge—

71 3314 286 3375 rerent,
325 3307 448 3377 ipsi,
497 3306 751 3362 libidinis
794 3306 1174 3374 impatientes,
1227 3306 1331 3374 piae
1375 3300 1776 3372 hospitalitatis

72 3411 140 3452 ac
170 3393 556 3451 beneﬂcentim
611 3394 988 3457 immemores,
1024 3392 1170 3448 bello
1206 3393 1384 3462 gratis
1432 3406 1528 3447 eos
1570 3403 1774 3460 aggre-

74 3484 347 3553 diuntur;
393 3482 529 3537 dum
562 3481 686 3536 illos
717 3480 1029 3548 opinantur
1067 3481 1210 3535 nihil
1260 3493 1506 3535 ausuros
1553 3485 1772 3542 contra,

75 3585 144 3626 ac
169 3572 398 3640 penitus
423 3571 648 3626 futuros
677 3569 947 3624 imbelles.
979 3568 1155 3624 Babie
1187 3569 1364 3638 igitur
1403 3565 1773 3630 exsecranda,

76 3659 324 3729 publicis
374 3673 520 3728 quos
566 3658 821 3713 diximus
861 3656 1078 3711 horreis
1123 3669 1224 3724 per
1266 3669 1363 3710 eos
1406 3652 1778 3722 ingerebatur

77 3747 429 3813 incendium,
499 3746 704 3815 puellis
770 3744 1144 3814 eripiebatur,
1228 3741 1501 3797 violentia
1580 3739 1772 3806 allata,

75 3835 399 3904 virginitas,
441 3833 970 3889 dehonestabantur
1013 3830 1287 3900 conjugia
1319 3828 1537 3884 crebris
1593 3830 1778 3897 rapti—

77 3924 188 3978 bus
244 3923 620 3991 feminarum;
688 3920 993 3986 vellebant,
1065 3918 1184 3973 sive
1252 3917 1588 3973 ustulabant
1658 3917 1778 3972 suis

77 4012 290 4067 barbas
319 4011 671 4081 hospitibus;
705 4024 810 4065 nec
835 4008 956 4079 jam
996 4007 1064 4062 de
1096 4007 1352 4062 emendis
1397 4005 1532 4062 usui
1577 4019 1777 4060 neces-

81 4098 246 4152 sariis
296 4098 594 4167 quidpiam
647 4095 1035 4162 tractabatur;
1096 4093 1188 4148 sed
1249 4092 1498 4162 quisque
1550 4106 1774 4159 eorum,

80 4191 252 4254 prout
281 4191 518 4252 poterat,
570 4184 785 4252 rapinis
832 4190 887 4237 et
933 4180 1185 4236 caedibus
1228 4180 1539 4250 nitebatur,
1592 4182 1672 4236 sic
1719 4193 1779 4235 se

83 4281 305 4328 acturos
365 4273 509 4328 mira
556 4272 790 4326 lascivia
851 4277 1050 4325 contra
1101 4269 1316 4323 Turcos
1371 4267 1546 4323 libere
1585 4267 1777 4322 mina-

84 4362 314 4416 bantur.

153 4449 415 4506 Castrum
447 4447 736 4518 quoddam
765 4446 981 4502 interea
1008 4444 1261 4500 habuere
1285 4444 1568 4513 pervium,
1612 4443 1781 4513 cujus

85 4537 243 4594 nullo
294 4538 460 4592 modo
515 4544 776 4606 poterant
836 4535 1052 4589 evitare
1111 4533 1438 4598 transitum,
1494 4532 1540 4586 is
1626 4531 1778 4587 enim

85 4635 250 4682 teme
279 4625 424 4680 situs
452 4631 555 4688 est,
587 4631 650 4679 ut
681 4623 739 4677 in
780 4623 1017 4678 modum
1061 4619 1345 4692 angiporti
1404 4632 1779 4688 nequaquam

85 4715 156 4770 ad
183 4715 475 4769 dexteram
497 4713 582 4768 vel
607 4711 898 4767 sinistram
923 4717 1111 4780 pateat
1131 4708 1560 4764 diverticulum.
1586 4708 1777 4776 Ipsum

85 4803 248 4859 solita
301 4802 601 4856 insolentia
663 4800 924 4856 obsidere
981 4797 1238 4869 aggressi
1285 4803 1438 4861 sunt,
1493 4795 1589 4850 sed
1645 4810 1778 4850 cum

86 4905 258 4962 prope
311 4891 656 4960 capiendum
715 4896 874 4955 esset,
957 4894 1208 4957 repente,
1268 4899 1382 4940 non
1452 4898 1590 4939 curo
1664 4898 1780 4953 quo

85 4988 314 5048 eventu;
350 4980 427 5035 ita
449 4979 642 5035 obruti
664 4985 799 5034 sunt
828 4985 890 5032 ut
935 4991 1068 5047 pars
1125 4975 1330 5046 gladiis
1395 4973 1776 5040 occumberet,

85 5077 302 5139 patrem
351 5067 603 5123 ﬂuvialis
651 5067 810 5122 unda
856 5065 1269 5134 submergeret,
1314 5077 1447 5132 pars
1495 5061 1614 5116 sine
1647 5061 1782 5116 ullis

89 5157 400 5227 stipendiis,
439 5158 553 5211 imo
576 5156 730 5225 turpi
763 5155 1056 5224 pauperie,
1093 5152 1278 5222 magis
1307 5158 1498 5207 autem
1541 5150 1778 5219 pudore,

91 5247 150 5302 in
171 5245 464 5300 Franciam
477 5251 818 5312 consumpta
840 5242 1065 5309 rediret,
1094 5243 1163 5296 Et
1186 5241 1325 5310 quia
1346 5241 1494 5295 idem
1527 5246 1780 5295 castrum

92 5334 440 5402 Moyssonem
474 5330 776 5398 vocabant,
806 5338 859 5385 et
890 5329 1104 5384 reversi
1139 5328 1211 5382 ad
1241 5341 1376 5382 suos
1406 5327 1475 5381 ad
1526 5327 1781 5395 Moysso-

0 5462 1 5467 η
94 5437 221 5478 nem
252 5435 437 5490 usque
460 5435 518 5476 se
545 5419 721 5475 fuisse
757 5418 1043 5484 dicebant,
1099 5429 1311 5485 magna
1357 5415 1617 5471 omnium
1651 5413 1780 5468 irri-

0 5563 1 5570 η
95 5510 247 5567 sione
274 5509 496 5579 excepti
523 5515 680 5564 sunt.

166 5597 309 5668 [DL]
339 5598 538 5655 Petrus
569 5604 761 5654 autem
783 5610 917 5654 cum
944 5591 1088 5651 illud
1129 5592 1619 5663 indisciplinatum
1655 5589 1781 5649 vul-

1877 564 2252 622 hortamentis
2301 564 2566 620 cohibere
2637 565 2871 630 valeret,
2929 579 3060 620 cum
3121 565 3574 622 Alemannorum

1875 653 2074 723 aliqua
2120 654 2445 724 frequentia
2485 660 2539 708 et
2585 661 2909 708 nostrorum
2957 652 3088 707 faece
3148 654 3398 721 residua,
3459 669 3577 724 qua

1877 742 2059 810 potuit
2093 741 2222 796 inde
2256 742 2580 810 provisione
2609 740 2854 810 elapsus,
2885 740 2944 794 in
2975 740 3247 795 Kalendis
3291 743 3578 811 Augusta-

1874 829 2027 888 libus
2056 829 2742 899 Constantinopolitanam
2775 829 2963 900 attigit
2994 829 3220 884 urbem.
3269 828 3374 885 Sed
3421 831 3578 886 hunc

1873 915 2000 985 ejus
2028 917 2363 983 adventum,
2388 917 2679 985 Italorum,
2706 917 3009 986 Ligurum,
3037 916 3573 986 Longobardorum,

1875 1018 2008 1059 cum
2054 1004 2567 1073 Transalpinarum
2620 1005 2882 1060 videlicet
2933 1005 3182 1074 partium
3245 1005 3578 1063 hominibus

1875 1107 2154 1164 magnum
2185 1103 2553 1162 praecesserat
2575 1109 2803 1166 agmen,
2838 1094 2940 1164 qui
2979 1095 3106 1164 ejus
3152 1101 3207 1149 et
3237 1102 3575 1150 czeterorum

1876 1183 2130 1239 Francize
2170 1183 2496 1253 principum
2549 1183 2757 1238 ibidem
2812 1182 3185 1236 decreverant
3261 1181 3577 1251 praestolari

1874 1270 2163 1326 comitiam
2200 1287 2211 1324 :
2255 1285 2370 1327 non
2415 1271 2565 1327 enim
2600 1287 2727 1328 eam
2777 1272 3216 1327 arbitrabantur
3254 1285 3313 1327 se
3367 1272 3580 1327 habere

1875 1359 2091 1414 militiae
2118 1359 2524 1429 frequentiam,
2555 1368 2617 1415 ut
2655 1360 2980 1416 Graecorum
3024 1360 3319 1427 auderent,
3380 1368 3580 1416 contra

1873 1448 2088 1503 Turcos
2133 1447 2367 1512 exituri,
2427 1449 2716 1517 praeterire
2769 1448 3144 1518 provinciam.
3216 1448 3581 1517 Imperatoris

1875 1545 2067 1592 autem
2105 1536 2287 1592 edicto
2309 1536 2457 1606 jussi
2503 1545 2640 1592 sunt
2683 1537 2943 1592 omnium
2993 1550 3125 1605 quae
3178 1536 3581 1591 vendebantur

1876 1625 1934 1680 in
1984 1626 2143 1692 urbe,
2173 1626 2256 1680 uti
2311 1626 2538 1693 vellent,
2593 1626 2804 1681 habere
2855 1625 3228 1691 commercia;
3285 1625 3380 1680 sed
3440 1625 3581 1680 Bra-

1877 1714 2070 1770 chium
2120 1713 2312 1768 Sancti
2363 1713 2611 1784 Georgii,
2664 1713 2817 1784 quod
2859 1728 2893 1768 a
2950 1713 3269 1768 Turcorum
3317 1712 3582 1782 partibus

1807 1777 2235 1857 Blimitaneum
2300 1810 2422 1857 erat
2485 1816 2661 1867 mare,
2748 1801 2930 1870 ipsius
2997 1800 3267 1869 principis
3346 1799 3582 1856 consilio

1876 1891 2037 1948 vetiti
2069 1899 2204 1947 sunt
2235 1899 2606 1957 transmeare,
2641 1890 2781 1960 quia
2826 1904 3040 1960 paucos
3070 1889 3392 1946 innumeris
3444 1901 3580 1960 per—

1877 1981 2158 2036 niciosum
2193 1980 2419 2035 dixerat
2450 1980 2704 2035 obviare.

1949 2070 2305 2122 Francorum
2350 2066 2677 2122 insolentia.
2707 2097 2774 2106 —
2823 2067 2894 2121 At
2941 2065 3043 2135 ipsi
3087 2079 3190 2121 nec
3249 2064 3581 2134 provincia-

1878 2157 2021 2213 lium
2052 2164 2187 2211 sunt
2228 2156 2585 2212 humanitate
2611 2155 2841 2221 detenti,
2876 2169 2980 2209 nec
3012 2153 3374 2222 imperatoria
3425 2155 3579 2209 ulla-

1880 2254 2045 2302 tenus
2089 2244 2424 2300 affabilitate
2461 2243 2683 2310 molliti,
2732 2243 2830 2298 sed
2864 2243 3036 2298 nimis
3083 2242 3390 2297 insolenter
3437 2256 3574 2312 age--

1878 2334 2038 2398 bant,
2099 2333 2262 2388 urbis
2303 2330 2516 2401 palatia
2566 2329 2968 2394 devolvebant,
3030 2326 3274 2396 publicis
3358 2327 3580 2383 uadibus

1879 2421 2043 2490 ignes
2079 2419 2480 2489 subjiciebant,
2515 2424 2570 2471 et
2603 2416 2835 2472 detectis
2875 2413 3143 2478 ecclesiis,
3177 2429 3308 2484 quae
3343 2415 3580 2484 plumbo

1879 2506 2305 2576 operiebantur,
2342 2504 2639 2574 plumbum
2670 2504 2817 2560 idem
2851 2502 3062 2558 Graecis
3105 2502 3309 2558 venale
3356 2503 3580 2572 praebe-

1881 2595 2036 2648 bant.
2099 2593 2218 2647 Hac
2260 2592 2568 2661 imperator
2598 2599 2715 2647 tam
2756 2591 2904 2646 {reda
2952 2590 3392 2659 praesumptione
3450 2598 3580 2646 tur-

1880 2683 2068 2747 batus,
2099 2681 2386 2750 praecepit,
2420 2679 2930 2750 procrastinatione
2975 2686 3210 2746 remota,
3245 2687 3309 2734 ut
3358 2694 3578 2734 memo—

1880 2768 1990 2824 rati
2022 2769 2247 2823 Brachii
2273 2781 2510 2837 aequora
2536 2756 2972 2822 transmearent.
3008 2766 3112 2822 Cui
3138 2766 3278 2823 freto
3309 2775 3579 2838 transpo-

1881 2858 1994 2924 siti,
2039 2857 2257 2924 eadem,
2329 2871 2460 2926 quae
2502 2857 2645 2911 citra
2696 2863 2952 2926 egerant,
3009 2869 3380 2926 nequaquam
3429 2857 3582 2912 ultra

1883 2946 2087 3002 iterare
2116 2945 2436 3011 cessabant,
2493 2953 2548 3000 et
2578 2944 2680 3014 qui
2711 2953 2908 3000 contra
2944 2958 3200 3014 paganos
3238 2953 3367 3001 voto
3398 2953 3584 3002 certa-

1812 3048 2012 3128 Cmen
2090 3035 2538 3103 insumpserant,
2627 3033 2836 3103 passim
2889 3033 3258 3088 ecclesiarum
3319 3035 3577 3099 excidiis,

1882 3122 2338 3179 Christianorum
2375 3121 2684 3176 involando
2722 3121 3078 3187 substantiis,
3127 3129 3326 3177 contra
3375 3130 3582 3178 nostra:

1883 3211 2012 3266 ﬁdei
2043 3211 2300 3266 homines
2329 3210 2611 3266 factorum
2646 3210 2998 3265 immanitate
3030 3211 3388 3281 pugnabant.
3431 3211 3581 3267 Dum

1882 3299 2034 3355 enim
2095 3298 2313 3354 nullius
2392 3298 2777 3367 experiuntur
2827 3296 3186 3353 severitatem
3249 3299 3418 3368 regis,
3479 3297 3582 3367 qui

1878 3385 2140 3455 judiciali
2171 3386 2366 3440 devios
2391 3385 2586 3455 vigore
2619 3393 2967 3454 retorqueat,
3007 3401 3113 3441 nec
3141 3387 3351 3440 divinae
3416 3399 3583 3442 reve-

1885 3477 2128 3531 rentiam
2172 3474 2503 3543 concipiunt
2546 3474 2707 3543 legis,
2767 3488 2897 3543 quae
2959 3475 3238 3529 mentium
3292 3473 3583 3528 levitatem

1882 3570 2113 3618 matura
2143 3562 2551 3631 recogitatione
2581 3562 2884 3630 deprimat,
2931 3561 3227 3630 repentino
3266 3560 3583 3628 prolabun—

1888 3658 1981 3706 tur
2024 3651 2277 3716 interitu,
2340 3650 2477 3719 quia
2531 3647 2990 3719 indisciplinalis
3048 3664 3203 3703 mors
3257 3648 3468 3714 obviat,
3528 3649 3584 3701 ei

1883 3737 2160 3810 quidquid
2184 3737 2352 3810 pensi
2369 3736 2761 3808 moderatique
2776 3735 2926 3791 nihil
2947 3737 3132 3804 habet,
3153 3753 3366 3807 parum
3387 3736 3578 3790 durat.

2570 3880 2796 3936 CAPUT
2838 3879 2904 3936 V.

1957 4002 2076 4073 [X.]
2127 4001 2380 4058 Tandem
2427 4001 2816 4058 Nicomediam
2863 4001 3208 4072 attingentes
3247 4001 3394 4069 Itali,
3429 4002 3583 4056 Lon-

1887 4092 2148 4164 gobardi,
2177 4099 2231 4146 et
2257 4091 2558 4147 Alemanni
2590 4093 2943 4147 Francorum
2977 4091 3337 4161 impatientes
3376 4105 3585 4161 super-

1885 4180 2372 4236 bizedivelluntur
2403 4180 2475 4234 ab
2508 4180 2661 4248 ipsis.
2694 4179 2896 4234 Franci
2922 4193 3194 4249 namque,
3219 4179 3393 4250 juxta
3421 4187 3588 4234 natu-

1885 4282 2007 4323 ram
2041 4268 2289 4322 nominis
2322 4280 2548 4335 magnae
2587 4265 2819 4335 quidem
2868 4275 3003 4321 sunt
3049 4267 3212 4322 titulo
3262 4267 3587 4322 vivacitatis

1815 4371 1858 4424 ι)
1887 4361 2034 4408 38'!
2085 4354 2354 4424 insignes,
2408 4353 2539 4418 sed,
2580 4351 2687 4406 nisi
2717 4352 2902 4422 rigido
2943 4351 3246 4408 frenentur
3309 4353 3582 4420 dominio,

1888 4442 2037 4496 inter
2085 4441 2330 4496 aliarum
2383 4440 2641 4510 gentium
2690 4440 2910 4507 turbas,
2970 4449 3106 4495 sunt
3156 4442 3369 4510 justius
3418 4453 3586 4509 zequo

1888 4530 2122 4584 feroces.
2151 4526 2513 4596 Transalpini
2545 4526 2757 4595 itaque,
2792 4541 2938 4596 quos
2963 4527 3338 4596 praediximus
3368 4526 3586 4580 direm—

1889 4626 2014 4688 ptos
2045 4632 2078 4672 a
2125 4617 2380 4682 Francis,
2421 4615 2698 4670 Rainaldo
2733 4615 2983 4684 quodam
3027 4613 3134 4668 sibi
3166 4614 3310 4669 duce
3371 4621 3582 4679 creato,

1887 4718 2014 4758 eam
2060 4719 2190 4774 quae
2246 4705 2458 4759 dicitur
2501 4702 2779 4759 Romania
2826 4702 3142 4771 provincia,
3199 4705 3583 4768 intraverunt,

1887 4801 1942 4848 et
1973 4801 2224 4862 quatuor
2257 4792 2480 4848 dierum
2509 4793 2711 4847 itinere
2743 4790 3130 4847 Nicomediam
3169 4790 3580 4860 praetergressi,

1889 4881 2038 4937 inter
2087 4882 2352 4936 eumdem
2407 4889 2659 4936 castrum
2711 4879 2997 4934 offendere
3057 4879 3368 4948 quoddam,
3426 4879 3586 4948 quod

1889 4969 2110 5025 auctori
2141 4969 2343 5038 placito
2374 4969 2606 5024 nomine
2647 4975 2887 5023 vocatur
2933 4967 3393 5036 Exorogorgum,
3429 4966 3584 5035 quod

1890 5058 2278 5114 habitatorum
2337 5072 2572 5113 suorum
2623 5055 2880 5110 omnium
2935 5063 3241 5110 vacuatum
3295 5053 3580 5123 praesidio,

1890 5147 2010 5203 sine
2043 5162 2200 5203 mora
2230 5147 2415 5202 turbw
2451 5145 2628 5215 patuit
2652 5143 2936 5199 inﬂuenti.
2971 5143 3173 5198 Incolze
3220 5149 3408 5197 autem
3453 5155 3585 5211 pro-

1890 5235 2180 5306 fugerant,
2233 5233 2757 5303 supervenientium
2809 5231 3010 5286 timore
3050 5230 3292 5297 extrusi,
3333 5238 3388 5285 et
3443 5231 3584 5284 dum

1891 5325 1959 5382 de
2007 5340 2113 5381 sua
2162 5324 2271 5394 ipsi
2319 5324 2502 5378 salute
2547 5323 2868 5392 desperant,
2921 5321 2990 5376 de
3039 5320 3586 5388 subtantiarumque

1888 5426 2128 5468 suarum
2168 5411 2360 5481 copiis,
2413 5425 2543 5481 quae
2593 5409 2858 5478 plurimae
2909 5417 3094 5475 erant,
3144 5406 3586 5477 transponendis

1889 5502 2122 5558 omnino
2151 5515 2268 5555 non
2300 5507 2528 5555 curant.
2562 5497 2741 5564 Unde,
2775 5497 3016 5554 multam
3048 5497 3386 5553 victualium
3438 5509 3584 5564 opu-

1887 5589 2121 5646 lentiam
2149 5588 2356 5645 ibidem
2382 5587 2747 5658 reperientes,
2782 5586 2851 5642 ad
2881 5587 3112 5657 plenum
3157 5586 3318 5644 fuere
3371 5583 3582 5643 refecti.
