3920 6080
345 323 448 379 7οτ

1247 324 1309 378 v.
1351 324 1684 381 GUIBERTI
1723 325 2009 383 ABBATIS
2047 325 2105 382 s.
2150 325 2389 380 mnia;
2431 324 2522 379 on
2560 310 2958 379 NOVIGENTO

3758 325 3859 376 708

409 453 726 521 Con/licius
762 468 892 506 cum
944 452 1160 521 Turcis,
1206 453 1307 524 qui
1347 453 1543 519 plures
1583 470 1614 507 e
1671 454 2033 510 Chrislianis
2068 457 2114 509 A
2143 455 2453 521 dabantur,
2488 454 2585 508 alii
2613 451 3032 509 vendebantur.
3077 449 3300 517 Quibus
3330 451 3447 506 dati
3502 449 3770 517 fuerant,
3809 452 3858 506 in

335 541 708 610 interﬁciunt.
734 544 916 612 Aqua
941 540 1186 612 penuria
1212 540 1274 595 in
1311 543 1521 597 castris
1548 542 1829 614 ipsorum.
1860 573 1933 585 —
1958 547 2028 599 At

336 630 506 685 Turci
544 629 950 699 comperientes
978 628 1333 685 Christianos
1365 631 1682 687 obtinuisse
1707 632 2023 694 castellum,

336 731 547 787 magna
600 716 743 772 illud
795 716 1086 773 obsidione
1127 717 1455 773 cinxerunt.
1515 723 1660 773 Ante
1733 719 2028 787 municipi

335 813 560 874 portam
591 813 819 875 puteus,
841 814 898 861 et
925 806 1122 861 subter
1158 806 1327 871 idem,
1364 820 1476 861 non
1523 807 1690 877 longe
1734 820 1767 861 a
1820 808 2028 863 moeni-

335 894 464 960 bus,
505 893 823 963 profluebat
865 894 1029 960 alter,
1080 893 1177 949 ubi
1231 894 1427 963 positis
1487 895 1606 964 ipse
1645 895 1767 950 dux
1827 908 2029 950 eorum

333 982 650 1039 Bainaldus
671 981 910 1049 insidiis,
942 982 1158 1036 Turcos
1189 982 1355 1051 quasi
1390 981 1634 1037 callidus
1663 982 2024 1037 observabat.

330 1072 446 1129 Nec
477 1084 654 1137 mora,
679 1071 779 1140 qui
820 1070 1279 1125 observabantur
1320 1077 1653 1137 occurrunt,
1690 1084 1874 1139 eaque
1915 1071 2024 1139 die,

330 1173 448 1229 qua
502 1158 651 1214 beati
711 1157 999 1213 Michaelis
1048 1158 1324 1212 memoria
1377 1157 1721 1223 celebratur,
1788 1169 2027 1225 pervaso

326 1262 459 1303 cum
492 1247 612 1302 suis
651 1246 953 1301 comitibus
991 1245 1155 1311 duce,
1205 1244 1482 1314 plurimos
1524 1258 1597 1299 ex
1636 1245 1718 1299 eis
1767 1245 1868 1314 qui
1920 1243 2027 1299 sibi

328 1336 753 1392 insidiabantur
808 1334 1169 1400 interimunt,
1232 1333 1375 1388 alios
1439 1333 1610 1387 castri
1668 1333 2029 1387 munimenta

325 1425 570 1494 turpiter
625 1423 953 1478 subintrare
1004 1420 1375 1489 compellunt.
1431 1420 1589 1483 Quod
1650 1419 1799 1475 illico
1854 1420 2026 1474 Turci

325 1510 828 1568 circumvallantes
851 1517 1010 1564 tanta
1037 1509 1364 1564 incursione
1396 1516 1727 1577 presserunt
1766 1515 1829 1562 ut
1881 1507 2030 1562 hau-

327 1601 658 1656 riendarum
718 1598 1005 1664 facultate,
1064 1598 1291 1666 penitus
1347 1596 1577 1663 obsessi,
1658 1596 2030 1665 privarentur

328 1701 639 1759 aquarum.
665 1687 778 1742 Sibi
806 1686 913 1741 fuit
947 1693 1106 1740 tanta
1148 1686 1268 1740 sitis
1308 1685 1543 1740 ariditas
1584 1693 1666 1752 ut,
1730 1684 2027 1740 flebotomo

328 1776 495 1848 equis
557 1777 680 1832 suis
736 1774 1028 1843 asinisque
1076 1773 1250 1840 illato,
1303 1774 1642 1828 animalium
1688 1779 2031 1843 cogerentur

333 1865 564 1922 haurire
595 1877 878 1919 cruorem.
909 1862 1040 1930 Alii,
1072 1862 1132 1916 in
1176 1863 1450 1932 piscinam
1482 1876 1653 1916 zonas
1672 1862 2031 1916 deinittentes

330 1962 505 2024 atque
543 1951 904 2022 panniculos,
946 1964 1132 2020 eaque
1179 1950 1237 2003 in
1295 1964 1357 2004 os
1407 1949 1779 2017 exprimendo
1834 1962 2027 2015 suum,

331 2041 561 2097 remedii
620 2039 728 2096 sibi
784 2038 1004 2108 aliquid
1068 2038 1406 2092 contrahere
1459 2036 1823 2091 videbantur.
1896 2036 2025 2101 Alii,

331 2127 489 2198 quod
522 2126 744 2182 horrori
771 2133 855 2180 est
883 2125 1088 2192 dicere,
1116 2124 1365 2194 idipsum
1396 2126 1550 2195 quod
1584 2126 1842 2180 minxere
1884 2123 2032 2179 bibe-

331 2215 490 2270 bant.
545 2212 656 2269 Alii
713 2213 1019 2273 fodiebant,
1058 2217 1113 2266 et
1158 2226 1217 2266 se
1267 2213 1419 2266 intra
1472 2212 1526 2265 id
1566 2212 1721 2281 quod
1771 2212 2031 2267 foderant

332 2301 753 2370 immergentes,
787 2298 1007 2353 arentia
1045 2305 1274 2366 pectora
1305 2304 1457 2352 terra
1485 2296 1607 2365 ipsa
1639 2310 1835 2351 recens
1883 2295 2030 2351 fossa

334 2386 688 2457 operiebant,
739 2388 821 2441 sic
864 2384 1190 2440 interiorem
1238 2392 1443 2439 astum
1487 2398 1661 2439 suum
1715 2392 2029 2453 temperare

330 2473 697 2543 aliquantulo
722 2473 965 2528 humore
1003 2485 1064 2526 se
1110 2484 1270 2540 posse
1295 2470 1628 2525 credebant.
1665 2470 1769 2525 Sed
1809 2470 2031 2539 episco-

330 2576 537 2631 porum
563 2561 1147 2630 presbyterorumque
1191 2558 1581 2627 prasentium,
1624 2558 1891 2628 idemque
1928 2572 2030 2629 pa-

328 2647 617 2714 tientium,
650 2661 764 2703 non
806 2646 884 2701 ibi
913 2646 1147 2700 defuere
1190 2644 1410 2710 solatia,
1443 2644 1544 2714 qui
1597 2653 1816 2714 quanto
1870 2644 2026 2700 vide-

330 2735 469 2792 bant
502 2736 785 2791 atrociora
824 2732 1098 2803 pericula,
1134 2740 1189 2787 et
1223 2733 1482 2787 humana
1532 2731 1732 2802 negari
1783 2731 2024 2797 auxilia,

331 2831 487 2880 tanto
512 2823 696 2894 magis
722 2823 822 2889 eis,
866 2836 936 2877 ne
978 2821 1306 2888 deficerent,
1357 2820 1694 2891 satagebant
1749 2821 2028 2890 spondere

328 2912 599 2970 calestia.

2138 543 2400 613 proprias
2430 541 2794 598 abducebant
2823 554 2917 596 eos
2966 540 3156 595 sedes:
3210 538 3350 594 alios
3386 540 3443 594 in
3492 553 3620 595 eam
3666 553 3856 609 quam

2136 632 2499 688 Corozaniam
2522 631 2721 686 dicunt
2748 630 3034 700 regionem
3067 643 3079 681 :
3126 627 3265 683 alios
3290 626 3378 698 lad
3426 628 3853 684 Antiochenam

2138 721 2482 791 pertrahunt
2539 718 2760 784 urbem,
2828 717 3096 771 miseram
3146 729 3247 785 pro
3321 715 3597 786 qualibus
3662 717 3854 772 scele-

2136 808 2517 865 Stissimorum
2545 806 2909 862 dominorum
2940 818 3209 874 passuros
3244 806 3599 860 servitutem.

2139 897 2254 952 Hos
2277 897 2332 951 in
2358 895 2705 965 supplicium
2735 894 2914 950 fateor
2942 892 3278 949 diuturnius
3306 893 3442 962 isse;

2208 987 2389 1049 Quam
2422 983 2637 1053 quibus
2669 983 2741 1037 ad
2779 981 3038 1038 subitum
3072 995 3270 1037 mucro
3299 988 3475 1050 caput
3512 980 3742 1038 tulerit.

2139 1072 2308 1128 Hunc
2333 1073 2512 1142 agitat
2537 1069 2786 1127 crudelis
2817 1070 3010 1137 herus,
3041 1069 3306 1139 duroque
3338 1069 3515 1125 labori

2208 1159 2515 1229 Mancipat,
2545 1159 2771 1229 ingrato
2801 1158 2977 1214 servit
3007 1157 3226 1228 ubique
3260 1158 3406 1227 pius.

2135 1248 2382 1318 Vapulat
2401 1246 2691 1303 ofﬁciosus
2715 1261 2819 1303 nec
2848 1254 3130 1302 tormenta
3150 1245 3299 1301 fideli

2211 1339 2443 1402 Desunt,
2478 1349 2596 1406 quo
2622 1335 2812 1391 studio
2836 1334 3219 1390 commodiore
3244 1333 3407 1405 gerit.

2137 1424 2298 1493 Quod
2326 1425 2479 1480 videt
2521 1432 2621 1480 aut
2650 1424 2832 1489 audit,
2867 1436 3040 1493 quem
3076 1423 3342 1492 transigit
3380 1423 3438 1478 in
3470 1423 3590 1479 dies
3620 1431 3848 1491 actum,

2209 1512 2370 1579 Quod
2402 1512 2605 1568 caelebs
2634 1519 2718 1567 est
2756 1512 2829 1567 ad
2852 1510 3041 1580 turpia
3074 1511 3136 1566 fit
3164 1510 3271 1566 sibi
3301 1524 3450 1566 crux

2140 1601 2256 1656 Hos
2286 1614 2391 1671 ego
2412 1614 2528 1655 non
2553 1599 2809 1655 dubitem
2838 1599 2976 1654 satis
2998 1598 3190 1654 acrius
3219 1598 3562 1666 excruciari,

2209 1688 2393 1755 Quam
2423 1696 2597 1757 queat
2625 1687 2911 1758 equuleus
2940 1700 3041 1756 per
3070 1686 3320 1756 spatium
3354 1686 3551 1742 tridui.

2212 1777 2325 1831 Hos
2376 1776 2590 1845 primos
2648 1775 2889 1831 novitati
2938 1783 3166 1840 nostra,
3217 1782 3272 1830 et
3318 1774 3614 1844 desperato
3666 1789 3850 1845 prope

2141 1864 2320 1934 hujus
2348 1865 2478 1919 vita
2499 1872 2710 1919 nostra
2741 1864 2913 1920 statui
2945 1870 3222 1932 martyres
3249 1862 3378 1919 fecit
3400 1865 3567 1926 Deus,

2211 1953 2413 2009 Petrus
2435 1953 2526 2008 ille
2555 1954 2768 2008 interea
2807 1952 2906 2023 qui
2937 1967 2972 2007 a
3002 1952 3168 2009 nobis
3196 1966 3373 2021 supra
3412 1944 3713 2022 expositus
3767 1961 3845 2008 est

2140 2040 2209 2096 de
2235 2042 2416 2097 multa
2468 2042 2741 2096 comitum
2783 2055 3023 2096 suorum
3074 2041 3337 2097 vecordia
3380 2055 3530 2110 sape
3571 2050 3843 2108 vexatus,

2138 2137 2193 2185 et
2218 2130 2421 2185 crebra
2464 2137 2655 2200 strage
2693 2129 2986 2195 confusus,
3030 2129 3257 2185 tandem
3298 2129 3529 2184 cuidam
3591 2129 3846 2184 Transe-

2139 2230 2353 2286 qnano,
2384 2225 2439 2272 et
2478 2217 2689 2287 cogniti
2738 2217 2966 2287 generis
3002 2216 3146 2283 viro,
3194 2216 3372 2271 armis
3414 2225 3707 2287 quantum
3776 2217 3843 2272 ad

2138 2318 2197 2360 se
2225 2313 2479 2370 strenuo,
2512 2305 2744 2361 nomine
2773 2304 3061 2360 Gualterio
3101 2303 3223 2377 [al.,
3256 2303 3569 2375 Gualtero],
3622 2305 3843 2374 prima-

2138 2400 2259 2448 tum
2293 2408 2412 2449 sua
2438 2394 2622 2464 gentis
2653 2393 2911 2460 dederat,
2955 2401 3019 2449 ut
3060 2407 3205 2463 quos
3251 2392 3613 2449 documentis
3673 2394 3837 2449 disti-

2139 2494 2275 2536 nere
2331 2496 2441 2535 non
2504 2488 2742 2551 poterat,
2806 2481 2899 2535 ille
2951 2480 3151 2536 saltem
3210 2480 3443 2536 militari
3503 2480 3840 2536 auctoritate

2136 2570 2525 2640 restringeret.
2560 2570 2612 2624 is
2652 2570 2846 2639 itaque
2874 2558 3131 2624 Civiium
3182 2569 3307 2638 [al.,
3352 2567 3646 2640 Cizicnm],
3694 2569 3837 2625 civi—

2134 2665 2306 2714 tatem
2339 2658 2672 2727 quamdam,
2706 2672 2836 2727 qua
2886 2657 3069 2713 Nicea
3128 2658 3281 2725 urbi,
3323 2658 3639 2714 secundum
3686 2659 3840 2728 posi-

2134 2746 2343 2802 tionem
2373 2746 2499 2814 loci,
2525 2748 2863 2815 praminere
2886 2746 3117 2814 dicitur,
3146 2760 3280 2802 cum
3305 2761 3409 2802 suo
3440 2747 3535 2801 illo
3584 2746 3840 2802 dementi

2135 2834 2391 2890 exercitu
2445 2834 2788 2904 properabat
2842 2835 3140 2906 attingere.
3208 2840 3356 2891 383
3428 2834 3587 2901 Quod
3635 2835 3833 2903 Turci,

2136 2925 2467 2977 nostrorum
2497 2922 2740 2993 vestigia
2765 2931 3124 2992 aucupantes
3145 2922 3245 2979 ubi
3286 2923 3667 2992 compet'iunt,
3703 2923 3839 2979 illnc

406 2997 543 3071 [XL]
584 3000 712 3051 Dux
735 2994 1074 3061 Rainaldus,
1096 2995 1320 3085 abjecta
1336 2993 1452 3060 ﬁde
1469 3011 1600 3049 cum
1621 2994 1928 3065 Turcisfcei

2208 3025 2268 3064 im
2295 3010 2474 3065 multa
2506 3010 2763 3079 pessima
2796 3011 3111 3067 voluntatis
3153 3011 3425 3067 aviditate
3464 3012 3837 3068 contendunt.

326 3085 456 3154 init,
477 3085 800 3155 eisdemque
817 3100 984 3138 suum
996 3081 1175 3138 tradit
1189 3085 1517 3137 caerulum.
1536 3112 1605 3124 —
1624 3084 1757 3139 Hac
1777 3093 1902 3140 octo
1915 3085 2027 3139 die-

329 3187 460 3229 rum
491 3174 674 3243 spatio
706 3173 860 3243 apud
889 3172 1015 3228 illos
1055 3172 1442 3242 perseveravit
1473 3174 1761 3243 angustia.
1802 3174 2026 3229 Interea

328 3260 470 3316 dum
499 3260 604 3316 uni
632 3259 848 3330 pariter
879 3260 1150 3315 videntur
1164 3259 1464 3329 subjacere
1491 3260 1753 3327 miseria,
1780 3275 1892 3315 non
1924 3261 2023 3315 uni

327 3355 519 3405 tamen
567 3363 765 3404 omnes
815 3349 1026 3418 pariter
1064 3348 1366 3417 suspirant
1430 3347 1525 3403 Dei
1586 3349 2021 3419 misericordia;

327 3437 425 3493 sed
452 3437 667 3507 potitus
701 3437 1110 3492 machinantur
1137 3435 1382 3502 sibimet,
1421 3435 1499 3490 hii
1525 3435 1626 3505 qui
1649 3437 1825 3492 duces
1848 3436 2022 3491 exsti-

328 3532 536 3592 terant,
583 3525 914 3594 prasidium
964 3524 1231 3594 perfidia.
1283 3523 1603 3579 Ralnaldus
1652 3524 1883 3589 etenim,
1921 3523 2024 3593 qui

326 3609 409 3666 eis
438 3611 495 3666 in
526 3612 897 3680 prosperitate
928 3609 1256 3680 praefuerat,
1291 3612 1439 3665 clam
1483 3609 1587 3665 sibi
1630 3611 1849 3666 Turcos
1883 3611 2025 3664 finde

327 3700 609 3766 conciliat,
667 3708 869 3769 pactus
915 3698 1128 3755 eisdem
1173 3698 1328 3768 quod
1373 3698 1549 3754 totius
1596 3699 1811 3754 militia
1855 3699 2027 3754 comi-

328 3796 511 3843 tatum
538 3788 645 3843 sibi
680 3786 939 3856 proderet
971 3801 1143 3856 quem
1183 3786 1436 3857 regebat,
1470 3786 1780 3857 Egreditur
1829 3787 2024 3856 itaque

328 3876 400 3931 ad
441 3876 565 3930 illos
620 3875 786 3944 quasi
839 3883 1236 3943 pugnaturus;
1281 3875 1377 3928 sed
1428 3875 1485 3928 in
1533 3874 1657 3943 ipsa
1710 3874 2025 3944 dirigenda

328 3964 469 4019 aciei
495 3963 756 4019 affectata
788 3963 992 4031 specie,
1041 3977 1172 4018 cum
1228 3963 1425 4017 multis
1479 3976 1720 4018 suorum
1774 3961 2025 4032 profugit

329 4051 401 4106 ad
428 4050 601 4120 ipsos,
652 4059 925 4119 perpetuo
957 4064 1351 4105 remansurus.
1407 4050 1682 4105 Besiduos
1715 4057 1799 4105 est
1843 4050 2025 4119 capti-

329 4139 476 4194 vitas
525 4146 848 4194 consecuta.
897 4138 1499 4202 Quibusdam‘eorum
1551 4138 1730 4208 captis
1785 4138 1855 4193 de
1914 4152 2023 4194 sua

329 4226 439 4282 ﬁde
464 4225 726 4282 estfacta
773 4226 1067 4294 discussio,
1109 4226 1520 4296 Christumque
1565 4241 1779 4297 negare
1816 4227 2019 4298 juben-

2135 3098 2545 3167 Euntesigitur
2565 3099 2868 3167 praefatum
2898 3098 3255 3155 Gualterium
3285 3113 3420 3155 cum
3439 3112 3545 3155 sua
3576 3098 3838 3170 frequen-

2134 3184 2234 3250 tia,
2259 3183 2441 3238 medio
2462 3183 2664 3239 itinere
2682 3182 3004 3250 offendunt,
3027 3198 3279 3254 eumque
3298 3198 3432 3239 cum
3449 3198 3690 3240 suorum
3716 3184 3836 3254 plu-

2133 3271 2282 3327 rima
2310 3279 2467 3340 parte
2498 3271 2858 3328 interimunt.
2892 3272 3093 3328 Petrus
3122 3286 3278 3339 vero,
3310 3287 3484 3342 quem
3521 3273 3829 3328 Eremitam

2131 3361 2528 3429 agnominant,
2588 3361 2729 3417 dum
2790 3361 3088 3417 vesaniam
3122 3361 3299 3431 ‘ejus,
3371 3376 3547 3432 quam
3606 3363 3832 3433 conglo-

2130 3456 2474 3515 meraverat,
2529 3450 2715 3519 gentis
2780 3463 3137 3518 compescere
3203 3463 3315 3505 non
3394 3449 3627 3517 valeret,
3697 3451 3833 3507 Con—

2130 3536 2555 3605 stantinopolim
2633 3537 2866 3606 provide
2947 3546 3275 3598 secesserat,
3349 3538 3491 3607 quia
3581 3538 3830 3607 ipsorum

2129 3623 2329 3679 effreni
2385 3632 2440 3679 et
2499 3624 2977 3694 incircumspecta
3006 3624 3233 3680 levitate
3264 3624 3484 3680 involvi
3527 3633 3826 3681 metuerat.

2131 3713 2304 3767 Turci
2345 3727 2481 3782 ergo
2528 3712 2585 3766 in
2633 3728 2729 3768 eos
2788 3713 3083 3782 inopinate
3128 3712 3314 3781 elTusi,
3372 3713 3651 3783 quosdam
3702 3714 3828 3769 dor-

2135 3800 2371 3856 mientes
2419 3800 2744 3869 reperiunt;
2805 3800 2947 3856 alios
2991 3814 3108 3855 non
3156 3801 3322 3856 modo
3376 3801 3570 3867 armis,
3622 3815 3824 3857 verum

2130 3889 2299 3944 etiam
2354 3889 2541 3944 nudos
2601 3890 2955 3944 vestimentis
3009 3888 3335 3953 inveniunt,
3395 3904 3541 3959 quos
3612 3889 3826 3959 pariter

2131 3976 2406 4031 continuo
2438 3977 2557 4030 neci
2592 3978 2848 4032 tradunt.
2880 3977 3035 4033 lnter
3062 3992 3157 4033 eos
3182 3979 3580 4050 presbyterum
3616 3992 3823 4047 quem-

2131 4062 2261 4117 dam
2296 4064 2529 4133 reperiri
2562 4065 2800 4136 contigit
2847 4066 3017 4121 missa
3054 4074 3336 4137 agentem,
3380 4080 3553 4137 quem
3595 4067 3650 4121 in
3702 4067 3825 4137 ipsa
3898 4064 3899 4137 l

2129 4164 2421 4208 sacrorum
2478 4152 2670 4207 statim
2719 4153 3069 4209 confectione
3138 4153 3511 4222 mortiﬁcant;
3560 4161 3616 4211 et
3682 4154 3821 4210 dum

2131 4239 2390 4295 immolat
2450 4240 2583 4309 Deo,
2656 4241 2846 4310 ipsum
2913 4241 3179 4298 eumdem
3236 4255 3428 4298 coram
3482 4241 3605 4313 ejus
3659 4242 3825 4298 altari
3898 4260 3899 4275 π

328 4322 455 4384 tur;
485 4314 582 4370 sed
611 4314 901 4370 Christum
932 4314 1230 4370 inﬂexibili
1277 4328 1492 4382 amore,
1541 4316 1734 4372 animo
1781 4324 1836 4372 et
1884 4332 2021 4374 voce
2059 4324 2103 4378 D
2128 4327 2471 4384 sacriﬁcant.

326 4400 638 4458 fatentibus
666 4402 854 4471 capita
879 4409 1276 4471 amputantur.

326 4490 399 4545 Et
427 4498 685 4546 veterum
704 4489 918 4545 similes
956 4490 1121 4545 modo
1164 4490 1426 4546 Christus
1473 4491 1706 4548 habebit
1754 4491 2020 4560 honores,

397 4579 745 4647 Martyribus
772 4579 1046 4633 decorans
1064 4579 1278 4633 sacula
1313 4588 1506 4634 nostra
1548 4582 1733 4636 novis.

325 4665 510 4734 Quam
538 4667 825 4723 redolente
851 4666 1043 4722 ferunt
1074 4667 1318 4738 insignia
1355 4675 1609 4737 tempora
1641 4670 1823 4737 lauro,

397 4754 504 4821 Qui
537 4756 709 4811 breve
740 4755 901 4824 quid,
934 4762 1082 4810 secto
1103 4754 1248 4811 ferre
1279 4764 1485 4825 parant
1506 4755 1752 4826 jugulo!

326 4843 534 4899 Dixere
567 4843 771 4910 felices,
804 4843 905 4913 qui
937 4857 1039 4912 per
1063 4850 1350 4899 momenta
1380 4843 1561 4900 tulere

398 4930 512 4986 Hos
538 4937 689 4986 tenet
716 4937 999 4985 aternum
1028 4928 1221 4985 vivere
1250 4937 1405 4986 certa
1437 4931 1592 4986 fides.

323 5019 450 5074 Jam
481 5019 644 5075 faces
673 5027 896 5074 nostras
927 5032 1042 5074 non
1067 5018 1368 5088 desperare
1394 5018 1605 5086 licebit,

395 5110 582 5163 Ausas
601 5108 755 5177 quod
785 5108 1063 5177 cuiquam
1096 5107 1197 5163 vix
1228 5107 1506 5162 imitabile
1532 5107 1625 5163 sit.
1936 5166 1943 5173 ,

396 5194 769 5263 Captivorum
834 5194 993 5261 alios,
1051 5194 1185 5249 data
1243 5194 1494 5262 vivendi,
1562 5194 1675 5250 imo
1737 5197 2018 5255 morosius

327 5282 624 5349 moriendi,
667 5282 1043 5353 indulgentia,
1076 5283 1173 5338 sed
1220 5283 1402 5353 magis
1435 5282 1727 5350 violentia,
1772 5285 1919 5342 inter
1958 5302 2018 5343 se
2118 5310 2127 5319 -

325 5370 610 5436 dividunt,
662 5370 889 5427 funesta
914 5371 1022 5426 sub
1072 5372 1328 5427 cruentis
1367 5371 1613 5427 dominis
1657 5373 2018 5432 exhibitnros

325 5458 579 5513 servitia.
622 5458 907 5525 Quosdam
968 5458 1184 5515 alicubi
1249 5459 1673 5529 prostituentes,
1733 5464 1899 5532 quasi
1943 5465 2014 5520 ad

326 5543 579 5615 signum,
610 5546 834 5617 sagittis
856 5547 1214 5618 jaculantur,
1245 5548 1364 5604 allii
1396 5549 1563 5620 quasi
1594 5564 1696 5622 pro
1744 5550 2015 5610 donativo

2310 4452 2448 4516 Qua
2480 4453 2612 4509 ferri
2640 4455 2821 4523 potuit
2848 4454 3063 4525 gratior
3092 4455 3294 4523 hostia,

2307 4541 2491 4608 Quam
2515 4541 2684 4612 cujus
2710 4543 2951 4599 Domino
2984 4543 3045 4599 ﬁt
3074 4557 3207 4599 caro
3237 4544 3511 4599 victima?

2306 4629 2453 4696 Quid
2486 4637 2623 4686 tunc
2652 4631 2822 4686 corde
2853 4645 3084 4700 precum
3110 4632 3253 4688 fudit
3287 4633 3358 4688 ab
3391 4632 3611 4698 intimo,

2306 4716 2448 4774 Cum
2472 4719 2677 4789 grandi
2707 4727 3024 4790 streperent
3054 4719 3251 4791 praelia
3280 4721 3555 4778 classico?

2305 4804 2553 4861 Victores
2584 4804 2855 4873 lacerant,
2888 4820 3051 4863 arma
3081 4807 3403 4864 retinniunt
3435 4823 3449 4863 :

2303 4890 2541 4947 Maerens
2569 4892 2835 4948 exululat
2863 4893 3035 4950 turba
3060 4892 3379 4965 fugacium.

2304 4978 2449 5034 Aras
2474 4980 2752 5035 ambierat
2786 4981 3081 5053 presbyter
3110 4982 3380 5052 optimus,

2305 5068 2810 5139 Complectensque
2843 5069 2939 5125 Dei
2959 5084 3123 5126 sacra
3153 5071 3487 5127 medullitus
3522 5086 3534 5126 :

2302 5156 2456 5218 Jesu,
2489 5156 2653 5224 dixit,
2687 5157 2821 5213 ades
2850 5157 3201 5226 prasidium,
3236 5158 3411 5227 bone;

2303 5242 2448 5299 Cum
2484 5251 2534 5299 te
2554 5245 2670 5314 jam
2704 5253 2925 5300 teneam
2955 5260 3083 5316 spes
3111 5254 3304 5315 pereat
3335 5246 3485 5318 fuga
3517 5260 3530 5299 :

2300 5331 2551 5403 Jungam
2586 5339 2860 5403 perpetuo
2870 5334 2989 5404 jam
3025 5332 3128 5390 tibi
3158 5333 3388 5400 foedera,

2301 5419 2542 5476 Occidor
2582 5435 2594 5475 :
2622 5434 2859 5494 perages
2889 5430 3095 5493 capta,
3126 5422 3278 5478 Deus
3306 5434 3490 5477 sacra.

2122 5555 2198 5612 At
2256 5568 2389 5612 vero
2439 5556 2485 5612 si
2523 5556 2628 5628 qui
2662 5557 2906 5628 evadere
2960 5564 3292 5629 potuerunt,
3348 5556 3610 5616 Civizene
3670 5557 3797 5615 urbi
