3920 6080
105 367 213 419 709

1215 365 1437 422 GESTA
1476 365 1590 420 DEI
1629 366 1766 421 PER
1807 364 2147 422 FRANCOS.
2181 394 2249 404 —-
2276 363 2406 419 LIB.
2447 366 2519 419 Il.

3517 371 3620 422 710

107 515 227 556 sese
280 500 567 571 fugientes
636 500 911 556 inferunt.
985 499 1159 568 Alios,
1240 515 1386 570 quos
1452 500 1603 555 tueri
1672 501 1811 570 fuga
1847 499 2025 556 ACui
2055 501 2374 556 secundum
2412 500 2701 568 divinum,
2746 514 2781 555 a
2837 516 2953 572 quo
3005 501 3358 569 intuebatur,
3407 503 3621 558 instin-

106 604 221 645 non
254 587 459 655 valuit,
526 588 907 659 praecipitium
954 588 1130 644 maris
1177 588 1494 653 absorbuit,
1537 588 1676 644 dum
1712 602 1807 643 sa-

106 678 222 733 tius
246 677 330 733 eis
357 685 440 733 est
470 685 709 732 mortem
742 676 968 746 eligere,
1002 690 1182 746 quam
1226 676 1489 732 inferenti
1535 691 1810 732 succum-

107 760 259 815 bere.
294 758 406 815 Alii
432 768 708 815 montana
755 766 1005 828 petentes
1034 758 1378 814 fovebantur
1421 757 1480 813 in
1529 758 1807 828 rupibus;

106 847 201 902 alii
231 848 508 903 delituere
550 861 651 916 per
685 846 880 903 silvas.
922 846 1037 902 Nec
1075 862 1255 914 mora,
1298 846 1490 914 Turei,
1533 845 1810 916 correptis

107 936 196 991 his
248 945 350 992 aut
396 936 614 1005 punitis
666 950 812 1006 quos
856 943 1021 991 extra
1065 943 1413 1006 repererant,
1463 950 1559 991 eos
1596 950 1806 1006 aggre-

103 1023 367 1091 diuntur,
408 1031 463 1078 et
512 1023 806 1079 obsidione
865 1023 1219 1079 concludunt
1277 1023 1378 1094 qui
1436 1023 1492 1078 in
1554 1031 1808 1079 castrum

106 1112 507 1182 confugerant,
552 1111 612 1166 in
668 1119 915 1178 tantum,
948 1118 1009 1167 ut
1057 1111 1129 1166 ad
1160 1111 1625 1167 succendendum
1660 1111 1808 1167 idem

104 1199 401 1255 castellum
459 1199 618 1270 ligna
668 1199 1073 1255 conveherent.
1131 1198 1353 1265 Quibus
1410 1200 1676 1269 deinceps
1728 1198 1809 1255 hii

107 1287 210 1358 qui
259 1286 671 1343 obsidebantur
715 1287 906 1357 ignem
955 1285 1273 1356 subjiciunt
1312 1294 1387 1353 et,
1440 1289 1551 1341 Deo
1590 1287 1803 1357 judice,

107 1377 250 1433 dum
276 1390 372 1432 eos
402 1376 505 1446 qui
535 1376 692 1431 intus
720 1384 886 1431 erant
909 1376 1081 1430 Turei
1112 1377 1397 1431 aestimant
1427 1388 1808 1431 concremau-

107 1464 230 1529 dos,
260 1471 378 1519 tota
422 1463 781 1534 vis-ignium
825 1462 1100 1518 concessit
1148 1462 1203 1517 in
1235 1463 1469 1528 Turcos,
1517 1470 1571 1518 et
1608 1477 1677 1518 ex
1727 1463 1807 1518 eis

107 1551 459 1620 consumpsit
511 1550 765 1621 aliquos;
825 1550 1156 1606 nullatenus
1218 1558 1410 1606 autem
1478 1558 1804 1607 nostrorum

107 1639 297 1709 attigit
366 1639 527 1695 ullos.
585 1638 944 1695 Instantibus
999 1639 1203 1694 deinde
1261 1639 1387 1705 illis,
1423 1638 1801 1709 municipium

104 1728 368 1797 capitur;
427 1728 566 1796 vivi,
630 1743 773 1798 quos
800 1728 1154 1797 quaerebant,
1196 1728 1800 1798 comprehenduntur;

106 1815 392 1885 idemque,
434 1816 518 1872 uti
566 1816 789 1886 pridem
845 1816 917 1871 de
963 1815 1090 1871 aliis
1139 1824 1396 1886 egerant,
1455 1816 1801 1885 dispertiun-

106 1912 222 1970 tur,
272 1912 328 1960 et
371 1904 443 1959 ad
494 1919 609 1971 eas,
661 1904 815 1960 unde
864 1905 1053 1959 hostes
1102 1913 1401 1971 venerant,
1456 1905 1801 1973 provincias,

104 1997 381 2062 perpetuo
428 1992 610 2048 futuri
647 1994 893 2059 exsules,
949 1992 1334 2048 destinantur.
1386 1992 1520 2048 Haec
1557 2002 1621 2048 ut
1653 1993 1805 2048 dicta

101 2090 261 2146 sunt,
300 2095 492 2136 mense
522 2089 881 2151 peraguntur
909 2080 1160 2136 Octobri.

172 2170 247 2223 At
300 2168 553 2238 perﬁdus
604 2168 932 2237 imperator,
977 2176 1266 2238 comperto
1324 2168 1578 2225 fidelium
1622 2168 1806 2225 infor-

101 2256 287 2322 tunio,
346 2270 598 2326 nequam
657 2255 842 2312 elatus
893 2256 1111 2323 laetitia,
1167 2256 1500 2313 facultatem
1559 2257 1807 2313 residuis

96 2345 264 2415 jubet
293 2345 551 2413 attribui,
598 2345 837 2400 transito
876 2344 1136 2400 videlicet
1183 2346 1373 2400 Sancti
1404 2345 1631 2415 Georgii
1665 2346 1804 2401 Bra-

101 2434 254 2500 chio,
307 2434 365 2489 in
431 2434 708 2489 citerioris
772 2433 1003 2489 Graeciae
1050 2442 1240 2503 partes
1299 2435 1542 2504 regredi.
1605 2435 1808 2490 Retro-

103 2536 331 2593 gressos
388 2536 522 2577 cum
582 2523 640 2577 in
693 2536 814 2578 sua:
870 2522 1104 2578 ditionis
1158 2530 1312 2579 terra
1349 2524 1598 2588 vidisset,
1645 2537 1809 2579 arma

106 2619 170 2666 ut
203 2610 310 2666 sibi
348 2609 683 2666 eorumdem
732 2611 1138 2677 venderentur,
1177 2610 1310 2679 jure
1342 2611 1465 2682 jam
1506 2611 1806 2667 necessita-

105 2699 199 2764 tis,
243 2698 444 2769 exigit.
501 2697 754 2754 Comitize
803 2699 955 2754 Petri
980 2697 1242 2754 Eremitae
1271 2699 1401 2755 talis
1432 2698 1537 2755 fuit
1566 2700 1758 2756 exitus
1790 2715 1803 2755 :

105 2788 281 2856 cujus
331 2787 629 2842 historiam
682 2787 805 2842 ideo
860 2788 984 2842 sine
1040 2786 1277 2842 alterius
1323 2788 1577 2844 materia:
1624 2789 1808 2844 inter—

104 2875 258 2931 stitio
309 2875 592 2944 prosecuti
641 2889 861 2939 sumus,
901 2881 965 2930 ut
1011 2889 1136 2930 eam
1169 2876 1296 2931 aliis
1325 2876 1544 2931 nullam
1586 2877 1807 2947 impen-

104 2963 255 3018 disse
310 2977 496 3034 opem,
548 2963 646 3019 sed
696 2962 899 3019 Turcis
954 2963 1238 3019 addidisse
1287 2963 1590 3021 audaciam
1637 2979 1806 3020 mon-

1920 596 2099 656 ctum,
2133 588 2413 644 mirabilis
2462 603 2634 659 super
2678 589 2784 645 hoc
2828 590 3188 660 postmodum
3221 592 3621 661 opportunitas

1921 677 2131 732 arrisit.

1991 766 2126 821 Tres
2176 765 2370 836 itaque
2422 765 2481 831 ii,
2534 766 2804 821 maximis
2871 780 3019 834 quos
3072 765 3361 822 habebant
3429 766 3618 823 oblitis

1921 852 2258 921 honoribus,
2333 868 2651 923 perrexere.
2723 854 2827 909 Sed
2893 868 3011 924 quo
3066 854 3285 910 caeteris
3346 856 3619 913 fratribus

1920 939 2278 1008 prudentior,
2307 954 2392 1007 -_eo
2445 938 2784 997 Godefridus
2844 941 2967 997 dux
3019 942 3236 998 exstitit
3268 942 3469 999 militia
3498 959 3618 1000 nu-

1919 1028 2222 1083 merosiore
2298 1029 2599 1098 potentior.
2678 1029 2827 1085 Huic
2887 1029 3229 1101 adjungitur
3301 1031 3618 1089 Balduinus

1917 1129 2107 1170 comes
2155 1116 2223 1171 de
2269 1116 2575 1181 Montibus,
2636 1117 2927 1173 Rothberti
2958 1188 2961 1189 ν
2988 1118 3356 1174 Flandrensis
3395 1121 3618 1176 comitis

1912 1202 2162 1272 junioris
2193 1204 2383 1273 patrui
2414 1203 2585 1259 filius.
2620 1204 2764 1261 Cum
2796 1206 2971 1261 nobili
3006 1207 3182 1277 igitur
3212 1222 3407 1263 rerum
3437 1222 3614 1279 eque-

1917 1292 2123 1347 strium
2166 1305 2376 1362 pompa
2418 1300 2474 1348 et
2522 1294 2813 1362 spectabili
2856 1294 3291 1351 fortissimorum
3329 1297 3616 1366 juvenum

1916 1379 2259 1449 frequentia,
2302 1381 2715 1451 Hungarorum
2764 1382 3170 1452 ingrediuntur
3210 1392 3465 1451 terram;
3502 1384 3615 1441 ha-

1917 1468 2112 1524 bentes
2144 1477 2334 1524 tamen
2386 1483 2533 1531 eam,
2577 1484 2754 1539 quam
2805 1471 3008 1526 Petrus
3046 1478 3231 1527 tenere
3262 1487 3376 1527 non
3408 1473 3610 1542 valuit,

1918 1570 2059 1626 erga
2091 1571 2224 1612 suos
2270 1557 2476 1613 milites
2522 1558 2911 1627 disciplinam;
2948 1568 3002 1614 et
3040 1559 3267 1615 duobus
3315 1568 3446 1616 ante
3498 1562 3615 1623 Doe-

1918 1644 2057 1699 mini
2114 1645 2315 1700 Natale
2376 1646 2599 1714 diebus,
2682 1645 2850 1716 primi
2899 1655 3031 1701 ante
3101 1662 3299 1702 omnes
3358 1648 3615 1704 Francia:

1919 1732 2223 1803 principes,
2315 1735 2515 1789 urbem
2590 1734 2828 1805 attigere
2908 1733 3613 1805 Constantinopolitanam,

1913 1825 2060 1875 884
2095 1821 2191 1877 sed
2223 1821 2484 1891 hospitati
2515 1829 2652 1877 sunt
2679 1830 2841 1877 extra
2866 1822 3067 1891 ipsam.

1984 1911 2055 1963 At
2106 1908 2359 1977 perfidus
2413 1910 2722 1978 imperator
2770 1912 3025 1977 territus,
3066 1909 3262 1966 audito
3308 1910 3611 1967 clarissimi

1914 1995 2078 2050 ducis
2131 1996 2405 2062 adventu,
2481 1996 2684 2052 detulit
2737 1997 2786 2051 ei
2838 1998 3239 2064 reverentiam,
3300 1999 3394 2054 sed
3445 1999 3616 2055 minis

1912 2082 2284 2149 extortitiam,
2336 2083 2596 2152 praebens
2641 2083 2691 2138 ei
2735 2099 2834 2153 pro
2869 2084 3175 2151 moenibus,
3212 2085 3270 2139 in
3311 2085 3499 2156 burgo
3528 2086 3614 2141 vi-

1913 2170 2114 2226 delicet
2155 2170 2334 2237 urbis,
2383 2173 2782 2227 commanendi
2844 2171 3150 2227 licentiam.
3211 2173 3459 2242 Hospitio
3514 2175 3616 2230 ita-

1914 2272 2029 2327 que
2072 2258 2145 2313 ad
2198 2258 2505 2327 imperium
2565 2258 2925 2328 imperatoris
2980 2268 3228 2329 accepto,
3279 2261 3350 2315 ad
3381 2268 3615 2317 contra-

1917 2345 2133 2401 hendas
2201 2346 2590 2415 undecunque
2654 2347 2847 2416 paleas
2918 2346 3199 2417 equisque
3274 2351 3611 2417 necessaria,

1914 2433 2037 2488 dux
2082 2441 2138 2489 et
2205 2432 2425 2502 quique
2467 2447 2729 2501 suorum,
2775 2434 3090 2503 armigeros
3137 2435 3397 2505 proprios
3441 2437 3613 2492 desti-

1915 2521 2154 2576 nabant.
2215 2522 2286 2577 Et
2332 2535 2466 2576 cum
2519 2521 2941 2577 arbitrarentur
3000 2522 3149 2577 licite
3187 2537 3254 2577 ac
3304 2538 3504 2580 secure
3550 2540 3610 2581 se

1917 2609 2240 2664 discurrere
2271 2623 2431 2679 posse
2461 2624 2576 2678 quo
2627 2609 2855 2677 vellent,
2886 2609 3033 2664 clam
3083 2610 3350 2680 princeps
3381 2611 3473 2667 ille
3520 2627 3615 2668 ne-

1915 2697 2249 2767 quissimus,
2298 2697 2387 2752 his
2416 2697 2518 2767 qui
2546 2697 2697 2752 circa
2726 2711 2785 2752 se
2816 2697 3205 2753 versabantur
3252 2700 3515 2768 imperat,
3549 2709 3615 2757 ut

1916 2785 2079 2841 ducis
2124 2785 2433 2852 ministros,
2486 2800 2856 2856 quorumque
2896 2786 3207 2855 pervadere
3248 2795 3494 2856 possent,
3528 2790 3611 2844 in-

1914 2873 2242 2930 ditferenter
2295 2874 2636 2930 occiderent.
2698 2873 2860 2940 Quod
2918 2874 3016 2929 ubi
3088 2875 3391 2943 Balduino,
3450 2876 3613 2933 ducis

1915 2961 2078 3017 fratri
2133 2970 2489 3032 compertum
2543 2971 2645 3027 est,
2718 2961 2980 3018 obtendit
3034 2962 3311 3032 insidias;
3368 2970 3424 3018 et
3479 2976 3613 3019 cum

104 3059 440 3107 straremus.
490 3050 659 3107 Nunc
704 3052 902 3122 itaque
959 3052 1032 3107 ad
1074 3066 1169 3107 eos
1214 3067 1360 3122 quos
1406 3053 1806 3120 omiseramus,
1848 3073 1889 3128 ο
1916 3063 2051 3106 suos
2097 3050 2394 3120 reperisset
2434 3049 2933 3119 Turcopolitarum
2982 3048 3253 3105 violentia
3303 3050 3610 3119 molestari,

105 3137 211 3208 qui
282 3136 505 3203 eadem,
573 3151 693 3208 qua
766 3137 966 3194 Petrus
1045 3146 1428 3208 praecesserat,
1517 3139 1810 3196 subsecuti

104 3232 245 3281 sunt
300 3225 416 3293 via,
477 3224 577 3280 sed
634 3225 801 3296 longe
866 3224 1104 3280 feliciori
1186 3216 1487 3294 modestia,
1554 3235 1808 3284 reverta-

107 3326 263 3368 mur.

780 3400 1010 3459 CAPUT
1049 3400 1141 3459 VI.

181 3488 357 3560 [XIL]
419 3490 506 3543 De
550 3488 881 3558 Godefrido,
930 3488 1032 3561 qui
1068 3489 1289 3545 duobus
1331 3505 1456 3547 cum
1487 3490 1808 3558 fratribus,

104 3577 538 3649 Jerosolymam
560 3577 754 3633 valido
794 3577 1043 3632 exercitu
1070 3578 1316 3649 corgﬂato
1343 3578 1550 3650 pergil.
1584 3609 1652 3617 —
1678 3580 1810 3635 Dux

105 3666 466 3733 Godefridus,
521 3667 814 3722 Eustachii
868 3667 1291 3722 Boloniensium
1349 3665 1569 3722 comitis
1636 3666 1806 3733 ﬁlius,

106 3754 256 3809 duos
293 3755 494 3810 habuit
532 3755 755 3821 fratres,
804 3754 1168 3821 Balduinum,
1217 3754 1319 3824 qui
1347 3754 1648 3810 Edessena:
1678 3754 1811 3810 urbi

110 3842 360 3913 praefuit,
406 3850 462 3899 et
507 3852 633 3913 post
681 3844 872 3913 ipsum
920 3844 1175 3903 fratrem.
1211 3857 1312 3899 rex
1343 3841 1578 3899 effectus
1610 3843 1809 3898 Hiero-

106 3930 358 4000 solymze,
418 3947 576 3987 nunc
630 3946 815 4001 usque
862 3940 1097 4003 regnat;
1158 3940 1212 3987 et
1267 3931 1645 3987 Eustachium
1708 3932 1808 4002 qui

77 4027 347 4088 paterno
388 4020 684 4075 comitatui
718 4028 939 4089 praeest.
991 4019 1057 4074 Hi
1090 4028 1307 4088 patrem
1338 4020 1676 4075 habuerunt
1705 4035 1810 4089 po-

109 4114 341 4173 tentem,
374 4116 429 4162 et
482 4107 775 4163 saecularis
827 4107 1040 4178 ingenii
1070 4109 1296 4177 virum;
1340 4109 1437 4163 sed
1480 4116 1535 4163 et
1570 4117 1810 4164 matrem

110 4195 312 4251 litteris
360 4196 616 4266 quidem,
669 4196 777 4251 nisi
826 4196 1011 4264 fallor,
1061 4197 1367 4264 eruditam,
1399 4204 1454 4252 et
1491 4211 1563 4252 ex
1608 4199 1812 4253 Lotha-

112 4282 293 4352 ringis
359 4283 612 4354 ingenue
668 4284 979 4340 admodum
1047 4284 1376 4352 oriundam,
1439 4287 1536 4340 sed
1596 4285 1812 4354 potissi-

1918 3137 2197 3193 acerrime
2242 3151 2357 3205 eos,
2392 3137 2473 3193 uti
2517 3138 2769 3205 decebat,
2818 3137 3191 3209 aggreditur:
3234 3145 3289 3193 et
3326 3138 3442 3193 Deo
3480 3151 3613 3207 pro-

1916 3234 2182 3295 sperante
2211 3233 2372 3282 tanta
2413 3225 2654 3281 victoria
2698 3225 2933 3295 potitur,
2986 3233 3049 3281 ut
3077 3239 3152 3281 ex
3195 3226 3277 3281 eis
3307 3226 3612 3296 sexaginta

1914 3313 2342 3384 comprehensis
2390 3314 2599 3384 partim
2646 3314 2939 3382 occiderit,
2996 3314 3210 3383 partim
3257 3315 3391 3370 duci
3446 3314 3612 3371 fratri

1914 3402 2202 3458 obtulerit.
2259 3404 2388 3458 Haec
2442 3402 2515 3457 ad
2564 3403 2722 3472 impii
2773 3402 3133 3472 imperatoris
3182 3402 3283 3458 ubi
3333 3401 3614 3459 devenere

1918 3489 2198 3557 notitiam,
2230 3490 2413 3545 multa
2441 3489 2939 3546 animadversione
2969 3498 3289 3559 torquetur.
3333 3489 3457 3553 Quo
3485 3491 3614 3561 ejus

1919 3586 2079 3632 motu
2124 3577 2348 3632 cautior
2377 3577 2483 3633 sibi
2522 3578 2980 3645 redditus’dux,
3033 3577 3216 3647 burgo
3272 3578 3453 3644 urbis,
3496 3592 3613 3648 quo

1916 3673 2285 3732 successerat,
2330 3665 2515 3733 cessit,
2568 3674 2624 3721 et
2667 3673 2833 3721 extra
2879 3666 3019 3721 ﬁnes
3064 3666 3189 3735 ejus
3236 3674 3425 3721 castra
3469 3665 3610 3736 figit.

1916 3757 1986 3808 At
2017 3753 2299 3824 princeps,
2338 3754 2476 3810 illati
2524 3753 2735 3810 doloris
2777 3768 2892 3809 non
2945 3755 3262 3821 immemor,
3313 3768 3445 3809 cum
3497 3754 3615 3810 dies

1917 3850 2065 3898 esset
2122 3842 2358 3898 acclinis
2406 3843 2477 3898 ad
2534 3857 2864 3912 vesperum,
2914 3842 3128 3898 directo
3184 3857 3249 3898 eo
3300 3857 3472 3912 quem
3514 3856 3614 3898 co-

1918 3944 2051 4001 gere
2095 3936 2313 3999 poterat
2379 3930 2660 3998 exercitu,
2718 3930 2922 3986 ducem
2975 3945 3108 3986 cum
3160 3944 3266 3985 sua
3320 3939 3486 4000 gente
3540 3930 3613 3986 ad

1918 4018 2068 4074 bella
2115 4018 2357 4075 lacessit.
2401 4019 2553 4086 Quos
2600 4020 2723 4075 dux
2761 4019 3085 4074 vehementi
3133 4019 3349 4088 excepit
3400 4019 3616 4075 instan-

1920 4108 2018 4173 tia,
2059 4117 2113 4164 et
2155 4107 2210 4163 in
2261 4108 2459 4178 fugam
2501 4107 2712 4178 pulsos,
2757 4107 3157 4177 persequendo
3187 4106 3372 4179 coegit
3409 4107 3469 4162 in
3506 4121 3614 4163 ur-

1918 4196 2066 4263 bem,
2128 4204 2465 4266 septemque
2520 4197 2761 4266 peremit
2820 4209 3040 4251 eorum.
3092 4196 3191 4251 His
3248 4197 3326 4251 ita
3384 4195 3619 4252 feliciter

1917 4285 2059 4340 actis
2087 4285 2209 4340 dux
2253 4286 2324 4339 ad
2358 4299 2466 4340 sua
2495 4294 2683 4341 castra
2722 4284 2910 4349 rediit,
2957 4298 3022 4339 ac
3055 4298 3154 4353 per
3189 4275 3451 4355 quinque
3497 4285 3617 4340 dies

111 4385 273 4427 mum
334 4371 590 4442 ingenita
662 4372 987 4440 serenitate,
1062 4379 1118 4429 et
1167 4386 1379 4443 magna
1433 4387 1568 4444 erga
1629 4375 1812 4430 Deum
1850 4368 2124 4428 Dresedit
2158 4372 2388 4440 ibidem,
2439 4372 2619 4428 donec
2651 4372 2770 4441 ipse
2800 4372 3227 4441 imperatorque
3260 4373 3614 4428 confoedera-

113 4458 291 4514 animi
347 4459 649 4515 devotione
712 4467 1122 4530 praestantem:
1183 4462 1354 4531 cujus
1388 4461 1626 4517 diutinae
1672 4462 1811 4517 reli-

112 4546 269 4618 gioni
319 4555 432 4603 tam
491 4547 887 4617 spectabilium
945 4548 1323 4616 debebantur,
1382 4556 1445 4605 ut
1501 4550 1808 4617 credimus,

112 4635 331 4706 gaudia
364 4635 636 4717 ﬁliorum.
685 4635 774 4691 Illi
821 4636 1005 4705 plane,
1048 4636 1117 4691 de
1159 4651 1275 4707 quo
1306 4638 1463 4707 loqui
1492 4639 1807 4706 adorimur,

110 4722 437 4791 Godefrido,
475 4740 541 4780 ex
587 4733 845 4781 materna
888 4725 1214 4781 haereditate
1243 4726 1395 4795 apud
1428 4726 1811 4797 Lotharingos

108 4812 360 4867 ducatus
389 4821 720 4869 accesserat.
754 4814 819 4868 Hi
843 4821 977 4880 tres,
1003 4827 1037 4868 a
1058 4814 1260 4869 matris
1281 4828 1653 4884 nequaquam
1675 4815 1810 4869 sim-

111 4899 363 4969 plicitate
393 4900 718 4971 degeneres,
751 4916 886 4957 cum
908 4901 1091 4958 multa
1135 4916 1432 4957 armorum
1460 4902 1661 4973 gloria,
1687 4910 1811 4957 tum

106 4988 387 5043 modestia
441 5002 558 5044 non
616 4991 837 5046 minore
880 4989 1229 5046 ﬂoruerunt.
1290 4989 1516 5045 Solebat
1571 5004 1811 5046 narrare

108 5076 361 5146 gloriosa
403 5077 628 5145 mulier,
671 5090 803 5133 cum
855 5078 1034 5148 hujus
1072 5078 1441 5148 profectionis
1487 5080 1710 5134 exitum
1755 5085 1811 5134 et

108 5163 362 5218 ﬁliorum
410 5177 650 5220 suorum
702 5164 1015 5221 miraretur
1059 5174 1351 5233 eventum,
1406 5166 1698 5236 quoddam
1752 5180 1811 5221 se

107 5251 341 5308 audisse
388 5266 463 5307 ex
516 5266 613 5309 ore
672 5253 774 5308 ﬁlii
832 5253 996 5310 ducis
1048 5254 1159 5310 tale
1213 5256 1580 5325 prmsagium,
1628 5253 1811 5310 multo

105 5346 424 5409 antequam
480 5339 637 5396 fieret
690 5340 925 5411 aliquod
1008 5342 1485 5412 peregrinationis
1558 5341 1808 5398 initium.

104 5428 341 5484 Dicebat
397 5441 652 5498 namque
706 5442 766 5485 se
833 5428 1157 5485 desiderare
1204 5430 1485 5500 proficisci
1542 5429 1812 5486 Hieroso-

102 5515 344 5586 lymam,
394 5524 449 5572 et
503 5517 609 5572 hoc
658 5531 776 5572 non
824 5517 1183 5587 simpliciter,
1243 5526 1308 5574 ut
1364 5518 1481 5586 alii,
1529 5519 1626 5575 sed
1676 5532 1812 5575 cum

102 5602 383 5662 violentia
427 5605 735 5675 exercitus,
766 5604 815 5662 si
856 5604 965 5662 sibi
1014 5605 1176 5676 copia
1205 5613 1554 5679 suppeteret,
1585 5608 1801 5680 magni.

1918 4469 2121 4517 rentur
2146 4461 2215 4516 ad
2268 4474 2482 4531 pacem.
2526 4460 2630 4516 Sed
2684 4460 2790 4516 sibi
2826 4460 3058 4516 timidus
3112 4460 3374 4529 princeps
3422 4460 3617 4531 exegit

1918 4563 1952 4604 a
1982 4550 2126 4604 duce
2151 4547 2400 4617 monitis,
2457 4556 2521 4604 ut
2559 4548 2748 4605 Sancti
2805 4548 3031 4618 Georgii
3078 4548 3385 4603 Brachium
3430 4554 3615 4603 trans-

1916 4637 2044 4703 iret,
2107 4637 2393 4706 spondens
2449 4636 2603 4706 quod
2656 4636 2915 4691 omnium
2974 4634 3313 4689 victualium
3362 4636 3611 4705 negotia,

1920 4725 2004 4781 uti
2048 4724 2400 4780 haberentur
2444 4722 2952 4792 Constantinopoli,
2987 4722 3069 4778 eis
3116 4722 3323 4778 deferri
3362 4722 3613 4793 juberet,

1917 4821 1972 4869 et
2014 4813 2370 4884 pauperibus
2408 4827 2640 4883 quoque
2679 4825 2881 4867 eorum
2928 4811 3345 4881 eleemosynam
3385 4811 3615 4881 impen-

1917 4902 2093 4958 deret.
2123 4900 2283 4968 Quod
2311 4908 2367 4957 et
2394 4900 2609 4956 factum
2633 4907 2738 4955 est.

2572 4988 2804 5045 CAPUT
2842 4987 2966 5045 VII.

1988 5076 2184 5150 [XIII]
2244 5076 2524 5133 Aimarus
2580 5077 2888 5133 Podiensis
2944 5075 3244 5148 episcopus
3286 5073 3505 5147 pietate
3557 5077 3615 5130 et

1913 5166 2161 5220 scientia
2200 5165 2577 5220 clarissimus.
2611 5194 2682 5206 —
2705 5164 2986 5232 Quoniam
3035 5164 3213 5235 igitur
3247 5164 3316 5219 de
3346 5164 3491 5220 duce
3520 5164 3614 5219 di-

1916 5254 2111 5310 ximus
2155 5253 2479 5325 cujusmodi
2513 5254 2627 5308 huc
2675 5268 2860 5323 usque
2896 5261 3282 5309 commeatum
3325 5252 3610 5320 habuerit,

1916 5351 2091 5398 restat
2123 5351 2184 5398 ut
2230 5343 2301 5398 ad
2343 5341 2630 5397 interioris
2669 5341 2925 5397 Francia:
2970 5353 3231 5410 proceres
3270 5342 3611 5411 redeamus;

1917 5438 1972 5487 et
2001 5431 2105 5501 qui
2149 5431 2382 5497 fuerint,
2418 5445 2606 5501 quave
2638 5430 3012 5500 perrexerint,
3055 5444 3201 5500 quos
3240 5430 3411 5485 etiam
3440 5443 3614 5485 even-

1917 5526 2011 5576 tus
2041 5519 2371 5588 habuerint,
2420 5520 2618 5591 aliqua
2660 5533 2733 5575 ex
2764 5526 2925 5590 parte
2955 5527 3286 5591 tangamus.
3321 5518 3614 5575 Podiensis

1915 5608 2210 5679 episcopus
2237 5609 2348 5677 vir,
2393 5608 2534 5678 vita,
2573 5607 2830 5678 scientia,
2869 5608 3229 5666 documentis
3258 5615 3313 5665 et
3342 5606 3613 5665 militaris
