3914 6094
296 334 395 386 7H

1186 330 1247 385 V.
1288 329 1624 386 GUIBERTI
1660 326 1950 385 ABBA'I‘IS
1988 329 2043 386 S.
2087 328 2327 385 MARIE
2366 328 2459 386 DE
2499 328 2892 387 NOVIGENTO

3699 331 3816 383 ’712

300 461 679 533 dispositionis
728 460 1035 531 sagacitate
1091 460 1412 528 mirandus,
1482 476 1615 517 cum
1684 461 1988 517 innumera
2025 461 2072 513 Α
2102 458 2257 515 nime
2284 460 2593 515 convenit:
2635 460 2734 530 qui
2773 460 3008 530 quidem
3060 460 3319 530 corporis
3366 461 3612 531 pondus,
3672 462 3820 517 leni-

300 566 541 608 suarum
569 550 816 619 partium
846 556 1012 619 gente
1042 562 1142 618 per
1172 548 1505 606 Sclavorum
1536 552 1825 622 regionem
1862 563 1991 619 pro-

298 639 470 695 ﬁcisci
513 637 738 707 delegit.
790 636 972 707 Cujus
1014 637 1383 705 vocabulum,
1418 639 1558 709 quia
1586 638 1850 708 superius
1898 650 1992 693 me

297 726 562 798 ignorare
588 725 904 793 dolueram,
958 740 1063 781 nec
1099 739 1196 795 per
1239 740 1365 784 eam
1418 728 1633 784 discere
1677 727 1857 797 potui,
1888 742 1989 783 cu-

289 815 388 886 jus
432 829 555 870 esse
610 814 807 870 videor
860 814 1160 885 interpres,
1212 815 1551 872 historiam:
1586 830 1687 886 per
1726 830 1821 871 eos
1850 823 1985 870 tan-

292 903 421 959 dem
454 903 556 973 qui
604 903 663 958 in
715 902 811 959 illa
852 903 1210 973 expeditione
1257 918 1389 961 eum
1456 912 1758 973 noverant,
1806 918 1991 974 eoque

292 991 383 1048 usi
411 998 566 1060 sunt,
599 990 896 1062 attigimus
925 992 1051 1062 ejus
1080 992 1339 1049 notitiam
1373 1008 1387 1049 :
1439 994 1756 1050 vocabatur
1796 1000 1990 1050 autem

291 1079 443 1136 idem
473 1079 756 1150 pretiosus
777 1081 884 1148 vir,
916 1081 1205 1137 Aimarus.

368 1166 559 1240 [XIV.]
592 1168 765 1240 Hugo
803 1170 1054 1241 Magnus
1089 1170 1539 1225 strenuissimus.
1593 1202 1660 1210 —
1692 1172 1845 1227 Inter
1878 1184 1987 1225 cae-

289 1265 439 1314 teros
497 1256 801 1327 principes,
859 1257 1089 1314 initium
1169 1259 1310 1314 mihi
1366 1259 1596 1315 videtur
1650 1273 1685 1314 a
1740 1258 1990 1329 Philippi

289 1346 441 1418 regis
471 1347 827 1402 Francorum
867 1344 1044 1402 fratre
1076 1347 1317 1418 Hugone
1362 1347 1566 1418 Magno
1597 1347 1943 1404 sumendum
1969 1362 1986 1414 ;

289 1436 413 1506 qui,
442 1435 546 1492 etsi
585 1436 655 1491 ab
694 1433 990 1505 aliquibus
1035 1436 1330 1505 opulentia
1377 1450 1443 1491 ac
1487 1444 1758 1507 potestate
1786 1450 1990 1506 praece-

289 1523 466 1592 ditur,
506 1522 652 1579 nulli
702 1530 893 1579 tamen
957 1532 1244 1593 quantum
1300 1524 1371 1579 ad
1439 1524 1723 1595 originem
1775 1530 1989 1594 spectat

288 1626 636 1682 morumque
684 1611 1026 1680 probitatem
1055 1612 1347 1667 secundus
1377 1612 1640 1668 habetur.
1693 1613 1873 1682 Cujus
1927 1611 1987 1667 in

288 1701 466 1756 armis
512 1700 842 1766 Strenuitas,
903 1714 1037 1755 cum
1087 1702 1310 1772 generis
1354 1702 1650 1772 majestate
1690 1701 1983 1769 serenitas,

288 1797 495 1860 praeter
548 1788 671 1846 haec
724 1788 898 1844 etiam
951 1803 1091 1860 erga
1146 1804 1372 1845 omnem
1434 1803 1663 1845 sacrum
1722 1789 1984 1844 ordinem

289 1878 606 1945 humilitas,
638 1892 814 1948 quam
844 1892 964 1934 suae
1018 1877 1197 1948 ipsius
1238 1877 1615 1934 nihilominus
1659 1885 1984 1948 temperan—

289 1967 380 2023 tiae
405 1967 705 2023 condiebat
736 1966 1022 2033 honestas,
1064 1967 1380 2037 justissime
1430 1966 1792 2037 praedicatur.
1841 1966 1989 2022 Huic

286 2055 527 2125 quidam
558 2070 859 2125 procerum
894 2055 1291 2111 innitebantur
1327 2070 1338 2109 :
1370 2063 1423 2111 et
1455 2055 1502 2111 si
1533 2056 1672 2126 quid
1707 2054 1987 2111 bellorum

280 2144 414 2215 jure
480 2144 677 2201 evictis
724 2144 1087 2216 gentilibus:
1146 2159 1242 2201 eos
1299 2145 1558 2201 obtinere
1608 2145 1984 2214 contingeret,

287 2233 479 2303 ipsum
510 2233 616 2289 sibi
648 2247 838 2304 regem
872 2234 1158 2303 praeficere
1184 2234 1630 2289 meditabantur.

358 2321 529 2393 [XV.]
575 2322 902 2393 Stephanus
940 2338 1126 2377 comes
1166 2320 1489 2376 ditissimus
1524 2337 1594 2382 ac
1641 2318 1984 2375 liberalissi-

284 2426 435 2467 mus.
464 2439 537 2452 —
576 2411 708 2467 Post
756 2412 1143 2468 hunc.comes
1191 2410 1514 2480 Stephanus
1557 2410 1646 2465 vir
1693 2417 1851 2465 tanta
1884 2424 1985 2480 po-

286 2499 463 2556 tentia
512 2499 788 2570 praaditus
826 2498 1062 2566 exstitit,
1114 2505 1177 2555 ut
1231 2497 1383 2553 fama
1432 2500 1668 2554 testetur
1721 2502 1803 2553 tot
1850 2512 1985 2554 eum

285 2586 496 2659 pollere
550 2588 801 2644 dominio
858 2587 1244 2649 castellorum,
1313 2594 1456 2657 quot
1516 2601 1707 2642 annus
1763 2594 1984 2642 constat

288 2676 506 2733 honore
534 2675 804 2732 dierum:
851 2677 1041 2747 cujus,
1098 2675 1239 2730 dum
1280 2675 1371 2731 hic
1420 2683 1636 2746 ageret,
1672 2674 1983 2730 admodum

287 2763 573 2820 excellens
618 2763 930 2820 liberalitas
985 2764 1113 2831 fuit,
1168 2771 1334 2834 grata
1370 2764 1508 2819 satis
1558 2762 1981 2833 personalitas;

288 2852 661 2909 consiliorum
690 2866 822 2908 vero
862 2852 1253 2922 undecunque
1292 2852 1499 2908 librata
1542 2852 1885 2921 maturitas;
1926 2852 1984 2906 in

288 2954 486 2997 rerum
539 2940 897 3010 equestrium
949 2940 1253 3008 industria,
1306 2947 1475 2996 tanta-
1511 2939 1808 2996 nobilitate
1855 2940 1981 3010 [al.,

2101 556 2274 603 tatem
2303 548 2427 618 [al.,
2458 546 2764 620 levitatem]
2809 562 2986 619 quam
3028 549 3120 604 hic
3163 549 3449 605 habuerat
3497 555 3648 605 385
3698 565 3818 606 vo-

2100 636 2359 704 luntatis,
2393 636 2750 707 nimiamque
2780 635 3116 693 effusionem
3143 638 3402 707 pecunia:
3434 638 3614 693 animi
3645 653 3820 694 escu-

2099 725 2379 793 lentioris,
2446 740 2561 782 non
2630 726 2753 782 sine
2796 725 3000 797 majori
3049 726 3446 794 somnolentia,
3502 727 3819 783 celebriori

2101 814 2435 885 petulantia,
2468 814 2717 884 ﬂuxum,
2753 829 2821 871 ea
2852 829 2971 886 qua
3004 814 3064 870 in
3090 815 3383 871 Dominico
3416 815 3605 887 viguit
3633 830 3816 872 exer-

2096 903 2216 960 citu
2258 904 2682 973 perseverantia
2709 911 2764 960 et
2811 903 3026 960 virtute
3069 902 3269 974 piavit.
3322 903 3418 960 Isti
3450 904 3591 960 adeo
3636 913 3819 961 natu-

2097 991 2295 1048 raliter
2341 991 2511 1048 insita
2556 991 2856 1048 clementia
2887 992 3016 1060 fuit,
3071 999 3136 1049 ut
3165 993 3224 1048 in
3270 1006 3366 1048 eos
3395 993 3496 1064 qui
3534 1007 3717 1063 penes
3748 1008 3815 1049 se

2097 1087 2320 1135 reatum
2376 1079 2712 1150 proditionis
2742 1093 2810 1135 ac
2854 1079 3141 1151 judicium
3200 1080 3397 1137 mortis
3450 1081 3809 1148 inciderant,

2097 1167 2293 1225 ulcisci
2323 1183 2438 1224 non
2485 1169 2727 1239 sineret;
2775 1168 2920 1240 quin
2957 1169 3130 1225 etiam
3174 1170 3222 1226 si
3270 1175 3400 1240 qua'
3436 1169 3807 1232 accidissent.

2094 1272 2295 1314 eorum
2325 1257 2655 1314 infortuniis
2698 1258 3106 1329 illacrymaret.
3136 1258 3318 1329 Cujus
3356 1258 3593 1329 quidem
3625 1259 3687 1314 in
3721 1273 3812 1314 re-

2099 1347 2205 1403 bus
2252 1346 2469 1403 bellicis
2508 1346 2773 1413 audacia,
2805 1354 2859 1403 et
2904 1354 3194 1418 quantum
3224 1347 3298 1403 ad
3337 1361 3545 1417 parvas
3575 1348 3812 1403 machi-

2097 1436 2374 1504 nationes,
2436 1435 2652 1506 quibus
2727 1436 2938 1492 multos
3000 1435 3201 1492 fuedari
3261 1437 3572 1503 cernimus,
3636 1438 3809 1494 nulla

2098 1524 2368 1592 versutia,
2402 1526 2599 1580 merito
2620 1525 2980 1594 laudaretur,
3029 1524 3141 1581 nisi
3180 1525 3526 1597 quibusdam
3556 1528 3809 1583 tacenda

2097 1611 2539 1683 indignitatibus
2595 1621 2935 1683 urgeretur;
2998 1614 3153 1684 quod
3205 1622 3384 1670 totum
3430 1615 3551 1685 jam
3604 1622 3804 1670 tamen

2095 1701 2147 1756 ei
2184 1701 2500 1757 condonari
2552 1701 2738 1767 debet,
2770 1700 2908 1772 quia
2950 1716 3054 1772 pro
3099 1702 3187 1758 his
3226 1702 3553 1773 horumque
3582 1704 3804 1759 simili-

2024 1759 2069 1815 Β
2109 1789 2238 1857 bus,
2301 1790 2412 1846 Deo
2461 1790 2511 1847 ei
2556 1791 2941 1860 temporaliter
3011 1791 3381 1858 retribuente,
3428 1793 3803 1861 carceralem,

2097 1878 2307 1934 amisso
2336 1878 2492 1935 omni
2522 1879 2828 1936 comitatus
2854 1879 3070 1935 honore
3093 1878 3414 1936 custodiam
3439 1878 3615 1937 fovet.

2738 1967 2968 2024 CAPUT
3008 1968 3162 2025 VIII.

2168 2054 2390 2125 [XVIL]
2434 2055 2578 2111 Cum
2621 2055 2864 2112 istorum
2907 2071 3053 2127 quos
3101 2056 3169 2113 de
3216 2071 3325 2113 sua
3363 2057 3617 2129 quisque
3669 2072 3801 2129 pro-

2094 2143 2288 2198 vincia
2342 2157 2535 2199 secum
2598 2151 2854 2200 traxerat
2907 2144 3134 2215 inclytis
3189 2145 3510 2214 ordinibus,
3584 2146 3802 2201 medio-

2094 2230 2281 2286 crium
2313 2229 2640 2299 principum
2668 2231 2810 2287 exiit
2842 2231 3169 2287 multitudo.
3215 2231 3471 2298 Quorum
3515 2247 3801 2289 numero-

2096 2317 2254 2383 sitas,
2288 2318 2427 2388 quia
2458 2326 2712 2375 nostram
2758 2319 2991 2375 videtur
3036 2320 3383 2377 obnubilare
3412 2322 3704 2387 notitiam,
3739 2321 3800 2376 in

2098 2406 2363 2477 praesenti
2397 2407 2793 2477 suprimimus,
2844 2408 3104 2464 habituri
3152 2409 3465 2475 meliorem,
3520 2424 3799 2479 processu

2097 2495 2369 2563 historiae,
2429 2495 2710 2566 quosdam
2785 2495 3025 2552 forsitan
3099 2497 3465 2567 exprimendi
3529 2511 3795 2553 causam.

2096 2582 2280 2640 Unius
2313 2583 2487 2650 enim,
2526 2584 2731 2651 duum,
2778 2583 2975 2650 trium,
3022 2598 3125 2641 seu
3157 2593 3410 2655 quatuor
3446 2585 3799 2655 oppidorum

2094 2671 2354 2727 dominos
2381 2671 2514 2742 quis
2562 2670 2867 2728 numeret?
2916 2686 3168 2743 quorum
3220 2679 3377 2728 tanta
3427 2672 3599 2730 fuerit
3627 2675 3797 2744 capia

2096 2766 2159 2815 ut
2190 2760 2289 2815 vix
2316 2759 2546 2815 totidem
2577 2760 2827 2831 coegisse
2858 2768 3092 2829 putetur
3118 2760 3336 2817 obsidio
3366 2761 3635 2831 Trojana.

2164 2846 2244 2902 Eo
2273 2854 2525 2916 tempore
2564 2862 2699 2903 σιω]
2751 2848 2899 2905 inter
2948 2849 3112 2919 regni
3145 2849 3415 2919 primates
3460 2864 3636 2920 super
3682 2850 3797 2929 hac

2091 2934 2454 3005 expeditione
2512 2949 2602 2991 res
2659 2935 2837 3003 ﬁeret,
2892 2943 2947 2991 et
2979 2935 3333 3007 colloquium
3386 2936 3459 2992 ab
3508 2937 3609 3005 eis,
3660 2952 3800 2993 cum

286 3029 622 3099 mobilitate]
692 3028 1073 3099 praeeminuit,
1137 3036 1201 3085 ut
1271 3043 1405 3084 eum
1464 3035 1581 3084 tota
1639 3027 1737 3083 illa
1788 3035 1986 3084 sancta
2022 3042 2064 3099 ο
2096 3023 2339 3093 Hugone
2375 3022 2597 3094 Magno,
2643 3024 2751 3081 sub
2794 3023 3038 3094 Philippi
3087 3025 3238 3096 regis
3268 3025 3590 3095 praesentia,
3626 3026 3799 3085 Pari-

287 3118 510 3185 militia,
557 3131 691 3174 cum
734 3118 791 3172 in
848 3118 1148 3187 procinctu
1198 3125 1397 3173 contra
1434 3118 1649 3173 Turcos
1691 3117 1979 3183 existeret,

284 3206 619 3263 dictatorem
661 3205 770 3261 sibi
807 3219 876 3261 ac
922 3206 1268 3278 magistrum
1318 3205 1565 3261 efﬁceret
1615 3204 1738 3278 [al.,
1779 3204 1984 3261 effece-

283 3294 400 3365 rit].
452 3294 600 3350 Huic
637 3293 1009 3365 sagacissima
1054 3294 1401 3350 feminarum
1448 3308 1596 3350 uxor
1643 3300 1979 3362 accesserat,

283 3397 415 3453 quae
443 3381 730 3438 Guilielmi
777 3382 1020 3439 senioris
1067 3382 1236 3454 regis,
1272 3383 1371 3453 qui
1420 3382 1738 3452 Anglorum
1794 3383 1982 3437 Scoto-

282 3485 531 3542 rumque
571 3471 678 3527 sibi
731 3486 909 3541 regna
939 3471 1186 3542 subegit,
1221 3471 1338 3526 lilia
1366 3470 1587 3526 fuerat:
1621 3470 1791 3540 cujus
1836 3484 1980 3540 pru—

281 3559 552 3628 dentiam,
614 3560 1091 3627 muniﬁcentiam,
1141 3558 1561 3629 dapsilitatem,
1597 3558 1980 3628 opulentiam-

282 3662 397 3719 que
429 3649 476 3704 si
527 3647 765 3704 laudare
820 3648 1087 3714 velimus,
1140 3661 1343 3704 vereor
1376 3661 1447 3702 ne
1498 3647 1626 3703 viro
1670 3647 1978 3718 magnitico

279 3736 495 3792 nubem
543 3750 616 3791 ex
668 3735 932 3804 feminea,
991 3748 1168 3806 quam
1207 3742 1262 3791 et
1311 3735 1371 3790 in
1423 3734 1703 3791 viduitate
1746 3734 1977 3797 meruit,

281 3821 453 3878 laude
487 3822 759 3878 feramus.

352 3912 439 3965 De
494 3911 735 3966 Roberto
801 3908 1169 3964 Flandrensi.
1246 3908 1546 3981 Principes
1591 3908 1687 3964 illi
1752 3922 1976 3977 uxores,

278 3997 677 4069 possessiones,
709 4001 829 4066 elc.,
863 3996 1288 4069 derelinquunt.
1320 4028 1389 4037 —
1420 3998 1506 4053 Ad
1541 3997 1748 4053 horum
1782 4011 1982 4052 cumu-

280 4086 483 4142 landas
512 4088 683 4153 vires,
710 4086 992 4142 Robertus
1017 4086 1218 4157 junior
1247 4087 1507 4153 senioris,
1539 4086 1611 4142 ad
1640 4099 1813 4156 quem
1866 4085 1977 4140 im-

281 4175 558 4245 peratoris
587 4175 764 4230 missa
801 4182 885 4231 est
915 4174 1172 4244 epistola,
1218 4175 1388 4242 filius,
1435 4181 1548 4230 tota
1587 4173 1766 4229 animi
1816 4175 1978 4228 viva-

281 4263 448 4320 citate
502 4263 820 4334 dirigitur:
877 4272 931 4319 et
982 4264 1417 4320 Flandrensium
1477 4262 1835 4330 comitatum,
1885 4262 1979 4317 cui

2088 3110 2185 3167 siis
2218 3111 2544 3178 haberetur,
2606 3125 2798 3168 mense
2850 3111 3183 3180 Februario,
3242 3113 3407 3169 tertio
3455 3113 3589 3169 Idus
3637 3114 3793 3183 ejus-

2090 3199 2242 3266 dem,
2302 3199 2442 3255 luna
2498 3199 2752 3269 eclipsim
2804 3201 3045 3270 patiens,
3097 3208 3232 3257 ante
3276 3202 3458 3257 noctis
3510 3202 3791 3269 medium,

2089 3288 2408 3358 sanguineo
2457 3287 2734 3357 paulatim
2789 3288 2959 3357 coepit
3016 3287 3202 3344 colore
3258 3288 3456 3353 velari,
3509 3290 3693 3346 donec
3734 3292 3831 3347 in'

2090 3376 2557 3432 cruentissimum
2608 3382 2725 3432 tota
2782 3375 3133 3432 horribiliter
3178 3384 3263 3432 est
3304 3391 3583 3433 conversa
3628 3380 3796 3435 rubo-

2090 3479 2230 3521 rem.
2265 3468 2333 3521 At
2379 3463 2476 3520 ubi
2519 3477 2744 3520 aurorae
2785 3465 3123 3534 crepusculo
3162 3472 3388 3521 naturae
3421 3465 3606 3534 rediit,
3640 3468 3796 3524 circa

2090 3554 2275 3623 ipsum
2308 3552 2573 3609 lunarem
2594 3552 2879 3609 circulum
2911 3552 3175 3610 insolitus
3217 3554 3483 3624 splendor
3527 3556 3794 3613 emicuit.

2088 3641 2346 3707 Quadam
2377 3649 2569 3697 autem
2597 3641 2781 3697 aestivi
2822 3640 2934 3697 diei
2966 3642 3289 3710 vespertina
3328 3643 3582 3697 irruente
3626 3642 3793 3709 hora,

2089 3738 2247 3786 tanta
2296 3729 2370 3785 ab
2427 3729 2715 3799 aquilonis
2780 3729 2952 3801 plaga
3008 3729 3328 3800 efﬂagratio
3380 3730 3653 3800 apparuit
3732 3739 3797 3787 ut

2090 3817 2324 3888 plurimi
2350 3833 2381 3874 e
2412 3817 2679 3874 domibus
2722 3818 2845 3873 suis
2891 3833 3012 3874 sese
3056 3819 3433 3889 proriperent,
3463 3828 3794 3888 quaerentes

2087 3908 2328 3979 quinam
2375 3908 2564 3964 hostes
2604 3908 2926 3978 provincias
2984 3922 3121 3964 suas
3187 3908 3328 3964 adeo
3377 3912 3538 3979 gravi
3594 3910 3796 3966 ambu-

2085 3998 2267 4052 stione
2322 4004 2632 4053 vastarent.
2695 3997 2839 4054 Visae
2913 4005 3051 4053 sunt
3102 4005 3376 4066 praeterea
3433 4012 3546 4053 non
3609 3999 3795 4055 multo

2090 4092 2214 4155 post
2244 4092 2520 4154 tempore,
2567 4099 2761 4141 mense
2800 4084 2985 4155 Aprili
3025 4084 3202 4141 stellae
3248 4091 3441 4154 noctu,
3483 4097 3551 4140 ac
3579 4085 3627 4140 si
3659 4086 3791 4155 plu-

2086 4173 2182 4229 via
2210 4173 2381 4229 dense
2409 4172 2477 4228 de
2507 4173 2833 4230 caelestibus
2878 4173 3014 4229 labi.
3068 4173 3228 4239 Quod
3271 4172 3327 4228 in
3369 4180 3596 4229 tantum
3630 4174 3791 4244 apud

2088 4262 2388 4332 plerasque
2434 4261 2719 4318 Ecclesias
2769 4270 3029 4333 portento
3076 4262 3283 4328 simile,
3331 4262 3485 4333 quod
3538 4270 3595 4318 et
3656 4263 3788 4331 fuit,

280 4352 466 4408 multa
520 4366 814 4408 armorum
862 4353 1335 4424 magnanimitate
1388 4351 1711 4421 praefuerat,
1755 4350 1825 4405 ad
1873 4351 1981 4406 hoc
2015 4338 2060 4394 Ι)
2091 4350 2355 4407 habitum
2382 4358 2485 4418 est,
2523 4357 2587 4406 ut
2618 4350 2844 4407 litanias
2876 4365 2978 4420 pro
3008 4351 3114 4407 hoc
3162 4350 3279 4420 ipso
3306 4351 3462 4421 quod
3492 4352 3789 4423 signiﬁca-

280 4447 347 4496 ut
387 4454 589 4496 eorum
636 4440 739 4511 qui
788 4455 889 4511 pro
917 4441 1140 4498 Christo
1190 4440 1420 4496 exsules
1472 4438 1592 4495 ﬁeri
1623 4439 1975 4510 delegerunt,

281 4528 592 4585 commilito
634 4536 892 4595 vocetur,
939 4528 1222 4583 immutat.
1271 4526 1376 4593 Qui
1423 4524 1558 4581 huic
1603 4525 1757 4596 quod
1802 4540 1982 4596 cmpe-

281 4625 372 4674 rat
402 4616 627 4688 negotio
656 4629 832 4687 quam
878 4622 1307 4685 perseveranter
1357 4614 1641 4681 institerit,
1688 4620 1980 4685 gestorum

281 4704 650 4777 praesentium
704 4704 1023 4774 prosecutio
1075 4702 1409 4758 declarabit.
1459 4702 1548 4757 Hii
1601 4717 1810 4758 uxores
1857 4702 1980 4758 cla-

283 4795 562 4859 rissimas,
611 4807 743 4849 cum
786 4792 916 4848 filiis
964 4790 1305 4863 gratissimis
1351 4790 1760 4862 relinquentes,
1802 4791 1980 4861 quid—

285 4883 427 4954 quid
476 4883 535 4937 in
589 4880 988 4936 affectionibus
1024 4881 1213 4949 majus
1267 4886 1374 4948 est,
1433 4880 1716 4950 proposito
1764 4887 1982 4949 postpo-

285 4978 528 5029 suerunt
607 4967 802 5025 exilio.
876 4970 955 5024 De
1033 4968 1348 5025 honoribus
1411 4967 1983 5038 possessionibusque

286 5060 511 5127 reticeo,
567 5071 698 5127 quae
747 5056 982 5127 quidem
1036 5064 1202 5111 extra
1248 5071 1352 5112 nos
1394 5063 1547 5112 sunt.
1598 5055 1703 5110 Sed
1734 5056 1831 5110 illa
1858 5067 1980 5110 Stu-

287 5161 482 5217 porem
518 5145 684 5201 nobis
733 5151 1048 5216 generant:
1098 5144 1384 5214 quomodo
1451 5142 1791 5198 maritorum
1848 5157 1985 5199 uxo-

286 5248 555 5304 rumque,
595 5233 785 5289 sobole
825 5233 1113 5289 mediante
1162 5232 1272 5288 imo
1302 5230 1703 5302 agglutinante
1731 5230 1981 5287 charita-

286 5329 390 5389 tes,
447 5323 569 5378 sine
615 5322 1029 5379 alterutrorum
1078 5320 1330 5392 periculo
1379 5320 1452 5376 ab
1502 5319 1747 5375 invicem
1788 5319 1982 5377 divelli

288 5417 574 5480 poterant.

360 5494 555 5569 [XVL]
578 5495 803 5553 Roberti
822 5494 1262 5552 Northmanniae
1278 5494 1516 5551 comitis
1541 5493 1762 5552 laudes.
1793 5525 1863 5537 —
1882 5496 1984 5552 Dc-

288 5583 467 5655 nique
512 5584 827 5644 Robertum
869 5583 1306 5642 Northmannize
1353 5582 1618 5642 comitem
1667 5591 1850 5643 tacere
1882 5584 1984 5642 mi-

2090 4447 2186 4496 tur
2222 4438 2431 4495 damno
2471 4441 2779 4495 avertendo
2822 4439 3208 4507 instituerent,
3257 4446 3314 4496 et
3359 4440 3588 4516 scriptis
3645 4447 3790 4497 tem-

2090 4542 2198 4598 pus
2237 4535 2294 4583 et
2321 4534 2593 4584 eventum
2642 4528 2949 4611 traderent.
3004 4528 3192 4584 Mense
3238 4542 3444 4585 rursus
3495 4530 3789 4599 Augusto,

2087 4622 2249 4673 sexto
2279 4616 2416 4671 Idus
2447 4616 2727 4686 ejusdem,
2760 4624 2892 4673 ante
2922 4616 3055 4673 solis
3076 4631 3220 4687 pene
3247 4617 3599 4686 occubitum,
3636 4620 3793 4677 lunae

2089 4717 2223 4774 pars
2255 4717 2430 4774 prope
2461 4704 2647 4759 media
2689 4711 2773 4760 est
2820 4705 2879 4760 in
2927 4704 3307 4777 nigredinem,
3338 4706 3534 4762 multis
3562 4707 3794 4765 intuen-

2088 4791 2264 4859 tibus,
2351 4805 2539 4858 versa,
2605 4791 2703 4848 ubi
2752 4792 3080 4861 dicendum,
3129 4795 3286 4864 quod
3347 4794 3476 4850 licet
3530 4794 3675 4852 luna
3734 4797 3792 4852 in

2088 4879 2420 4950 pleniluniis
2497 4879 2839 4936 naturaliter
2913 4882 3167 4951 patiatur
3234 4882 3595 4951 defectiones,
3656 4892 3793 4941 sunt

2087 4976 2282 5026 tamen
2326 4968 2536 5039 aliqua:
2587 4968 2646 5024 in
2694 4968 2830 5038 ipsis
2881 4968 3140 5027 colorum
3187 4971 3314 5043 ejus
3369 4973 3794 5030 mutationibus

2091 5057 2499 5127 portensiones.
2536 5057 2696 5114 Unde
2743 5065 2798 5113 et
2846 5057 2907 5113 in
2955 5060 3444 5128 pontiﬁcabilibus
3478 5069 3535 5118 et
3582 5075 3790 5133 regum

2091 5146 2263 5217 gestis
2290 5145 2499 5201 exinde
2527 5145 2706 5202 solent
2739 5145 2858 5201 fieri
2902 5147 3319 5206 adnotationes.
3366 5150 3503 5207 Visa
3549 5158 3690 5207 sunt
3740 5154 3794 5206 et

2092 5234 2204 5289 alia
2234 5233 2506 5304 pleraque
2536 5248 2673 5304 quae
2702 5247 2943 5291 narrare
2970 5234 3422 5307 supersedimus.

2163 5319 2412 5393 [XVIIL]
2451 5321 2813 5378 Raimundus
2846 5338 3034 5378 comes
3062 5327 3126 5381 S.
3155 5324 3367 5398 Egidii
3406 5324 3794 5397 proﬁciscitur

2089 5426 2221 5466 cum
2270 5408 2426 5465 aliis.
2472 5440 2543 5450 —
2596 5411 2681 5466 Ad
2731 5420 3056 5469 extremum
3118 5413 3307 5470 Sancti
3362 5413 3555 5486 Egidii
3604 5429 3791 5471 comes

2090 5497 2471 5566 Raimundus,
2520 5513 2637 5556 non
2687 5501 2760 5556 ad
2808 5501 2899 5558 sui
2949 5501 3251 5572 vilitatem,
3300 5502 3398 5559 sed
3432 5517 3534 5573 pro
3562 5518 3789 5561 summa

2093 5585 2349 5656 ponitur.
2408 5586 2536 5656 Qui,
2612 5589 2755 5659 quia
2811 5589 2872 5647 in
2934 5604 3209 5664 supremo
3281 5592 3540 5648 Francius
3619 5591 3789 5650 limbo
