  <div class='ocr_page' id='page_1' title='image "/cluster/home/n/w/nwhite01/storage/ocr_20150623/156/hvd.32044054760145/362.png"; bbox 0 0 3920 6080; ppageno 0'>
   <div class='ocr_carea' id='block_1_1' title="bbox 105 252 219 305">
    <p class='ocr_par' dir='ltr' id='par_1_1' title="bbox 105 252 219 305">
     <span class='ocr_line' id='line_1_1' title="bbox 105 252 219 305; baseline 0.009 -1"><span class='ocrx_word' id='word_1_1' title='bbox 105 252 219 305; x_wconf 84' lang='grc'>’713</span> 
     </span>
    </p>
   </div>
   <div class='ocr_carea' id='block_1_2' title="bbox 1187 257 2536 316">
    <p class='ocr_par' dir='ltr' id='par_1_2' title="bbox 1187 257 2536 316">
     <span class='ocr_line' id='line_1_2' title="bbox 1187 257 2536 316; baseline 0.001 -4"><span class='ocrx_word' id='word_1_2' title='bbox 1187 257 1406 313; x_wconf 85' lang='lat' dir='ltr'><strong>GESTA</strong></span> <span class='ocrx_word' id='word_1_3' title='bbox 1446 259 1566 314; x_wconf 89' lang='lat' dir='ltr'>DEI</span> <span class='ocrx_word' id='word_1_4' title='bbox 1607 259 1737 314; x_wconf 81' lang='lat' dir='ltr'>PER</span> <span class='ocrx_word' id='word_1_5' title='bbox 1783 261 2120 316; x_wconf 81' lang='lat' dir='ltr'>FRANCOS.</span> <span class='ocrx_word' id='word_1_6' title='bbox 2165 291 2229 301; x_wconf 96' lang='lat'><strong>—</strong></span> <span class='ocrx_word' id='word_1_7' title='bbox 2265 262 2395 316; x_wconf 88' lang='lat' dir='ltr'>LIB.</span> <span class='ocrx_word' id='word_1_8' title='bbox 2437 262 2536 316; x_wconf 82' lang='lat' dir='ltr'>Ill.</span> 
     </span>
    </p>
   </div>
   <div class='ocr_carea' id='block_1_3' title="bbox 3517 269 3621 321">
    <p class='ocr_par' dir='ltr' id='par_1_3' title="bbox 3517 269 3621 321">
     <span class='ocr_line' id='line_1_3' title="bbox 3517 269 3621 321; baseline 0.019 -2"><span class='ocrx_word' id='word_1_9' title='bbox 3517 269 3621 321; x_wconf 81' lang='grc'>714</span> 
     </span>
    </p>
   </div>
   <div class='ocr_carea' id='block_1_4' title="bbox 110 381 3618 462">
    <p class='ocr_par' dir='ltr' id='par_1_4' title="bbox 110 381 3618 462">
     <span class='ocr_line' id='line_1_4' title="bbox 110 381 3618 462; baseline 0.005 -30"><span class='ocrx_word' id='word_1_10' title='bbox 110 381 478 447; x_wconf 82' lang='lat' dir='ltr'>morabatur,</span> <span class='ocrx_word' id='word_1_11' title='bbox 537 389 756 451; x_wconf 87' lang='lat' dir='ltr'>quanto</span> <span class='ocrx_word' id='word_1_12' title='bbox 807 383 1082 440; x_wconf 84' lang='lat' dir='ltr'>minorem</span> <span class='ocrx_word' id='word_1_13' title='bbox 1127 401 1362 456; x_wconf 88' lang='lat' dir='ltr'>operum</span> <span class='ocrx_word' id='word_1_14' title='bbox 1413 404 1651 445; x_wconf 92' lang='lat' dir='ltr'>suorum</span> <span class='ocrx_word' id='word_1_15' title='bbox 1703 406 1811 446; x_wconf 90' lang='lat' dir='ltr'>no—</span> <span class='ocrx_word' id='word_1_16' title='bbox 1849 392 2071 447; x_wconf 81' lang='lat' dir='ltr'>Atione</span> <span class='ocrx_word' id='word_1_17' title='bbox 2114 408 2386 462; x_wconf 87' lang='lat' dir='ltr'>prospera</span> <span class='ocrx_word' id='word_1_18' title='bbox 2431 394 2734 448; x_wconf 87' lang='lat' dir='ltr'>devehitur</span> <span class='ocrx_word' id='word_1_19' title='bbox 2784 394 3187 462; x_wconf 74' lang='lat' dir='ltr'>Dyrrachium.</span> <span class='ocrx_word' id='word_1_20' title='bbox 3239 393 3618 451; x_wconf 88' lang='lat' dir='ltr'>Consideran-</span> 
     </span>
    </p>
   </div>
   <div class='ocr_carea' id='block_1_5' title="bbox 110 470 1812 546">
    <p class='ocr_par' dir='ltr' id='par_1_5' title="bbox 110 470 1812 546">
     <span class='ocr_line' id='line_1_5' title="bbox 110 470 1812 546; baseline 0.007 -23"><span class='ocrx_word' id='word_1_21' title='bbox 110 470 306 524; x_wconf 90' lang='lat' dir='ltr'>titiam</span> <span class='ocrx_word' id='word_1_22' title='bbox 355 471 519 525; x_wconf 91' lang='lat' dir='ltr'>nobis</span> <span class='ocrx_word' id='word_1_23' title='bbox 563 471 908 540; x_wconf 83' lang='lat' dir='ltr'>praebuerat,</span> <span class='ocrx_word' id='word_1_24' title='bbox 966 481 1120 529; x_wconf 88' lang='lat' dir='ltr'>tanto</span> <span class='ocrx_word' id='word_1_25' title='bbox 1165 477 1341 546; x_wconf 87' lang='lat' dir='ltr'>hujus</span> <span class='ocrx_word' id='word_1_26' title='bbox 1388 479 1591 533; x_wconf 85' lang='lat' dir='ltr'>seriem</span> <span class='ocrx_word' id='word_1_27' title='bbox 1641 480 1812 534; x_wconf 90' lang='lat' dir='ltr'>histo-</span> 
     </span>
    </p>
   </div>
   <div class='ocr_carea' id='block_1_6' title="bbox 110 558 1815 632">
    <p class='ocr_par' dir='ltr' id='par_1_6' title="bbox 110 558 1815 632">
     <span class='ocr_line' id='line_1_6' title="bbox 110 558 1815 632; baseline 0.008 -21"><span class='ocrx_word' id='word_1_28' title='bbox 110 558 235 624; x_wconf 84' lang='lat' dir='ltr'>riae,</span> <span class='ocrx_word' id='word_1_29' title='bbox 309 571 343 612; x_wconf 92' lang='lat' dir='ltr'>a</span> <span class='ocrx_word' id='word_1_30' title='bbox 395 559 692 628; x_wconf 85' lang='lat' dir='ltr'>principiis</span> <span class='ocrx_word' id='word_1_31' title='bbox 750 575 935 629; x_wconf 90' lang='lat' dir='ltr'>usque</span> <span class='ocrx_word' id='word_1_32' title='bbox 985 563 1057 617; x_wconf 92' lang='lat' dir='ltr'>ad</span> <span class='ocrx_word' id='word_1_33' title='bbox 1113 563 1305 632; x_wconf 91' lang='lat' dir='ltr'>ﬁnem,</span> <span class='ocrx_word' id='word_1_34' title='bbox 1366 567 1633 624; x_wconf 87' lang='lat' dir='ltr'>maximae</span> <span class='ocrx_word' id='word_1_35' title='bbox 1695 582 1815 624; x_wconf 59' lang='lat' dir='ltr'>sum</span> 
     </span>
    </p>
   </div>
   <div class='ocr_carea' id='block_1_7' title="bbox 110 647 1812 722">
    <p class='ocr_par' dir='ltr' id='par_1_7' title="bbox 110 647 1812 722">
     <span class='ocr_line' id='line_1_7' title="bbox 110 647 1812 722; baseline 0.005 -22"><span class='ocrx_word' id='word_1_36' title='bbox 110 647 353 701; x_wconf 87' lang='lat' dir='ltr'>virtutis</span> <span class='ocrx_word' id='word_1_37' title='bbox 421 653 477 700; x_wconf 90' lang='lat' dir='ltr'>et</span> <span class='ocrx_word' id='word_1_38' title='bbox 533 647 866 702; x_wconf 77' lang='lat' dir='ltr'>constantiae</span> <span class='ocrx_word' id='word_1_39' title='bbox 939 651 1290 707; x_wconf 89' lang='lat' dir='ltr'>monimento</span> <span class='ocrx_word' id='word_1_40' title='bbox 1357 653 1638 710; x_wconf 79' lang='lat' dir='ltr'>nobilitat.</span> <span class='ocrx_word' id='word_1_41' title='bbox 1709 654 1812 722; x_wconf 92' lang='lat' dir='ltr'>Qui</span> 
     </span>
    </p>
   </div>
   <div class='ocr_carea' id='block_1_8' title="bbox 109 733 1814 813">
    <p class='ocr_par' dir='ltr' id='par_1_8' title="bbox 109 733 1814 813">
     <span class='ocr_line' id='line_1_8' title="bbox 109 733 1814 813; baseline 0.007 -26"><span class='ocrx_word' id='word_1_42' title='bbox 109 733 352 802; x_wconf 86' lang='lat' dir='ltr'>quidem</span> <span class='ocrx_word' id='word_1_43' title='bbox 406 734 658 788; x_wconf 75' lang='lat' dir='ltr'>naturali</span> <span class='ocrx_word' id='word_1_44' title='bbox 718 735 946 790; x_wconf 86' lang='lat' dir='ltr'>cuidam</span> <span class='ocrx_word' id='word_1_45' title='bbox 1008 752 1115 793; x_wconf 93' lang='lat' dir='ltr'>suo</span> <span class='ocrx_word' id='word_1_46' title='bbox 1162 738 1278 794; x_wconf 93' lang='lat' dir='ltr'>ﬁlio</span> <span class='ocrx_word' id='word_1_47' title='bbox 1323 743 1597 798; x_wconf 88' lang='lat' dir='ltr'>comitatu</span> <span class='ocrx_word' id='word_1_48' title='bbox 1643 758 1814 813; x_wconf 88' lang='lat' dir='ltr'>quem</span> 
     </span>
    </p>
   </div>
   <div class='ocr_carea' id='block_1_9' title="bbox 110 820 1815 901">
    <p class='ocr_par' dir='ltr' id='par_1_9' title="bbox 110 820 1815 901">
     <span class='ocr_line' id='line_1_9' title="bbox 110 820 1815 901; baseline 0.006 -25"><span class='ocrx_word' id='word_1_49' title='bbox 110 820 351 890; x_wconf 88' lang='lat' dir='ltr'>regebat</span> <span class='ocrx_word' id='word_1_50' title='bbox 392 820 605 887; x_wconf 89' lang='lat' dir='ltr'>relicto,</span> <span class='ocrx_word' id='word_1_51' title='bbox 634 824 923 892; x_wconf 80' lang='lat' dir='ltr'>propriam</span> <span class='ocrx_word' id='word_1_52' title='bbox 957 826 1282 897; x_wconf 89' lang='lat' dir='ltr'>conjugem,</span> <span class='ocrx_word' id='word_1_53' title='bbox 1314 844 1445 884; x_wconf 92' lang='lat' dir='ltr'>cum</span> <span class='ocrx_word' id='word_1_54' title='bbox 1482 829 1598 886; x_wconf 91' lang='lat' dir='ltr'>ﬁlio</span> <span class='ocrx_word' id='word_1_55' title='bbox 1643 846 1815 901; x_wconf 91' lang='lat' dir='ltr'>quem</span> 
     </span>
    </p>
   </div>
   <div class='ocr_carea' id='block_1_10' title="bbox 110 911 1815 979">
    <p class='ocr_par' dir='ltr' id='par_1_10' title="bbox 110 911 1815 979">
     <span class='ocr_line' id='line_1_10' title="bbox 110 911 1815 979; baseline 0.006 -15"><span class='ocrx_word' id='word_1_56' title='bbox 110 911 187 964; x_wconf 89' lang='lat' dir='ltr'>ab</span> <span class='ocrx_word' id='word_1_57' title='bbox 242 922 313 962; x_wconf 89' lang='lat' dir='ltr'>ea</span> <span class='ocrx_word' id='word_1_58' title='bbox 364 917 637 979; x_wconf 90' lang='lat' dir='ltr'>exagerat</span> <span class='ocrx_word' id='word_1_59' title='bbox 693 911 884 977; x_wconf 89' lang='lat' dir='ltr'>unico,</span> <span class='ocrx_word' id='word_1_60' title='bbox 940 926 1131 968; x_wconf 90' lang='lat' dir='ltr'>secum</span> <span class='ocrx_word' id='word_1_61' title='bbox 1193 915 1381 971; x_wconf 88' lang='lat' dir='ltr'>duxit.</span> <span class='ocrx_word' id='word_1_62' title='bbox 1429 918 1566 973; x_wconf 88' lang='lat' dir='ltr'>Erat</span> <span class='ocrx_word' id='word_1_63' title='bbox 1624 927 1815 975; x_wconf 90' lang='lat' dir='ltr'>autem</span> 
     </span>
    </p>
   </div>
   <div class='ocr_carea' id='block_1_11' title="bbox 111 996 1816 1074">
    <p class='ocr_par' dir='ltr' id='par_1_11' title="bbox 111 996 1816 1074">
     <span class='ocr_line' id='line_1_11' title="bbox 111 996 1816 1074; baseline 0.008 -24"><span class='ocrx_word' id='word_1_64' title='bbox 111 996 371 1067; x_wconf 86' lang='lat' dir='ltr'>praelatis</span> <span class='ocrx_word' id='word_1_65' title='bbox 444 997 650 1052; x_wconf 77' lang='lat' dir='ltr'>nostris</span> <span class='ocrx_word' id='word_1_66' title='bbox 720 998 1080 1068; x_wconf 87' lang='lat' dir='ltr'>principibus</span> <span class='ocrx_word' id='word_1_67' title='bbox 1150 1008 1313 1058; x_wconf 79' lang='lat' dir='ltr'>aetate</span> <span class='ocrx_word' id='word_1_68' title='bbox 1380 1007 1680 1074; x_wconf 81' lang='lat' dir='ltr'>maturior,</span> <span class='ocrx_word' id='word_1_69' title='bbox 1760 1015 1816 1064; x_wconf 91' lang='lat' dir='ltr'>et</span> 
     </span>
    </p>
   </div>
   <div class='ocr_carea' id='block_1_12' title="bbox 110 1084 1816 1159">
    <p class='ocr_par' dir='ltr' id='par_1_12' title="bbox 110 1084 1816 1159">
     <span class='ocr_line' id='line_1_12' title="bbox 110 1084 1816 1159; baseline 0.006 -19"><span class='ocrx_word' id='word_1_70' title='bbox 110 1085 398 1145; x_wconf 88' lang='lat' dir='ltr'>exercitu,</span> <span class='ocrx_word' id='word_1_71' title='bbox 429 1084 536 1138; x_wconf 92' lang='lat' dir='ltr'>nisi</span> <span class='ocrx_word' id='word_1_72' title='bbox 581 1093 866 1154; x_wconf 92' lang='lat' dir='ltr'>quantum</span> <span class='ocrx_word' id='word_1_73' title='bbox 909 1088 980 1142; x_wconf 89' lang='lat' dir='ltr'>ad</span> <span class='ocrx_word' id='word_1_74' title='bbox 1032 1090 1298 1159; x_wconf 89' lang='lat' dir='ltr'>garrulos</span> <span class='ocrx_word' id='word_1_75' title='bbox 1342 1092 1642 1149; x_wconf 87' lang='lat' dir='ltr'>hominum</span> <span class='ocrx_word' id='word_1_76' title='bbox 1682 1095 1816 1151; x_wconf 89' lang='lat' dir='ltr'>Pro-</span> 
     </span>
    </p>
   </div>
   <div class='ocr_carea' id='block_1_13' title="bbox 112 1171 1817 1253">
    <p class='ocr_par' dir='ltr' id='par_1_13' title="bbox 112 1171 1817 1253">
     <span class='ocr_line' id='line_1_13' title="bbox 112 1171 1817 1253; baseline 0.007 -28"><span class='ocrx_word' id='word_1_77' title='bbox 112 1171 453 1226; x_wconf 89' lang='lat' dir='ltr'>vincialium</span> <span class='ocrx_word' id='word_1_78' title='bbox 488 1187 671 1228; x_wconf 91' lang='lat' dir='ltr'>mores</span> <span class='ocrx_word' id='word_1_79' title='bbox 718 1182 948 1242; x_wconf 83' lang='lat' dir='ltr'>spectat,</span> <span class='ocrx_word' id='word_1_80' title='bbox 995 1177 1141 1232; x_wconf 91' lang='lat' dir='ltr'>nulli</span> <span class='ocrx_word' id='word_1_81' title='bbox 1186 1178 1441 1236; x_wconf 82' lang='lat' dir='ltr'>inferior.</span> <span class='ocrx_word' id='word_1_82' title='bbox 1492 1184 1633 1237; x_wconf 89' lang='lat' dir='ltr'>Cum</span> <span class='ocrx_word' id='word_1_83' title='bbox 1679 1197 1817 1253; x_wconf 88' lang='lat' dir='ltr'>ergo</span> 
     </span>
    </p>
   </div>
   <div class='ocr_carea' id='block_1_14' title="bbox 112 1259 1818 1339">
    <p class='ocr_par' dir='ltr' id='par_1_14' title="bbox 112 1259 1818 1339">
     <span class='ocr_line' id='line_1_14' title="bbox 112 1259 1818 1339; baseline 0.006 -26"><span class='ocrx_word' id='word_1_84' title='bbox 112 1259 509 1328; x_wconf 91' lang='lat' dir='ltr'>copiosissima</span> <span class='ocrx_word' id='word_1_85' title='bbox 540 1261 978 1318; x_wconf 86' lang='lat' dir='ltr'>fortissimorum</span> <span class='ocrx_word' id='word_1_86' title='bbox 1011 1265 1256 1322; x_wconf 88' lang='lat' dir='ltr'>militum</span> <span class='ocrx_word' id='word_1_87' title='bbox 1310 1282 1538 1336; x_wconf 91' lang='lat' dir='ltr'>manus,</span> <span class='ocrx_word' id='word_1_88' title='bbox 1584 1284 1652 1326; x_wconf 91' lang='lat' dir='ltr'>ea</span> <span class='ocrx_word' id='word_1_89' title='bbox 1700 1285 1818 1339; x_wconf 90' lang='lat' dir='ltr'>qua</span> 
     </span>
    </p>
   </div>
   <div class='ocr_carea' id='block_1_15' title="bbox 113 1348 1816 1426">
    <p class='ocr_par' dir='ltr' id='par_1_15' title="bbox 113 1348 1816 1426">
     <span class='ocr_line' id='line_1_15' title="bbox 113 1348 1816 1426; baseline 0.005 -25"><span class='ocrx_word' id='word_1_90' title='bbox 113 1348 358 1402; x_wconf 82' lang='lat' dir='ltr'>Romam</span> <span class='ocrx_word' id='word_1_91' title='bbox 405 1348 681 1416; x_wconf 88' lang='lat' dir='ltr'>proﬁcisci</span> <span class='ocrx_word' id='word_1_92' title='bbox 730 1350 976 1406; x_wconf 86' lang='lat' dir='ltr'>solemus</span> <span class='ocrx_word' id='word_1_93' title='bbox 1026 1352 1136 1418; x_wconf 88' lang='lat' dir='ltr'>via,</span> <span class='ocrx_word' id='word_1_94' title='bbox 1187 1369 1370 1424; x_wconf 90' lang='lat' dir='ltr'>usque</span> <span class='ocrx_word' id='word_1_95' title='bbox 1424 1355 1482 1410; x_wconf 90' lang='lat' dir='ltr'>in</span> <span class='ocrx_word' id='word_1_96' title='bbox 1513 1356 1816 1426; x_wconf 77' lang='lat' dir='ltr'>Appuliam</span> 
     </span>
    </p>
   </div>
   <div class='ocr_carea' id='block_1_16' title="bbox 113 1435 1819 1510">
    <p class='ocr_par' dir='ltr' id='par_1_16' title="bbox 113 1435 1819 1510">
     <span class='ocr_line' id='line_1_16' title="bbox 113 1435 1819 1510; baseline 0.006 -22"><span class='ocrx_word' id='word_1_97' title='bbox 113 1435 503 1501; x_wconf 86' lang='lat' dir='ltr'>devenissent,</span> <span class='ocrx_word' id='word_1_98' title='bbox 541 1451 613 1491; x_wconf 86' lang='lat' dir='ltr'>ex</span> <span class='ocrx_word' id='word_1_99' title='bbox 645 1437 831 1493; x_wconf 91' lang='lat' dir='ltr'>calore</span> <span class='ocrx_word' id='word_1_100' title='bbox 859 1440 1104 1505; x_wconf 90' lang='lat' dir='ltr'>insolito,</span> <span class='ocrx_word' id='word_1_101' title='bbox 1140 1455 1271 1510; x_wconf 83' lang='lat' dir='ltr'>quae</span> <span class='ocrx_word' id='word_1_102' title='bbox 1305 1451 1441 1497; x_wconf 89' lang='lat' dir='ltr'>tunc</span> <span class='ocrx_word' id='word_1_103' title='bbox 1483 1452 1606 1498; x_wconf 89' lang='lat' dir='ltr'>erat</span> <span class='ocrx_word' id='word_1_104' title='bbox 1648 1453 1819 1499; x_wconf 82' lang='lat' dir='ltr'>aesta-</span> 
     </span>
    </p>
   </div>
   <div class='ocr_carea' id='block_1_17' title="bbox 113 1524 1816 1600">
    <p class='ocr_par' dir='ltr' id='par_1_17' title="bbox 113 1524 1816 1600">
     <span class='ocr_line' id='line_1_17' title="bbox 113 1524 1816 1600; baseline 0.006 -23"><span class='ocrx_word' id='word_1_105' title='bbox 113 1524 206 1584; x_wconf 85' lang='lat' dir='ltr'>tis,</span> <span class='ocrx_word' id='word_1_106' title='bbox 265 1538 339 1577; x_wconf 84' lang='lat' dir='ltr'>ex</span> <span class='ocrx_word' id='word_1_107' title='bbox 398 1525 765 1594; x_wconf 88' lang='lat' dir='ltr'>corruptione</span> <span class='ocrx_word' id='word_1_108' title='bbox 810 1528 976 1594; x_wconf 86' lang='lat' dir='ltr'>aeris,</span> <span class='ocrx_word' id='word_1_109' title='bbox 1039 1529 1106 1584; x_wconf 91' lang='lat' dir='ltr'>de</span> <span class='ocrx_word' id='word_1_110' title='bbox 1167 1545 1426 1585; x_wconf 87' lang='lat' dir='ltr'>escarum</span> <span class='ocrx_word' id='word_1_111' title='bbox 1498 1531 1816 1600; x_wconf 89' lang='lat' dir='ltr'>insolentia,</span> 
     </span>
    </p>
   </div>
   <div class='ocr_carea' id='block_1_18' title="bbox 113 1611 1817 1680">
    <p class='ocr_par' dir='ltr' id='par_1_18' title="bbox 113 1611 1817 1680">
     <span class='ocr_line' id='line_1_18' title="bbox 113 1611 1817 1680; baseline 0.006 -15"><span class='ocrx_word' id='word_1_112' title='bbox 113 1611 410 1666; x_wconf 89' lang='lat' dir='ltr'>innumeri</span> <span class='ocrx_word' id='word_1_113' title='bbox 443 1613 751 1680; x_wconf 86' lang='lat' dir='ltr'>perniciem</span> <span class='ocrx_word' id='word_1_114' title='bbox 789 1615 978 1671; x_wconf 91' lang='lat' dir='ltr'>nimiae</span> <span class='ocrx_word' id='word_1_115' title='bbox 1010 1624 1426 1674; x_wconf 89' lang='lat' dir='ltr'>contraxerunt</span> <span class='ocrx_word' id='word_1_116' title='bbox 1468 1620 1817 1676; x_wconf 89' lang='lat' dir='ltr'>inﬁrmitatis</span> 
     </span>
    </p>
   </div>
   <div class='ocr_carea' id='block_1_19' title="bbox 1924 480 3620 552">
    <p class='ocr_par' dir='ltr' id='par_1_19' title="bbox 1924 480 3620 552">
     <span class='ocr_line' id='line_1_19' title="bbox 1924 480 3620 552; baseline 0.004 -19"><span class='ocrx_word' id='word_1_117' title='bbox 1924 480 2063 534; x_wconf 92' lang='lat' dir='ltr'>dum</span> <span class='ocrx_word' id='word_1_118' title='bbox 2096 495 2348 550; x_wconf 88' lang='lat' dir='ltr'>namque</span> <span class='ocrx_word' id='word_1_119' title='bbox 2379 481 2486 537; x_wconf 91' lang='lat' dir='ltr'>sibi</span> <span class='ocrx_word' id='word_1_120' title='bbox 2519 481 2724 542; x_wconf 84' lang='lat' dir='ltr'>fuerat,</span> <span class='ocrx_word' id='word_1_121' title='bbox 2769 481 2909 550; x_wconf 87' lang='lat' dir='ltr'>quia</span> <span class='ocrx_word' id='word_1_122' title='bbox 2947 481 3016 535; x_wconf 89' lang='lat' dir='ltr'>ad</span> <span class='ocrx_word' id='word_1_123' title='bbox 3066 489 3360 538; x_wconf 91' lang='lat' dir='ltr'>tantarum</span> <span class='ocrx_word' id='word_1_124' title='bbox 3411 497 3620 552; x_wconf 87' lang='lat' dir='ltr'>exspe-</span> 
     </span>
    </p>
   </div>
   <div class='ocr_carea' id='block_1_20' title="bbox 1924 569 3622 640">
    <p class='ocr_par' dir='ltr' id='par_1_20' title="bbox 1924 569 3622 640">
     <span class='ocr_line' id='line_1_20' title="bbox 1924 569 3622 640; baseline 0.002 -18"><span class='ocrx_word' id='word_1_125' title='bbox 1924 569 2228 624; x_wconf 86' lang='lat' dir='ltr'>ctationem</span> <span class='ocrx_word' id='word_1_126' title='bbox 2291 583 2686 639; x_wconf 88' lang='lat' dir='ltr'>personarum,</span> <span class='ocrx_word' id='word_1_127' title='bbox 2760 569 2831 623; x_wconf 87' lang='lat' dir='ltr'>ad</span> <span class='ocrx_word' id='word_1_128' title='bbox 2900 576 3090 623; x_wconf 90' lang='lat' dir='ltr'>tantas</span> <span class='ocrx_word' id='word_1_129' title='bbox 3149 570 3409 638; x_wconf 90' lang='lat' dir='ltr'>equitum</span> <span class='ocrx_word' id='word_1_130' title='bbox 3465 571 3622 640; x_wconf 91' lang='lat' dir='ltr'>pedi-</span> 
     </span>
    </p>
   </div>
   <div class='ocr_carea' id='block_1_21' title="bbox 1923 655 3617 727">
    <p class='ocr_par' dir='ltr' id='par_1_21' title="bbox 1923 655 3617 727">
     <span class='ocr_line' id='line_1_21' title="bbox 1923 655 3617 727; baseline 0.002 -17"><span class='ocrx_word' id='word_1_131' title='bbox 1923 662 2164 726; x_wconf 87' lang='lat' dir='ltr'>tumque</span> <span class='ocrx_word' id='word_1_132' title='bbox 2233 657 2444 726; x_wconf 91' lang='lat' dir='ltr'>copias,</span> <span class='ocrx_word' id='word_1_133' title='bbox 2522 656 2694 711; x_wconf 82' lang='lat' dir='ltr'>totius</span> <span class='ocrx_word' id='word_1_134' title='bbox 2762 655 3010 723; x_wconf 84' lang='lat' dir='ltr'>Graeciae,</span> <span class='ocrx_word' id='word_1_135' title='bbox 3075 663 3137 712; x_wconf 92' lang='lat' dir='ltr'>ut</span> <span class='ocrx_word' id='word_1_136' title='bbox 3213 656 3292 712; x_wconf 91' lang='lat' dir='ltr'>ita</span> <span class='ocrx_word' id='word_1_137' title='bbox 3349 657 3617 727; x_wconf 83' lang='lat' dir='ltr'>dixerim,</span> 
     </span>
    </p>
   </div>
   <div class='ocr_carea' id='block_1_22' title="bbox 1925 743 3620 814">
    <p class='ocr_par' dir='ltr' id='par_1_22' title="bbox 1925 743 3620 814">
     <span class='ocr_line' id='line_1_22' title="bbox 1925 743 3620 814; baseline 0.001 -16"><span class='ocrx_word' id='word_1_138' title='bbox 1925 744 2300 800; x_wconf 79' lang='lat' dir='ltr'>fundamenta</span> <span class='ocrx_word' id='word_1_139' title='bbox 2326 751 2700 800; x_wconf 87' lang='lat' dir='ltr'>tremuerant.</span> <span class='ocrx_word' id='word_1_140' title='bbox 2734 744 2803 799; x_wconf 93' lang='lat' dir='ltr'>Et</span> <span class='ocrx_word' id='word_1_141' title='bbox 2855 743 2981 799; x_wconf 88' lang='lat' dir='ltr'>licet</span> <span class='ocrx_word' id='word_1_142' title='bbox 3021 744 3265 800; x_wconf 90' lang='lat' dir='ltr'>aliorum</span> <span class='ocrx_word' id='word_1_143' title='bbox 3319 759 3620 814; x_wconf 90' lang='lat' dir='ltr'>procerum</span> 
     </span>
    </p>
   </div>
   <div class='ocr_carea' id='block_1_23' title="bbox 1926 831 3626 902">
    <p class='ocr_par' dir='ltr' id='par_1_23' title="bbox 1926 831 3626 902">
     <span class='ocr_line' id='line_1_23' title="bbox 1926 831 3626 902; baseline 0.002 -15"><span class='ocrx_word' id='word_1_144' title='bbox 1926 831 2107 887; x_wconf 89' lang='lat' dir='ltr'>multo</span> <span class='ocrx_word' id='word_1_145' title='bbox 2160 832 2359 902; x_wconf 87' lang='lat' dir='ltr'>major,</span> <span class='ocrx_word' id='word_1_146' title='bbox 2405 847 2578 902; x_wconf 88' lang='lat' dir='ltr'>quam</span> <span class='ocrx_word' id='word_1_147' title='bbox 2635 833 2835 902; x_wconf 89' lang='lat' dir='ltr'>ipsius,</span> <span class='ocrx_word' id='word_1_148' title='bbox 2895 833 3049 902; x_wconf 88' lang='lat' dir='ltr'>apud</span> <span class='ocrx_word' id='word_1_149' title='bbox 3100 847 3203 888; x_wconf 92' lang='lat' dir='ltr'>nos</span> <span class='ocrx_word' id='word_1_150' title='bbox 3259 841 3626 902; x_wconf 90' lang='lat' dir='ltr'>reputaretur</span> 
     </span>
    </p>
   </div>
   <div class='ocr_carea' id='block_1_24' title="bbox 1924 919 3625 991">
    <p class='ocr_par' dir='ltr' id='par_1_24' title="bbox 1924 919 3625 991">
     <span class='ocr_line' id='line_1_24' title="bbox 1924 919 3625 991; baseline 0.002 -17"><span class='ocrx_word' id='word_1_151' title='bbox 1924 919 2255 986; x_wconf 88' lang='lat' dir='ltr'>auctoritas,</span> <span class='ocrx_word' id='word_1_152' title='bbox 2320 921 2476 990; x_wconf 88' lang='lat' dir='ltr'>apud</span> <span class='ocrx_word' id='word_1_153' title='bbox 2537 928 2762 974; x_wconf 90' lang='lat' dir='ltr'>exteros</span> <span class='ocrx_word' id='word_1_154' title='bbox 2824 927 3034 987; x_wconf 88' lang='lat' dir='ltr'>tamen,</span> <span class='ocrx_word' id='word_1_155' title='bbox 3096 921 3408 989; x_wconf 67' lang='lat' dir='ltr'>praesertim</span> <span class='ocrx_word' id='word_1_156' title='bbox 3469 923 3625 991; x_wconf 90' lang='lat' dir='ltr'>apud</span> 
     </span>
    </p>
   </div>
   <div class='ocr_carea' id='block_1_25' title="bbox 1925 1007 3626 1079">
    <p class='ocr_par' dir='ltr' id='par_1_25' title="bbox 1925 1007 3626 1079">
     <span class='ocr_line' id='line_1_25' title="bbox 1925 1007 3626 1079; baseline 0.003 -19"><span class='ocrx_word' id='word_1_157' title='bbox 1925 1007 2298 1062; x_wconf 89' lang='lat' dir='ltr'>inertissimos</span> <span class='ocrx_word' id='word_1_158' title='bbox 2338 1008 2635 1063; x_wconf 86' lang='lat' dir='ltr'>hominum</span> <span class='ocrx_word' id='word_1_159' title='bbox 2669 1008 2912 1075; x_wconf 88' lang='lat' dir='ltr'>Graecos,</span> <span class='ocrx_word' id='word_1_160' title='bbox 2960 1008 3028 1063; x_wconf 91' lang='lat' dir='ltr'>de</span> <span class='ocrx_word' id='word_1_161' title='bbox 3070 1009 3222 1079; x_wconf 91' lang='lat' dir='ltr'>regis</span> <span class='ocrx_word' id='word_1_162' title='bbox 3271 1010 3626 1065; x_wconf 89' lang='lat' dir='ltr'>Francorum</span> 
     </span>
    </p>
   </div>
   <div class='ocr_carea' id='block_1_26' title="bbox 1926 1094 3626 1166">
    <p class='ocr_par' dir='ltr' id='par_1_26' title="bbox 1926 1094 3626 1166">
     <span class='ocr_line' id='line_1_26' title="bbox 1926 1094 3626 1166; baseline 0.003 -18"><span class='ocrx_word' id='word_1_163' title='bbox 1926 1094 2097 1149; x_wconf 82' lang='lat' dir='ltr'>fratte</span> <span class='ocrx_word' id='word_1_164' title='bbox 2132 1095 2473 1163; x_wconf 84' lang='lat' dir='ltr'>praevolarat</span> <span class='ocrx_word' id='word_1_165' title='bbox 2503 1094 2728 1150; x_wconf 90' lang='lat' dir='ltr'>inﬁnita</span> <span class='ocrx_word' id='word_1_166' title='bbox 2774 1094 3090 1150; x_wconf 86' lang='lat' dir='ltr'>celebritas.</span> <span class='ocrx_word' id='word_1_167' title='bbox 3126 1095 3266 1151; x_wconf 90' lang='lat' dir='ltr'>Cum</span> <span class='ocrx_word' id='word_1_168' title='bbox 3317 1111 3454 1166; x_wconf 84' lang='lat' dir='ltr'>ergo</span> <span class='ocrx_word' id='word_1_169' title='bbox 3503 1098 3626 1153; x_wconf 90' lang='lat' dir='ltr'>dux</span> 
     </span>
    </p>
   </div>
   <div class='ocr_carea' id='block_1_27' title="bbox 1925 1181 3628 1254">
    <p class='ocr_par' dir='ltr' id='par_1_27' title="bbox 1925 1181 3628 1254">
     <span class='ocr_line' id='line_1_27' title="bbox 1925 1181 3628 1254; baseline 0.003 -19"><span class='ocrx_word' id='word_1_170' title='bbox 1925 1181 2302 1250; x_wconf 89' lang='lat' dir='ltr'>imperatoris,</span> <span class='ocrx_word' id='word_1_171' title='bbox 2345 1184 2444 1250; x_wconf 90' lang='lat' dir='ltr'>qui</span> <span class='ocrx_word' id='word_1_172' title='bbox 2473 1182 2679 1237; x_wconf 89' lang='lat' dir='ltr'>ibidem</span> <span class='ocrx_word' id='word_1_173' title='bbox 2713 1183 3129 1249; x_wconf 89' lang='lat' dir='ltr'>commanebat,</span> <span class='ocrx_word' id='word_1_174' title='bbox 3172 1199 3506 1254; x_wconf 89' lang='lat' dir='ltr'>nonmagna</span> <span class='ocrx_word' id='word_1_175' title='bbox 3532 1186 3628 1240; x_wconf 88' lang='lat' dir='ltr'>ho-</span> 
     </span>
    </p>
   </div>
   <div class='ocr_carea' id='block_1_28' title="bbox 1926 1268 3625 1340">
    <p class='ocr_par' dir='ltr' id='par_1_28' title="bbox 1926 1268 3625 1340">
     <span class='ocr_line' id='line_1_28' title="bbox 1926 1268 3625 1340; baseline 0.003 -17"><span class='ocrx_word' id='word_1_176' title='bbox 1926 1270 2138 1324; x_wconf 90' lang='lat' dir='ltr'>minem</span> <span class='ocrx_word' id='word_1_177' title='bbox 2164 1268 2524 1338; x_wconf 89' lang='lat' dir='ltr'>spectabilem</span> <span class='ocrx_word' id='word_1_178' title='bbox 2554 1270 2883 1325; x_wconf 88' lang='lat' dir='ltr'>attendisset</span> <span class='ocrx_word' id='word_1_179' title='bbox 2913 1271 3165 1326; x_wconf 90' lang='lat' dir='ltr'>cinctum</span> <span class='ocrx_word' id='word_1_180' title='bbox 3200 1286 3398 1340; x_wconf 90' lang='lat' dir='ltr'>manu,</span> <span class='ocrx_word' id='word_1_181' title='bbox 3433 1273 3625 1328; x_wconf 90' lang='lat' dir='ltr'>subri-</span> 
     </span>
    </p>
   </div>
   <div class='ocr_carea' id='block_1_29' title="bbox 1927 1357 3624 1429">
    <p class='ocr_par' dir='ltr' id='par_1_29' title="bbox 1927 1357 3624 1429">
     <span class='ocr_line' id='line_1_29' title="bbox 1927 1357 3624 1429; baseline 0.002 -17"><span class='ocrx_word' id='word_1_182' title='bbox 1927 1357 2050 1428; x_wconf 86' lang='lat' dir='ltr'>puit</span> <span class='ocrx_word' id='word_1_183' title='bbox 2073 1357 2136 1429; x_wconf 77' lang='lat'>[1.</span> <span class='ocrx_word' id='word_1_184' title='bbox 2161 1358 2464 1427; x_wconf 87' lang='lat' dir='ltr'>subrepsit.</span> <span class='ocrx_word' id='word_1_185' title='bbox 2488 1358 2550 1411; x_wconf 92' lang='lat' dir='ltr'>E.</span> <span class='ocrx_word' id='word_1_186' title='bbox 2574 1357 2656 1427; x_wconf 86' lang='lat' dir='ltr'>P.]</span> <span class='ocrx_word' id='word_1_187' title='bbox 2684 1358 2834 1412; x_wconf 88' lang='lat' dir='ltr'>illius</span> <span class='ocrx_word' id='word_1_188' title='bbox 2852 1359 3046 1413; x_wconf 90' lang='lat' dir='ltr'>animo</span> <span class='ocrx_word' id='word_1_189' title='bbox 3073 1373 3144 1414; x_wconf 88' lang='lat' dir='ltr'>ex</span> <span class='ocrx_word' id='word_1_190' title='bbox 3170 1366 3340 1414; x_wconf 89' lang='lat' dir='ltr'>tantae</span> <span class='ocrx_word' id='word_1_191' title='bbox 3363 1361 3624 1416; x_wconf 90' lang='lat' dir='ltr'>solitudi-</span> 
     </span>
    </p>
   </div>
   <div class='ocr_carea' id='block_1_30' title="bbox 1927 1445 3626 1517">
    <p class='ocr_par' dir='ltr' id='par_1_30' title="bbox 1927 1445 3626 1517">
     <span class='ocr_line' id='line_1_30' title="bbox 1927 1445 3626 1517; baseline 0.004 -18"><span class='ocrx_word' id='word_1_192' title='bbox 1927 1445 2463 1514; x_wconf 86' lang='lat' dir='ltr'>nis&#39;opportunitate</span> <span class='ocrx_word' id='word_1_193' title='bbox 2496 1445 2769 1514; x_wconf 88' lang='lat' dir='ltr'>nequitia,</span> <span class='ocrx_word' id='word_1_194' title='bbox 2810 1446 3092 1515; x_wconf 92' lang='lat' dir='ltr'>illumque</span> <span class='ocrx_word' id='word_1_195' title='bbox 3115 1449 3626 1517; x_wconf 75' lang='lat' dir='ltr'>comprehenderis,</span> 
     </span>
    </p>
   </div>
   <div class='ocr_carea' id='block_1_31' title="bbox 1929 1532 3626 1602">
    <p class='ocr_par' dir='ltr' id='par_1_31' title="bbox 1929 1532 3626 1602">
     <span class='ocr_line' id='line_1_31' title="bbox 1929 1532 3626 1602; baseline 0.002 -15"><span class='ocrx_word' id='word_1_196' title='bbox 1929 1534 2196 1601; x_wconf 85' lang='lat' dir='ltr'>praecepit</span> <span class='ocrx_word' id='word_1_197' title='bbox 2267 1532 2817 1602; x_wconf 87' lang='lat' dir='ltr'>Constantinopolim</span> <span class='ocrx_word' id='word_1_198' title='bbox 2877 1533 2948 1588; x_wconf 90' lang='lat' dir='ltr'>ad</span> <span class='ocrx_word' id='word_1_199' title='bbox 3018 1534 3422 1602; x_wconf 88' lang='lat' dir='ltr'>imperatorem</span> <span class='ocrx_word' id='word_1_200' title='bbox 3493 1551 3626 1591; x_wconf 91' lang='lat' dir='ltr'>cum</span> 
     </span>
    </p>
   </div>
   <div class='ocr_carea' id='block_1_32' title="bbox 1927 1621 3626 1690">
    <p class='ocr_par' dir='ltr' id='par_1_32' title="bbox 1927 1621 3626 1690">
     <span class='ocr_line' id='line_1_32' title="bbox 1927 1621 3626 1690; baseline 0.002 -14"><span class='ocrx_word' id='word_1_201' title='bbox 1927 1621 2110 1676; x_wconf 91' lang='lat' dir='ltr'>multa</span> <span class='ocrx_word' id='word_1_202' title='bbox 2146 1621 2468 1690; x_wconf 88' lang='lat' dir='ltr'>provisione</span> <span class='ocrx_word' id='word_1_203' title='bbox 2499 1636 2566 1676; x_wconf 91' lang='lat' dir='ltr'>ac</span> <span class='ocrx_word' id='word_1_204' title='bbox 2598 1623 2918 1676; x_wconf 86' lang='lat' dir='ltr'>reverentia</span> <span class='ocrx_word' id='word_1_205' title='bbox 2951 1621 3122 1690; x_wconf 87' lang='lat' dir='ltr'>duci;</span> <span class='ocrx_word' id='word_1_206' title='bbox 3171 1622 3241 1677; x_wconf 94' lang='lat' dir='ltr'>ob</span> <span class='ocrx_word' id='word_1_207' title='bbox 3293 1622 3396 1677; x_wconf 92' lang='lat' dir='ltr'>hoc</span> <span class='ocrx_word' id='word_1_208' title='bbox 3441 1623 3626 1679; x_wconf 90' lang='lat' dir='ltr'>solum</span> 
     </span>
    </p>
   </div>
   <div class='ocr_carea' id='block_1_33' title="bbox 112 1684 3623 1778">
    <p class='ocr_par' dir='ltr' id='par_1_33' title="bbox 112 1684 3623 1778">
     <span class='ocr_line' id='line_1_33' title="bbox 112 1684 3623 1778; baseline 0.003 -23"><span class='ocrx_word' id='word_1_209' title='bbox 112 1708 167 1755; x_wconf 91' lang='lat' dir='ltr'>et</span> <span class='ocrx_word' id='word_1_210' title='bbox 246 1700 466 1762; x_wconf 75' lang='lat' dir='ltr'>mortis.</span> <span class='ocrx_word' id='word_1_211' title='bbox 529 1701 614 1756; x_wconf 90' lang='lat' dir='ltr'>Ad</span> <span class='ocrx_word' id='word_1_212' title='bbox 687 1703 943 1759; x_wconf 91' lang='lat' dir='ltr'>diversos</span> <span class='ocrx_word' id='word_1_213' title='bbox 999 1705 1195 1775; x_wconf 89' lang='lat' dir='ltr'>itaque</span> <span class='ocrx_word' id='word_1_214' title='bbox 1247 1721 1383 1772; x_wconf 69' lang='lat' dir='ltr'>sese,</span> <span class='ocrx_word' id='word_1_215' title='bbox 1423 1708 1810 1777; x_wconf 89' lang='lat' dir='ltr'>contulerunt,</span> <span class='ocrx_word' id='word_1_216' title='bbox 1855 1684 1897 1738; x_wconf 79' lang='grc' dir='ltr'><strong>Β</strong></span> <span class='ocrx_word' id='word_1_217' title='bbox 1931 1717 1989 1764; x_wconf 90' lang='lat' dir='ltr'>ut</span> <span class='ocrx_word' id='word_1_218' title='bbox 2021 1684 2185 1763; x_wconf 84' lang='lat' dir='ltr'>ﬁdem</span> <span class='ocrx_word' id='word_1_219' title='bbox 2221 1708 2415 1763; x_wconf 91' lang='lat' dir='ltr'>timido</span> <span class='ocrx_word' id='word_1_220' title='bbox 2446 1708 2692 1777; x_wconf 87' lang='lat' dir='ltr'>principi</span> <span class='ocrx_word' id='word_1_221' title='bbox 2740 1709 2901 1763; x_wconf 89' lang='lat' dir='ltr'>daret</span> <span class='ocrx_word' id='word_1_222' title='bbox 2949 1684 3118 1778; x_wconf 33' lang='lat' dir='ltr'>quod,</span> <span class='ocrx_word' id='word_1_223' title='bbox 3159 1723 3258 1778; x_wconf 90' lang='lat' dir='ltr'>per</span> <span class='ocrx_word' id='word_1_224' title='bbox 3305 1724 3436 1764; x_wconf 87' lang='lat' dir='ltr'>eum</span> <span class='ocrx_word' id='word_1_225' title='bbox 3488 1711 3623 1765; x_wconf 76' lang='lat' dir='ltr'>vitae</span> 
     </span>
    </p>
   </div>
   <div class='ocr_carea' id='block_1_34' title="bbox 116 1789 878 1858">
    <p class='ocr_par' dir='ltr' id='par_1_34' title="bbox 116 1789 878 1858">
     <span class='ocr_line' id='line_1_34' title="bbox 116 1789 878 1858; baseline 0.004 -16"><span class='ocrx_word' id='word_1_226' title='bbox 116 1789 422 1842; x_wconf 88' lang='lat' dir='ltr'>transituri</span> <span class='ocrx_word' id='word_1_227' title='bbox 453 1803 628 1855; x_wconf 85' lang='lat' dir='ltr'>mare,</span> <span class='ocrx_word' id='word_1_228' title='bbox 660 1799 878 1858; x_wconf 91' lang='lat' dir='ltr'>portus.</span> 
     </span>
    </p>
   </div>
   <div class='ocr_carea' id='block_1_35' title="bbox 192 1876 1700 1951">
    <p class='ocr_par' dir='ltr' id='par_1_35' title="bbox 192 1876 1700 1951">
     <span class='ocr_line' id='line_1_35' title="bbox 192 1876 1700 1951; baseline 0.006 -21"><span class='ocrx_word' id='word_1_229' title='bbox 192 1876 568 1931; x_wconf 90' lang='lat' dir='ltr'>Brundisium</span> <span class='ocrx_word' id='word_1_230' title='bbox 603 1877 815 1946; x_wconf 90' lang='lat' dir='ltr'>plures,</span> <span class='ocrx_word' id='word_1_231' title='bbox 853 1879 954 1933; x_wconf 92' lang='lat' dir='ltr'>hos</span> <span class='ocrx_word' id='word_1_232' title='bbox 994 1880 1232 1950; x_wconf 89' lang='lat' dir='ltr'>suscipit</span> <span class='ocrx_word' id='word_1_233' title='bbox 1262 1882 1429 1938; x_wconf 91' lang='lat' dir='ltr'>avius</span> <span class='ocrx_word' id='word_1_234' title='bbox 1459 1883 1700 1951; x_wconf 87' lang='lat' dir='ltr'>Ydrons,</span> 
     </span>
    </p>
   </div>
   <div class='ocr_carea' id='block_1_36' title="bbox 191 1964 1333 2037">
    <p class='ocr_par' dir='ltr' id='par_1_36' title="bbox 191 1964 1333 2037">
     <span class='ocr_line' id='line_1_36' title="bbox 191 1964 1333 2037; baseline 0.004 -19"><span class='ocrx_word' id='word_1_235' title='bbox 191 1964 310 2018; x_wconf 90' lang='lat' dir='ltr'>Illis</span> <span class='ocrx_word' id='word_1_236' title='bbox 344 1964 544 2032; x_wconf 90' lang='lat' dir='ltr'>piscosi</span> <span class='ocrx_word' id='word_1_237' title='bbox 579 1974 892 2034; x_wconf 88' lang='lat' dir='ltr'>patuerunt</span> <span class='ocrx_word' id='word_1_238' title='bbox 921 1982 1154 2037; x_wconf 81' lang='lat' dir='ltr'>aequora</span> <span class='ocrx_word' id='word_1_239' title='bbox 1183 1969 1333 2023; x_wconf 89' lang='lat' dir='ltr'>Bari.</span> 
     </span>
    </p>
   </div>
   <div class='ocr_carea' id='block_1_37' title="bbox 192 2050 1815 2127">
    <p class='ocr_par' dir='ltr' id='par_1_37' title="bbox 192 2050 1815 2127">
     <span class='ocr_line' id='line_1_37' title="bbox 192 2050 1815 2127; baseline 0.005 -21"><span class='ocrx_word' id='word_1_240' title='bbox 192 2050 398 2122; x_wconf 58' lang='lat' dir='ltr'>[XIX]</span> <span class='ocrx_word' id='word_1_241' title='bbox 431 2056 499 2106; x_wconf 77' lang='lat' dir='ltr'>At</span> <span class='ocrx_word' id='word_1_242' title='bbox 529 2053 692 2122; x_wconf 83' lang='lat' dir='ltr'>Hugo</span> <span class='ocrx_word' id='word_1_243' title='bbox 736 2054 1004 2124; x_wconf 90' lang='lat' dir='ltr'>Magnus,</span> <span class='ocrx_word' id='word_1_244' title='bbox 1057 2071 1171 2111; x_wconf 92' lang='lat' dir='ltr'>non</span> <span class='ocrx_word' id='word_1_245' title='bbox 1218 2065 1540 2127; x_wconf 83' lang='lat' dir='ltr'>exspectata</span> <span class='ocrx_word' id='word_1_246' title='bbox 1577 2073 1815 2115; x_wconf 92' lang='lat' dir='ltr'>suorum</span> 
     </span>
    </p>
   </div>
   <div class='ocr_carea' id='block_1_38' title="bbox 117 2140 1817 2213">
    <p class='ocr_par' dir='ltr' id='par_1_38' title="bbox 117 2140 1817 2213">
     <span class='ocr_line' id='line_1_38' title="bbox 117 2140 1817 2213; baseline 0.005 -20"><span class='ocrx_word' id='word_1_247' title='bbox 117 2147 173 2194; x_wconf 89' lang='lat' dir='ltr'>et</span> <span class='ocrx_word' id='word_1_248' title='bbox 205 2140 454 2194; x_wconf 87' lang='lat' dir='ltr'>militum</span> <span class='ocrx_word' id='word_1_249' title='bbox 486 2142 1059 2213; x_wconf 87' lang='lat' dir='ltr'>comprincipumque</span> <span class='ocrx_word' id='word_1_250' title='bbox 1107 2145 1354 2211; x_wconf 90' lang='lat' dir='ltr'>comitia,</span> <span class='ocrx_word' id='word_1_251' title='bbox 1399 2146 1570 2201; x_wconf 89' lang='lat' dir='ltr'>nimis</span> <span class='ocrx_word' id='word_1_252' title='bbox 1612 2147 1817 2202; x_wconf 91' lang='lat' dir='ltr'>incon-</span> 
     </span>
    </p>
   </div>
   <div class='ocr_carea' id='block_1_39' title="bbox 118 2227 1818 2304">
    <p class='ocr_par' dir='ltr' id='par_1_39' title="bbox 118 2227 1818 2304">
     <span class='ocr_line' id='line_1_39' title="bbox 118 2227 1818 2304; baseline 0.005 -24"><span class='ocrx_word' id='word_1_253' title='bbox 118 2227 288 2293; x_wconf 91' lang='lat' dir='ltr'>sulte,</span> <span class='ocrx_word' id='word_1_254' title='bbox 340 2227 509 2282; x_wconf 91' lang='lat' dir='ltr'>nimis</span> <span class='ocrx_word' id='word_1_255' title='bbox 564 2243 921 2299; x_wconf 66' lang='lat' dir='ltr'>prmpropere</span> <span class='ocrx_word' id='word_1_256' title='bbox 969 2232 1121 2286; x_wconf 87' lang='lat' dir='ltr'>adito</span> <span class='ocrx_word' id='word_1_257' title='bbox 1172 2232 1300 2288; x_wconf 90' lang='lat' dir='ltr'>Bari</span> <span class='ocrx_word' id='word_1_258' title='bbox 1331 2243 1519 2303; x_wconf 89' lang='lat' dir='ltr'>portu,</span> <span class='ocrx_word' id='word_1_259' title='bbox 1571 2235 1818 2304; x_wconf 84' lang='lat' dir='ltr'>naviga—</span> 
     </span>
    </p>
   </div>
   <div class='ocr_carea' id='block_1_40' title="bbox 1925 1796 3620 1869">
    <p class='ocr_par' dir='ltr' id='par_1_40' title="bbox 1925 1796 3620 1869">
     <span class='ocr_line' id='line_1_40' title="bbox 1925 1796 3620 1869; baseline 0.001 -18"><span class='ocrx_word' id='word_1_260' title='bbox 1925 1811 2043 1852; x_wconf 86' lang='lat' dir='ltr'>suae</span> <span class='ocrx_word' id='word_1_261' title='bbox 2074 1803 2128 1851; x_wconf 92' lang='lat' dir='ltr'>et</span> <span class='ocrx_word' id='word_1_262' title='bbox 2157 1797 2388 1851; x_wconf 86' lang='lat' dir='ltr'>honoris</span> <span class='ocrx_word' id='word_1_263' title='bbox 2439 1811 2671 1864; x_wconf 88' lang='lat' dir='ltr'>prorsus</span> <span class='ocrx_word' id='word_1_264' title='bbox 2719 1796 3004 1851; x_wconf 86' lang='lat' dir='ltr'>indemnis</span> <span class='ocrx_word' id='word_1_265' title='bbox 3051 1796 3335 1852; x_wconf 77' lang='lat' dir='ltr'>existeret.</span> <span class='ocrx_word' id='word_1_266' title='bbox 3388 1797 3441 1852; x_wconf 90' lang='lat' dir='ltr'>Is</span> <span class='ocrx_word' id='word_1_267' title='bbox 3483 1813 3620 1869; x_wconf 92' lang='lat' dir='ltr'>ergo</span> 
     </span>
    </p>
   </div>
   <div class='ocr_carea' id='block_1_41' title="bbox 1929 1884 3621 1956">
    <p class='ocr_par' dir='ltr' id='par_1_41' title="bbox 1929 1884 3621 1956">
     <span class='ocr_line' id='line_1_41' title="bbox 1929 1884 3621 1956; baseline 0.002 -18"><span class='ocrx_word' id='word_1_268' title='bbox 1929 1884 2167 1939; x_wconf 89' lang='lat' dir='ltr'>illustris</span> <span class='ocrx_word' id='word_1_269' title='bbox 2200 1884 2309 1939; x_wconf 86' lang='lat' dir='ltr'>viri</span> <span class='ocrx_word' id='word_1_270' title='bbox 2337 1899 2524 1951; x_wconf 87' lang='lat' dir='ltr'>casus,</span> <span class='ocrx_word' id='word_1_271' title='bbox 2562 1884 2871 1938; x_wconf 80' lang='lat' dir='ltr'>maximam</span> <span class='ocrx_word' id='word_1_272' title='bbox 2903 1885 3270 1953; x_wconf 88' lang='lat' dir='ltr'>sequentium</span> <span class='ocrx_word' id='word_1_273' title='bbox 3318 1901 3621 1956; x_wconf 88' lang='lat' dir='ltr'>procerum</span> 
     </span>
    </p>
   </div>
   <div class='ocr_carea' id='block_1_42' title="bbox 1929 1971 3624 2044">
    <p class='ocr_par' dir='ltr' id='par_1_42' title="bbox 1929 1971 3624 2044">
     <span class='ocr_line' id='line_1_42' title="bbox 1929 1971 3624 2044; baseline 0.001 -18"><span class='ocrx_word' id='word_1_274' title='bbox 1929 1971 2243 2026; x_wconf 84' lang='lat' dir='ltr'>fortitudini</span> <span class='ocrx_word' id='word_1_275' title='bbox 2323 1972 2750 2026; x_wconf 88' lang='lat' dir='ltr'>enervationem</span> <span class='ocrx_word' id='word_1_276' title='bbox 2835 1971 3045 2027; x_wconf 87' lang='lat' dir='ltr'>intulit.</span> <span class='ocrx_word' id='word_1_277' title='bbox 3130 1973 3286 2028; x_wconf 84' lang='lat' dir='ltr'>Idem</span> <span class='ocrx_word' id='word_1_278' title='bbox 3369 1988 3624 2044; x_wconf 89' lang='lat' dir='ltr'>namque</span> 
     </span>
    </p>
   </div>
   <div class='ocr_carea' id='block_1_43' title="bbox 1928 2059 3629 2129">
    <p class='ocr_par' dir='ltr' id='par_1_43' title="bbox 1928 2059 3629 2129">
     <span class='ocr_line' id='line_1_43' title="bbox 1928 2059 3629 2129; baseline 0.002 -15"><span class='ocrx_word' id='word_1_279' title='bbox 1928 2059 2110 2114; x_wconf 80' lang='lat' dir='ltr'>facere</span> <span class='ocrx_word' id='word_1_280' title='bbox 2143 2059 2298 2128; x_wconf 89' lang='lat' dir='ltr'>quod</span> <span class='ocrx_word' id='word_1_281' title='bbox 2337 2060 2410 2114; x_wconf 90' lang='lat' dir='ltr'>ab</span> <span class='ocrx_word' id='word_1_282' title='bbox 2444 2060 2547 2114; x_wconf 90' lang='lat' dir='ltr'>isto</span> <span class='ocrx_word' id='word_1_283' title='bbox 2577 2059 2861 2129; x_wconf 80' lang='lat' dir='ltr'>exigebat,</span> <span class='ocrx_word' id='word_1_284' title='bbox 2903 2074 3005 2115; x_wconf 92' lang='lat' dir='ltr'>seu</span> <span class='ocrx_word' id='word_1_285' title='bbox 3043 2059 3119 2126; x_wconf 84' lang='lat' dir='ltr'>vi,</span> <span class='ocrx_word' id='word_1_286' title='bbox 3167 2075 3269 2115; x_wconf 90' lang='lat' dir='ltr'>seu</span> <span class='ocrx_word' id='word_1_287' title='bbox 3311 2061 3480 2128; x_wconf 91' lang='lat' dir='ltr'>clam,</span> <span class='ocrx_word' id='word_1_288' title='bbox 3526 2076 3629 2117; x_wconf 92' lang='lat' dir='ltr'>seu</span> 
     </span>
    </p>
   </div>
   <div class='ocr_carea' id='block_1_44' title="bbox 1929 2147 3629 2217">
    <p class='ocr_par' dir='ltr' id='par_1_44' title="bbox 1929 2147 3629 2217">
     <span class='ocr_line' id='line_1_44' title="bbox 1929 2147 3629 2217; baseline 0.001 -15"><span class='ocrx_word' id='word_1_289' title='bbox 1929 2147 2186 2217; x_wconf 90' lang='lat' dir='ltr'>precario</span> <span class='ocrx_word' id='word_1_290' title='bbox 2236 2155 2464 2203; x_wconf 85' lang='lat' dir='ltr'>caeteros</span> <span class='ocrx_word' id='word_1_291' title='bbox 2523 2148 2702 2217; x_wconf 82' lang='lat' dir='ltr'>coegit</span> <span class='ocrx_word' id='word_1_292' title='bbox 2760 2147 3033 2216; x_wconf 88' lang='lat' dir='ltr'>principis</span> <span class='ocrx_word' id='word_1_293' title='bbox 3080 2147 3432 2202; x_wconf 84' lang='lat' dir='ltr'>l‘raudulenti</span> <span class='ocrx_word' id='word_1_294' title='bbox 3477 2155 3629 2203; x_wconf 90' lang='lat' dir='ltr'>astu-</span> 
     </span>
    </p>
   </div>
   <div class='ocr_carea' id='block_1_45' title="bbox 1931 2234 3128 2306">
    <p class='ocr_par' dir='ltr' id='par_1_45' title="bbox 1931 2234 3128 2306">
     <span class='ocr_line' id='line_1_45' title="bbox 1931 2234 3128 2306; baseline 0 -16"><span class='ocrx_word' id='word_1_295' title='bbox 1931 2237 2026 2290; x_wconf 92' lang='lat' dir='ltr'>tia.</span> <span class='ocrx_word' id='word_1_296' title='bbox 2058 2234 2160 2290; x_wconf 91' lang='lat' dir='ltr'>Sed</span> <span class='ocrx_word' id='word_1_297' title='bbox 2188 2236 2308 2306; x_wconf 90' lang='lat' dir='ltr'>jam</span> <span class='ocrx_word' id='word_1_298' title='bbox 2348 2235 2477 2290; x_wconf 88' lang='lat' dir='ltr'>ﬁnis</span> <span class='ocrx_word' id='word_1_299' title='bbox 2507 2236 2642 2291; x_wconf 89' lang='lat' dir='ltr'>huic</span> <span class='ocrx_word' id='word_1_300' title='bbox 2670 2236 2858 2291; x_wconf 92' lang='lat' dir='ltr'>libello</span> <span class='ocrx_word' id='word_1_301' title='bbox 2885 2236 3128 2292; x_wconf 88' lang='lat' dir='ltr'>accedat.</span> 
     </span>
    </p>
   </div>
   <div class='ocr_carea' id='block_1_46' title="bbox 1415 2474 2320 2562">
    <p class='ocr_par' dir='ltr' id='par_1_46' title="bbox 1415 2474 2320 2562">
     <span class='ocr_line' id='line_1_46' title="bbox 1415 2474 2320 2562; baseline 0.004 -4"><span class='ocrx_word' id='word_1_302' title='bbox 1415 2474 1758 2561; x_wconf 83' lang='lat' dir='ltr'>LIBER</span> <span class='ocrx_word' id='word_1_303' title='bbox 1815 2476 2320 2562; x_wconf 82' lang='lat' dir='ltr'>TERTIUS.</span> 
     </span>
    </p>
   </div>
   <div class='ocr_carea' id='block_1_47' title="bbox 692 2759 1254 2817">
    <p class='ocr_par' dir='ltr' id='par_1_47' title="bbox 692 2759 1254 2817">
     <span class='ocr_line' id='line_1_47' title="bbox 692 2759 1254 2817; baseline -0.005 0"><span class='ocrx_word' id='word_1_304' title='bbox 692 2760 923 2817; x_wconf 88' lang='lat' dir='ltr'>CAPUT</span> <span class='ocrx_word' id='word_1_305' title='bbox 957 2759 1254 2816; x_wconf 80' lang='lat' dir='ltr'>PRIMUM.</span> 
     </span>
    </p>
   </div>
   <div class='ocr_carea' id='block_1_48' title="bbox 198 2847 1821 2919">
    <p class='ocr_par' dir='ltr' id='par_1_48' title="bbox 198 2847 1821 2919">
     <span class='ocr_line' id='line_1_48' title="bbox 198 2847 1821 2919; baseline -0.001 -16"><span class='ocrx_word' id='word_1_306' title='bbox 198 2854 346 2903; x_wconf 77' lang='lat'>386</span> <span class='ocrx_word' id='word_1_307' title='bbox 380 2848 469 2919; x_wconf 75' lang='grc'>[1.]</span> <span class='ocrx_word' id='word_1_308' title='bbox 520 2852 599 2902; x_wconf 86' lang='lat' dir='ltr'>De</span> <span class='ocrx_word' id='word_1_309' title='bbox 628 2849 946 2904; x_wconf 86' lang='lat' dir='ltr'>Boemundo</span> <span class='ocrx_word' id='word_1_310' title='bbox 976 2848 1211 2903; x_wconf 79' lang='lat' dir='ltr'>Roberlz&#39;</span> <span class='ocrx_word' id='word_1_311' title='bbox 1254 2864 1355 2902; x_wconf 74' lang='lat' dir='ltr'>seu</span> <span class='ocrx_word' id='word_1_312' title='bbox 1411 2847 1701 2903; x_wconf 75' lang='lat' dir='ltr'>Wiscardi</span> <span class='ocrx_word' id='word_1_313' title='bbox 1739 2849 1821 2917; x_wconf 78' lang='lat' dir='ltr'>ﬁ-</span> 
     </span>
    </p>
   </div>
   <div class='ocr_carea' id='block_1_49' title="bbox 126 2936 1821 3007">
    <p class='ocr_par' dir='ltr' id='par_1_49' title="bbox 126 2936 1821 3007">
     <span class='ocr_line' id='line_1_49' title="bbox 126 2936 1821 3007; baseline 0.001 -17"><span class='ocrx_word' id='word_1_314' title='bbox 126 2936 223 2990; x_wconf 82' lang='lat' dir='ltr'>lio.</span> <span class='ocrx_word' id='word_1_315' title='bbox 257 2968 326 2976; x_wconf 89' lang='lat'><strong><em>—</em></strong></span> <span class='ocrx_word' id='word_1_316' title='bbox 366 2938 454 2991; x_wconf 89' lang='lat' dir='ltr'>Ex</span> <span class='ocrx_word' id='word_1_317' title='bbox 486 2937 707 2992; x_wconf 90' lang='lat' dir='ltr'>cunctis</span> <span class='ocrx_word' id='word_1_318' title='bbox 739 2937 853 2992; x_wconf 80' lang='lat' dir='ltr'>fere</span> <span class='ocrx_word' id='word_1_319' title='bbox 881 2936 1318 2992; x_wconf 90' lang='lat' dir='ltr'>occidentalium</span> <span class='ocrx_word' id='word_1_320' title='bbox 1352 2937 1601 3005; x_wconf 89' lang='lat' dir='ltr'>partium</span> <span class='ocrx_word' id='word_1_321' title='bbox 1632 2937 1821 3007; x_wconf 87' lang='lat' dir='ltr'>regio-</span> 
     </span>
    </p>
   </div>
   <div class='ocr_carea' id='block_1_50' title="bbox 125 3025 1820 3094">
    <p class='ocr_par' dir='ltr' id='par_1_50' title="bbox 125 3025 1820 3094">
     <span class='ocr_line' id='line_1_50' title="bbox 125 3025 1820 3094; baseline -0.001 -14"><span class='ocrx_word' id='word_1_322' title='bbox 125 3025 319 3090; x_wconf 88' lang='lat' dir='ltr'>nibus,</span> <span class='ocrx_word' id='word_1_323' title='bbox 360 3039 493 3080; x_wconf 91' lang='lat' dir='ltr'>cum</span> <span class='ocrx_word' id='word_1_324' title='bbox 545 3025 983 3080; x_wconf 90' lang='lat' dir='ltr'>innumerabilis</span> <span class='ocrx_word' id='word_1_325' title='bbox 1027 3025 1309 3080; x_wconf 90' lang='lat' dir='ltr'>exercitus</span> <span class='ocrx_word' id='word_1_326' title='bbox 1351 3025 1664 3094; x_wconf 89' lang='lat' dir='ltr'>appulisset</span> <span class='ocrx_word' id='word_1_327' title='bbox 1705 3030 1820 3093; x_wconf 88' lang='lat' dir='ltr'>Ap-</span> 
     </span>
    </p>
   </div>
   <div class='ocr_carea' id='block_1_51' title="bbox 125 3112 1821 3183">
    <p class='ocr_par' dir='ltr' id='par_1_51' title="bbox 125 3112 1821 3183">
     <span class='ocr_line' id='line_1_51' title="bbox 125 3112 1821 3183; baseline -0.001 -15"><span class='ocrx_word' id='word_1_328' title='bbox 125 3113 364 3183; x_wconf 89' lang='lat' dir='ltr'>puliam,</span> <span class='ocrx_word' id='word_1_329' title='bbox 431 3113 502 3167; x_wconf 91' lang='lat' dir='ltr'>ad</span> <span class='ocrx_word' id='word_1_330' title='bbox 563 3113 961 3168; x_wconf 90' lang='lat' dir='ltr'>Boemundum</span> <span class='ocrx_word' id='word_1_331' title='bbox 1017 3113 1293 3180; x_wconf 82' lang='lat' dir='ltr'>Botberti,</span> <span class='ocrx_word' id='word_1_332' title='bbox 1345 3113 1444 3182; x_wconf 87' lang='lat' dir='ltr'>qui</span> <span class='ocrx_word' id='word_1_333' title='bbox 1483 3112 1821 3168; x_wconf 87' lang='lat' dir='ltr'>Wiscardus</span> 
     </span>
    </p>
   </div>
   <div class='ocr_carea' id='block_1_52' title="bbox 121 3199 1816 3270">
    <p class='ocr_par' dir='ltr' id='par_1_52' title="bbox 121 3199 1816 3270">
     <span class='ocr_line' id='line_1_52' title="bbox 121 3199 1816 3270; baseline -0.001 -14"><span class='ocrx_word' id='word_1_334' title='bbox 121 3201 458 3268; x_wconf 85' lang='lat' dir='ltr'>vocabatur,</span> <span class='ocrx_word' id='word_1_335' title='bbox 497 3199 700 3264; x_wconf 84' lang='lat' dir='ltr'>ﬁlium,</span> <span class='ocrx_word' id='word_1_336' title='bbox 743 3199 1056 3270; x_wconf 85' lang='lat' dir='ltr'>singularis</span> <span class='ocrx_word' id='word_1_337' title='bbox 1111 3199 1550 3270; x_wconf 82' lang='lat' dir='ltr'>magniﬁcentiae</span> <span class='ocrx_word' id='word_1_338' title='bbox 1601 3201 1816 3269; x_wconf 91' lang='lat' dir='ltr'>virum,</span> 
     </span>
    </p>
   </div>
   <div class='ocr_carea' id='block_1_53' title="bbox 121 3287 1818 3358">
    <p class='ocr_par' dir='ltr' id='par_1_53' title="bbox 121 3287 1818 3358">
     <span class='ocr_line' id='line_1_53' title="bbox 121 3287 1818 3358; baseline -0.001 -14"><span class='ocrx_word' id='word_1_339' title='bbox 121 3287 486 3344; x_wconf 86' lang='lat' dir='ltr'>adventantis</span> <span class='ocrx_word' id='word_1_340' title='bbox 518 3287 907 3342; x_wconf 91' lang='lat' dir='ltr'>multitudinis</span> <span class='ocrx_word' id='word_1_341' title='bbox 947 3287 1203 3356; x_wconf 89' lang='lat' dir='ltr'>pervenit</span> <span class='ocrx_word' id='word_1_342' title='bbox 1248 3288 1529 3358; x_wconf 85' lang='lat' dir='ltr'>verbum;</span> <span class='ocrx_word' id='word_1_343' title='bbox 1582 3288 1628 3343; x_wconf 91' lang='lat' dir='ltr'>is</span> <span class='ocrx_word' id='word_1_344' title='bbox 1679 3295 1818 3344; x_wconf 90' lang='lat' dir='ltr'>tunc</span> 
     </span>
    </p>
   </div>
   <div class='ocr_carea' id='block_1_54' title="bbox 119 3376 1816 3446">
    <p class='ocr_par' dir='ltr' id='par_1_54' title="bbox 119 3376 1816 3446">
     <span class='ocr_line' id='line_1_54' title="bbox 119 3376 1816 3446; baseline -0.002 -14"><span class='ocrx_word' id='word_1_345' title='bbox 119 3377 390 3446; x_wconf 90' lang='lat' dir='ltr'>temporis</span> <span class='ocrx_word' id='word_1_346' title='bbox 442 3376 814 3431; x_wconf 85' lang='lat' dir='ltr'>Amalﬁtanos</span> <span class='ocrx_word' id='word_1_347' title='bbox 859 3376 1151 3432; x_wconf 90' lang='lat' dir='ltr'>obsidione</span> <span class='ocrx_word' id='word_1_348' title='bbox 1199 3383 1630 3445; x_wconf 87' lang='lat' dir='ltr'>compresserat.</span> <span class='ocrx_word' id='word_1_349' title='bbox 1710 3376 1816 3432; x_wconf 86' lang='lat' dir='ltr'>Cui</span> 
     </span>
    </p>
   </div>
   <div class='ocr_carea' id='block_1_55' title="bbox 120 3463 1816 3534">
    <p class='ocr_par' dir='ltr' id='par_1_55' title="bbox 120 3463 1816 3534">
     <span class='ocr_line' id='line_1_55' title="bbox 120 3463 1816 3534; baseline -0.001 -13"><span class='ocrx_word' id='word_1_350' title='bbox 120 3480 253 3521; x_wconf 91' lang='lat' dir='ltr'>cum</span> <span class='ocrx_word' id='word_1_351' title='bbox 281 3465 525 3520; x_wconf 91' lang='lat' dir='ltr'>nuntius</span> <span class='ocrx_word' id='word_1_352' title='bbox 557 3465 625 3520; x_wconf 92' lang='lat' dir='ltr'>de</span> <span class='ocrx_word' id='word_1_353' title='bbox 656 3478 722 3519; x_wconf 90' lang='lat' dir='ltr'>ea</span> <span class='ocrx_word' id='word_1_354' title='bbox 772 3479 903 3534; x_wconf 84' lang='lat' dir='ltr'>quae</span> <span class='ocrx_word' id='word_1_355' title='bbox 948 3463 1276 3520; x_wconf 86' lang='lat' dir='ltr'>conﬂuebat</span> <span class='ocrx_word' id='word_1_356' title='bbox 1325 3472 1490 3534; x_wconf 90' lang='lat' dir='ltr'>gente</span> <span class='ocrx_word' id='word_1_357' title='bbox 1537 3478 1816 3533; x_wconf 87' lang='lat' dir='ltr'>superve-</span> 
     </span>
    </p>
   </div>
   <div class='ocr_carea' id='block_1_56' title="bbox 117 3551 1815 3622">
    <p class='ocr_par' dir='ltr' id='par_1_56' title="bbox 117 3551 1815 3622">
     <span class='ocr_line' id='line_1_56' title="bbox 117 3551 1815 3622; baseline -0.001 -14"><span class='ocrx_word' id='word_1_358' title='bbox 117 3554 310 3620; x_wconf 89' lang='lat' dir='ltr'>nisset,</span> <span class='ocrx_word' id='word_1_359' title='bbox 389 3551 710 3608; x_wconf 87' lang='lat' dir='ltr'>sciscitatus</span> <span class='ocrx_word' id='word_1_360' title='bbox 796 3552 1019 3608; x_wconf 91' lang='lat' dir='ltr'>itineris</span> <span class='ocrx_word' id='word_1_361' title='bbox 1107 3566 1332 3619; x_wconf 89' lang='lat' dir='ltr'>causas,</span> <span class='ocrx_word' id='word_1_362' title='bbox 1411 3552 1573 3607; x_wconf 91' lang='lat' dir='ltr'>audit</span> <span class='ocrx_word' id='word_1_363' title='bbox 1676 3552 1815 3622; x_wconf 89' lang='lat' dir='ltr'>quia</span> 
     </span>
    </p>
   </div>
   <div class='ocr_carea' id='block_1_57' title="bbox 118 3640 1815 3710">
    <p class='ocr_par' dir='ltr' id='par_1_57' title="bbox 118 3640 1815 3710">
     <span class='ocr_line' id='line_1_57' title="bbox 118 3640 1815 3710; baseline -0.001 -14"><span class='ocrx_word' id='word_1_364' title='bbox 118 3640 429 3696; x_wconf 84' lang='lat' dir='ltr'>Jerusalem</span> <span class='ocrx_word' id='word_1_365' title='bbox 470 3654 502 3695; x_wconf 89' lang='lat' dir='ltr'>a</span> <span class='ocrx_word' id='word_1_366' title='bbox 533 3640 820 3710; x_wconf 88' lang='lat' dir='ltr'>gentibus,</span> <span class='ocrx_word' id='word_1_367' title='bbox 856 3640 966 3695; x_wconf 93' lang='lat' dir='ltr'>imo</span> <span class='ocrx_word' id='word_1_368' title='bbox 1000 3641 1360 3696; x_wconf 91' lang='lat' dir='ltr'>Dominicum</span> <span class='ocrx_word' id='word_1_369' title='bbox 1393 3640 1718 3709; x_wconf 90' lang='lat' dir='ltr'>sepulcrum</span> <span class='ocrx_word' id='word_1_370' title='bbox 1761 3648 1815 3695; x_wconf 91' lang='lat' dir='ltr'>et</span> 
     </span>
    </p>
   </div>
   <div class='ocr_carea' id='block_1_58' title="bbox 121 3727 1809 3798">
    <p class='ocr_par' dir='ltr' id='par_1_58' title="bbox 121 3727 1809 3798">
     <span class='ocr_line' id='line_1_58' title="bbox 121 3727 1809 3798; baseline -0.001 -14"><span class='ocrx_word' id='word_1_371' title='bbox 121 3742 284 3784; x_wconf 87' lang='lat' dir='ltr'>sacra</span> <span class='ocrx_word' id='word_1_372' title='bbox 347 3727 554 3783; x_wconf 89' lang='lat' dir='ltr'>ibidem</span> <span class='ocrx_word' id='word_1_373' title='bbox 612 3729 734 3783; x_wconf 90' lang='lat' dir='ltr'>loca</span> <span class='ocrx_word' id='word_1_374' title='bbox 789 3729 1162 3798; x_wconf 88' lang='lat' dir='ltr'>ignominiose</span> <span class='ocrx_word' id='word_1_375' title='bbox 1215 3729 1431 3796; x_wconf 88' lang='lat' dir='ltr'>habita,</span> <span class='ocrx_word' id='word_1_376' title='bbox 1485 3729 1555 3784; x_wconf 91' lang='lat' dir='ltr'>ab</span> <span class='ocrx_word' id='word_1_377' title='bbox 1613 3743 1809 3783; x_wconf 90' lang='lat' dir='ltr'>eorum</span> 
     </span>
    </p>
   </div>
   <div class='ocr_carea' id='block_1_59' title="bbox 121 3816 1811 3886">
    <p class='ocr_par' dir='ltr' id='par_1_59' title="bbox 121 3816 1811 3886">
     <span class='ocr_line' id='line_1_59' title="bbox 121 3816 1811 3886; baseline -0.002 -13"><span class='ocrx_word' id='word_1_378' title='bbox 121 3816 372 3873; x_wconf 90' lang='lat' dir='ltr'>dominio</span> <span class='ocrx_word' id='word_1_379' title='bbox 409 3817 660 3872; x_wconf 80' lang='lat' dir='ltr'>eximere</span> <span class='ocrx_word' id='word_1_380' title='bbox 702 3825 1090 3886; x_wconf 89' lang='lat' dir='ltr'>properarent.</span> <span class='ocrx_word' id='word_1_381' title='bbox 1139 3817 1254 3872; x_wconf 92' lang='lat' dir='ltr'>Nec</span> <span class='ocrx_word' id='word_1_382' title='bbox 1300 3817 1350 3871; x_wconf 92' lang='lat' dir='ltr'>ei</span> <span class='ocrx_word' id='word_1_383' title='bbox 1395 3817 1625 3871; x_wconf 91' lang='lat' dir='ltr'>demum</span> <span class='ocrx_word' id='word_1_384' title='bbox 1675 3817 1811 3872; x_wconf 90' lang='lat' dir='ltr'>taci-</span> 
     </span>
    </p>
   </div>
   <div class='ocr_carea' id='block_1_60' title="bbox 121 3903 1810 3975">
    <p class='ocr_par' dir='ltr' id='par_1_60' title="bbox 121 3903 1810 3975">
     <span class='ocr_line' id='line_1_60' title="bbox 121 3903 1810 3975; baseline -0.002 -14"><span class='ocrx_word' id='word_1_385' title='bbox 121 3913 246 3961; x_wconf 90' lang='lat' dir='ltr'>tum</span> <span class='ocrx_word' id='word_1_386' title='bbox 275 3913 357 3960; x_wconf 87' lang='lat' dir='ltr'>est</span> <span class='ocrx_word' id='word_1_387' title='bbox 397 3911 537 3975; x_wconf 92' lang='lat' dir='ltr'>quot</span> <span class='ocrx_word' id='word_1_388' title='bbox 592 3905 881 3975; x_wconf 89' lang='lat' dir='ltr'>cujusque</span> <span class='ocrx_word' id='word_1_389' title='bbox 939 3905 1182 3975; x_wconf 88' lang='lat' dir='ltr'>generis,</span> <span class='ocrx_word' id='word_1_390' title='bbox 1222 3907 1571 3974; x_wconf 81' lang='lat' dir='ltr'>quantaeque</span> <span class='ocrx_word' id='word_1_391' title='bbox 1617 3903 1810 3959; x_wconf 89' lang='lat' dir='ltr'>excel—</span> 
     </span>
    </p>
   </div>
   <div class='ocr_carea' id='block_1_61' title="bbox 121 3992 1810 4063">
    <p class='ocr_par' dir='ltr' id='par_1_61' title="bbox 121 3992 1810 4063">
     <span class='ocr_line' id='line_1_61' title="bbox 121 3992 1810 4063; baseline -0.002 -14"><span class='ocrx_word' id='word_1_392' title='bbox 121 3993 308 4049; x_wconf 76' lang='lat' dir='ltr'>lentiae</span> <span class='ocrx_word' id='word_1_393' title='bbox 347 3993 477 4060; x_wconf 90' lang='lat' dir='ltr'>viri,</span> <span class='ocrx_word' id='word_1_394' title='bbox 509 3993 734 4060; x_wconf 87' lang='lat' dir='ltr'>relictis,</span> <span class='ocrx_word' id='word_1_395' title='bbox 769 4001 834 4048; x_wconf 92' lang='lat' dir='ltr'>ut</span> <span class='ocrx_word' id='word_1_396' title='bbox 859 3992 940 4048; x_wconf 90' lang='lat' dir='ltr'>sic</span> <span class='ocrx_word' id='word_1_397' title='bbox 971 3993 1177 4061; x_wconf 91' lang='lat' dir='ltr'>dicam,</span> <span class='ocrx_word' id='word_1_398' title='bbox 1216 3993 1504 4048; x_wconf 91' lang='lat' dir='ltr'>honorum</span> <span class='ocrx_word' id='word_1_399' title='bbox 1545 3992 1810 4063; x_wconf 86' lang='lat' dir='ltr'>majesta-</span> 
     </span>
    </p>
   </div>
   <div class='ocr_carea' id='block_1_62' title="bbox 1861 2759 3632 2832">
    <p class='ocr_par' dir='ltr' id='par_1_62' title="bbox 1861 2759 3632 2832">
     <span class='ocr_line' id='line_1_62' title="bbox 1861 2759 3632 2832; baseline 0.003 -18"><span class='ocrx_word' id='word_1_400' title='bbox 1861 2759 1901 2815; x_wconf 91' lang='lat' dir='ltr'>C</span> <span class='ocrx_word' id='word_1_401' title='bbox 1933 2767 2170 2827; x_wconf 91' lang='lat' dir='ltr'>mutato,</span> <span class='ocrx_word' id='word_1_402' title='bbox 2206 2759 2416 2830; x_wconf 90' lang='lat' dir='ltr'>ipsum,</span> <span class='ocrx_word' id='word_1_403' title='bbox 2467 2760 2622 2831; x_wconf 92' lang='lat' dir='ltr'>quod</span> <span class='ocrx_word' id='word_1_404' title='bbox 2673 2776 2815 2817; x_wconf 92' lang='lat' dir='ltr'>suus</span> <span class='ocrx_word' id='word_1_405' title='bbox 2865 2761 3115 2832; x_wconf 92' lang='lat' dir='ltr'>ipsorum</span> <span class='ocrx_word' id='word_1_406' title='bbox 3165 2761 3464 2831; x_wconf 88' lang='lat' dir='ltr'>Dominus,</span> <span class='ocrx_word' id='word_1_407' title='bbox 3526 2763 3632 2820; x_wconf 89' lang='lat' dir='ltr'>iter</span> 
     </span>
    </p>
   </div>
   <div class='ocr_carea' id='block_1_63' title="bbox 1932 2849 3627 2919">
    <p class='ocr_par' dir='ltr' id='par_1_63' title="bbox 1932 2849 3627 2919">
     <span class='ocr_line' id='line_1_63' title="bbox 1932 2849 3627 2919; baseline 0.002 -15"><span class='ocrx_word' id='word_1_408' title='bbox 1932 2849 2438 2919; x_wconf 89' lang='lat' dir='ltr'>aggrediebantur.</span> <span class='ocrx_word' id='word_1_409' title='bbox 2469 2850 2653 2905; x_wconf 92' lang='lat' dir='ltr'>Tanta</span> <span class='ocrx_word' id='word_1_410' title='bbox 2682 2858 2874 2906; x_wconf 91' lang='lat' dir='ltr'>autem</span> <span class='ocrx_word' id='word_1_411' title='bbox 2905 2851 2977 2906; x_wconf 92' lang='lat' dir='ltr'>ad</span> <span class='ocrx_word' id='word_1_412' title='bbox 3026 2852 3078 2906; x_wconf 90' lang='lat' dir='ltr'>id</span> <span class='ocrx_word' id='word_1_413' title='bbox 3131 2852 3249 2906; x_wconf 90' lang='lat' dir='ltr'>voti</span> <span class='ocrx_word' id='word_1_414' title='bbox 3292 2859 3430 2907; x_wconf 87' lang='lat' dir='ltr'>tunc</span> <span class='ocrx_word' id='word_1_415' title='bbox 3476 2853 3627 2907; x_wconf 90' lang='lat' dir='ltr'>mili-</span> 
     </span>
    </p>
   </div>
   <div class='ocr_carea' id='block_1_64' title="bbox 1932 2937 3630 3010">
    <p class='ocr_par' dir='ltr' id='par_1_64' title="bbox 1932 2937 3630 3010">
     <span class='ocr_line' id='line_1_64' title="bbox 1932 2937 3630 3010; baseline 0.004 -19"><span class='ocrx_word' id='word_1_416' title='bbox 1932 2943 2054 2991; x_wconf 91' lang='lat' dir='ltr'>tum</span> <span class='ocrx_word' id='word_1_417' title='bbox 2131 2937 2444 2993; x_wconf 91' lang='lat' dir='ltr'>multitudo</span> <span class='ocrx_word' id='word_1_418' title='bbox 2511 2938 2794 2994; x_wconf 89' lang='lat' dir='ltr'>conﬂuxit</span> <span class='ocrx_word' id='word_1_419' title='bbox 2863 2945 2928 2994; x_wconf 92' lang='lat' dir='ltr'>ut</span> <span class='ocrx_word' id='word_1_420' title='bbox 2989 2938 3164 2994; x_wconf 84' lang='lat' dir='ltr'>frater</span> <span class='ocrx_word' id='word_1_421' title='bbox 3225 2940 3370 3010; x_wconf 89' lang='lat' dir='ltr'>ejus,</span> <span class='ocrx_word' id='word_1_422' title='bbox 3428 2940 3630 2997; x_wconf 79' lang='lat' dir='ltr'>Siciliae</span> 
     </span>
    </p>
   </div>
   <div class='ocr_carea' id='block_1_65' title="bbox 1929 3025 3626 3097">
    <p class='ocr_par' dir='ltr' id='par_1_65' title="bbox 1929 3025 3626 3097">
     <span class='ocr_line' id='line_1_65' title="bbox 1929 3025 3626 3097; baseline 0.002 -18"><span class='ocrx_word' id='word_1_423' title='bbox 1929 3039 2134 3091; x_wconf 90' lang='lat' dir='ltr'>comes,</span> <span class='ocrx_word' id='word_1_424' title='bbox 2217 3025 2515 3094; x_wconf 82' lang='lat' dir='ltr'>Rogerius,</span> <span class='ocrx_word' id='word_1_425' title='bbox 2594 3025 2905 3081; x_wconf 91' lang='lat' dir='ltr'>admodum</span> <span class='ocrx_word' id='word_1_426' title='bbox 2981 3027 3194 3082; x_wconf 89' lang='lat' dir='ltr'>doleret</span> <span class='ocrx_word' id='word_1_427' title='bbox 3251 3029 3392 3097; x_wconf 88' lang='lat' dir='ltr'>quia</span> <span class='ocrx_word' id='word_1_428' title='bbox 3447 3029 3503 3082; x_wconf 92' lang='lat' dir='ltr'>in</span> <span class='ocrx_word' id='word_1_429' title='bbox 3559 3044 3626 3084; x_wconf 88' lang='lat' dir='ltr'>ea</span> 
     </span>
    </p>
   </div>
   <div class='ocr_carea' id='block_1_66' title="bbox 1929 3113 3627 3182">
    <p class='ocr_par' dir='ltr' id='par_1_66' title="bbox 1929 3113 3627 3182">
     <span class='ocr_line' id='line_1_66' title="bbox 1929 3113 3627 3182; baseline 0.003 -15"><span class='ocrx_word' id='word_1_430' title='bbox 1929 3113 2218 3168; x_wconf 92' lang='lat' dir='ltr'>obsidione</span> <span class='ocrx_word' id='word_1_431' title='bbox 2248 3113 2404 3168; x_wconf 92' lang='lat' dir='ltr'>omni</span> <span class='ocrx_word' id='word_1_432' title='bbox 2447 3128 2588 3182; x_wconf 91' lang='lat' dir='ltr'>pene</span> <span class='ocrx_word' id='word_1_433' title='bbox 2635 3128 2872 3170; x_wconf 91' lang='lat' dir='ltr'>suorum</span> <span class='ocrx_word' id='word_1_434' title='bbox 2917 3114 3169 3171; x_wconf 87' lang='lat' dir='ltr'>ﬁdelium</span> <span class='ocrx_word' id='word_1_435' title='bbox 3205 3116 3406 3172; x_wconf 90' lang='lat' dir='ltr'>solatio</span> <span class='ocrx_word' id='word_1_436' title='bbox 3464 3116 3627 3172; x_wconf 80' lang='lat' dir='ltr'>frau-</span> 
     </span>
    </p>
   </div>
   <div class='ocr_carea' id='block_1_67' title="bbox 1928 3201 2184 3257">
    <p class='ocr_par' dir='ltr' id='par_1_67' title="bbox 1928 3201 2184 3257">
     <span class='ocr_line' id='line_1_67' title="bbox 1928 3201 2184 3257; baseline -0.008 -1"><span class='ocrx_word' id='word_1_437' title='bbox 1928 3201 2184 3257; x_wconf 91' lang='lat' dir='ltr'>daretur.</span> 
     </span>
    </p>
   </div>
   <div class='ocr_carea' id='block_1_68' title="bbox 1999 3286 3628 3361">
    <p class='ocr_par' dir='ltr' id='par_1_68' title="bbox 1999 3286 3628 3361">
     <span class='ocr_line' id='line_1_68' title="bbox 1999 3286 3628 3361; baseline 0.004 -21"><span class='ocrx_word' id='word_1_438' title='bbox 1999 3288 2112 3357; x_wconf 84' lang='lat'>[11.]</span> <span class='ocrx_word' id='word_1_439' title='bbox 2152 3286 2469 3341; x_wconf 83' lang='lat' dir='ltr'>Boemundi</span> <span class='ocrx_word' id='word_1_440' title='bbox 2495 3288 2875 3344; x_wconf 79' lang='lat' dir='ltr'>Northmanm&#39;</span> <span class='ocrx_word' id='word_1_441' title='bbox 2904 3306 2996 3343; x_wconf 74' lang='lat' dir='ltr'>res</span> <span class='ocrx_word' id='word_1_442' title='bbox 3019 3293 3205 3361; x_wconf 66' lang='lat' dir='ltr'>gertz.</span> <span class='ocrx_word' id='word_1_443' title='bbox 3242 3322 3309 3330; x_wconf 91' lang='lat'><strong><em>—</em></strong></span> <span class='ocrx_word' id='word_1_444' title='bbox 3341 3290 3444 3346; x_wconf 89' lang='lat' dir='ltr'>Sed</span> <span class='ocrx_word' id='word_1_445' title='bbox 3486 3304 3628 3360; x_wconf 87' lang='lat' dir='ltr'>pau-</span> 
     </span>
    </p>
   </div>
   <div class='ocr_carea' id='block_1_69' title="bbox 1927 3375 3626 3449">
    <p class='ocr_par' dir='ltr' id='par_1_69' title="bbox 1927 3375 3626 3449">
     <span class='ocr_line' id='line_1_69' title="bbox 1927 3375 3626 3449; baseline 0.003 -19"><span class='ocrx_word' id='word_1_446' title='bbox 1927 3375 2006 3430; x_wconf 91' lang='lat' dir='ltr'>cis</span> <span class='ocrx_word' id='word_1_447' title='bbox 2033 3376 2452 3444; x_wconf 87' lang='lat' dir='ltr'>expediendum</span> <span class='ocrx_word' id='word_1_448' title='bbox 2485 3384 2587 3444; x_wconf 92' lang='lat' dir='ltr'>est,</span> <span class='ocrx_word' id='word_1_449' title='bbox 2643 3391 2760 3447; x_wconf 93' lang='lat' dir='ltr'>quo</span> <span class='ocrx_word' id='word_1_450' title='bbox 2808 3378 3094 3448; x_wconf 90' lang='lat' dir='ltr'>sanguine</span> <span class='ocrx_word' id='word_1_451' title='bbox 3133 3387 3362 3446; x_wconf 90' lang='lat' dir='ltr'>cretus;</span> <span class='ocrx_word' id='word_1_452' title='bbox 3410 3380 3626 3449; x_wconf 90' lang='lat' dir='ltr'>quibus</span> 
     </span>
    </p>
   </div>
   <div class='ocr_carea' id='block_1_70' title="bbox 1927 3463 3618 3537">
    <p class='ocr_par' dir='ltr' id='par_1_70' title="bbox 1927 3463 3618 3537">
     <span class='ocr_line' id='line_1_70' title="bbox 1927 3463 3618 3537; baseline 0.004 -19"><span class='ocrx_word' id='word_1_453' title='bbox 1927 3463 2073 3518; x_wconf 91' lang='lat' dir='ltr'>idem</span> <span class='ocrx_word' id='word_1_454' title='bbox 2139 3465 2501 3519; x_wconf 91' lang='lat' dir='ltr'>Boemundus</span> <span class='ocrx_word' id='word_1_455' title='bbox 2571 3465 2642 3519; x_wconf 91' lang='lat' dir='ltr'>ad</span> <span class='ocrx_word' id='word_1_456' title='bbox 2715 3466 2820 3521; x_wconf 92' lang='lat' dir='ltr'>hoc</span> <span class='ocrx_word' id='word_1_457' title='bbox 2885 3466 3114 3521; x_wconf 89' lang='lat' dir='ltr'>honoris</span> <span class='ocrx_word' id='word_1_458' title='bbox 3177 3467 3250 3522; x_wconf 89' lang='lat' dir='ltr'>sit</span> <span class='ocrx_word' id='word_1_459' title='bbox 3321 3479 3618 3537; x_wconf 89' lang='lat' dir='ltr'>promotus</span> 
     </span>
    </p>
   </div>
   <div class='ocr_carea' id='block_1_71' title="bbox 1925 3552 3617 3624">
    <p class='ocr_par' dir='ltr' id='par_1_71' title="bbox 1925 3552 3617 3624">
     <span class='ocr_line' id='line_1_71' title="bbox 1925 3552 3617 3624; baseline 0.003 -17"><span class='ocrx_word' id='word_1_460' title='bbox 1925 3552 2261 3607; x_wconf 88' lang='lat' dir='ltr'>accessibus.</span> <span class='ocrx_word' id='word_1_461' title='bbox 2308 3552 2588 3608; x_wconf 80' lang='lat' dir='ltr'>Bobertus</span> <span class='ocrx_word' id='word_1_462' title='bbox 2638 3568 2807 3622; x_wconf 90' lang='lat' dir='ltr'>quem</span> <span class='ocrx_word' id='word_1_463' title='bbox 2859 3555 3218 3624; x_wconf 89' lang='lat' dir='ltr'>agnominari</span> <span class='ocrx_word' id='word_1_464' title='bbox 3260 3556 3617 3612; x_wconf 88' lang='lat' dir='ltr'>Wiscardum</span> 
     </span>
    </p>
   </div>
   <div class='ocr_carea' id='block_1_72' title="bbox 1925 3640 3616 3708">
    <p class='ocr_par' dir='ltr' id='par_1_72' title="bbox 1925 3640 3616 3708">
     <span class='ocr_line' id='line_1_72' title="bbox 1925 3640 3616 3708; baseline -0.001 -12"><span class='ocrx_word' id='word_1_465' title='bbox 1925 3640 2178 3696; x_wconf 87' lang='lat' dir='ltr'>diximus</span> <span class='ocrx_word' id='word_1_466' title='bbox 2209 3654 2279 3694; x_wconf 90' lang='lat' dir='ltr'>ex</span> <span class='ocrx_word' id='word_1_467' title='bbox 2305 3640 2724 3695; x_wconf 90' lang='lat' dir='ltr'>Northmannia</span> <span class='ocrx_word' id='word_1_468' title='bbox 2763 3641 2978 3695; x_wconf 86' lang='lat' dir='ltr'>exstitit</span> <span class='ocrx_word' id='word_1_469' title='bbox 3021 3640 3324 3708; x_wconf 89' lang='lat' dir='ltr'>oriundus,</span> <span class='ocrx_word' id='word_1_470' title='bbox 3368 3650 3422 3697; x_wconf 85' lang='lat' dir='ltr'>et</span> <span class='ocrx_word' id='word_1_471' title='bbox 3462 3640 3616 3696; x_wconf 90' lang='lat' dir='ltr'>tenui</span> 
     </span>
    </p>
   </div>
   <div class='ocr_carea' id='block_1_73' title="bbox 1923 3728 3621 3798">
    <p class='ocr_par' dir='ltr' id='par_1_73' title="bbox 1923 3728 3621 3798">
     <span class='ocr_line' id='line_1_73' title="bbox 1923 3728 3621 3798; baseline 0 -14"><span class='ocrx_word' id='word_1_472' title='bbox 1923 3729 2059 3785; x_wconf 87' lang='lat' dir='ltr'>satis</span> <span class='ocrx_word' id='word_1_473' title='bbox 2125 3728 2244 3782; x_wconf 90' lang='lat' dir='ltr'>loco</span> <span class='ocrx_word' id='word_1_474' title='bbox 2309 3735 2496 3782; x_wconf 90' lang='lat' dir='ltr'>natus.</span> <span class='ocrx_word' id='word_1_475' title='bbox 2568 3729 2619 3782; x_wconf 84' lang='lat' dir='ltr'>Is</span> <span class='ocrx_word' id='word_1_476' title='bbox 2675 3742 2708 3782; x_wconf 89' lang='lat' dir='ltr'>a</span> <span class='ocrx_word' id='word_1_477' title='bbox 2758 3729 2953 3783; x_wconf 89' lang='lat' dir='ltr'>nativa</span> <span class='ocrx_word' id='word_1_478' title='bbox 3002 3742 3180 3798; x_wconf 91' lang='lat' dir='ltr'>quam</span> <span class='ocrx_word' id='word_1_479' title='bbox 3239 3729 3621 3798; x_wconf 78' lang='lat' dir='ltr'>praemisimus</span> 
     </span>
    </p>
   </div>
   <div class='ocr_carea' id='block_1_74' title="bbox 1923 3816 3615 3887">
    <p class='ocr_par' dir='ltr' id='par_1_74' title="bbox 1923 3816 3615 3887">
     <span class='ocr_line' id='line_1_74' title="bbox 1923 3816 3615 3887; baseline 0 -15"><span class='ocrx_word' id='word_1_480' title='bbox 1923 3816 2154 3887; x_wconf 86' lang='lat' dir='ltr'>regione</span> <span class='ocrx_word' id='word_1_481' title='bbox 2187 3819 2380 3870; x_wconf 90' lang='lat' dir='ltr'>utrum</span> <span class='ocrx_word' id='word_1_482' title='bbox 2428 3823 2631 3884; x_wconf 89' lang='lat' dir='ltr'>sponte</span> <span class='ocrx_word' id='word_1_483' title='bbox 2679 3830 2942 3887; x_wconf 91' lang='lat' dir='ltr'>egressus</span> <span class='ocrx_word' id='word_1_484' title='bbox 2996 3817 3208 3883; x_wconf 90' lang='lat' dir='ltr'>nescio,</span> <span class='ocrx_word' id='word_1_485' title='bbox 3269 3831 3342 3871; x_wconf 91' lang='lat' dir='ltr'>an</span> <span class='ocrx_word' id='word_1_486' title='bbox 3397 3817 3615 3886; x_wconf 83' lang='lat' dir='ltr'>pulsus,</span> 
     </span>
    </p>
   </div>
   <div class='ocr_carea' id='block_1_75' title="bbox 1921 3905 3624 3976">
    <p class='ocr_par' dir='ltr' id='par_1_75' title="bbox 1921 3905 3624 3976">
     <span class='ocr_line' id='line_1_75' title="bbox 1921 3905 3624 3976; baseline 0.001 -15"><span class='ocrx_word' id='word_1_487' title='bbox 1921 3906 2090 3976; x_wconf 88' lang='lat' dir='ltr'>pedes</span> <span class='ocrx_word' id='word_1_488' title='bbox 2121 3905 2176 3960; x_wconf 92' lang='lat' dir='ltr'>in</span> <span class='ocrx_word' id='word_1_489' title='bbox 2207 3905 2476 3974; x_wconf 85' lang='lat' dir='ltr'>Apuliam</span> <span class='ocrx_word' id='word_1_490' title='bbox 2511 3905 2688 3975; x_wconf 88' lang='lat' dir='ltr'>abiit;</span> <span class='ocrx_word' id='word_1_491' title='bbox 2732 3905 2806 3960; x_wconf 92' lang='lat' dir='ltr'>ibi</span> <span class='ocrx_word' id='word_1_492' title='bbox 2853 3919 3033 3974; x_wconf 90' lang='lat' dir='ltr'>equos</span> <span class='ocrx_word' id='word_1_493' title='bbox 3084 3913 3138 3961; x_wconf 93' lang='lat' dir='ltr'>et</span> <span class='ocrx_word' id='word_1_494' title='bbox 3185 3919 3365 3967; x_wconf 86' lang='lat' dir='ltr'>arma,</span> <span class='ocrx_word' id='word_1_495' title='bbox 3413 3905 3624 3976; x_wconf 92' lang='lat' dir='ltr'>quibus</span> 
     </span>
    </p>
   </div>
   <div class='ocr_carea' id='block_1_76' title="bbox 1921 3993 3621 4064">
    <p class='ocr_par' dir='ltr' id='par_1_76' title="bbox 1921 3993 3621 4064">
     <span class='ocr_line' id='line_1_76' title="bbox 1921 3993 3621 4064; baseline -0.002 -14"><span class='ocrx_word' id='word_1_496' title='bbox 1921 4009 2096 4064; x_wconf 91' lang='lat' dir='ltr'>eques</span> <span class='ocrx_word' id='word_1_497' title='bbox 2177 3993 2351 4058; x_wconf 89' lang='lat' dir='ltr'>ﬁeret,</span> <span class='ocrx_word' id='word_1_498' title='bbox 2425 4006 2542 4062; x_wconf 91' lang='lat' dir='ltr'>qua</span> <span class='ocrx_word' id='word_1_499' title='bbox 2608 3993 2791 4062; x_wconf 91' lang='lat' dir='ltr'>potuit</span> <span class='ocrx_word' id='word_1_500' title='bbox 2865 4000 3004 4059; x_wconf 92' lang='lat' dir='ltr'>arte,</span> <span class='ocrx_word' id='word_1_501' title='bbox 3065 3993 3424 4048; x_wconf 90' lang='lat' dir='ltr'>commeruit.</span> <span class='ocrx_word' id='word_1_502' title='bbox 3483 3993 3621 4047; x_wconf 89' lang='lat' dir='ltr'>Inde</span> 
     </span>
    </p>
   </div>
   <div class='ocr_carea' id='block_1_77' title="bbox 121 4080 3622 4152">
    <p class='ocr_par' dir='ltr' id='par_1_77' title="bbox 121 4080 3622 4152">
     <span class='ocr_line' id='line_1_77' title="bbox 121 4080 3622 4152; baseline 0 -15"><span class='ocrx_word' id='word_1_503' title='bbox 121 4081 294 4147; x_wconf 90' lang='lat' dir='ltr'>tibus,</span> <span class='ocrx_word' id='word_1_504' title='bbox 331 4081 402 4136; x_wconf 90' lang='lat' dir='ltr'>ad</span> <span class='ocrx_word' id='word_1_505' title='bbox 444 4081 562 4137; x_wconf 86' lang='lat' dir='ltr'>haec</span> <span class='ocrx_word' id='word_1_506' title='bbox 615 4081 940 4150; x_wconf 86' lang='lat' dir='ltr'>peragenda</span> <span class='ocrx_word' id='word_1_507' title='bbox 988 4094 1164 4150; x_wconf 89' lang='lat' dir='ltr'>quam</span> <span class='ocrx_word' id='word_1_508' title='bbox 1227 4080 1486 4136; x_wconf 89' lang='lat' dir='ltr'>inaudita</span> <span class='ocrx_word' id='word_1_509' title='bbox 1539 4081 1811 4136; x_wconf 88' lang='lat' dir='ltr'>aviditate</span> <span class='ocrx_word' id='word_1_510' title='bbox 1850 4083 2148 4140; x_wconf 89' lang='lat' dir='ltr'>Dcastella</span> <span class='ocrx_word' id='word_1_511' title='bbox 2209 4081 2495 4152; x_wconf 89' lang='lat' dir='ltr'>quaedam,</span> <span class='ocrx_word' id='word_1_512' title='bbox 2549 4080 2854 4136; x_wconf 90' lang='lat' dir='ltr'>contractis</span> <span class='ocrx_word' id='word_1_513' title='bbox 2897 4082 3017 4151; x_wconf 89' lang='lat' dir='ltr'>jam</span> <span class='ocrx_word' id='word_1_514' title='bbox 3087 4081 3473 4151; x_wconf 89' lang='lat' dir='ltr'>undecunque</span> <span class='ocrx_word' id='word_1_515' title='bbox 3518 4096 3622 4151; x_wconf 74' lang='lat' dir='ltr'>qui</span> 
     </span>
    </p>
   </div>
   <div class='ocr_carea' id='block_1_78' title="bbox 122 4169 1805 4240">
    <p class='ocr_par' dir='ltr' id='par_1_78' title="bbox 122 4169 1805 4240">
     <span class='ocr_line' id='line_1_78' title="bbox 122 4169 1805 4240; baseline -0.001 -15"><span class='ocrx_word' id='word_1_516' title='bbox 122 4169 543 4226; x_wconf 89' lang='lat' dir='ltr'>contenderent.</span> <span class='ocrx_word' id='word_1_517' title='bbox 585 4173 651 4224; x_wconf 79' lang='lat' dir='ltr'>At</span> <span class='ocrx_word' id='word_1_518' title='bbox 688 4169 780 4224; x_wconf 90' lang='lat' dir='ltr'>ille</span> <span class='ocrx_word' id='word_1_519' title='bbox 838 4170 1150 4240; x_wconf 88' lang='lat' dir='ltr'>interrogat</span> <span class='ocrx_word' id='word_1_520' title='bbox 1196 4183 1270 4224; x_wconf 91' lang='lat' dir='ltr'>an</span> <span class='ocrx_word' id='word_1_521' title='bbox 1319 4183 1480 4224; x_wconf 92' lang='lat' dir='ltr'>arma</span> <span class='ocrx_word' id='word_1_522' title='bbox 1527 4169 1805 4233; x_wconf 84' lang='lat' dir='ltr'>deferant,</span> 
     </span>
    </p>
   </div>
   <div class='ocr_carea' id='block_1_79' title="bbox 122 4257 1814 4329">
    <p class='ocr_par' dir='ltr' id='par_1_79' title="bbox 122 4257 1814 4329">
     <span class='ocr_line' id='line_1_79' title="bbox 122 4257 1814 4329; baseline -0.001 -14"><span class='ocrx_word' id='word_1_523' title='bbox 122 4269 318 4315; x_wconf 89' lang='lat' dir='ltr'>utrum</span> <span class='ocrx_word' id='word_1_524' title='bbox 354 4272 537 4327; x_wconf 89' lang='lat' dir='ltr'>peras,</span> <span class='ocrx_word' id='word_1_525' title='bbox 573 4271 646 4312; x_wconf 92' lang='lat' dir='ltr'>an</span> <span class='ocrx_word' id='word_1_526' title='bbox 681 4258 876 4328; x_wconf 88' lang='lat' dir='ltr'>aliqua</span> <span class='ocrx_word' id='word_1_527' title='bbox 921 4257 1095 4327; x_wconf 89' lang='lat' dir='ltr'>hujus</span> <span class='ocrx_word' id='word_1_528' title='bbox 1140 4272 1303 4313; x_wconf 80' lang='lat' dir='ltr'>novae</span> <span class='ocrx_word' id='word_1_529' title='bbox 1342 4259 1814 4329; x_wconf 88' lang='lat' dir='ltr'>peregrinationis</span> 
     </span>
    </p>
   </div>
   <div class='ocr_carea' id='block_1_80' title="bbox 124 4346 1816 4419">
    <p class='ocr_par' dir='ltr' id='par_1_80' title="bbox 124 4346 1816 4419">
     <span class='ocr_line' id='line_1_80' title="bbox 124 4346 1816 4419; baseline -0.001 -16"><span class='ocrx_word' id='word_1_530' title='bbox 124 4348 374 4418; x_wconf 89' lang='lat' dir='ltr'>insignia</span> <span class='ocrx_word' id='word_1_531' title='bbox 403 4347 730 4417; x_wconf 86' lang='lat' dir='ltr'>praeferant,</span> <span class='ocrx_word' id='word_1_532' title='bbox 761 4362 892 4417; x_wconf 72' lang='lat' dir='ltr'>quae</span> <span class='ocrx_word' id='word_1_533' title='bbox 941 4347 1012 4401; x_wconf 92' lang='lat' dir='ltr'>ad</span> <span class='ocrx_word' id='word_1_534' title='bbox 1044 4346 1312 4402; x_wconf 91' lang='lat' dir='ltr'>ultimum</span> <span class='ocrx_word' id='word_1_535' title='bbox 1345 4348 1402 4401; x_wconf 92' lang='lat' dir='ltr'>in</span> <span class='ocrx_word' id='word_1_536' title='bbox 1450 4347 1610 4402; x_wconf 91' lang='lat' dir='ltr'>bellis</span> <span class='ocrx_word' id='word_1_537' title='bbox 1650 4349 1816 4419; x_wconf 91' lang='lat' dir='ltr'>signa</span> 
     </span>
    </p>
   </div>
   <div class='ocr_carea' id='block_1_81' title="bbox 124 4436 1816 4505">
    <p class='ocr_par' dir='ltr' id='par_1_81' title="bbox 124 4436 1816 4505">
     <span class='ocr_line' id='line_1_81' title="bbox 124 4436 1816 4505; baseline -0.001 -13"><span class='ocrx_word' id='word_1_538' title='bbox 124 4437 496 4492; x_wconf 90' lang='lat' dir='ltr'>conclament.</span> <span class='ocrx_word' id='word_1_539' title='bbox 558 4437 987 4505; x_wconf 82' lang='lat' dir='ltr'>Respondetur:</span> <span class='ocrx_word' id='word_1_540' title='bbox 1057 4436 1234 4490; x_wconf 86' lang='lat' dir='ltr'>Arma</span> <span class='ocrx_word' id='word_1_541' title='bbox 1281 4436 1471 4504; x_wconf 65' lang='lat' dir='ltr'>Fplane</span> <span class='ocrx_word' id='word_1_542' title='bbox 1517 4437 1816 4492; x_wconf 89' lang='lat' dir='ltr'>Francisco</span> 
     </span>
    </p>
   </div>
   <div class='ocr_carea' id='block_1_82' title="bbox 125 4523 1812 4595">
    <p class='ocr_par' dir='ltr' id='par_1_82' title="bbox 125 4523 1812 4595">
     <span class='ocr_line' id='line_1_82' title="bbox 125 4523 1812 4595; baseline -0.001 -14"><span class='ocrx_word' id='word_1_543' title='bbox 125 4540 236 4582; x_wconf 88' lang='lat' dir='ltr'>usu</span> <span class='ocrx_word' id='word_1_544' title='bbox 265 4532 505 4595; x_wconf 88' lang='lat' dir='ltr'>gestant.</span> <span class='ocrx_word' id='word_1_545' title='bbox 539 4525 736 4581; x_wconf 90' lang='lat' dir='ltr'>Crucis</span> <span class='ocrx_word' id='word_1_546' title='bbox 765 4533 958 4580; x_wconf 89' lang='lat' dir='ltr'>autem</span> <span class='ocrx_word' id='word_1_547' title='bbox 990 4523 1260 4594; x_wconf 88' lang='lat' dir='ltr'>ﬁguram,</span> <span class='ocrx_word' id='word_1_548' title='bbox 1295 4531 1398 4579; x_wconf 89' lang='lat' dir='ltr'>aut</span> <span class='ocrx_word' id='word_1_549' title='bbox 1428 4523 1487 4578; x_wconf 90' lang='lat' dir='ltr'>in</span> <span class='ocrx_word' id='word_1_550' title='bbox 1534 4525 1812 4593; x_wconf 89' lang='lat' dir='ltr'>humeris,</span> 
     </span>
    </p>
   </div>
   <div class='ocr_carea' id='block_1_83' title="bbox 126 4612 1816 4682">
    <p class='ocr_par' dir='ltr' id='par_1_83' title="bbox 126 4612 1816 4682">
     <span class='ocr_line' id='line_1_83' title="bbox 126 4612 1816 4682; baseline -0.001 -13"><span class='ocrx_word' id='word_1_551' title='bbox 126 4629 224 4670; x_wconf 90' lang='lat' dir='ltr'>seu</span> <span class='ocrx_word' id='word_1_552' title='bbox 276 4613 536 4679; x_wconf 91' lang='lat' dir='ltr'>ubilibet,</span> <span class='ocrx_word' id='word_1_553' title='bbox 613 4627 685 4668; x_wconf 91' lang='lat' dir='ltr'>ex</span> <span class='ocrx_word' id='word_1_554' title='bbox 738 4627 856 4682; x_wconf 89' lang='lat' dir='ltr'>qua</span> <span class='ocrx_word' id='word_1_555' title='bbox 907 4612 1111 4668; x_wconf 92' lang='lat' dir='ltr'>volunt</span> <span class='ocrx_word' id='word_1_556' title='bbox 1173 4612 1411 4668; x_wconf 88' lang='lat' dir='ltr'>materia</span> <span class='ocrx_word' id='word_1_557' title='bbox 1472 4613 1560 4668; x_wconf 87' lang='lat' dir='ltr'>vel</span> <span class='ocrx_word' id='word_1_558' title='bbox 1623 4627 1816 4682; x_wconf 87' lang='lat' dir='ltr'>panno</span> 
     </span>
    </p>
   </div>
   <div class='ocr_carea' id='block_1_84' title="bbox 127 4701 1818 4773">
    <p class='ocr_par' dir='ltr' id='par_1_84' title="bbox 127 4701 1818 4773">
     <span class='ocr_line' id='line_1_84' title="bbox 127 4701 1818 4773; baseline -0.001 -15"><span class='ocrx_word' id='word_1_559' title='bbox 127 4709 476 4773; x_wconf 86' lang='lat' dir='ltr'>praeceptum</span> <span class='ocrx_word' id='word_1_560' title='bbox 509 4709 593 4757; x_wconf 89' lang='lat' dir='ltr'>est</span> <span class='ocrx_word' id='word_1_561' title='bbox 623 4709 688 4757; x_wconf 90' lang='lat' dir='ltr'>ut</span> <span class='ocrx_word' id='word_1_562' title='bbox 733 4701 988 4757; x_wconf 90' lang='lat' dir='ltr'>vestibus</span> <span class='ocrx_word' id='word_1_563' title='bbox 1037 4707 1293 4757; x_wconf 88' lang='lat' dir='ltr'>assuant.</span> <span class='ocrx_word' id='word_1_564' title='bbox 1349 4702 1584 4756; x_wconf 81' lang='lat' dir='ltr'>Remota</span> <span class='ocrx_word' id='word_1_565' title='bbox 1625 4709 1818 4757; x_wconf 89' lang='lat' dir='ltr'>autem</span> 
     </span>
    </p>
   </div>
   <div class='ocr_carea' id='block_1_85' title="bbox 128 4788 1822 4860">
    <p class='ocr_par' dir='ltr' id='par_1_85' title="bbox 128 4788 1822 4860">
     <span class='ocr_line' id='line_1_85' title="bbox 128 4788 1822 4860; baseline 0 -16"><span class='ocrx_word' id='word_1_566' title='bbox 128 4788 444 4859; x_wconf 85' lang='lat' dir='ltr'>arroganti,</span> <span class='ocrx_word' id='word_1_567' title='bbox 503 4790 778 4845; x_wconf 86' lang='lat' dir='ltr'>varietate</span> <span class='ocrx_word' id='word_1_568' title='bbox 830 4790 1150 4860; x_wconf 90' lang='lat' dir='ltr'>signorum,</span> <span class='ocrx_word' id='word_1_569' title='bbox 1213 4789 1506 4845; x_wconf 90' lang='lat' dir='ltr'>humiliter</span> <span class='ocrx_word' id='word_1_570' title='bbox 1556 4789 1611 4844; x_wconf 90' lang='lat' dir='ltr'>in</span> <span class='ocrx_word' id='word_1_571' title='bbox 1663 4788 1822 4844; x_wconf 90' lang='lat' dir='ltr'>bellis</span> 
     </span>
    </p>
   </div>
   <div class='ocr_carea' id='block_1_86' title="bbox 129 4877 1822 4947">
    <p class='ocr_par' dir='ltr' id='par_1_86' title="bbox 129 4877 1822 4947">
     <span class='ocr_line' id='line_1_86' title="bbox 129 4877 1822 4947; baseline 0.001 -16"><span class='ocrx_word' id='word_1_572' title='bbox 129 4877 483 4947; x_wconf 87' lang='lat' dir='ltr'>ﬁdeliterque</span> <span class='ocrx_word' id='word_1_573' title='bbox 535 4877 1002 4934; x_wconf 89' lang='lat' dir='ltr'>conclamabunt.</span> <span class='ocrx_word' id='word_1_574' title='bbox 1049 4879 1198 4934; x_wconf 75' lang='lat' dir='ltr'>Deus</span> <span class='ocrx_word' id='word_1_575' title='bbox 1246 4894 1301 4933; x_wconf 84' lang='lat' dir='ltr'>ID</span> <span class='ocrx_word' id='word_1_576' title='bbox 1357 4893 1517 4933; x_wconf 72' lang='lat' dir='ltr'>vum.</span> <span class='ocrx_word' id='word_1_577' title='bbox 1567 4877 1653 4932; x_wconf 83' lang='lat' dir='ltr'>Ad</span> <span class='ocrx_word' id='word_1_578' title='bbox 1701 4878 1822 4933; x_wconf 82' lang='lat' dir='ltr'>haec</span> 
     </span>
    </p>
   </div>
   <div class='ocr_carea' id='block_1_87' title="bbox 129 4964 1825 5036">
    <p class='ocr_par' dir='ltr' id='par_1_87' title="bbox 129 4964 1825 5036">
     <span class='ocr_line' id='line_1_87' title="bbox 129 4964 1825 5036; baseline 0.001 -17"><span class='ocrx_word' id='word_1_579' title='bbox 129 4965 220 5021; x_wconf 91' lang='lat' dir='ltr'>ille</span> <span class='ocrx_word' id='word_1_580' title='bbox 247 4964 437 5021; x_wconf 90' lang='lat' dir='ltr'>cordis</span> <span class='ocrx_word' id='word_1_581' title='bbox 467 4966 752 5022; x_wconf 90' lang='lat' dir='ltr'>excitatus</span> <span class='ocrx_word' id='word_1_582' title='bbox 793 4981 826 5021; x_wconf 90' lang='lat' dir='ltr'>a</span> <span class='ocrx_word' id='word_1_583' title='bbox 875 4966 1072 5035; x_wconf 85' lang='lat' dir='ltr'>fundo,</span> <span class='ocrx_word' id='word_1_584' title='bbox 1127 4968 1240 5022; x_wconf 90' lang='lat' dir='ltr'>Deo</span> <span class='ocrx_word' id='word_1_585' title='bbox 1291 4965 1628 5036; x_wconf 90' lang='lat' dir='ltr'>inspirante,</span> <span class='ocrx_word' id='word_1_586' title='bbox 1677 4981 1825 5021; x_wconf 87' lang='lat' dir='ltr'>com-</span> 
     </span>
    </p>
   </div>
   <div class='ocr_carea' id='block_1_88' title="bbox 132 5053 1821 5125">
    <p class='ocr_par' dir='ltr' id='par_1_88' title="bbox 132 5053 1821 5125">
     <span class='ocr_line' id='line_1_88' title="bbox 132 5053 1821 5125; baseline -0.001 -15"><span class='ocrx_word' id='word_1_587' title='bbox 132 5054 430 5124; x_wconf 90' lang='lat' dir='ltr'>pungitur,</span> <span class='ocrx_word' id='word_1_588' title='bbox 489 5062 544 5110; x_wconf 92' lang='lat' dir='ltr'>et</span> <span class='ocrx_word' id='word_1_589' title='bbox 589 5055 830 5124; x_wconf 87' lang='lat' dir='ltr'>pallium</span> <span class='ocrx_word' id='word_1_590' title='bbox 877 5055 1350 5125; x_wconf 90' lang='lat' dir='ltr'>pretiosissimum</span> <span class='ocrx_word' id='word_1_591' title='bbox 1392 5055 1562 5125; x_wconf 89' lang='lat' dir='ltr'>jussit</span> <span class='ocrx_word' id='word_1_592' title='bbox 1608 5053 1821 5110; x_wconf 83' lang='lat' dir='ltr'>all‘erri.</span> 
     </span>
    </p>
   </div>
   <div class='ocr_carea' id='block_1_89' title="bbox 131 5141 1825 5212">
    <p class='ocr_par' dir='ltr' id='par_1_89' title="bbox 131 5141 1825 5212">
     <span class='ocr_line' id='line_1_89' title="bbox 131 5141 1825 5212; baseline 0 -15"><span class='ocrx_word' id='word_1_593' title='bbox 131 5143 416 5212; x_wconf 87' lang='lat' dir='ltr'>Idemque,</span> <span class='ocrx_word' id='word_1_594' title='bbox 486 5157 588 5212; x_wconf 90' lang='lat' dir='ltr'>per</span> <span class='ocrx_word' id='word_1_595' title='bbox 648 5143 972 5200; x_wconf 91' lang='lat' dir='ltr'>cruciculas</span> <span class='ocrx_word' id='word_1_596' title='bbox 1014 5144 1142 5199; x_wconf 83' lang='lat' dir='ltr'>fecit</span> <span class='ocrx_word' id='word_1_597' title='bbox 1202 5143 1392 5206; x_wconf 82' lang='lat' dir='ltr'>incidi,</span> <span class='ocrx_word' id='word_1_598' title='bbox 1445 5155 1668 5212; x_wconf 90' lang='lat' dir='ltr'>suaque</span> <span class='ocrx_word' id='word_1_599' title='bbox 1719 5141 1825 5198; x_wconf 91' lang='lat' dir='ltr'>sibi</span> 
     </span>
    </p>
   </div>
   <div class='ocr_carea' id='block_1_90' title="bbox 134 5228 1828 5302">
    <p class='ocr_par' dir='ltr' id='par_1_90' title="bbox 134 5228 1828 5302">
     <span class='ocr_line' id='line_1_90' title="bbox 134 5228 1828 5302; baseline -0.001 -17"><span class='ocrx_word' id='word_1_600' title='bbox 134 5230 414 5300; x_wconf 90' lang='lat' dir='ltr'>imposita,</span> <span class='ocrx_word' id='word_1_601' title='bbox 468 5231 606 5298; x_wconf 90' lang='lat' dir='ltr'>suis,</span> <span class='ocrx_word' id='word_1_602' title='bbox 667 5232 769 5302; x_wconf 93' lang='lat' dir='ltr'>qui</span> <span class='ocrx_word' id='word_1_603' title='bbox 819 5232 1062 5301; x_wconf 90' lang='lat' dir='ltr'>idipsum</span> <span class='ocrx_word' id='word_1_604' title='bbox 1103 5231 1258 5302; x_wconf 91' lang='lat' dir='ltr'>quod</span> <span class='ocrx_word' id='word_1_605' title='bbox 1307 5237 1543 5286; x_wconf 88' lang='lat' dir='ltr'>voverat</span> <span class='ocrx_word' id='word_1_606' title='bbox 1593 5228 1828 5285; x_wconf 76' lang='lat' dir='ltr'>allecta-</span> 
     </span>
    </p>
   </div>
   <div class='ocr_carea' id='block_1_91' title="bbox 135 5317 1829 5389">
    <p class='ocr_par' dir='ltr' id='par_1_91' title="bbox 135 5317 1829 5389">
     <span class='ocr_line' id='line_1_91' title="bbox 135 5317 1829 5389; baseline -0.001 -15"><span class='ocrx_word' id='word_1_607' title='bbox 135 5319 292 5386; x_wconf 90' lang='lat' dir='ltr'>bant,</span> <span class='ocrx_word' id='word_1_608' title='bbox 326 5331 527 5374; x_wconf 91' lang='lat' dir='ltr'>cruces</span> <span class='ocrx_word' id='word_1_609' title='bbox 556 5320 925 5389; x_wconf 89' lang='lat' dir='ltr'>apponendas</span> <span class='ocrx_word' id='word_1_610' title='bbox 950 5320 1254 5389; x_wconf 88' lang='lat' dir='ltr'>expendit;</span> <span class='ocrx_word' id='word_1_611' title='bbox 1287 5333 1423 5375; x_wconf 88' lang='lat' dir='ltr'>nam</span> <span class='ocrx_word' id='word_1_612' title='bbox 1473 5317 1680 5374; x_wconf 90' lang='lat' dir='ltr'>milites</span> <span class='ocrx_word' id='word_1_613' title='bbox 1727 5317 1829 5387; x_wconf 91' lang='lat' dir='ltr'>qui</span> 
     </span>
    </p>
   </div>
   <div class='ocr_carea' id='block_1_92' title="bbox 134 5405 1830 5479">
    <p class='ocr_par' dir='ltr' id='par_1_92' title="bbox 134 5405 1830 5479">
     <span class='ocr_line' id='line_1_92' title="bbox 134 5405 1830 5479; baseline -0.001 -16"><span class='ocrx_word' id='word_1_614' title='bbox 134 5405 182 5463; x_wconf 90' lang='lat' dir='ltr'>ei</span> <span class='ocrx_word' id='word_1_615' title='bbox 241 5406 300 5462; x_wconf 91' lang='lat' dir='ltr'>in</span> <span class='ocrx_word' id='word_1_616' title='bbox 354 5405 452 5462; x_wconf 92' lang='lat' dir='ltr'>illa</span> <span class='ocrx_word' id='word_1_617' title='bbox 491 5407 792 5470; x_wconf 84' lang='lat' dir='ltr'>obsidione</span> <span class='ocrx_word' id='word_1_618' title='bbox 838 5408 1308 5479; x_wconf 89' lang='lat' dir='ltr'>obsequebantur</span> <span class='ocrx_word' id='word_1_619' title='bbox 1359 5406 1550 5463; x_wconf 89' lang='lat' dir='ltr'>animo</span> <span class='ocrx_word' id='word_1_620' title='bbox 1597 5412 1830 5476; x_wconf 87' lang='lat' dir='ltr'>repente</span> 
     </span>
    </p>
   </div>
   <div class='ocr_carea' id='block_1_93' title="bbox 492 5506 1026 5574">
    <p class='ocr_par' dir='ltr' id='par_1_93' title="bbox 492 5506 1026 5574">
     <span class='ocr_line' id='line_1_93' title="bbox 492 5506 1026 5574; baseline 0.002 -4"><span class='ocrx_word' id='word_1_621' title='bbox 492 5506 770 5572; x_wconf 80' lang='lat' dir='ltr'>PATBOL.</span> <span class='ocrx_word' id='word_1_622' title='bbox 823 5507 1026 5574; x_wconf 80' lang='lat' dir='ltr'>CLVI.</span> 
     </span>
    </p>
   </div>
   <div class='ocr_carea' id='block_1_94' title="bbox 1917 4169 3626 4239">
    <p class='ocr_par' dir='ltr' id='par_1_94' title="bbox 1917 4169 3626 4239">
     <span class='ocr_line' id='line_1_94' title="bbox 1917 4169 3626 4239; baseline -0.002 -12"><span class='ocrx_word' id='word_1_623' title='bbox 1917 4171 2025 4227; x_wconf 89' lang='lat' dir='ltr'>sibi</span> <span class='ocrx_word' id='word_1_624' title='bbox 2064 4171 2489 4225; x_wconf 91' lang='lat' dir='ltr'>auxiliarentur</span> <span class='ocrx_word' id='word_1_625' title='bbox 2551 4169 2938 4238; x_wconf 58' lang='lat' dir='ltr'>pradonibus,</span> <span class='ocrx_word' id='word_1_626' title='bbox 3000 4183 3114 4224; x_wconf 91' lang='lat' dir='ltr'>non</span> <span class='ocrx_word' id='word_1_627' title='bbox 3182 4169 3400 4239; x_wconf 90' lang='lat' dir='ltr'>absque</span> <span class='ocrx_word' id='word_1_628' title='bbox 3459 4183 3626 4225; x_wconf 85' lang='lat' dir='ltr'>naevo</span> 
     </span>
    </p>
   </div>
   <div class='ocr_carea' id='block_1_95' title="bbox 1925 4256 3626 4327">
    <p class='ocr_par' dir='ltr' id='par_1_95' title="bbox 1925 4256 3626 4327">
     <span class='ocr_line' id='line_1_95' title="bbox 1925 4256 3626 4327; baseline -0.002 -13"><span class='ocrx_word' id='word_1_629' title='bbox 1925 4268 2112 4315; x_wconf 88' lang='lat' dir='ltr'>tamen</span> <span class='ocrx_word' id='word_1_630' title='bbox 2141 4257 2476 4327; x_wconf 91' lang='lat' dir='ltr'>proditionis</span> <span class='ocrx_word' id='word_1_631' title='bbox 2510 4271 2818 4326; x_wconf 92' lang='lat' dir='ltr'>usurpans,</span> <span class='ocrx_word' id='word_1_632' title='bbox 2861 4256 3089 4326; x_wconf 91' lang='lat' dir='ltr'>aliaque</span> <span class='ocrx_word' id='word_1_633' title='bbox 3136 4257 3372 4326; x_wconf 91' lang='lat' dir='ltr'>perinde</span> <span class='ocrx_word' id='word_1_634' title='bbox 3410 4257 3626 4313; x_wconf 90' lang='lat' dir='ltr'>crebris</span> 
     </span>
    </p>
   </div>
   <div class='ocr_carea' id='block_1_96' title="bbox 1925 4344 3624 4416">
    <p class='ocr_par' dir='ltr' id='par_1_96' title="bbox 1925 4344 3624 4416">
     <span class='ocr_line' id='line_1_96' title="bbox 1925 4344 3624 4416; baseline -0.001 -14"><span class='ocrx_word' id='word_1_635' title='bbox 1925 4345 2352 4402; x_wconf 90' lang='lat' dir='ltr'>incursionibus</span> <span class='ocrx_word' id='word_1_636' title='bbox 2404 4344 2641 4416; x_wconf 86' lang='lat' dir='ltr'>fatigata</span> <span class='ocrx_word' id='word_1_637' title='bbox 2689 4359 2994 4414; x_wconf 91' lang='lat' dir='ltr'>occupans,</span> <span class='ocrx_word' id='word_1_638' title='bbox 3044 4345 3214 4400; x_wconf 90' lang='lat' dir='ltr'>etiam</span> <span class='ocrx_word' id='word_1_639' title='bbox 3260 4346 3434 4402; x_wconf 90' lang='lat' dir='ltr'>urbes</span> <span class='ocrx_word' id='word_1_640' title='bbox 3479 4360 3624 4415; x_wconf 86' lang='lat' dir='ltr'>prae-</span> 
     </span>
    </p>
   </div>
   <div class='ocr_carea' id='block_1_97' title="bbox 1925 4433 3621 4503">
    <p class='ocr_par' dir='ltr' id='par_1_97' title="bbox 1925 4433 3621 4503">
     <span class='ocr_line' id='line_1_97' title="bbox 1925 4433 3621 4503; baseline -0.001 -13"><span class='ocrx_word' id='word_1_641' title='bbox 1925 4435 2072 4490; x_wconf 84' lang='lat' dir='ltr'>ditas</span> <span class='ocrx_word' id='word_1_642' title='bbox 2111 4434 2347 4495; x_wconf 85' lang='lat' dir='ltr'>obsedit,</span> <span class='ocrx_word' id='word_1_643' title='bbox 2381 4441 2435 4488; x_wconf 90' lang='lat' dir='ltr'>et</span> <span class='ocrx_word' id='word_1_644' title='bbox 2465 4433 2536 4487; x_wconf 91' lang='lat' dir='ltr'>ad</span> <span class='ocrx_word' id='word_1_645' title='bbox 2587 4434 2975 4488; x_wconf 88' lang='lat' dir='ltr'>necessitatem</span> <span class='ocrx_word' id='word_1_646' title='bbox 3024 4433 3326 4488; x_wconf 89' lang='lat' dir='ltr'>deditionis</span> <span class='ocrx_word' id='word_1_647' title='bbox 3375 4434 3621 4503; x_wconf 91' lang='lat' dir='ltr'>impulit.</span> 
     </span>
    </p>
   </div>
   <div class='ocr_carea' id='block_1_98' title="bbox 1927 4521 3626 4591">
    <p class='ocr_par' dir='ltr' id='par_1_98' title="bbox 1927 4521 3626 4591">
     <span class='ocr_line' id='line_1_98' title="bbox 1927 4521 3626 4591; baseline -0.001 -13"><span class='ocrx_word' id='word_1_648' title='bbox 1927 4524 2016 4584; x_wconf 89' lang='lat' dir='ltr'>Et.</span> <span class='ocrx_word' id='word_1_649' title='bbox 2055 4530 2116 4577; x_wconf 91' lang='lat' dir='ltr'>ut</span> <span class='ocrx_word' id='word_1_650' title='bbox 2149 4522 2349 4591; x_wconf 88' lang='lat' dir='ltr'>paucis</span> <span class='ocrx_word' id='word_1_651' title='bbox 2376 4521 2693 4588; x_wconf 87' lang='lat' dir='ltr'>absolvam,</span> <span class='ocrx_word' id='word_1_652' title='bbox 2729 4529 3024 4591; x_wconf 92' lang='lat' dir='ltr'>tantopere</span> <span class='ocrx_word' id='word_1_653' title='bbox 3053 4536 3242 4576; x_wconf 88' lang='lat' dir='ltr'>novus</span> <span class='ocrx_word' id='word_1_654' title='bbox 3289 4522 3456 4576; x_wconf 93' lang='lat' dir='ltr'>homo</span> <span class='ocrx_word' id='word_1_655' title='bbox 3506 4533 3626 4576; x_wconf 79' lang='lat' dir='ltr'>suae</span> 
     </span>
    </p>
   </div>
   <div class='ocr_carea' id='block_1_99' title="bbox 1928 4607 3628 4678">
    <p class='ocr_par' dir='ltr' id='par_1_99' title="bbox 1928 4607 3628 4678">
     <span class='ocr_line' id='line_1_99' title="bbox 1928 4607 3628 4678; baseline -0.001 -12"><span class='ocrx_word' id='word_1_656' title='bbox 1928 4611 2049 4667; x_wconf 87' lang='lat' dir='ltr'>loca</span> <span class='ocrx_word' id='word_1_657' title='bbox 2096 4611 2506 4666; x_wconf 90' lang='lat' dir='ltr'>dominationis</span> <span class='ocrx_word' id='word_1_658' title='bbox 2552 4610 2830 4676; x_wconf 91' lang='lat' dir='ltr'>extendit,</span> <span class='ocrx_word' id='word_1_659' title='bbox 2892 4610 2950 4664; x_wconf 92' lang='lat' dir='ltr'>in</span> <span class='ocrx_word' id='word_1_660' title='bbox 2999 4616 3223 4664; x_wconf 89' lang='lat' dir='ltr'>tantum</span> <span class='ocrx_word' id='word_1_661' title='bbox 3268 4623 3399 4678; x_wconf 83' lang='lat' dir='ltr'>quae</span> <span class='ocrx_word' id='word_1_662' title='bbox 3443 4607 3628 4664; x_wconf 89' lang='lat' dir='ltr'>voluit</span> 
     </span>
    </p>
   </div>
   <div class='ocr_carea' id='block_1_100' title="bbox 1929 4695 3630 4772">
    <p class='ocr_par' dir='ltr' id='par_1_100' title="bbox 1929 4695 3630 4772">
     <span class='ocr_line' id='line_1_100' title="bbox 1929 4695 3630 4772; baseline -0.002 -18"><span class='ocrx_word' id='word_1_663' title='bbox 1929 4713 2178 4772; x_wconf 83' lang='lat' dir='ltr'>quaeque</span> <span class='ocrx_word' id='word_1_664' title='bbox 2234 4697 2580 4768; x_wconf 88' lang='lat' dir='ltr'>perdomuit,</span> <span class='ocrx_word' id='word_1_665' title='bbox 2650 4704 2715 4753; x_wconf 93' lang='lat' dir='ltr'>ut</span> <span class='ocrx_word' id='word_1_666' title='bbox 2775 4702 2922 4753; x_wconf 90' lang='lat' dir='ltr'>sicut</span> <span class='ocrx_word' id='word_1_667' title='bbox 2988 4696 3048 4751; x_wconf 89' lang='lat' dir='ltr'>in</span> <span class='ocrx_word' id='word_1_668' title='bbox 3113 4695 3452 4766; x_wconf 89' lang='lat' dir='ltr'>epitaphicis</span> <span class='ocrx_word' id='word_1_669' title='bbox 3502 4695 3630 4766; x_wconf 89' lang='lat' dir='ltr'>ejus</span> 
     </span>
    </p>
   </div>
   <div class='ocr_carea' id='block_1_101' title="bbox 1927 4786 2477 4845">
    <p class='ocr_par' dir='ltr' id='par_1_101' title="bbox 1927 4786 2477 4845">
     <span class='ocr_line' id='line_1_101' title="bbox 1927 4786 2477 4845; baseline -0.007 0"><span class='ocrx_word' id='word_1_670' title='bbox 1927 4788 2191 4845; x_wconf 86' lang='lat' dir='ltr'>versibus</span> <span class='ocrx_word' id='word_1_671' title='bbox 2221 4786 2432 4842; x_wconf 92' lang='lat' dir='ltr'>dicitur</span> <span class='ocrx_word' id='word_1_672' title='bbox 2464 4801 2477 4840; x_wconf 90' lang='lat'><strong>:</strong></span> 
     </span>
    </p>
   </div>
   <div class='ocr_carea' id='block_1_102' title="bbox 2458 4871 3100 4944">
    <p class='ocr_par' dir='ltr' id='par_1_102' title="bbox 2458 4871 3100 4944">
     <span class='ocr_line' id='line_1_102' title="bbox 2458 4871 3100 4944; baseline -0.006 -15"><span class='ocrx_word' id='word_1_673' title='bbox 2458 4874 2608 4929; x_wconf 81' lang='lat' dir='ltr'>Urbe</span> <span class='ocrx_word' id='word_1_674' title='bbox 2640 4871 2922 4944; x_wconf 74' lang='lat' dir='ltr'>expulerit</span> <span class='ocrx_word' id='word_1_675' title='bbox 2950 4888 3100 4939; x_wconf 85' lang='lat' dir='ltr'>eum,</span> 
     </span>
    </p>
   </div>
   <div class='ocr_carea' id='block_1_103' title="bbox 2003 4959 3486 5036">
    <p class='ocr_par' dir='ltr' id='par_1_103' title="bbox 2003 4959 3486 5036">
     <span class='ocr_line' id='line_1_103' title="bbox 2003 4959 3486 5036; baseline -0.004 -17"><span class='ocrx_word' id='word_1_676' title='bbox 2003 4967 2180 5031; x_wconf 84' lang='lat' dir='ltr'>Quem</span> <span class='ocrx_word' id='word_1_677' title='bbox 2209 4963 2443 5036; x_wconf 76' lang='lat' dir='ltr'>Ligures</span> <span class='ocrx_word' id='word_1_678' title='bbox 2466 4978 2675 5036; x_wconf 82' lang='lat' dir='ltr'>regem,</span> <span class='ocrx_word' id='word_1_679' title='bbox 2709 4963 2894 5017; x_wconf 86' lang='lat' dir='ltr'>Roma</span> <span class='ocrx_word' id='word_1_680' title='bbox 2925 4962 3246 5014; x_wconf 69' lang='lat' dir='ltr'>Lemannus</span> <span class='ocrx_word' id='word_1_681' title='bbox 3274 4959 3444 5014; x_wconf 84' lang='lat' dir='ltr'>habet</span> <span class='ocrx_word' id='word_1_682' title='bbox 3475 4973 3486 5014; x_wconf 92' lang='lat'>:</span> 
     </span>
    </p>
   </div>
   <div class='ocr_carea' id='block_1_104' title="bbox 2004 5047 3631 5122">
    <p class='ocr_par' dir='ltr' id='par_1_104' title="bbox 2004 5047 3631 5122">
     <span class='ocr_line' id='line_1_104' title="bbox 2004 5047 3631 5122; baseline -0.005 -13"><span class='ocrx_word' id='word_1_683' title='bbox 2004 5053 2315 5110; x_wconf 87' lang='lat' dir='ltr'>Henricum</span> <span class='ocrx_word' id='word_1_684' title='bbox 2345 5052 2607 5107; x_wconf 89' lang='lat' dir='ltr'>videlicet</span> <span class='ocrx_word' id='word_1_685' title='bbox 2645 5054 2996 5122; x_wconf 80' lang='lat' dir='ltr'>Augustum,</span> <span class='ocrx_word' id='word_1_686' title='bbox 3043 5049 3236 5104; x_wconf 90' lang='lat' dir='ltr'>virum</span> <span class='ocrx_word' id='word_1_687' title='bbox 3289 5049 3491 5118; x_wconf 89' lang='lat' dir='ltr'>utique</span> <span class='ocrx_word' id='word_1_688' title='bbox 3536 5047 3631 5102; x_wconf 90' lang='lat' dir='ltr'>in-</span> 
     </span>
    </p>
   </div>
   <div class='ocr_carea' id='block_1_105' title="bbox 1935 5137 3562 5210">
    <p class='ocr_par' dir='ltr' id='par_1_105' title="bbox 1935 5137 3562 5210">
     <span class='ocr_line' id='line_1_105' title="bbox 1935 5137 3562 5210; baseline -0.004 -13"><span class='ocrx_word' id='word_1_689' title='bbox 1935 5141 2210 5208; x_wconf 89' lang='lat' dir='ltr'>numeris,</span> <span class='ocrx_word' id='word_1_690' title='bbox 2239 5139 2351 5196; x_wconf 93' lang='lat' dir='ltr'>imo</span> <span class='ocrx_word' id='word_1_691' title='bbox 2385 5140 2496 5195; x_wconf 90' lang='lat' dir='ltr'>fere</span> <span class='ocrx_word' id='word_1_692' title='bbox 2522 5139 2765 5210; x_wconf 89' lang='lat' dir='ltr'>jugibus</span> <span class='ocrx_word' id='word_1_693' title='bbox 2795 5137 3049 5193; x_wconf 91' lang='lat' dir='ltr'>victoriis</span> <span class='ocrx_word' id='word_1_694' title='bbox 3082 5137 3462 5192; x_wconf 85' lang='lat' dir='ltr'>fortunatum.</span> <span class='ocrx_word' id='word_1_695' title='bbox 3551 5186 3562 5199; x_wconf 84' lang='lat'>,</span> 
     </span>
    </p>
   </div>
   <div class='ocr_carea' id='block_1_106' title="bbox 1940 5224 3636 5297">
    <p class='ocr_par' dir='ltr' id='par_1_106' title="bbox 1940 5224 3636 5297">
     <span class='ocr_line' id='line_1_106' title="bbox 1940 5224 3636 5297; baseline -0.004 -12"><span class='ocrx_word' id='word_1_696' title='bbox 1940 5231 2209 5297; x_wconf 71' lang='lat' dir='ltr'>Parthus,</span> <span class='ocrx_word' id='word_1_697' title='bbox 2262 5229 2478 5297; x_wconf 76' lang='lat' dir='ltr'>Arabs,</span> <span class='ocrx_word' id='word_1_698' title='bbox 2529 5227 2944 5297; x_wconf 81' lang='lat' dir='ltr'>Macedumque</span> <span class='ocrx_word' id='word_1_699' title='bbox 2993 5225 3254 5297; x_wconf 73' lang='lat' dir='ltr'>phalanx</span> <span class='ocrx_word' id='word_1_700' title='bbox 3308 5240 3423 5279; x_wconf 78' lang='lat' dir='ltr'>non</span> <span class='ocrx_word' id='word_1_701' title='bbox 3493 5224 3636 5280; x_wconf 71' lang='lat' dir='ltr'>(exit</span> 
     </span>
    </p>
   </div>
   <div class='ocr_carea' id='block_1_107' title="bbox 1987 5311 3496 5383">
    <p class='ocr_par' dir='ltr' id='par_1_107' title="bbox 1987 5311 3496 5383">
     <span class='ocr_line' id='line_1_107' title="bbox 1987 5311 3496 5383; baseline 0.007 -26"><span class='ocrx_word' id='word_1_702' title='bbox 1987 5326 1992 5330; x_wconf 90' lang='grc'><strong>·</strong></span> <span class='ocrx_word' id='word_1_703' title='bbox 3239 5311 3308 5383; x_wconf 72' lang='grc' dir='ltr'>[Α</span> <span class='ocrx_word' id='word_1_704' title='bbox 3319 5311 3496 5368; x_wconf 75' lang='lat' dir='ltr'>lemim</span> 
     </span>
    </p>
   </div>
   <div class='ocr_carea' id='block_1_108' title="bbox 2013 5400 3530 5478">
    <p class='ocr_par' dir='ltr' id='par_1_108' title="bbox 2013 5400 3530 5478">
     <span class='ocr_line' id='line_1_108' title="bbox 2013 5400 3530 5478; baseline -0.003 -18"><span class='ocrx_word' id='word_1_705' title='bbox 2013 5408 2364 5473; x_wconf 67' lang='lat' dir='ltr'>Grzcorum,</span> <span class='ocrx_word' id='word_1_706' title='bbox 2396 5403 2495 5478; x_wconf 78' lang='lat' dir='ltr'>qui</span> <span class='ocrx_word' id='word_1_707' title='bbox 2522 5402 2815 5460; x_wconf 80' lang='lat' dir='ltr'>nobiscum</span> <span class='ocrx_word' id='word_1_708' title='bbox 2841 5417 2984 5474; x_wconf 67' lang='lat' dir='ltr'>sape</span> <span class='ocrx_word' id='word_1_709' title='bbox 3016 5401 3158 5475; x_wconf 78' lang='lat' dir='ltr'>agit,</span> <span class='ocrx_word' id='word_1_710' title='bbox 3188 5400 3530 5474; x_wconf 78' lang='lat' dir='ltr'>principem.</span> 
     </span>
    </p>
   </div>
   <div class='ocr_carea' id='block_1_109' title="bbox 3201 5501 3283 5564">
    <p class='ocr_par' dir='ltr' id='par_1_109' title="bbox 3201 5501 3283 5564">
     <span class='ocr_line' id='line_1_109' title="bbox 3201 5501 3283 5564; baseline -0.012 0"><span class='ocrx_word' id='word_1_711' title='bbox 3201 5501 3283 5564; x_wconf 73' lang='lat'>23</span> 
     </span>
    </p>
   </div>
  </div>
