3920 6080
308 285 410 341 715

1191 285 1253 343 ν.
1294 283 1628 343 GUIBERTI
1667 284 1959 343 ABBATIS
1997 285 2052 343 S.
2093 283 2335 344 MARLE
2372 287 2465 344 DE
2501 286 2902 346 NOVIGENTO

3689 290 3795 346 7l6

293 422 402 480 Sed
430 433 823 494 saepenumero
852 434 985 477 eum
1013 421 1305 491 subigens,
1334 421 1444 478 nisi
1490 423 1698 479 veneni
1746 422 1992 479 haustus
2029 425 2078 478 A
2112 423 2420 480 residuam.
2453 421 2617 491 Quod
2667 423 3042 493 imperatoris,
3098 423 3199 494 qui
3250 421 3382 481 inde
3436 439 3552 481 non
3598 424 3801 496 procul

291 513 343 567 ei
389 512 581 568 subito
625 511 798 566 vitam
832 509 1244 579 praeripuisset,
1277 518 1453 580 caput
1499 519 1839 567 coronatum
1894 512 1989 565 in-

290 601 377 655 fra
432 614 661 668 paucos.
716 605 780 653 ut
837 597 1069 666 dicitur,
1138 598 1278 666 dies,
1346 598 1989 669 Constantinopolitanis

289 687 521 742 sedibus
570 685 870 742 intulisset.
924 686 1127 741 Videat
1174 686 1273 755 qui
1324 686 1449 741 vult
1500 686 1662 742 hodie
1717 687 1815 741 filii
1860 686 1988 756 ejus

290 774 603 830 Boemundi
636 774 965 845 potentiam,
998 774 1100 844 qui
1130 782 1391 830 veterum
1413 774 1739 830 oblitterata
1768 775 1988 831 vilitate

288 871 612 932 parentum,
648 862 888 932 Philippi
920 863 1071 934 regis
1102 863 1454 918 Francorum
1500 862 1675 918 filiam
1707 863 1876 918 duxit
1927 863 1986 917 in

286 952 646 1022 conjugium,
696 959 751 1007 et
806 951 1060 1021 praedicti
1102 951 1297 1006 Alexis
1351 965 1661 1023 aggressus
1706 959 1791 1006 est
1834 950 1987 1006 obti-

284 1053 422 1095 nere
452 1039 727 1095 violenter
756 1040 1084 1109 imperium.
1128 1040 1371 1110 Bogerio
1420 1041 1600 1110 igitur
1640 1039 1817 1095 fratre
1860 1040 1987 1109 ejus

284 1134 573 1184 remeante
635 1127 920 1195 Siciliam;
990 1135 1045 1183 et
1114 1141 1287 1197 prope
1347 1127 1735 1183 omnimodam
1801 1127 1986 1197 gentis

283 1230 402 1272 suae
458 1215 840 1281 amissionem,
905 1230 1037 1285 quae
1088 1222 1205 1271 tota
1277 1216 1595 1271 Jerusalem
1674 1215 1983 1271 videbatur

284 1305 458 1371 itura,
490 1303 733 1359 dolente.

359 1392 443 1445 De
477 1390 770 1445 Tancredo
802 1389 1115 1446 Boemundi
1136 1393 1360 1461 nepote.
1392 1422 1461 1431 —
1492 1391 1647 1447 Idem
1695 1392 1986 1448 Boemun—

284 1479 393 1534 dus
422 1479 746 1546 contractis,
789 1494 920 1548 quze
958 1480 1031 1534 ad
1080 1486 1296 1534 tantam
1348 1478 1755 1549 professionem
1798 1493 1985 1535 neces-

282 1566 450 1622 saria;
508 1574 691 1631 erant,
747 1566 943 1635 copiis,
1005 1566 1329 1621 conscensis
1358 1581 1488 1621 cum
1550 1581 1655 1622 suo
1726 1569 1985 1622 exercitu

283 1655 550 1720 navibus,
583 1668 727 1710 aura
758 1653 1074 1709 famulante
1104 1654 1377 1719 secunda,
1432 1654 1605 1710 littori
1656 1655 1983 1726 Bulgarico,

284 1743 519 1799 feliciter
547 1751 800 1807 evectus,
841 1743 1170 1811 exponitur.
1224 1743 1287 1797 In
1331 1742 1500 1812 cujus
1534 1743 1813 1799 comitatu
1852 1757 1985 1799 cum

282 1832 465 1887 multa
502 1831 859 1902 equestrium
894 1832 1151 1886 virorum
1196 1830 1471 1900 probitas,
1519 1839 1641 1886 tum
1691 1830 1987 1901 principa-

284 1920 424 1975 lium
500 1934 614 1975 non
677 1933 859 1989 parva
931 1919 1258 1975 sublimitas
1324 1919 1558 1974 exstitit.
1620 1921 1775 1975 Inter
1817 1934 1982 1989 quos,

281 2008 664 2076 Tancredum,
724 2007 1074 2064 marcbionis
1122 2007 1428 2077 eujusdam
1496 2022 1569 2063 ex
1644 2008 1982 2077 Boemundi,

280 2096 394 2151 nisi
426 2097 608 2163 fallor,
645 2110 839 2152 sorore
874 2096 1093 2162 ﬁlium;
1122 2097 1292 2166 cujus
1348 2094 1525 2151 frater
1556 2109 1689 2151 cum
1747 2097 1987 2166 Hugone

281 2186 488 2256 Magno
519 2192 905 2254 praecesserat,
934 2186 1026 2240 cui
1067 2184 1415 2249 Guillelmus:
1444 2192 1567 2239 erat
1613 2185 1986 2253 vocabulum,

279 2281 333 2328 et
375 2274 683 2343 quemdam
732 2274 834 2343 qui
882 2274 1184 2328 dicebatur
1250 2274 1319 2328 de
1372 2272 1558 2342 prima
1603 2273 1837 2328 civitate
1882 2272 1980 2328 Ri-

281 2362 561 2417 chardum
596 2361 1006 2416 nominatiores
1037 2361 1403 2431 agnovimus,
1437 2361 1627 2417 virum
1662 2375 1802 2417 sane
1850 2361 1983 2430 pul-

281 2449 421 2505 chra
487 2450 741 2519 corporis
797 2449 1140 2505 habitudine
1192 2449 1589 2519 spectandum,
1655 2463 1830 2518 quem
1882 2463 1986 2519 pro

280 2536 632 2605 Constantia,
683 2538 1000 2592 Boemundi
1049 2538 1315 2608 conjuge,
1366 2537 1439 2592 ad
1494 2538 1749 2593 Franciae
1792 2552 1985 2608 regem

279 2625 532 2681 vidimus
563 2625 844 2696 legatione
879 2624 1265 2694 perfunctum.
1297 2626 1600 2694 Ingressus
1644 2626 1821 2696 igitur
1850 2639 1983 2681 cum

278 2714 400 2769 suis
431 2713 716 2784 Bulgaria:
747 2712 1059 2783 regionem,
1090 2713 1330 2768 multam
1382 2712 1734 2782 opulentiam
1780 2727 1983 2769 eorum

278 2815 411 2871 quae
440 2801 511 2856 ad
569 2800 841 2856 victualia
871 2801 1159 2869 pertinent
1209 2808 1568 2869 repererunt.
1611 2801 1681 2855 Et
1719 2815 1853 2856 cum
1908 2800 1982 2856 ad

278 2888 795 2959 Andropolitanam
828 2890 1192 2944 devenissent
1240 2889 1488 2959 vallem;
1537 2889 1748 2945 ibidem
1805 2890 1985 2945 donec

2096 512 2317 580 aberat,
2350 513 2491 569 dum
2541 512 2908 581 comperisset
2954 513 3260 579 exercitus,
3309 513 3590 581 comitem,
3637 514 3802 570 ducis

2096 602 2199 672 qui
2236 610 2602 671 praecesserat
2633 601 2969 656 destitutum
2999 602 3280 671 praesidio,
3337 587 3694 673 aggreditur,
3746 610 3803 658 et

2096 688 2319 744 comitis
2347 688 2484 745 socii
2529 689 2829 758 repentina
2878 689 3501 744 hostium'incursione
3552 690 3795 745 turban-

2096 783 2212 833 tur.
2247 778 2597 833 Perveniunt
2648 778 2771 833 haec
2816 778 2887 832 ad
2940 791 3111 832 aures
3150 776 3429 832 Tancredi
3479 777 3796 845 fortissimi,

2096 873 2151 922 et
2182 866 2332 921 dicto
2362 866 2535 921 citius
2592 866 2993 937 retrogradum
3042 879 3275 920 sumens
3330 865 3453 932 iter,
3512 880 3686 936 seque
3740 866 3802 922 in

2097 953 2313 1009 ﬂumen
2345 954 2645 1023 praefatum
2676 953 3004 1024 projiciens,
3041 954 3111 1008 ad
3150 967 3244 1009 eos
3291 953 3394 1024 qui
3444 953 3798 1023 impeteban-

2092 1048 2188 1097 tur
2226 1042 2506 1098 tranando
2535 1044 2834 1111 pervenit:
2884 1050 2941 1098 et
2990 1042 3105 1097 duo
3165 1056 3308 1112 pene
3360 1042 3535 1096 millia
3595 1057 3795 1098 secum

2094 1130 2558 1194 auxiliariorum,
2593 1128 2694 1199 qui
2729 1137 2850 1199 post
2880 1130 3067 1199 ipsum
3111 1137 3382 1185 enatuere
3436 1127 3559 1201 [al.,
3602 1138 3800 1186 enata-

2094 1217 2350 1291 verunt],
2415 1219 2719 1274 contraxit.
2771 1218 2969 1273 Hostes
3017 1218 3246 1287 reperit.
3301 1226 3357 1273 et
3409 1226 3609 1274 contra
3663 1233 3803 1274 suos

2095 1308 2304 1363 acriter
2333 1306 2725 1377 conﬂigentes,
2752 1306 2979 1372 acriori,
3015 1314 3077 1361 ut
3109 1320 3211 1376 par
3238 1313 3380 1372 erat,
3435 1304 3801 1361 animositate

2095 1395 2393 1466 pervasit:
2431 1410 2534 1451 nec
2565 1408 2744 1460 mora,
2794 1394 3038 1463 subegit.
3083 1394 3431 1464 Apprebensi
3485 1394 3679 1463 itaque
3723 1407 3802 1449 ex

2090 1485 2170 1541 eis
2198 1483 2451 1554 plurimi,
2479 1491 2610 1539 ante
2640 1483 2949 1538 Boemundi
2986 1484 3347 1552 praesentiam
3396 1482 3792 1547 deducuntur,

2093 1580 2148 1627 et
2178 1572 2235 1626 in
2267 1571 2503 1627 vincula
2544 1571 2956 1641 conjiciuntur.
2993 1570 3076 1624 Ad
3109 1584 3256 1639 quos
3289 1570 3432 1625 idem
3487 1569 3795 1639 princeps:

2101 1683 2123 1709 ι
2156 1663 2292 1726 Cur,
2330 1659 2543 1729 inquit,
2573 1669 2626 1713 et
2652 1659 2857 1715 Christi
2890 1666 2945 1713 et
2994 1671 3179 1712 meam
3231 1657 3598 1727 insequimini
3652 1673 3794 1726 gen-

2097 1754 2208 1802 tem
2228 1746 2256 1802 ?
2286 1747 2408 1816 Ego
2441 1745 2768 1816 imperatori
2799 1754 2985 1801 vestro
3016 1745 3158 1800 nihil
3180 1745 3491 1801 eversionis
3517 1744 3739 1800 molior.
3770 1765 3794 1793 ι

2098 1837 2141 1890 Ε
2174 1843 2375 1891 contra
2405 1834 2488 1889 illi
2517 1850 2529 1888 :
2565 1855 2593 1882 «
2626 1835 2710 1889 Ex
2741 1842 2934 1889 nostra
2962 1833 3366 1889 deliberatione
3418 1833 3496 1888 nil
3547 1834 3795 1903 agimus,

2095 1931 2285 1993 togam
2378 1920 2500 1994 [al.,
2559 1919 2786 1993 rogam]
2846 1921 3120 1991 principis
3166 1921 3477 1984 emerituri,
3528 1922 3796 1976 militiam

2097 2010 2332 2080 professi
2379 2024 2598 2075 sumus,
2647 2018 2702 2065 et
2744 2010 3030 2080 quidquid
3079 2010 3243 2064 nobis
3287 2010 3640 2080 praeceperit,
3691 2024 3800 2065 ne—

2096 2100 2340 2155 cessario
2416 2113 2913 2168 prosequemur.»
2975 2098 3134 2165 Quod
3188 2100 3279 2153 vir
3331 2099 3598 2169 egregius
3663 2112 3798 2154 cum

2095 2187 2366 2252 audisset,
2422 2186 2736 2256 impunitos
2808 2202 2873 2242 ac
2922 2187 3316 2257 irredemptos,
3377 2186 3524 2241 illico
3575 2186 3799 2242 laxavit

2094 2276 2271 2331 abire.
2302 2275 2519 2341 Quarta
2551 2276 2712 2337 feria,
2743 2290 2875 2345 quae
2908 2275 3059 2345 apud
3093 2276 3448 2330 Christianos
3476 2282 3561 2329 est
3610 2273 3799 2343 Caput

2094 2370 2294 2419 vocata
2318 2360 2549 2432 jejunii,
2583 2362 2798 2418 bellum
2838 2362 2991 2418 istud
3024 2363 3237 2418 factum
3274 2370 3514 2417 constat.

2767 2449 3001 2506 CAPUT
3041 2450 3114 2506 ΙΙ.

2166 2538 2310 2608 [ΙΙΙ.]
2391 2537 2594 2591 Foedus
2644 2554 2775 2592 cum
2833 2536 3165 2591 Boemundo
3209 2536 3631 2602 fraudulenler
3687 2537 3799 2591 init

2091 2624 2427 2696 imperator.
2455 2656 2524 2665 —
2551 2625 2743 2681 Alexis
2768 2625 3077 2694 imperator
3120 2627 3389 2694 comperti
3441 2626 3547 2680 viri
3593 2626 3797 2682 eximii

2097 2715 2364 2776 facinore,
2398 2714 2499 2769 uni
2527 2728 2598 2769 ex
2631 2713 2752 2769 suis
2799 2713 3151 2780 necessariis,
3207 2715 3376 2783 cujus
3433 2713 3799 2783 potissimum

2094 2802 2451 2858 innitebatur
2488 2802 2740 2868 consilio,
2775 2808 2913 2857 tunc
2944 2802 3240 2857 mandavit
3269 2810 3333 2857 ut
3366 2802 3798 2872 magnanimem

2093 2905 2226 2946 cum
2256 2905 2359 2947 suo
2385 2889 2643 2945 exercitu
2668 2889 2872 2945 ducem
2922 2904 3021 2959 per
3076 2897 3285 2945 terram
3333 2904 3496 2945 suam
3548 2890 3787 2945 honori-

280 2984 397 3033 tota
474 2991 674 3034 eorum
751 2976 946 3033 classis
1024 2981 1413 3047 perenatasset
1484 2985 1538 3033 et
1611 2977 1982 3045 allaberetur,
2024 2987 2065 3042 c
2096 2978 2201 3034 tice
2226 2977 2551 3045 deduceret,
2579 2976 2759 3033 donec
2800 2977 2870 3032 ad
2920 2976 3012 3033 sui
3062 2977 3423 3047 praesentiam
3468 2978 3797 3033 Constanti-

278 3074 780 3136 exspectaverunt.
841 3067 981 3122 Tota
1054 3065 1232 3136 igitur
1289 3070 1433 3120 381
1512 3073 1678 3136 gente
1753 3074 1984 3133 coacta;

282 3154 532 3211 collectis
593 3155 930 3224 proceribus
982 3154 1285 3210 consilium
1344 3169 1477 3210 cum
1531 3154 1612 3209 eis
1671 3154 1989 3210 communi-

285 3250 396 3309 cat,
474 3243 601 3312 pari
652 3243 912 3299 omnium
985 3242 1296 3298 indictione
1354 3243 1692 3312 prmeipiens
1741 3250 1825 3310 ut,
1888 3256 1988 3312 per

284 3330 642 3387 Christianas
712 3331 1021 3386 transitum
1102 3329 1358 3386 habituri
1424 3337 1640 3400 gentes,
1739 3329 1987 3400 benigne

280 3419 733 3489 innocenterque
757 3432 815 3474 se
842 3426 1100 3489 agerent,
1132 3432 1237 3474 nec
1264 3431 1463 3473 eorum
1516 3418 1761 3487 patriam
1822 3417 1989 3487 depo-

290 3507 651 3577 pularentur,
716 3521 820 3577 pro
870 3521 1120 3577 quorum
1172 3506 1451 3577 suffragio
1499 3505 1721 3561 venisse
1768 3505 1987 3561 debue-

297 3603 470 3666 rant;
540 3609 608 3651 ea
670 3594 877 3662 solum,
948 3602 1003 3651 et
1062 3609 1239 3666 quam
1306 3594 1559 3665 pacifice,
1614 3595 1747 3649 dato
1798 3602 1989 3649 tamen

297 3684 498 3754 pretio,
540 3684 881 3755 acciperent,
939 3699 1071 3754 quae
1122 3684 1194 3739 ad
1240 3684 1514 3739 victualia
1561 3683 1821 3738 sufficere
1862 3696 1989 3751 pos-

294 3781 439 3829 sent.
476 3774 881 3829 Processerunt
914 3773 1065 3841 inde,
1093 3779 1147 3828 et
1178 3773 1317 3827 dum
1357 3772 1426 3827 de
1467 3771 1609 3827 urbe
1657 3772 1716 3825 in
1764 3770 1987 3837 urbem,

295 3862 365 3917 de
394 3876 530 3918 rure
563 3863 623 3917 in
655 3877 776 3929 rus,
809 3862 879 3917 de
907 3861 1117 3932 oppido
1171 3861 1527 3916 transierunt
1578 3859 1636 3914 in
1693 3857 1989 3928 oppidum,

297 3950 655 4006 uberrimum
685 3950 905 4018 ubique
935 3962 1195 4017 reperere
1233 3947 1662 4013 commercium,
1712 3947 1892 4002 donec
1933 3946 1990 4000 in

294 4049 421 4091 eam
492 4051 623 4105 quae
676 4044 917 4091 vocatur
965 4034 1220 4090 Castoria
1267 4034 1546 4091 devenere
1596 4033 1991 4103 provinciam;

296 4123 399 4179 ubi
431 4130 486 4179 et
518 4122 876 4178 Dominicum
905 4121 1234 4177 solemniter
1279 4121 1657 4189 celebravere,
1704 4121 1989 4188 Natalem,

297 4213 749 4281 commoratique
777 4218 910 4266 sunt
942 4210 1162 4282 aliquot
1192 4211 1395 4266 diebus
1425 4210 1652 4267 ibidem.

368 4300 730 4363 Quaesierunt
774 4299 952 4370 igitur
996 4314 1031 4355 a
1072 4299 1409 4370 provinciali
1461 4307 1628 4370 gente
1676 4299 1989 4370 negotium,

292 4386 390 4442 sed
421 4386 527 4456 ipsi
556 4387 869 4444 noluerunt
907 4389 990 4443 eis
1034 4388 1289 4458 przebere
1332 4402 1678 4444 consensum
1720 4403 1786 4443 eo
1833 4388 1993 4443 scili-

295 4484 383 4531 cet
415 4476 568 4545 quod
606 4484 941 4531 vererentur
967 4490 1083 4542 eos,
1135 4476 1410 4531 militares
1455 4476 1579 4531 illos
1624 4475 1990 4543 aestimantes,

296 4578 415 4619 non
447 4566 797 4636 peregrinos,
844 4571 899 4620 et
929 4564 1068 4634 quia
1128 4564 1339 4620 vellent
1388 4563 1729 4620 exterminio
1781 4572 1992 4619 terram

295 4652 520 4708 tradere
576 4666 644 4707 ac
682 4654 957 4723 perimere
1014 4651 1158 4708 illos.
1215 4652 1289 4708 At
1344 4651 1423 4707 illi
1468 4652 1758 4720 modestia,
1814 4666 1991 4722 quam

294 4740 641 4808 habuerant,
700 4741 759 4795 in
815 4741 1066 4797 furorem
1140 4755 1328 4809 versa,
1395 4739 1740 4810 diripiebant
1789 4754 1989 4810 equos,

295 4829 490 4896 boves,
523 4829 733 4896 asinos,
766 4843 833 4884 ac
863 4829 1134 4899 quaelibet
1166 4829 1272 4884 sibi
1320 4828 1503 4884 utilia.
1556 4827 1817 4898 Egressis
1864 4836 1991 4883 tan-

296 4917 425 4973 dem
456 4917 525 4973 de
570 4916 826 4973 Castoria
871 4918 1124 4977 occurrit
1173 4917 1499 4988 Pelagonia,
1552 4915 1653 4971 ubi
1698 4915 1994 4985 quoddam

296 5005 696 5062 haereticorum
728 5013 982 5061 castrum
1012 5006 1326 5075 reperiunt,
1377 5004 1531 5074 quod
1589 5002 1849 5073 undique
1882 5016 1991 5074 ag-

297 5094 496 5164 gressi,
530 5093 603 5149 ad
653 5107 826 5149 suum
880 5093 1052 5149 subdi
1105 5107 1338 5165 coegere
1387 5090 1713 5161 imperium,
1762 5101 1817 5147 et
1861 5091 1992 5162 igne

295 5178 571 5251 subjecto,
603 5180 1045 5236 combusserunt
1075 5194 1208 5235 cum
1254 5179 1376 5235 suis
1425 5177 1844 5234 habitatoribus
1889 5190 1991 5232 ca-

296 5274 501 5322 strum.
534 5268 670 5323 Inde
713 5268 786 5323 ad
838 5267 1087 5323 ﬂuvium
1137 5269 1483 5336 perveniunt
1535 5265 1637 5336 qui
1692 5265 1992 5321 dicebatur

298 5353 630 5410 Baudarum
695 5354 823 5426 [al.,
878 5353 1257 5424 Baudarum].
1319 5355 1665 5425 Progressus
1716 5361 1799 5409 est
1851 5366 1990 5423 ergo

297 5442 665 5498 Boemundus
690 5457 824 5498 cum
858 5444 1059 5512 aliqua
1113 5457 1355 5499 suorum
1403 5442 1651 5497 militum
1695 5448 1873 5511 parte,
1930 5441 1988 5496 in

294 5543 476 5585 manu
526 5537 720 5586 autem
766 5531 1072 5601 cujusdam
1115 5531 1207 5587 sui
1242 5530 1466 5587 comitis
1508 5538 1730 5600 partem
1775 5528 1991 5586 dimisit

2094 3066 2346 3135 nopolim
2378 3064 2691 3121 deveniret.
2723 3064 2986 3136 Cumque
3021 3080 3121 3135 per
3154 3064 3334 3134 ipsius
3362 3065 3579 3135 imperii
3612 3065 3803 3120 muni-

2093 3154 2245 3224 cipia
2269 3163 2323 3209 et
2368 3153 2540 3209 urbes
2599 3153 2868 3208 transiret
2921 3154 3229 3220 exercitus,
3287 3155 3589 3224 regionum
3644 3167 3797 3223 qua-

2094 3255 2345 3311 rumque
2372 3240 2573 3296 incolis
2605 3240 3157 3311 imperialejubebat
3187 3241 3458 3307 edictum,
3503 3250 3799 3312 quatenus

2092 3329 2143 3385 ei
2174 3336 2500 3400 satagerent
2528 3336 2881 3399 comportare
2913 3330 3132 3399 copiam
3177 3344 3370 3385 rerum
3417 3331 3800 3399 undicunque

2094 3417 2408 3473 venalium.
2443 3416 2534 3472 Sic
2564 3425 2754 3473 autem
2783 3417 2999 3472 militiae
3033 3417 3111 3472 illi
3155 3432 3255 3486 per
3297 3417 3626 3487 provincias
3665 3431 3797 3487 pro-

2095 3520 2292 3576 perare
2356 3504 2607 3561 dabatur
2664 3513 2727 3560 ut
2780 3505 2980 3559 nullus
3029 3518 3228 3560 eorum
3297 3505 3399 3574 qui
3461 3505 3800 3560 Boemundo

2096 3594 2468 3660 cohaeserant,
2503 3592 2655 3648 intra
2686 3592 2995 3663 cujuslibet
3039 3592 3282 3647 civitatis
3327 3606 3523 3648 muros
3570 3593 3798 3664 ingredi

2096 3682 2539 3753 permitteretur.
2576 3681 2697 3737 Nisi
2729 3688 2865 3737 sunt
2898 3689 3087 3735 autem
3126 3680 3294 3735 iidem
3344 3681 3551 3735 milites
3583 3681 3800 3737 irrum-

2099 3783 2231 3839 pere
2261 3769 2550 3839 quoddam
2575 3777 2851 3836 castrum,
2888 3769 3051 3824 bonis
3082 3783 3213 3839 quae
3255 3777 3394 3824 tunc
3445 3768 3802 3825 videbantur

2098 3866 2411 3928 competere
2437 3858 2794 3927 opulentum.
2830 3862 2898 3913 At
2929 3858 3019 3912 vir
3053 3857 3144 3912 ille
3198 3856 3436 3913 illustris
3484 3857 3536 3912 id
3585 3856 3797 3924 vetuit,

2097 3945 2306 4013 partim
2334 3959 2405 4000 ne
2431 3953 2593 4000 terrae
2616 3947 2751 4015 jura
2794 3945 3071 4011 turbaret,
3120 3945 3327 4015 partim
3376 3947 3446 4001 de
3498 3945 3802 4015 imperato-

2098 4034 2178 4089 ris
2204 4040 2463 4090 tenerum
2496 4033 2687 4089 adhuc
2714 4034 2972 4089 animum
3004 4032 3335 4098 offenderet,
3366 4034 3476 4089 imo
3522 4048 3592 4088 ne
3625 4041 3800 4102 pacta

2098 4135 2231 4176 cum
2268 4136 2334 4176 eo
2360 4135 2459 4191 per
2492 4121 2878 4177 internuntios
2913 4137 3107 4178 recens
3139 4123 3283 4178 facta
3306 4128 3571 4177 cassaret.
3627 4121 3795 4177 Unde

2100 4217 2341 4279 emptam
2374 4210 2664 4279 ineptiam,
2696 4225 2847 4281 aegre
2880 4210 3083 4277 ferens,
3135 4211 3316 4266 iratus
3364 4210 3486 4266 suis
3532 4209 3633 4279 qui
3676 4223 3794 4264 coa—

2106 4305 2324 4367 perant,
2402 4306 2458 4353 et
2517 4299 2838 4369 specialiter
2883 4299 3202 4361 Tancredo.
3247 4299 3532 4368 repressit.
3582 4296 3642 4352 Id
3690 4310 3796 4351 ve-

2099 4399 2261 4455 spere
2332 4386 2668 4458 contigerat.
2741 4387 2907 4443 Mane
2967 4399 3158 4442 autem
3240 4386 3407 4451 facto,
3478 4384 3798 4454 procedunt

2098 4481 2432 4542 castrenses,
2503 4481 2559 4531 et
2628 4488 2745 4544 prae
2793 4490 2853 4531 se
2903 4476 3090 4530 crucis
3142 4473 3354 4529 vexilla
3411 4472 3669 4538 ferentes,
3717 4471 3796 4527 ad

2100 4562 2414 4617 Boemundi
2444 4571 2809 4632 conspectum
2845 4577 2975 4618 cum
3025 4561 3326 4631 multiplici
3371 4560 3692 4615 humilitate
3735 4566 3796 4615 et

2099 4649 2373 4720 religione
2424 4650 2799 4705 contendunt.
2866 4651 2989 4719 Ipse
3044 4663 3180 4704 vero
3228 4647 3538 4704 affabiliter
3582 4661 3677 4702 eos
3724 4660 3795 4701 ac

2097 4745 2396 4793 mansuete
2424 4738 2751 4806 admittens,
2786 4738 3008 4793 indulta
3039 4737 3251 4793 eisdem
3279 4750 3387 4792 sua
3416 4737 3621 4807 gratia,
3652 4748 3688 4790 a
3730 4748 3797 4791 se

2098 4825 2458 4881 laetabundos
2485 4826 2693 4881 emisit.

2170 4914 2428 4984 Denique
2456 4914 2528 4969 ad
2549 4914 2862 4985 quamdam
2892 4913 3207 4970 deveniunt
3229 4912 3455 4981 urbem,
3476 4926 3605 4983 quae
3623 4909 3798 4967 Serra

2096 5010 2359 5069 vocatur,
2412 5002 2511 5058 ubi
2554 5016 2661 5058 sua
2710 5001 2885 5058 fixere
2945 5003 3222 5071 tentoria;
3278 5016 3384 5057 nec
3435 5001 3543 5056 illis
3589 5000 3798 5056 diebus

2097 5103 2357 5160 congrua
2409 5090 2515 5145 sibi
2572 5090 2804 5145 defuere
2855 5091 3218 5146 commercia.
3279 5089 3363 5145 lbi
3421 5087 3795 5145 Boemundus

2096 5190 2229 5233 cum
2275 5177 2504 5233 duobus
2554 5177 2835 5246 praefectis
2883 5177 3151 5247 palatinis
3197 5175 3255 5231 in
3302 5175 3663 5231 concordiam
3709 5189 3798 5232 re-

2097 5265 2219 5320 diit.
2255 5264 2417 5321 Unde
2444 5279 2546 5335 pro
2574 5278 2777 5321 eorum
2806 5279 2953 5319 novo
2984 5264 3216 5330 foedere,
3246 5272 3302 5319 et
3345 5277 3447 5333 pro
3482 5263 3616 5334 jure
3663 5276 3795 5318 ser-

2097 5353 2287 5408 vando
2356 5353 2685 5422 provinciae.
2758 5351 2930 5421 jussit
2977 5352 3203 5407 restitui
3257 5351 3544 5421 quidquid
3589 5351 3794 5407 incolis

2096 5440 2391 5496 sublatum
2424 5441 2608 5495 fuerat
2634 5442 2858 5509 praedae.
2892 5440 3119 5495 Exinde
3145 5439 3403 5506 alterius,
3425 5451 3557 5508 qum
3579 5437 3795 5494 dicitur

2096 5528 2271 5596 Busa,
2305 5527 2552 5584 civitatis
2594 5527 2737 5583 lines
2783 5527 3114 5599 attigerant,
3160 5532 3218 5583 et
3265 5540 3415 5595 ecce,
3461 5525 3795 5583 Graecorum
