3914 6094
53 307 158 360 717

1140 301 1368 360 GESTA
1404 302 1522 359 DEI
1566 302 1702 360 PER
1744 301 2086 359 FBANCOS.
2109 331 2179 342 —-
2210 300 2337 357 LIB.
2383 300 2479 357 Ill.

3456 304 3561 359 718

54 433 449 504 promiscuum
482 432 715 503 vulgus,
747 430 829 487 illi
874 430 1050 488 nubili
1079 432 1307 489 obviam
1340 433 1461 488 viro
1499 446 1748 490 concur-
1786 438 1832 489 Α
1863 432 1920 488 in
1952 433 2273 489 latitudine.
2303 433 2616 503 Frangitur
2667 430 2903 487 illustris
2932 429 3180 488 hominis
3208 432 3313 490 hac
3340 432 3560 503 pollici-

53 538 207 589 rens,
272 521 544 593 quaelibet
607 521 833 576 venalia
890 535 995 590 pro
1063 529 1311 590 tempore
1385 522 1754 578 conferebat:

54 613 278 681 ibique,
338 609 530 665 triduo
576 616 707 664 ante
763 624 938 664 ctenae
987 610 1295 665 Dominicae
1354 610 1521 672 diem.
1569 619 1756 666 castra

53 713 321 769 posuere.
382 696 747 752 Boemundus
798 705 992 751 autem
1043 697 1268 766 proprio
1316 698 1429 753 illic
1483 698 1757 755 comitatu

53 788 312 852 dimisso,
344 784 872 851 Constantinopolin
904 785 1303 855 proficiscitur,
1339 786 1536 855 paucis
1560 800 1754 842 secum

53 875 337 931 militibus
363 874 603 940 eductis,
638 887 772 929 cum
821 872 1161 942 imperatore
1201 873 1553 944 colloquium
1586 874 1755 929 habi-

54 974 246 1020 turus.
280 963 513 1018 Interim
560 961 889 1018 Tancredus
937 961 1282 1030 procurabat
1317 962 1657 1030 exercitum,
1701 968 1756 1019 et

54 1054 199 1108 dum
233 1051 390 1106 videt
419 1064 742 1120 quousque,
766 1048 888 1119 jam
913 1050 1197 1105 exhausto
1228 1051 1539 1120 marsupio,
1575 1051 1753 1106 victui

53 1140 379 1196 necessaria
427 1138 733 1194 difficulter
792 1152 999 1205 emere,
1074 1138 1365 1207 proposuit
1435 1139 1587 1208 apud
1672 1154 1749 1206 se,

53 1229 217 1299 quod
247 1230 439 1283 tritam
471 1228 623 1282 viam
655 1214 964 1291 desereret;
996 1234 1049 1282 et
1078 1228 1150 1282 ad
1191 1234 1380 1297 partes
1410 1228 1603 1283 minus
1631 1226 1753 1283 fre-

53 1324 366 1387 quentatas
409 1315 803 1371 itinerantium
844 1315 1195 1382 assiduitate,
1243 1330 1378 1372 suos
1412 1317 1748 1383 deﬂecteret,

53 1408 156 1461 ubi
192 1405 404 1476 largior
429 1404 801 1460 emendorum
834 1402 1130 1458 afﬂuentia
1155 1404 1376 1459 cunctis
1404 1412 1746 1473 suppeteret.

53 1495 300 1551 Divertit
342 1493 516 1565 igitur
561 1507 657 1549 eos
702 1505 737 1547 a
786 1500 963 1548 strata
1004 1492 1251 1561 publica,
1294 1492 1620 1562 vallemque
1657 1492 1750 1547 di-

53 1597 359 1640 versorum
416 1582 819 1637 alimentorum
898 1580 1154 1636 ubertate
1210 1582 1542 1648 confertam,
1596 1587 1748 1636 ass

54 1670 503 1742 pauperioribus
566 1684 806 1725 suorum
873 1669 1243 1737 consulendo,
1313 1670 1632 1739 subintrat;
1693 1670 1748 1725 in

53 1775 177 1831 qua
208 1767 264 1816 et
296 1760 510 1815 Pascha
539 1758 901 1813 Dominicum
944 1757 1135 1813 debita
1176 1759 1418 1826 populus
1467 1773 1600 1825 cum
1642 1760 1759 1828 ipso

53 1849 357 1905 affectione
386 1847 761 1902 concelebrat.
815 1850 884 1901 At
916 1844 1111 1901 Alexis
1155 1846 1551 1903 Boemundum
1598 1848 1669 1902 ad
1701 1862 1760 1904 se

53 1939 259 1993 venire
317 1936 690 2005 comperiens,
752 1934 1060 2002 plurimam
1107 1934 1442 1989 adventanti
1485 1949 1758 1991 reveren—

53 2028 196 2082 tiam
223 2025 397 2095 jussit
427 2023 700 2092 impendi,
734 2031 789 2079 et
837 2023 1140 2091 hospitalia
1185 2022 1242 2077 in
1295 2023 1477 2092 ipsius
1514 2023 1760 2080 civitatis

55 2117 249 2186 burgo
283 2112 545 2183 praeberi.
575 2110 697 2178 Quo
726 2119 973 2181 recepto,
1005 2111 1077 2166 ad
1107 2111 1461 2181 colloquium
1509 2112 1758 2168 accersi-

54 2212 175 2270 tur,
222 2202 577 2270 veniensque
624 2200 780 2270 apud
822 2199 1011 2269 ipsum
1058 2206 1274 2255 secreto
1313 2207 1552 2257 acturus
1597 2201 1759 2258 exci-

54 2293 264 2361 pitur.,

131 2376 287 2450 [IV.]
337 2378 562 2433 Interea
616 2376 739 2432 dux
797 2375 1154 2444 Godef'ridus,
1212 2390 1346 2433 cum
1391 2376 1565 2431 fratre
1632 2376 1758 2432 Bal-

54 2468 263 2534 duino,
297 2480 366 2521 ac
394 2464 598 2521 deinde
647 2463 839 2519 Sancti
885 2464 1072 2534 Egidii
1111 2479 1319 2530 comes,
1358 2464 1589 2535 utrique
1626 2479 1759 2521 cum

56 2569 245 2610 manu
274 2568 389 2609 non
418 2554 653 2624 exigua,
685 2552 925 2623 attigere
953 2552 1580 2622 Constantinopolitana
1614 2553 1759 2608 sub-

55 2643 254 2699 urbia.
300 2642 462 2696 Tunc
502 2640 693 2696 Alexis
737 2640 1010 2709 perfidus,
1055 2640 1158 2710 qui
1198 2640 1331 2695 olim
1380 2648 1578 2696 contra
1619 2641 1760 2696 Tur-

60 2746 156 2787 cos
187 2730 539 2786 auxiliorum
572 2729 886 2798 putabatur
930 2728 1158 2793 avidus,
1193 2728 1505 2785 acerbitate
1555 2744 1757 2786 rauco-

62 2821 143 2875 ris
200 2818 534 2885 infrenduit,
582 2825 638 2873 et
684 2832 804 2888 qua
832 2817 1034 2873 fraude
1084 2825 1161 2873 tot
1205 2818 1459 2885 militias,
1518 2819 1646 2885 sibi,
1698 2826 1758 2875 ut

61 2908 323 2978 putabat,
356 2906 710 2977 ingruentes,
758 2906 916 2977 turpi
973 2906 1350 2975 praecipitaret
1394 2906 1564 2962 exitio
1614 2921 1759 2976 saepe

1867 523 2078 578 talione
2125 522 2424 587 severitas;
2482 535 2587 577 nec
2638 520 2830 595 differt
2887 529 3245 576 sacramenta
3290 529 3557 592 tyranno,

1864 619 1919 665 et
1942 611 2093 680 quod
2129 611 2294 680 Hugo
2324 611 2569 680 Magnus
2597 623 2728 665 cum
2774 610 3126 676 necessitate,
3160 618 3283 665 tum
3318 612 3563 680 pecunia

1866 698 2221 754 lenocinante
2262 698 2583 768 juraverat,
2635 697 2741 752 hoc
2796 698 2842 752 is
2890 712 2958 752 eo
3007 697 3311 763 consensit,
3370 706 3562 754 tenore

1859 785 2075 855 jurare,
2122 794 2188 842 ut
2238 808 2259 834 ι
2312 785 2358 841 si
2406 785 2600 841 Alexis
2649 799 2717 839 ea
2756 799 2875 854 qua
2916 785 3171 854 jurando
3220 784 3350 858 [al.,
3407 783 3558 857 viro]

1865 875 2330 942 pasciscebantur
2397 874 2522 944 [al.,
2558 873 3001 943 pasciscebatur]
3034 872 3388 943 infringeret,
3467 873 3562 929 ille

1861 962 1934 1017 ab
1974 962 2079 1028 his,
2125 977 2256 1031 quae
2298 961 2683 1031 jurejurando
2730 960 3078 1028 ﬁrmaverat,
3130 961 3277 1017 liber
3328 969 3495 1017 esset.
3531 984 3559 1010 ››

1862 1050 2043 1119 Sedsi
2078 1051 2210 1121 quis
2252 1058 2657 1119 percunctetur
2704 1064 2886 1120 quare
2919 1050 2964 1105 is
2991 1057 3046 1105 et
3074 1050 3168 1104 alii
3217 1064 3251 1105 a
3301 1066 3405 1105 suo
3447 1051 3560 1107 sint

1860 1137 2067 1207 rigore,
2114 1138 2186 1192 ad
2236 1137 2539 1192 deferenda
2603 1145 2846 1207 tyranno
2897 1146 3276 1203 sacramenta,
3321 1138 3557 1205 deﬂexi;

1860 1227 1999 1281 sciat
2060 1240 2319 1295 proceres
2373 1241 2613 1281 suorum
2685 1227 2741 1280 in
2813 1227 3053 1281 Domino
3109 1226 3562 1282 commilitonum

1864 1315 2198 1369 subvenisse
2244 1315 2586 1379 necessitati,
2642 1314 2857 1383 quibus
2901 1321 3022 1369 erat
3064 1314 3246 1369 multa
3296 1316 3562 1384 penuria,

1859 1403 1903 1457 si
1963 1411 2280 1458 mercatum
2324 1404 2610 1457 euntibus
2648 1409 2962 1471 negaretur
3020 1403 3307 1470 stipendii.
3368 1404 3563 1466 Alexis

1859 1505 2093 1561 quoque
2123 1491 2301 1545 nihilo
2334 1490 2519 1545 secius
2538 1498 2593 1545 et
2624 1490 2741 1559 ipse
2773 1491 2981 1545 nostris
3011 1489 3179 1544 ﬁdem
3205 1503 3563 1549 sacramento

1857 1578 2218 1650 praestiterat,
2249 1579 2389 1649 quia
2419 1600 2447 1626 ‹‹
2499 1579 2616 1647 ipse
2648 1594 2782 1633 cum
2830 1578 2931 1645 eis,
2979 1593 3083 1633 suo
3125 1579 3340 1647 pariter
3387 1583 3561 1636 comi-

1863 1675 2022 1723 tante
2049 1666 2326 1733 exercitu,
2360 1664 2672 1725 deveniret.
2708 1674 2978 1734 terraque
3026 1664 3289 1734 marique
3313 1667 3561 1737 juvaret.

1869 1771 1936 1811 ac
1962 1755 2272 1825 utrobique
2298 1755 2537 1811 convehi
2571 1754 2746 1809 victui
2793 1754 3035 1810 emenda
3076 1754 3339 1825 juberet;
3370 1756 3416 1811 si
3447 1772 3565 1826 qua

1865 1844 2038 1901 etiam
2089 1844 2200 1900 illis
2244 1843 2473 1899 evenire
2502 1843 2715 1897 damna
2770 1841 3144 1912 contingeret,
3194 1844 3318 1899 sine
3374 1845 3562 1900 immi-

1868 1934 2106 1990 nutione
2154 1933 2474 1989 restitueret
2530 1931 2602 1985 ad
2653 1930 3117 1999 supplementum
3180 1931 3310 2003 [al.,
3368 1947 3565 2002 supre-

1870 2020 2084 2093 mum];
2120 2021 2407 2077 neminem
2456 2020 2514 2074 in
2566 2019 2673 2073 hac
2717 2018 3082 2088 expeditione
3134 2020 3353 2086 vexari,
3404 2019 3551 2087 laedi,

1867 2110 2067 2175 occidi,
2096 2116 2198 2164 aut
2236 2107 2402 2164 vellet
2432 2114 2533 2163 aut
2561 2107 2790 2173 sineret,
2824 2113 3108 2176 quantum
3164 2107 3269 2161 sibi
3318 2107 3563 2164 facultas

1868 2204 2210 2268 suppeteret.
2238 2218 2262 2245 ι

2525 2283 2756 2340 CAPUT
2796 2282 2891 2337 III.

1942 2372 2056 2445 [V.]
2111 2374 2307 2428 Comes
2352 2378 2626 2441 praeterea
2680 2369 2870 2426 Sancti
2920 2369 3128 2441 Egidii,
3181 2385 3313 2427 cum
3359 2374 3562 2430 castris

1871 2462 1992 2518 suis
2032 2467 2368 2530 occupasset
2422 2460 2699 2529 Byzantea
2737 2457 3041 2525 suburbia,
3075 2472 3210 2528 pars
3238 2473 3374 2515 vero
3404 2460 3563 2515 mili-

1866 2553 1956 2606 tiae
1995 2549 2244 2606 necdum
2294 2547 2362 2602 ad
2409 2546 2699 2617 integrum
2739 2546 3113 2615 convenisset,
3156 2548 3323 2617 cmpit
3362 2555 3560 2617 tyranv

1866 2653 1979 2694 nus
2034 2637 2294 2694 comitem
2338 2635 2641 2691 sollicitare
2690 2649 2789 2704 per
2846 2635 3141 2703 nuntium,
3198 2643 3280 2703 ut,
3330 2637 3411 2691 uti
3463 2636 3560 2691 alii

1865 2728 2134 2794 fecerant,
2191 2724 2377 2781 facere
2423 2731 2478 2780 et
2535 2724 2640 2793 ipsi
2702 2724 2811 2779 sibi
2868 2730 3160 2793 pateretur
3215 2724 3558 2781 neminium.

1867 2815 2175 2873 Mandabat
2204 2813 2325 2869 haec
2354 2814 2583 2883 tyranni
2614 2812 2909 2867 insolentis
2938 2813 3168 2879 astutia,
3213 2813 3308 2869 sed
3347 2827 3378 2868 e
3417 2828 3561 2868 con-

1865 2912 1975 2969 tra,
2049 2900 2335 2971 quomodo
2434 2899 2774 2969 nequissimi
2834 2899 3205 2955 ulcisceretur
3262 2900 3556 2966 invidiam,

61 2995 325 3051 revolvit.
353 2994 458 3050 Sed
484 2996 652 3060 Deus,
701 2995 870 3064 cujus
920 2994 1015 3049 illa
1062 2994 1157 3063 pia
1198 2993 1434 3065 agmina
1476 2994 1756 3050 duceban-
1796 3017 1839 3073 ρ
1871 2990 2092 3047 comitis
2123 2988 2353 3060 gloriosi
2381 2996 2629 3058 cmperat
2668 2988 2788 3058 jam
2838 3002 3032 3043 secum
3080 2990 3377 3045 ruminare
3417 3003 3562 3058 pru—

63 3093 158 3140 tur
190 3083 487 3149 instinctu,
520 3082 596 3137 ita
621 3096 716 3137 eos
745 3089 828 3138 est
859 3082 1038 3138 tuitus
1087 3088 1153 3137 ut
1196 3082 1392 3137 nullus
1441 3082 1514 3137 ad
1553 3096 1752 3138 eorum
1858 3079 2072 3138 dentia.
2108 3080 2181 3134 At
2234 3078 2539 3147 principes,
2587 3076 2711 3132 dux
2742 3076 2942 3146 utique
2980 3076 3338 3144 Godefridus,
3386 3078 3551 3147 Hugo

58 3174 350 3228 laesionem
379 3171 731 3239 nequissimo
775 3177 988 3239 pateret
1024 3169 1203 3237 locus,
1254 3170 1383 3238 imo,
1422 3171 1577 3225 omni
1619 3185 1753 3240 pos-

57 3260 330 3316 sibilitate
368 3259 610 3326 succisa,
659 3260 854 3328 gravis
899 3258 1103 3314 misero
1143 3258 1500 3314 incuteretur
1544 3266 1750 3314 metus.

60 3347 323 3417 Denique
358 3347 496 3402 visis
543 3346 959 3403 conﬂuentium
1005 3347 1224 3413 cuneis,
1278 3345 1757 3417 Constantinopo-

61 3436 223 3491 litani
281 3435 626 3504 turbantur;
672 3434 1096 3504 consiliumque
1158 3434 1480 3503 qumsituri,
1545 3434 1757 3506 glome-

62 3531 289 3579 rantur.
338 3524 484 3578 Dum
531 3522 686 3578 enim
738 3523 935 3578 timent
977 3537 1049 3577 ne
1091 3522 1295 3577 civitas
1340 3523 1757 3592 supervenien—

64 3612 208 3667 tium
259 3610 671 3665 numerositate
719 3617 1034 3678 prematur,
1088 3616 1144 3665 et
1201 3623 1403 3665 eorum
1450 3609 1759 3678 provincias

64 3697 494 3768 depopulationi
539 3697 863 3764 tradantur,
913 3697 969 3752 in
1016 3697 1235 3752 consilii
1263 3697 1443 3752 habiti
1489 3688 1759 3752 eventila-

65 3788 215 3843 tione
268 3786 583 3855 reperiunt,
626 3798 917 3855 quatenus
960 3792 1384 3841 sacramentum
1432 3784 1627 3855 exigat
1671 3791 1757 3853 ty-

66 3888 289 3929 rannus
313 3888 348 3928 a
380 3872 615 3929 Francis
647 3894 669 3922 ι
702 3873 857 3943 quod
889 3886 1190 3941 nunquam
1222 3872 1337 3928 sint
1373 3871 1480 3927 sibi
1511 3871 1757 3927 nocituri

67 3962 156 4018 vel
189 3962 332 4018 suis.
361 3982 388 4011 »
422 3959 584 4027 Quod
615 3961 714 4016 ubi
744 3961 1194 4016 fuitnostrorum
1223 3960 1574 4030 primoribus
1593 3960 1757 4031 agni-

68 4059 212 4118 tum,
260 4064 474 4121 magna
518 4056 604 4104 est
658 4048 807 4105 illico
850 4048 1300 4105 subsannatione
1345 4057 1756 4118 contemptum.

69 4139 490 4209 Perpenderant
522 4136 689 4207 plane
732 4137 872 4207 quia
907 4137 955 4192 si
998 4152 1113 4207 quo
1146 4145 1310 4207 pacto
1357 4137 1569 4207 primos
1595 4151 1760 4192 exer-

66 4228 217 4283 citus
265 4240 299 4281 a
347 4232 526 4294 empto
566 4238 836 4280 exerrare
890 4225 1266 4295 contingeret,
1328 4232 1404 4281 tot
1456 4232 1762 4295 tantosque

1860 3169 2125 3240 Magnus,
2187 3167 2585 3235 Robertusque
2636 3164 3024 3232 Flandrensis,
3069 3172 3125 3220 et
3170 3165 3359 3221 caeteri
3392 3165 3559 3221 dixe—

1862 3264 2000 3315 runt
2030 3257 2170 3326 quia
2210 3266 2529 3323 nunquam.
2560 3259 2761 3308 contra
2792 3251 3045 3321 aliquem
3090 3253 3191 3322 qui
3236 3253 3562 3309 Christiano

1861 3351 2164 3400 censeatur
2221 3341 2551 3412 agnomine,
2610 3354 2774 3395 arma
2817 3340 3150 3409 portabunt.
3207 3341 3449 3411 Insuper
3506 3349 3562 3398 et

1866 3429 2239 3487 Boemundus
2268 3429 2462 3484 intulit
2488 3428 2630 3499 quia
2660 3426 2707 3483 si
2747 3427 2963 3483 bellum
3007 3427 3334 3496 imperatori
3363 3443 3563 3484 move-

1865 3525 1969 3580 ret,
2008 3525 2063 3573 et
2128 3524 2487 3572 sacramenta
2529 3515 2854 3571 securitatis
2902 3516 3199 3582 abnueret,
3263 3516 3564 3586 imperato-

1864 3606 1965 3661 ria:
1995 3604 2111 3673 ipse
2142 3604 2558 3659 adminiculum
2591 3603 2768 3673 partis
2786 3603 3073 3659 existeret.
3125 3604 3327 3673 Itaque
3377 3616 3563 3658 comes

1865 3691 2286 3749 communicato
2333 3705 2465 3747 cum
2525 3704 2766 3746 suorum
2821 3705 3055 3760 quoque
3109 3691 3562 3746 necessariorum

1864 3779 2098 3837 consilio
2147 3777 2269 3851 [al.,
2311 3793 2444 3834 eum
2498 3779 2619 3834 suis
2650 3777 2930 3848 consilio],
2966 3800 2987 3827 ι
3035 3778 3168 3835 vitae
3216 3792 3282 3834 ac
3327 3779 3562 3834 honoris

1867 3867 2320 3932 indemnitatem,
2354 3888 2375 3915 ι
2421 3867 2580 3937 jurat
2612 3866 2776 3922 Alexi
2811 3866 3004 3936 impio,
3056 3866 3211 3937 quod
3252 3888 3279 3915 «
3312 3881 3417 3922 nec
3463 3881 3564 3936 per

1866 3971 1927 4013 se
1974 3954 2254 4022 videlicet,
2311 3968 2504 4024 neque
2569 3954 2905 4024 opitulando
2965 3955 3082 4022 alii,
3145 3954 3299 4011 illius
3346 3955 3562 4011 faveret

1863 4044 2057 4102 exitio.
2096 4066 2116 4092 ι
2168 4042 2437 4114 Cumque
2476 4043 2529 4099 ei
2592 4043 2835 4099 verbum
2883 4043 2953 4098 de
2983 4043 3238 4100 hominio
3288 4044 3564 4114 replicas-

1869 4140 2012 4202 sent,
2046 4132 2191 4188 dixit
2221 4146 2279 4187 se
2315 4132 2521 4201 capitis
2559 4131 2728 4187 malle
2777 4129 2974 4187 subire
3018 4132 3339 4201 periculum
3386 4147 3565 4204 quam

1868 4222 1967 4277 tali
1997 4221 2164 4276 modo
2196 4234 2256 4276 se
2289 4220 2338 4276 ei
2363 4220 2480 4276 fore
2511 4219 2853 4276 obnoxium.

66 4316 279 4371 milites
322 4313 738 4383 stipendiorum
781 4313 974 4382 inopes
1030 4312 1225 4379 factos,
1270 4321 1468 4369 contra
1515 4328 1583 4370 ea
1629 4327 1761 4384 qua;
1798 4308 1842 4361 D
1938 4310 2163 4364 Interea
2208 4308 2522 4364 Boemundi
2579 4307 2871 4364 exercitus
2928 4306 3569 4377 Constantinopolitanis

68 4403 335 4460 fecissent
372 4409 754 4462 sacramenta.
807 4401 1021 4470 perfido
1073 4400 1317 4471 principi
1363 4401 1573 4457 inferre
1611 4416 1762 4471 prae-

69 4494 213 4547 lium
252 4497 551 4560 oporteret.
584 4490 655 4544 Et
683 4496 852 4556 certe,
887 4510 915 4537 ‹‹
943 4489 991 4544 si
1021 4489 1206 4555 nobis,
1240 4489 1536 4560 inquiunt,
1569 4490 1766 4546 nullus

67 4578 427 4635 incumberet
477 4578 647 4634 timor
698 4578 1049 4644 futurorum,
1103 4578 1158 4632 id
1205 4578 1412 4644 solum,
1462 4578 1618 4648 quod
1668 4591 1767 4647 per

66 4666 359 4724 Graeculos
408 4666 560 4729 istos,
610 4666 872 4721 omnium
925 4664 1320 4732 inertissimos,
1365 4667 1564 4736 jurare
1607 4680 1768 4737 coge-

68 4768 290 4820 remur,
323 4754 490 4810 nobis
516 4762 662 4810 esset
705 4753 1052 4823 sempiterne
1082 4753 1438 4823 pudendum.
1473 4752 1647 4808 Plane
1670 4767 1769 4808 eos

68 4846 328 4901 dicturos
359 4842 592 4898 minime
620 4841 988 4912 ambigimus,
1020 4841 1178 4911 quia,
1208 4840 1453 4896 velimus
1496 4840 1765 4908 nolimus,

73 4934 329 5003 ipsorum
364 4930 599 5000 imperio
621 4930 1003 4999 paruerimus.
1034 4950 1054 4976 ι

144 5019 235 5075 Ad
267 5019 387 5073 haec
433 5018 759 5086 imperator,
805 5015 1176 5072 fortissimum
1222 5015 1620 5073 Boemundum
1669 5028 1771 5084 ag-

76 5107 359 5179 greditur,
388 5113 443 5161 et
464 5105 804 5161 muneribus
827 5112 991 5174 parat
1012 5103 1237 5160 allicere
1259 5117 1430 5174 quem
1453 5103 1771 5174 plurimum

77 5194 409 5251 verebatur.
445 5192 596 5248 Bello
626 5193 778 5248 enim
813 5206 947 5249 eum
983 5205 1133 5262 saepe
1169 5192 1411 5261 vicerat;
1435 5198 1492 5246 et
1522 5191 1645 5246 ideo
1690 5190 1771 5245 illi

80 5283 272 5353 potius
300 5293 477 5350 quam
510 5281 730 5335 caeteris
758 5278 1091 5334 imminebat
1138 5292 1312 5348 quem
1352 5290 1527 5333 suum
1553 5276 1770 5346 specia-

82 5372 214 5426 liter
266 5367 544 5425 wmulum
601 5366 964 5438 agnoscebat.
1016 5364 1264 5435 Spondet
1314 5378 1450 5435 ergo
1498 5364 1549 5419 ei
1603 5363 1774 5434 quin-

82 5457 266 5514 decim
320 5456 539 5512 dietum
596 5456 799 5511 itinere
853 5461 1064 5509 terram
1120 5454 1303 5509 eidem
1358 5466 1418 5508 se
1476 5452 1773 5515 daturum,

82 5544 229 5601 citra
270 5542 652 5612 Antiochiam,
693 5543 754 5598 in
800 5540 1180 5614 longitudine,
1232 5547 1357 5597 octo
1403 5538 1781 5596 nihilominus

1870 4396 2102 4453 arcibus
2132 4396 2576 4466 propinquabat.
2610 4395 2944 4451 Tancredus
2988 4394 3199 4465 itaque,
3235 4409 3566 4451 sacramen-

1870 4486 1943 4541 tis
1974 4499 2106 4557 quze
2140 4484 2524 4554 exigebantur
2560 4484 2633 4540 ab
2688 4484 3030 4553 imperatore
3075 4482 3400 4552 compertis,
3434 4497 3564 4539 cum

1871 4588 1947 4643 ea
1984 4587 2163 4644 quam
2209 4572 2483 4628 ductabat
2506 4572 2663 4628 omni
2690 4586 2829 4641 pene
2858 4571 3171 4627 Boemundi
3222 4570 3567 4639 frequentia,

1873 4661 2065 4718 Sancti
2122 4659 2347 4731 Georgii
2404 4660 2661 4716 celeriter
2718 4659 3029 4714 Brachium
3079 4657 3567 4727 praetergreditur.

1874 4751 1961 4807 Ad
1991 4750 2132 4817 haec,
2166 4748 2359 4803 Sancti
2406 4748 2594 4819 Egidii
2637 4747 2859 4803 comitis
2904 4745 3210 4810 exercitus,
3262 4758 3364 4815 per
3404 4745 3565 4816 ejus-

1873 4839 2000 4895 dem
2032 4836 2191 4893 urbis
2216 4836 2466 4892 confinia
2495 4843 2682 4891 castra
2731 4834 2993 4904 ponendo
3043 4833 3417 4904 diSpergitur.
3459 4831 3571 4898 Qui

1875 4939 2063 4981 comes
2112 4923 2321 4980 ibidem
2368 4938 2501 4980 cum
2559 4923 2680 4979 suis
2733 4922 2907 4992 copiis
2962 4920 3384 4991 aliquantisper
3433 4919 3574 4976 desi-

1877 5014 2008 5069 dere
2058 5012 2357 5082 disposuit.
2406 5010 2773 5067 Boemundus
2817 5010 2992 5065 etiam
3038 5023 3169 5065 cum
3227 5008 3573 5078 imperatore

1878 5101 2170 5168 remansit,
2207 5109 2267 5157 ut
2296 5114 2429 5156 cum
2466 5115 2532 5155 eo
2582 5097 2793 5154 valeret
2825 5106 3070 5154 tractare
3114 5096 3398 5163 licentius,
3430 5110 3573 5167 qua-

1882 5197 2047 5246 tenus
2089 5188 2368 5259 imperiali
2418 5187 2623 5255 edicto,
2682 5200 2785 5257 pro
2831 5185 3203 5242 convehendo
3231 5184 3573 5241 victualium

1883 5275 2141 5345 undique
2192 5275 2441 5345 negotio,
2510 5273 2780 5344 gentibus
2854 5279 3016 5326 trans
3062 5270 3313 5327 Nicaeam
3378 5270 3574 5341 positis

1883 5363 2266 5420 denuntiaret.
2310 5360 2648 5418 Godefridus
2695 5367 2888 5415 autem
2925 5359 3071 5426 dux,
3121 5357 3223 5429 qui
3280 5372 3577 5428 praecesse-

1884 5459 2012 5522 rat,
2064 5466 2195 5509 cum
2252 5449 2543 5506 Tancredo
2621 5454 2770 5503 389
2845 5449 3105 5518 pervenit
3157 5447 3573 5517 Nicomediam,

1884 5540 2187 5596 Nicomede
2230 5547 2483 5604 auctore,
2528 5538 2629 5607 qui
2680 5537 2972 5607 subegisse
3022 5536 3322 5603 Caesarem,
3374 5542 3430 5591 et
3460 5550 3578 5591 non
