3920 6080
278 279 384 332 ’719

1175 274 1233 328 ν.
1276 271 1613 331 GUIBERTI
1651 271 1942 328 ABBATIS
1980 272 2036 328 S.
2079 272 2322 328 MARUE
2361 271 2452 327 DE
2490 271 2886 329 NOVIGENTO

3681 272 3788 325 720

283 407 686 478 triumphasse,
753 407 809 462 in
864 404 1157 474 triumpho
1229 411 1498 460 cantatur
1553 403 1856 476 insignem,
1911 411 1969 459 et
2005 404 2466 474 Apedententim
2525 405 2670 460 alter
2723 412 2847 474 post
2905 404 3148 461 alterum
3217 417 3437 474 capere
3492 403 3780 475 progredi.

282 498 473 553 triduo
503 512 636 552 cum
665 496 784 551 suis
815 502 1058 564 uterque
1098 494 1275 563 copiis
1321 493 1530 549 mansit
1569 494 1799 550 ibidem.
1839 495 1975 548 Per-

283 585 536 655 pendens
567 585 759 652 itaque
792 583 916 637 dux
970 582 1321 652 quibusdam
1355 583 1476 638 vias
1508 582 1813 651 prapediri
1844 583 1973 637 obi-

280 673 463 736 cibus,
489 685 592 725 nec
631 671 958 726 facultatem
1004 679 1323 740 suppetere,
1358 685 1476 740 qua
1507 671 1652 726 tanti
1701 684 1978 726 numero-

279 760 414 815 sitas
439 758 728 814 exercitus
757 759 1006 814 Nicaam
1046 759 1260 814 valeret
1297 758 1481 824 adire;
1520 758 1796 828 quoniam
1827 772 1975 823 eam,

279 859 396 917 qua
453 845 602 900 Petri
647 847 899 902 eremita
959 846 1217 902 homines
1271 845 1623 900 transierant
1686 846 1974 910 semitam,

281 942 439 990 tanta
489 948 605 989 non
651 942 836 1004 posset
884 934 1172 990 ullatenus
1216 933 1524 989 multitudo
1588 933 1976 1004 pratergredi,

279 1021 489 1078 direxit
518 1029 651 1078 ante
679 1037 738 1078 se
767 1023 878 1078 tria
909 1023 1208 1078 hominum
1230 1020 1406 1075 millia
1439 1035 1573 1076 cum
1604 1021 1774 1076 asciis
1805 1029 1980 1091 atque

281 1114 599 1179 securibus,
667 1110 769 1180 qui
828 1110 1061 1165 callium
1130 1110 1574 1180 prapedimenta
1621 1108 1978 1175 dirimerent,

280 1197 503 1269 iterque
554 1199 711 1253 fieret
759 1196 1024 1262 liberum,
1079 1197 1386 1265 aperiendo
1433 1195 1731 1265 angustias
1793 1209 1981 1264 usque

279 1286 550 1342 Nicaam.
595 1286 735 1340 Erat
782 1291 974 1339 autem
1009 1283 1098 1337 via
1137 1283 1544 1338 incredibiliter
1583 1281 1767 1336 ardua
1799 1280 1983 1349 perni-

280 1372 392 1426 mis
439 1385 700 1441 scrupea,
746 1378 801 1426 et
851 1371 1092 1425 minacis
1140 1371 1499 1439 proceritatis
1531 1377 1804 1424 montana
1845 1383 1981 1438 pro-

281 1461 528 1516 cedens:
576 1474 773 1530 quam,
822 1462 920 1529 qui
947 1460 1225 1528 pramissi
1276 1460 1521 1524 fuerant,
1567 1458 1776 1513 excisis
1805 1457 1983 1512 cauti-

283 1548 393 1603 bus
437 1548 758 1613 dilatantes,
806 1561 1005 1602 cruces
1048 1546 1257 1601 ferreas
1299 1547 1646 1615 ligneasque
1693 1545 1983 1614 stipitibus

283 1637 655 1705 imponebant
676 1635 806 1690 altis
837 1654 852 1688 :
904 1644 966 1690 ut
996 1637 1174 1690 nostri
1207 1650 1319 1689 non
1345 1634 1738 1689 exorbitarent
1783 1648 1816 1687 a
1863 1637 1979 1687 tra-

283 1725 436 1791 mite,
474 1725 653 1795 signis
680 1725 909 1780 eminus
954 1725 1210 1793 stipitum
1259 1723 1414 1778 visis.
1460 1723 1713 1778 Tandem
1775 1735 1984 1776 venere

283 1815 554 1880 Nicaam,
601 1827 732 1882 qua
763 1813 936 1867 totius
973 1812 1262 1867 Bouiania
1329 1810 1656 1880 metropolis
1704 1817 1788 1864 est
1843 1808 1984 1863 civi-

285 1910 391 1968 tas,
426 1901 822 1970 Bithyniaque
851 1907 1045 1968 caput,
1099 1906 1484 1954 trecentorum
1525 1899 1718 1953 decem
1757 1905 1812 1952 et
1860 1905 1985 1952 octo

287 1990 523 2045 Patrum
571 1990 788 2058 synodo
837 1989 1032 2055 clara;
1087 1988 1184 2042 sed
1233 1987 1488 2042 Omousii
1545 1987 1876 2052 assertione,
1931 1993 1986 2040 et

284 2078 402 2133 Arii
429 2077 798 2132 damnatione
845 2076 1217 2146 praclarior:
1267 2075 1565 2144 pridieque
1610 2075 1739 2130 Maii
1771 2075 1982 2138 Nonas,

285 2167 439 2222 circa
473 2166 630 2221 urbis
671 2165 1024 2221 territorium
1071 2173 1262 2220 castra
1307 2165 1520 2231 sedere,
1575 2163 1737 2218 tertio
1767 2177 1840 2217 ex
1871 2177 1986 2231 quo

287 2267 322 2308 a
397 2253 725 2308 Nicomedia
781 2260 1134 2307 recesserant
1206 2249 1314 2306 die.
1398 2256 1723 2320 Antequam
1792 2257 1985 2304 autem

288 2341 602 2396 Boemundi
644 2341 980 2396 adventaret
1014 2339 1323 2406 exercitus,
1372 2347 1532 2394 tanta
1579 2340 1743 2408 panis
1786 2337 1864 2392 ibi
1895 2338 1988 2392 di-

287 2431 438 2484 citur
485 2427 766 2484 exstitisse
816 2429 1077 2496 penuria,
1131 2437 1193 2482 ut
1244 2441 1398 2482 unus
1424 2426 1587 2494 panis
1631 2434 1732 2481 aut
1775 2425 1990 2481 vicenis

288 2524 389 2571 aut
439 2516 672 2571 tricenis
722 2517 975 2570 denariis
1014 2515 1374 2569 venderetur.
1429 2513 1496 2566 Ai
1525 2513 1894 2569 Boemundus
1925 2521 1988 2570 ut

289 2605 491 2671 adfuit,
555 2602 838 2658 maximas
877 2616 1248 2672 quorumque
1292 2602 1585 2656 venalium
1633 2603 1842 2670 copias,
1876 2611 1985 2658 ter-

288 2705 470 2761 raque
504 2691 769 2759 marique
797 2691 988 2746 evexit
1031 2690 1164 2761 [al.,
1198 2690 1486 2752 convexit,
1522 2690 1848 2760 contraxit],
1881 2700 1990 2746 sta-

289 2784 510 2854 timque
548 2784 807 2838 omnium
863 2787 995 2838 usui
1045 2791 1314 2851 aptorum
1351 2781 1644 2851 opulentia
1690 2782 1989 2852 repentina

289 2872 592 2927 confluxit.

959 2958 1189 3014 CAPUT
1228 2957 1317 3012 IV.

361 3049 478 3119 [V.]
510 3047 710 3102 Nicaa
741 3045 1028 3101 obsidetur
1068 3063 1106 3100 a
1137 3046 1382 3102 Francis
1416 3047 1472 3100 et
1497 3045 1747 3117 capitur.
1778 3074 1850 3086 —
1882 3046 1985 3100 Do-

290 3137 515 3191 minica
547 3149 683 3206 ergo
731 3136 821 3190 die
850 3134 1230 3202 Ascensionis,
1270 3149 1490 3204 coepere
1521 3149 1622 3203 pro
1671 3135 1853 3189 muris
1893 3148 1986 3189 ur-

289 3225 419 3280 bem
452 3224 837 3292 undecunque
879 3223 1207 3292 pervadere,
1257 3231 1311 3278 et
1339 3222 1635 3278 machinas
1676 3223 1980 3289 instruere,

291 3313 494 3382 phalas
537 3312 777 3382 erigere,
829 3312 1153 3367 instaurare
1195 3310 1537 3380 phalaricas,
1589 3324 1888 3366 murorum
1917 3325 1986 3366 ac

286 3400 538 3456 turrium
587 3413 757 3470 gyros
804 3399 1203 3468 frequentibus
1261 3412 1362 3468 per
1413 3400 1697 3454 ambitum
1751 3399 1984 3468 pulsare

289 3489 527 3544 balistis.
560 3489 742 3542 Tanta
777 3495 968 3542 autem
1010 3488 1337 3542 animorum
1381 3489 1697 3543 acrimonia
1736 3487 1984 3543 obsessio

289 3576 452 3633 urbis
483 3577 774 3645 incipitur,
823 3583 886 3630 ut
932 3575 1110 3630 solius
1160 3575 1320 3630 bidui
1371 3575 1521 3630 infra
1547 3578 1814 3645 spatium,
1861 3590 1986 3631 mu-

289 3679 382 3720 ros
425 3662 754 3719 effoderent.
799 3663 1008 3719 Verum
1053 3663 1246 3731 Turci,
1304 3664 1405 3733 qui
1445 3665 1729 3720 civitatem
1763 3665 1981 3720 obtine-

287 3752 446 3818 bant,
506 3753 577 3808 ad
629 3753 772 3807 alias
819 3752 1055 3807 nuntios
1111 3753 1373 3808 civitates
1428 3754 1710 3824 dirigunt,
1765 3769 1884 3824 quo
1911 3753 1983 3808 ad

288 3856 401 3910 eos,
457 3841 668 3897 scilicet
718 3855 882 3910 opem
941 3840 1138 3908 laturi,
1196 3842 1591 3898 conveniant:
1669 3858 1733 3898 eo
1781 3843 1984 3912 utique

288 3934 478 3996 modo,
531 3938 593 3984 ut
638 3929 1031 3984 indubitanter
1073 3942 1174 3997 per
1217 3929 1594 3984 meridianam
1641 3938 1861 3998 portam
1895 3932 1982 3984 in—

286 4026 529 4085 troeant,
580 4018 858 4087 quoniam
918 4032 984 4072 ea
1024 4031 1168 4086 pars
1216 4017 1287 4072 ab
1337 4018 1630 4072 obsidione
1683 4017 1756 4070 sit
1804 4015 1983 4070 libera

287 4119 393 4160 nec
457 4105 732 4174 opitulari
787 4103 1111 4158 volentibus
1167 4103 1282 4159 illic
1338 4105 1471 4172 ipsis
1520 4103 1676 4158 ullus
1730 4102 1980 4157 obsistet.

290 4192 452 4247 Unde
494 4193 734 4262 contigit
781 4200 844 4246 ut
886 4205 954 4245 ea
1006 4192 1128 4259 ipsa
1165 4191 1276 4256 die,
1318 4205 1450 4245 cum
1504 4191 1820 4246 Sabbatum
1858 4197 1981 4258 post

2085 494 2191 558 Qui
2245 508 2278 548 a
2325 494 2535 549 nostris
2573 501 2885 564 gratanter,
2935 500 3000 548 ut
3049 493 3304 559 decebat,
3357 492 3594 561 excepti,
3641 505 3790 547 casa

2084 597 2189 637 sua
2237 583 2441 652 capita,
2498 597 2601 652 pro
2643 582 2960 637 testimonio
2998 589 3324 636 nostrorum
3371 580 3640 646 victoria,
3691 594 3790 635 re-

2085 670 2404 740 liquerunt.
2436 673 2572 734 Qua
2605 678 2728 738 post
2759 683 2960 725 eorum
2993 669 3187 739 fugam
3233 668 3451 724 balistis
3492 682 3558 723 ac
3590 668 3787 723 fundis

2084 759 2155 813 ad
2188 766 2464 814 terrorem
2499 757 2822 828 gentilium,
2857 757 3308 826 projiciebantur
3339 758 3395 810 in
3430 757 3652 812 urbem.

2156 847 2228 903 At
2269 847 2447 902 beata
2487 847 2773 902 memoria
2826 845 3118 900 Podiensis
3164 845 3480 914 episcopus,
3532 853 3584 899 et
3633 844 3790 900 San-

2085 936 2160 992 cti
2190 935 2372 1006 Egidii
2421 949 2609 990 comes
2646 934 3046 1004 Raymundus,
3094 934 3439 989 infirmando
3478 934 3638 989 urbis
3665 943 3787 988 sta-

2087 1023 2169 1080 tui
2201 1022 2540 1090 insistentes,
2577 1023 2782 1078 turrim
2815 1022 3150 1092 quamdam,
3201 1036 3331 1092 qua
3369 1029 3490 1076 erat
3519 1022 3786 1090 ipsorum

2086 1111 2359 1181 contigua
2408 1111 2626 1178 castris,
2681 1110 2842 1166 factis
2874 1111 3071 1166 subter
3113 1111 3184 1165 ad
3232 1111 3359 1181 ejus
3405 1110 3790 1165 fundamenta

2086 1199 2416 1255 enervanda
2445 1198 2748 1265 cuniculis,
2796 1198 3100 1254 destituere
3137 1197 3390 1269 aggressi
3440 1205 3592 1252 sunt.
3648 1197 3792 1252 Fos-

2087 1287 2314 1343 soribus
2341 1287 2520 1356 igitur
2566 1286 2638 1342 ad
2688 1287 2808 1341 hac
2849 1286 3147 1342 efficienda
3192 1287 3405 1353 locatis,
3456 1300 3586 1341 cum
3640 1285 3790 1340 arci-

2088 1375 2327 1442 balistis,
2363 1383 2418 1430 et
2463 1374 2736 1440 arcubus,
2776 1381 2831 1429 et
2880 1374 3124 1429 balearis
3166 1374 3402 1429 habena
3450 1373 3786 1438 tortoribus,

2089 1464 2302 1534 pariter
2359 1462 2789 1518 suffodientium
2844 1463 3167 1518 defensores
3219 1464 3533 1517 adduntur.
3585 1463 3790 1530 Itaque

2091 1566 2275 1623 usque
2313 1551 2384 1606 ad
2413 1551 2513 1607 soli
2547 1551 2896 1606 subsidentis
2943 1550 3332 1606 extremitates
3372 1565 3500 1606 arce
3533 1550 3779 1613 succisa,

2091 1639 2500 1696 nutabundum
2554 1639 2777 1692 interim
2832 1639 3105 1706 parietem
3157 1640 3329 1709 tignis
3381 1637 3790 1705 asseribusque

2089 1735 2431 1794 sustentant,
2461 1735 2514 1782 et
2559 1728 2784 1796 penitus
2821 1727 3045 1782 adiﬁcii
3093 1729 3247 1782 calce
3283 1727 3403 1796 jam
3453 1727 3666 1793 diruto,
3709 1725 3791 1780 sic

2093 1817 2284 1887 ignem
2317 1816 2589 1886 subjectis
2620 1815 2882 1870 trabibus
2916 1815 3045 1870 inde
3065 1815 3384 1885 subjiciunt
3417 1830 3428 1869 :

2164 1905 2266 1960 Ast
2297 1904 2395 1958 ubi
2427 1903 2626 1958 nubila
2659 1916 2773 1956 nox
2810 1901 3016 1956 indixit
3048 1903 3321 1972 utrinque
3351 1902 3625 1971 quietem,

2164 1993 2349 2062 Lapsa
2374 1991 2506 2046 facit
2535 1989 2785 2046 subitam
2819 1991 2995 2044 turris
3024 1999 3270 2045 castrata
3300 1991 3526 2044 ruinam
3561 2004 3574 2042 :

2165 2081 2444 2150 Tempora
2479 2079 2574 2135 sed
2606 2079 2788 2133 noctis
2831 2078 2971 2147 quia
3013 2085 3149 2134 sunt
3180 2078 3371 2132 minus
3401 2087 3531 2146 apta
3559 2075 3788 2137 duellis,

2167 2169 2534 2238 Francigena
2563 2174 2804 2233 cessant,
2838 2180 2908 2220 ne
2937 2166 3151 2220 Turcos
3183 2173 3346 2221 nocte
3375 2165 3673 2220 lacessant.

2166 2258 2316 2312 Illico
2346 2265 2536 2311 tamen
2579 2255 2770 2318 Turci,
2819 2269 2920 2323 pro
2965 2268 3083 2308 sua
3114 2253 3315 2309 salutis
3344 2253 3580 2308 tuitione
3630 2252 3786 2307 solli-

2094 2346 2208 2413 citi,
2263 2353 2377 2400 tota
2419 2344 2728 2414 sagacitate
2780 2349 3186 2411 consurgunt:
3231 2351 3285 2396 et
3329 2355 3562 2395 murum
3610 2349 3786 2396 tanta

2096 2435 2303 2490 ibidem
2365 2431 2736 2497 fortitudinis,
2783 2438 2942 2484 tanta
2999 2430 3284 2484 celeritate
3344 2429 3675 2493 restituunt,
3722 2437 3790 2485 ut

2097 2521 2366 2593 postridie
2417 2519 2644 2575 nullum
2707 2533 2801 2573 eos
2842 2516 3085 2572 ladendi
3143 2517 3400 2572 valerent
3456 2517 3635 2571 nostri
3699 2532 3790 2573 re-

2096 2611 2278 2682 perire
2328 2610 2536 2664 locum.
2591 2611 2810 2662 Interea
2866 2607 2991 2671 loci,
3045 2620 3242 2661 recens
3283 2605 3600 2660 adveniunt
3655 2606 3790 2670 viri,

2097 2713 2392 2755 armorum
2441 2699 2618 2767 gloria
2669 2695 3043 2761 celeberrimi,
3103 2695 3453 2762 comitesque
3502 2693 3791 2759 ditissimi,

2096 2789 2164 2844 de
2195 2787 2412 2857 quibus
2445 2798 2623 2854 supra
2669 2784 2914 2853 egimus,
2956 2797 3087 2837 cum
3123 2781 3464 2851 frequentiis
3497 2795 3627 2851 qua
3681 2781 3794 2835 sibi

2095 2877 2448 2931 cohaserant
2477 2873 2848 2939 militaribus;
2881 2871 2951 2925 ad
2985 2884 3233 2941 quorum
3262 2870 3573 2925 adventum
3603 2871 3797 2924 omnis

2021 2976 2064 3032 ο
2096 2965 2189 3020 ille
2217 2961 2443 3018 Domini
2473 2960 2845 3030 conjubilavit
2873 2960 3158 3014 exercitus
3190 2973 3202 3012 :
3253 2957 3793 3013 Northmannorum

2097 3053 2311 3109 scilicet
2357 3063 2544 3106 comes
2593 3049 2894 3113 Robertus,
2941 3057 2995 3102 et
3031 3045 3401 3102 Carnotensis
3443 3061 3631 3101 comes
3675 3046 3795 3102 Ste-

2091 3141 2345 3211 phanus.

2163 3227 2301 3299 [VL]
2341 3225 2522 3297 Igitur
2551 3223 2939 3289 Boemundus,
2987 3223 3196 3278 urbem
3236 3222 3458 3278 obsedit
3514 3235 3545 3276 a
3578 3222 3788 3284 fronte.

2089 3330 2144 3379 et
2173 3322 2505 3376 Tancredus
2551 3334 2585 3374 a
2615 3320 2818 3387 latere;
2871 3319 3034 3374 tertio
3064 3318 3204 3386 loco,
3257 3318 3378 3373 dux
3409 3317 3789 3386 Godefridus;

2089 3418 2316 3481 quarto,
2363 3409 2801 3464 Flandrensium
2839 3422 3051 3476 comes;
3085 3407 3290 3477 quinto
3341 3421 3528 3462 comes
3574 3406 3791 3462 North-

2089 3498 2430 3566 mannicus;
2491 3504 2650 3552 sexto
2692 3496 2884 3552 Sancti
2941 3495 3130 3566 Egidii
3188 3510 3394 3561 comes,
3454 3503 3509 3550 et
3555 3496 3796 3551 Podien-

2089 3589 2166 3644 sis
2193 3589 2508 3657 episcopus.
2569 3587 2653 3640 lta
2700 3599 2835 3640 vero
2874 3598 3001 3639 eam
3060 3584 3319 3639 obsidere
3352 3585 3681 3645 intendunt.
3728 3591 3795 3640 ut

2089 3675 2317 3731 nullum
2351 3673 2675 3729 introeundi
2706 3673 3076 3742 exeundique
3107 3673 3317 3728 obsessi
3351 3674 3600 3741 reperire
3649 3673 3796 3740 qui-

2090 3771 2216 3818 rent
2270 3763 2512 3818 aditum.
2563 3763 2698 3816 Erat
2749 3775 2885 3830 ergo
2939 3760 3014 3815 ibi
3070 3759 3434 3814 considerare
3486 3760 3795 3815 collectum

2089 3852 2262 3907 totius
2317 3852 2668 3906 Francorum
2721 3849 2988 3927 militia,‘
3030 3848 3361 3914 nobilitatis,
3443 3848 3793 3917 prudentia,

2091 3953 2504 4009 armorumque
2551 3937 2915 3993 claritudinis
2987 3942 3141 3992 390
3207 3937 3438 4005 ﬂorem;
3510 3950 3654 4006 quos
3733 3937 3795 3990 in

2088 4027 2340 4098 equestri
2385 4026 2750 4081 loricatorum
2802 4025 3276 4095 galeatorumque
3332 4025 3547 4088 decore,
3601 4025 3638 4078 ii
3684 4024 3796 4094 qui

2089 4116 2450 4171 exercituum
2479 4117 2833 4184 quantitates
2867 4115 3156 4182 pensitare
3186 4113 3521 4179 didicerant,
3552 4121 3793 4168 centum

2089 4204 2316 4259 circiter
2355 4203 2534 4258 millia
2585 4209 2878 4271 putavere.
2928 4201 3102 4256 Porro
3162 4201 3434 4270 pedestris
3489 4200 3793 4270 populosi-

287 4281 512 4335 Domini
544 4279 943 4336 Ascensionem
985 4286 1149 4341 esset,
1200 4293 1235 4333 a
1281 4279 1485 4334 comite
1541 4279 1732 4334 Sancti
1763 4279 1971 4348 Egidii,
2013 4272 2058 4325 D
2089 4299 2260 4348 mem
2293 4291 2498 4356 turbae,
2546 4299 2600 4345 ει
2647 4290 2873 4345 morum
2915 4303 3225 4344 numerum
3267 4290 3366 4358 qui
3423 4288 3791 4344 assecjaban-

286 4375 342 4422 et
400 4381 434 4421 a
494 4368 768 4422 Podiense
814 4366 1078 4435 episcopo
1133 4374 1308 4435 porta
1380 4367 1572 4421 aditus
1627 4369 1972 4422 muniretur.

286 4457 506 4512 Accidit
537 4457 612 4511 ibi
645 4470 736 4511 res
785 4456 924 4510 clari
970 4455 1201 4512 nomine
1242 4457 1418 4526 digna
1461 4458 1747 4513 facinoris.
1795 4461 1975 4528 Egre-

286 4545 416 4616 gius
447 4559 700 4615 namque
729 4559 916 4600 comes
945 4545 1143 4611 isdem,
1172 4559 1305 4601 cum
1326 4545 1505 4600 lidens
1523 4547 1593 4600 ad
1620 4547 1820 4611 Deum,
1850 4554 1974 4601 tum

285 4633 444 4689 fortis
489 4641 544 4690 et
569 4642 741 4702 aptus
786 4633 859 4688 ad
914 4647 1096 4700 arma,
1139 4647 1244 4688 nec
1292 4634 1484 4689 minus
1535 4634 1974 4690 instructissimo

283 4720 507 4776 cinctus
562 4720 822 4776 exercitu
873 4721 1073 4776 obvios
1121 4720 1326 4776 habuit
1375 4720 1818 4776 auxiliariorum
1880 4735 1975 4775 cu-

281 4823 420 4864 neos
451 4817 818 4878 properantes
845 4808 904 4863 in
953 4809 1176 4864 urbem.
1218 4808 1325 4874 Qui
1356 4808 1547 4864 animo
1589 4809 1797 4864 divina
1826 4809 1972 4864 sub-

281 4897 425 4953 sidio
455 4897 687 4953 virtutis
717 4897 938 4961 innixo,
987 4898 1324 4968 aggreditur
1371 4899 1586 4952 Turcos
1624 4905 1678 4952 et
1716 4906 1968 4966 superat,

280 4985 564 5055 compellit
612 4985 667 5039 in
717 4985 935 5055 fugam,
1007 4995 1344 5055 partemque
1395 4999 1593 5041 eorum
1656 4985 1969 5040 maximam

279 5081 530 5130 truncat.
565 5074 671 5129 Sed
702 5073 844 5129 fade
877 5074 1112 5143 repulsi,
1165 5088 1344 5129 novas
1384 5074 1690 5128 intendunt
1719 5073 1969 5129 conﬂare

276 5161 468 5232 copias
500 5178 512 5217 :
541 5155 792 5232 quarum
824 5163 907 5218 ﬁsi
940 5163 1290 5218 adminiculo
1319 5177 1452 5218 cum
1501 5163 1680 5218 multa
1707 5161 1968 5218 exsulta-

275 5250 428 5306 tione
482 5250 686 5306 iterare
744 5251 893 5306 bella
937 5251 1274 5318 decernunt,
1317 5251 1570 5307 advectis
1618 5251 1830 5321 pariter
1873 5265 1966 5307 se-

275 5352 410 5393 cum
459 5337 742 5396 funibus:
783 5340 1000 5409 quibus
1064 5347 1288 5396 nostros
1342 5339 1546 5410 ligatos
1596 5340 1964 5396 Corozaniam

275 5425 592 5480 abductare
631 5434 980 5496 proponunt.
1039 5428 1158 5482 Hac
1201 5441 1338 5498 ergo
1375 5441 1474 5497 spe
1501 5428 1640 5484 dum
1682 5429 1966 5486 extollun-

276 5523 374 5572 tur
402 5516 579 5584 inani,
613 5531 685 5573 ex
714 5532 984 5587 supremo
1016 5519 1245 5587 montis,
1285 5519 1388 5589 qui
1422 5519 1551 5576 urbi
1584 5520 1959 5591 prominebat,

2087 4387 2182 4436 tur
2208 4379 2592 4450 equestribus,
2628 4393 2786 4448 posse
2810 4378 2883 4433 ab
2915 4377 3111 4447 aliquo
3136 4377 3439 4446 supputari
3481 4392 3593 4432 non
3641 4377 3796 4431 asti-

2085 4483 2177 4524 mo
2221 4467 2466 4538 penitus.
2505 4469 2695 4533 Plane,
2731 4481 2846 4522 non
2878 4466 3042 4521 modo
3072 4481 3204 4536 qua
3233 4481 3266 4520 a
3297 4466 3608 4522 clientibus
3659 4467 3788 4520 sive

2083 4557 2381 4625 mancipiis
2431 4555 2613 4611 solent
2669 4556 2904 4624 praberi
2948 4555 3136 4611 officia
3195 4555 3544 4610 militaribus
3598 4568 3794 4623 perso-

2081 4648 2187 4712 nis,
2251 4647 2660 4703 deferebantur
2716 4661 2750 4702 a
2823 4646 3066 4715 talibus;
3125 4647 3221 4701 sed
3294 4645 3364 4700 ad
3437 4644 3784 4712 absidiones,

2081 4736 2151 4791 ad
2183 4734 2398 4805 pralia,
2436 4735 2576 4790 adeo
2620 4749 2822 4790 eorum
2871 4735 3058 4790 fuerat
3089 4735 3294 4800 virtus,
3344 4741 3399 4788 et
3441 4733 3624 4788 instar
3657 4733 3782 4788 leo-

2081 4825 2170 4880 nis
2198 4823 2443 4879 audacia
2490 4824 2806 4878 neeessaria
2860 4823 3196 4893 majoribus,
3246 4822 3329 4877 uti
3373 4821 3557 4877 solent
3613 4835 3781 4877 arma

2078 4911 2169 4966 vel
2226 4911 2496 4967 utensilia
2535 4911 2824 4980 qualibet,
2877 4911 3022 4967 bello
3078 4925 3180 4966 seu
3223 4923 3390 4979 opere
3426 4911 3790 4973 exercendis,

2075 5006 2398 5068 opportuna
2429 4999 2734 5069 aliquoties
2765 5013 2887 5056 esse
2918 5001 3206 5055 manibus.

2082 5085 2247 5159 [νη]
2289 5087 2483 5143 Dicere
2518 5087 2716 5144 nullus
2933 5088 3128 5144 Sermo
3157 5087 3388 5154 valebit,

2929 5177 3178 5247 Tempus
3208 5176 3415 5232 ibidem

2934 5264 3113 5319 Fulsit
3143 5263 3426 5319 honestas.

2929 5351 3212 5407 Germinis
3241 5364 3450 5422 agmen

2928 5440 3103 5496 Terra
3133 5453 3234 5510 per
3263 5441 3476 5507 orbem,

2926 5529 3169 5600 Singula
3192 5529 3238 5584 si
3270 5529 3358 5585 vis

2074 5175 2300 5241 Quanta
2329 5190 2425 5245 per
2452 5176 2638 5246 ipsum

2071 5263 2532 5332 Armipotentum

2071 5349 2211 5404 Tam
2242 5351 2501 5420 generosi

2071 5437 2242 5494 Nulla
2270 5442 2444 5495 coisse

2070 5525 2289 5584 Viderit
2319 5541 2588 5596 usquam.
