3914 6094
91 248 200 299 72f
1181 243 1398 298 GESTA
1435 242 1556 297 DEI
1596 240 1736 297 PER
1777 242 2107 298 FRANCOS.
2137 271 2206 281 —-
2251 242 2384 297 LIB.
2437 243 2532 298 Ill.
3523 249 3630 300 72‘2

94 378 307 447 Regna
338 383 615 444 retexam,
970 376 1257 446 Factaque
1287 374 1495 444 passim
1852 374 1898 426 Α
1927 372 2276 430 videbantur
2315 375 2525 430 habere
2564 383 2820 432 meatum
2853 392 2866 431 :
2917 391 2989 432 ex
3044 391 3161 447 quo
3209 375 3382 432 etiam
3427 376 3622 447 ligno-

95 467 312 522 Praelia
341 467 564 522 dicam:
961 467 1076 522 Aut
1108 481 1308 536 genus,
1344 473 1444 521 aut
1475 465 1589 520 vim
1919 475 2050 518 rum
2080 463 2394 532 pabulique
2428 464 2641 520 ﬁebant
2669 466 2770 531 eis,
2815 473 2869 520 et
2913 479 3401 535 quorumcunque
3449 466 3620 522 deve-

92 555 211 620 Qui
248 562 426 625 queat
453 555 681 623 horum,
961 555 1084 610 Non
1117 555 1224 610 erit
1251 555 1340 609 ille
1373 552 1496 626 [al.,
1527 552 1676 624 illic]
1920 549 2136 606 ctiones
2182 551 2431 606 utilium.
2482 551 2862 618 Quamobrem
2908 568 3188 622 proceres,
3240 559 3433 608 coacto
3486 568 3618 608 con-

92 645 508 714 quuiparare.
963 645 1124 708 Ecce,
1161 643 1354 698 relicta
1920 639 2068 702 cilio,
2101 653 2208 694 sua
2237 640 2497 695 omnium
2529 641 2840 696 assertione
2871 642 3206 706 decernunt,
3243 649 3306 696 ut
3345 642 3416 696 ad
3458 642 3621 710 prin-

94 734 244 788 Sede
272 741 602 802 parentum,
963 732 1197 786 Fuedera
1231 732 1415 785 vitant
1920 729 2101 797 cipem
2136 729 2825 798 Constantinopolitanum
2870 729 3074 798 legatio
3104 729 3442 793 destinetur,
3491 745 3623 799 quae

93 821 522 891 Conjugiorum
553 835 564 874 :
962 820 1210 889 Pignora
1236 819 1488 884 sordent,
1919 825 2194 886 suggerat
2228 831 2400 872 naves
2431 818 2892 888 quamplurimas
2921 819 3241 874 Civizenam
3300 817 3416 889 [al.,
3462 817 3619 874 Cizi-

96 911 280 963 Pi'ena
310 909 513 963 domus
543 915 717 978 sunt;
967 909 1166 962 Fervet
1197 908 1253 960 in
1280 906 1434 960 omni
1917 904 2141 974 cenam]
2194 920 2377 974 usque
2427 906 2627 960 urbem
2676 907 2879 961 debere
2934 906 3187 975 perduci,
3242 906 3341 960 ubi
3389 913 3618 974 portum

95 997 281 1052 Milite
311 1010 453 1051 cura
961 994 1388 1063 Martyriorum.
1919 1001 2138 1048 constat
2171 993 2398 1062 haberi;
2433 1007 2499 1048 ac
2529 995 2732 1050 deinde
2769 995 2980 1050 bonum
3015 995 3138 1050 sine
3186 1008 3429 1049 numero
3459 995 3619 1062 paria

92 1087 368 1154 Cumque
395 1084 614 1138 cruoris
961 1084 1162 1139 Omine
1190 1083 1297 1137 fusi
1919 1081 2272 1151 conglobari,
2333 1081 2432 1150 qui
2481 1097 2577 1137 eas
2622 1097 2721 1152 per
2767 1092 3067 1139 montanas
3129 1083 3421 1152 silvasque
3487 1097 3623 1137 con-

92 1173 298 1228 Turba
327 1173 610 1236 trahatur,
960 1172 1098 1238 Quis
1131 1170 1378 1239 reperire
1918 1175 2160 1236 vectent,
2195 1169 2379 1224 donec
2411 1170 2678 1238 praedicto
2714 1171 3042 1227 inserantur
3075 1171 3243 1227 lacui.
3278 1171 3392 1226 Nec
3434 1184 3618 1235 mora,

95 1261 284 1317 Possit
316 1261 600 1316 inertem?
957 1260 1211 1329 Quisque
1246 1258 1423 1314 leonis
1919 1254 2087 1309 velox
2155 1255 2340 1323 operis
2395 1257 2685 1311 exsecutio
2743 1257 3057 1312 deliberata
3117 1271 3184 1310 ac
3230 1255 3614 1323 expostulata,

94 1353 336 1405 Pectore
369 1349 570 1405 fertur.
954 1349 1106 1418 Ergo
1136 1348 1338 1403 Nicaeae
1921 1343 2177 1412 principe
2208 1351 2554 1411 maturante,
2587 1347 2992 1414 prosequitur:
3035 1345 3363 1414 pariterque
3425 1343 3460 1396 ii
3515 1342 3619 1412 qui

95 1438 316 1493 Moenia
337 1438 508 1508 cingi,
955 1437 1195 1492 Cernere
1228 1439 1480 1505 gratum.
1918 1439 2202 1488 vocantur
2231 1433 2550 1500 Turcopoli,
2587 1448 2733 1502 quos
2765 1448 2880 1488 non
2911 1433 3052 1487 alios
3092 1446 3269 1502 quam
3310 1431 3619 1486 familiares

95 1525 356 1593 Campus
383 1539 668 1594 equorum
966 1524 1126 1578 Flore
1156 1523 1391 1589 nitebat,
1917 1521 2044 1589 ejus
2076 1520 2308 1575 militias
2335 1521 2730 1590 intelligimus,
2765 1521 3116 1591 diriguntur.
3169 1519 3447 1575 Adductis
3475 1534 3617 1589 ergo

94 1614 169 1667 Et
204 1613 578 1682 phalerarum
964 1613 1167 1667 Forma
1197 1625 1490 1680 sonusque
1847 1665 1888 1682 η
1917 1615 2086 1676 prout
2119 1607 2393 1676 principis
2424 1608 2664 1676 urgebat
2723 1607 3050 1677 imperium,
3107 1607 3415 1676 puppibus,
3469 1606 3614 1675 ipsa,

92 1665 243 1770 (Συίῆ
257 1716 327 1756 ue
361 1701 616 1770 placebat
649 1715 661 1754 :
954 1702 1078 1756 Lux
1112 1665 1479 1755 lhoracarum
1846 1665 1888 1720 Β
1916 1665 2035 1765 qua
2064 1665 2372 1764 deportata;
2401 1665 2538 1750 sunut
2566 1694 2678 1750 illic
2707 1665 2994 1750 siluerunt
3037 1665 3147 1760 die,
3307 1665 3618 1748 noctu.eas

94 1785 408 1854 Pulchrior
433 1785 654 1840 haustis
959 1783 1184 1839 Solibus
1215 1783 1330 1838 ibat
1360 1797 1372 1836 :
1917 1783 2278 1838 intruserunt
2305 1783 2476 1848 Iacui,
2508 1791 2561 1838 et
2591 1797 2722 1838 cum
2775 1782 2855 1837 eis
2900 1781 3249 1851 Turcopolos
3293 1782 3469 1836 armis
3522 1780 3616 1834 in-

91 1875 351 1943 }Ereque
383 1874 530 1928 flavo
956 1872 1142 1927 Cassis
1173 1878 1227 1926 et
1258 1870 1451 1937 umbo,
1916 1867 2340 1923 structissimos.
2401 1870 2565 1925 Mane
2609 1870 2804 1940 itaque
2847 1871 3026 1926 classe
3083 1869 3414 1938 composita,
3480 1883 3613 1924 cum

91 1962 338 2017 Limbus
368 1962 566 2017 eodem
957 1959 1237 2028 Fulgidus
1264 1967 1468 2014 exstat.
1915 1956 2099 2011 multa
2129 1955 2424 2022 modestia,
2468 1971 2534 2012 ac
2562 1959 2606 2012 si
2638 1973 2710 2014 ex
2743 1973 2942 2014 eorum
2977 1958 3354 2028 vectigalibus
3403 1964 3610 2023 essent,

98 2053 282 2108 Hosce
313 2051 554 2117 videres,
950 2048 1224 2104 Turbinis
1255 2047 1454 2114 instar,
1914 2044 2426 2114 proficiscebantur
2452 2045 2522 2100 ad
2561 2046 2779 2100 urbem.
2814 2046 2984 2101 Turci
3023 2046 3239 2114 quibus
3283 2053 3450 2100 erant
3506 2045 3614 2100 ista

94 2141 289 2196 Ariete
319 2139 517 2194 crebro
956 2136 1193 2192 Volvere
1227 2150 1437 2190 muros.
1912 2134 2236 2203 spectaculo
2294 2133 2673 2200 mirabantur,
2729 2134 3101 2203 ambigentes,
3153 2146 3227 2188 an
3293 2145 3401 2187 sua
3459 2131 3615 2200 ipso:

101 2227 333 2297 Reperit
365 2240 536 2282 arcus
570 2223 653 2297 [αι
682 2267 696 2292 ,
733 2224 919 2298 artus]
955 2225 1159 2294 Cuspis
1187 2239 1388 2279 eorum
1910 2236 2064 2290 rum,
2098 2223 2186 2278 vel
2220 2222 2580 2292 imperatoris
2612 2223 2732 2277 haec
2760 2222 2956 2276 eadem
3003 2227 3147 2276 esset
3177 2221 3412 2275 evectio.
3449 2221 3611 2275 Post-

97 2317 380 2370 Francica
409 2316 605 2371 duros.
952 2313 1190 2368 Obtudit
1221 2326 1386 2367 enses
1911 2325 2089 2382 quam
2121 2325 2255 2366 vero
2283 2325 2351 2366 ea
2389 2325 2519 2379 quae
2554 2311 2818 2365 viderant
2864 2309 3090 2365 hostilia
3135 2309 3253 2364 fore
3301 2316 3607 2372 noverunt,

94 2403 371 2459 Crebrius
399 2401 540 2457 ossis
962 2400 1184 2458 Vulnus
1215 2407 1432 2453 acutos.
1513 2391 1528 2400 “
1911 2399 2112 2456 timore
2141 2399 2332 2454 lethali
2356 2399 2766 2464 extabuerunt,
2799 2399 2896 2453 sed
2923 2404 3210 2466 quantum
3255 2396 3336 2451 illi
3390 2396 3610 2452 lamen-

95 2492 407 2560 Comparat
437 2489 560 2544 illos
953 2488 1237 2544 Moenibus
1265 2486 1396 2540 altis
1911 2488 1981 2544 tis
2002 2495 2057 2543 et
2113 2487 2364 2555 ﬂetibus,
2420 2495 2647 2542 tantum
2707 2486 2886 2541 nostri
2944 2485 3311 2540 indulserunt
3359 2485 3608 2556 gaudiis,

92 2579 304 2634 Cedere
333 2578 566 2643 Turcos,
953 2577 1166 2644 Lignea
1195 2573 1391 2629 turris.
1909 2575 2348 2647 gratiarumque
2379 2577 2490 2631 Deo
2520 2581 2899 2644 repensarunt
2932 2573 3252 2643 plausibus.

91 2665 366 2722 Cominus
397 2665 504 2720 illis
534 2664 662 2736 [al.,
704 2664 839 2734 illic]
951 2661 1154 2717 Przelia
1185 2662 1444 2716 fervent:
1960 2663 2243 2720 'Reddidit
2271 2665 2448 2734 igitur
2478 2663 2534 2718 id
2568 2667 2820 2732 ipsorum
2861 2662 3244 2718 infortunium
3294 2665 3432 2716 39!
3500 2661 3609 2716 ho-

93 2754 298 2808 Mutua
327 2753 544 2822 quique
944 2748 1174 2818 Spicula
1205 2751 1500 2816 torquent.
1907 2759 2020 2808 stes
2068 2765 2492 2821 usquequaque
2537 2750 2800 2815 defectos,
2851 2751 3091 2820 jamque
3144 2748 3213 2803 de
3252 2748 3373 2803 suis
3409 2754 3464 2803 et
3501 2761 3607 2802 au-

95 2839 531 2902 Missilinmfﬂis.
943 2838 1140 2892 lacius
1172 2835 1376 2890 inanis-
1905 2841 2268 2897 xiliariorum
2323 2841 2548 2896 viribus
2596 2841 2976 2909 desperantes,
3033 2836 3360 2906 imperatori
3433 2837 3607 2892 missa

93 2927 243 2982 MOI‘S
276 2926 510 2995 inopina
946 2924 1216 2992 Quosque
1249 2921 1502 2994 supina}
1835 2953 1877 3009 ο
1908 2929 2190 3001 legatione
2222 2928 2565 2999 promittunt
2594 2927 2733 2997 quia
2764 2927 3107 2982 deditionem
3136 2925 3385 2980 facerent
3418 2925 3601 2990 urbis,

91 3013 286 3068 Gloria
316 3021 538 3068 nostros
949 3011 1155 3066 Caelica
1186 3009 1357 3064 fortes
1539 3031 1542 3040 '
1908 3018 1956 3073 si
1981 3032 2075 3073 eos
2112 3032 2246 3073 cum
2268 3016 2551 3072 uxoribus
2579 3023 2634 3070 et
2665 3015 2796 3070 ﬁliis
2825 3015 2981 3070 abire
3021 3014 3208 3081 licere,
3242 3013 3397 3083 apud
3430 3014 3606 3068 Fran-

93 3101 434 3156 Reddidel‘ai
466 3115 478 3153 ε
515 3108 653 3156 ωηο
945 3099 1194 3167 corpora
1223 3096 1352 3151 fatis
1906 3122 2002 3163 cos
2046 3107 2392 3174 impetraret,
2444 3103 2735 3173 permissis
2774 3117 2893 3158 una
2943 3101 3297 3158 substantiis.
3346 3100 3603 3167 Quorum

91 3190 447 3245 EXhibuel‘e-
946 3188 1210 3254 Quaerere
1242 3183 1496 3254 Eandem
1910 3205 2190 3265 tyrannus
2243 3193 2499 3264 petitioni
2550 3192 2974 3264 gratantissime
3001 3192 3217 3258 favens,
3252 3205 3368 3247 non
3414 3190 3602 3246 solum

93 3277 334 3334 Przemia
361 3286 559 3334 morte.
945 3275 1233 3335 Marcidus
1261 3273 1464 3340 omnis.
1906 3283 2247 3353 impunitate
2277 3281 2532 3347 donavit,
2565 3281 2663 3337 sed
2710 3281 2882 3336 etiam
2922 3293 3148 3335 summo
3194 3278 3298 3334 sibi
3343 3279 3602 3334 sarcien-

92 3369 237 3421 Acer
261 3375 316 3421 et
346 3366 541 3422 audax
943 3361 1225 3418 Redditur
1257 3361 1380 3415 ίδῐίο
1405 3374 1417 3414 ξ
1903 3371 2007 3427 dos
2034 3383 2246 3436 amore,
2278 3368 2826 3438 Constantinopolim
2856 3381 3042 3437 usque
3081 3367 3386 3422 contraxit.
3423 3365 3603 3434 Cujus

91 3455 270 3521 Quem
304 3453 553 3510 melioris
942 3451 1108 3520 Optio
1140 3451 1269 3506 vitae
1905 3457 2092 3514 inﬁdae
2126 3471 2226 3526 per
2253 3459 2446 3512 omnia
2467 3457 2666 3524 menti,
2691 3455 3016 3524 principalis
3041 3455 3098 3509 in
3125 3454 3235 3508 hoc
3260 3467 3431 3522 opere
3457 3453 3602 3509 sub-

92 3543 214 3598 Rite
245 3541 516 3611 probarit.
948 3536 1378 3605 Laudisiavarze

2051 3554 2124 3602 )at
2156 3547 2413 3611 intentio,
2466 3544 2622 3614 quod
2655 3547 2700 3599 si
2747 3545 3102 3598 Francorum
3149 3541 3467 3596 discrimini
3511 3541 3597 3596 lo-

87 3631 346 3687 Cl'imina
375 3629 578 3684 mentis
942 3626 1076 3681 Ῑηάθ
1100 3625 1482 3696 Ρτοοιιιειιηῐ·
1902 3649 2005 3691 cus
2052 3635 2193 3690 forte
2250 3635 2404 3689 ullus
2459 3631 2772 3702 aliquando
2825 3638 3060 3700 pateret,
3111 3643 3283 3698 penes
3339 3643 3398 3683 se
3447 3629 3598 3696 ipsos

87 3718 341 3775 Credidit
368 3717 554 3773 omnis
943 3714 1143 3769 Iddal‘e
1171 3711 1482 3780 Christum.
1902 3721 2137 3778 haberet
2191 3735 2337 3790 quos
2393 3719 2609 3775 eisdem
2663 3725 2980 3786 opportune
3029 3716 3316 3786 objiceret.
3374 3715 3596 3783 Septem

89 3808 148 3863 Si
179 3807 285 3862 sibi
317 3805 477 3877 digni
939 3801 1198 3858 Nominis
1227 3815 1452 3868 auram.
1903 3808 2272 3865 hebdomadis
2330 3807 2636 3876 tribusque
2694 3805 2897 3860 diebus
2960 3805 3065 3859 hac
3113 3811 3250 3858 sunt
3300 3802 3595 3859 obsidione

89 3897 248 3952 Bella
277 3900 562 3964 pararent.
940 3891 1056 3946 Nec
1084 3890 1190 3946 sibi
1217 3889 1550 3960 quisquam,

2049 3897 2131 3963 iti,
2159 3903 2213 3952 et
2261 3910 2333 3952 ex
2384 3895 2592 3950 nostris
2642 3892 2877 3962 plurimi
2917 3905 3132 3947 munus
3179 3891 3386 3946 ibidem
3438 3905 3595 3947 rere-

88 3981 364 4052 Quisquis
393 3978 610 4036 honesti
939 3977 1227 4044 Quidlibet
1255 3978 1388 4048 egit,

2077 3985 2356 4055 martyrii.
2403 3985 2483 4040 De
2527 3982 2744 4053 quibus
2791 3981 3026 4037 indubie
3083 3979 3364 4036 sententia
3410 3980 3594 4049 profe-

89 4075 336 4139 Arl‘Ogai
367 4076 580 4135 aetum.
1899 4081 2059 4130 retur
2083 4073 2238 4144 quod
2269 4073 2368 4144 qui
2399 4073 2596 4127 mortis
2624 4070 2800 4126 exitio
2837 4084 2955 4125 sese
3006 4083 3108 4138 pro
3161 4068 3290 4124 fidei
3335 4068 3592 4138 objecere

94 4160 159 4214 In
194 4157 428 4212 Darium
464 4155 754 4225 Scythicos
782 4169 897 4210 non
929 4154 1019 4209 his
1048 4153 1306 4258 conferre
1340 4154 1659 4258 triumphos
1821 4203 1868 4258 Β
1896 4161 2302 4230 justitia,inter
2315 4175 2410 4215 eos
2430 4159 2676 4228 profecto
2697 4157 2852 4227 apud
2886 4157 3062 4212 Deum
3085 4163 3446 4221 censeantur,
3469 4154 3593 4224 qui,

92 4245 431 4314 Quibimus;
465 4253 564 4299 aut
595 4244 727 4300 sciri
758 4250 1022 4312 poterunt
1050 4242 1345 4297 molimina
1372 4241 1503 4313 Cyri
1821 4241 2179 4320 "sanguine
2229 4249 2287 4303 in
2336 4248 2584 4318 pretium
2631 4247 2782 4312 dato,
2829 4245 3068 4315 praemia
3115 4257 3376 4300 meruere
3423 4243 3594 4298 ccele-

97 4335 285 4405 Digna
316 4334 439 4389 Viro
477 4333 794 4397 Thamel‘is.
828 4346 960 4401 ρυεε
989 4331 1274 4386 Clauserat
1307 4340 1433 4386 Ull‘e
1474 4331 1712 4389 cruoris.
1895 4339 2023 4405 stia,
2058 4352 2164 4394 nec
2193 4352 2288 4393 eos
2333 4337 2445 4392 illis
2493 4337 2736 4405 impares
2777 4333 3022 4390 dixerim
3073 4333 3173 4403 qui
3219 4332 3385 4387 famis
3433 4345 3598 4386 occu-

96 4421 337 4478 Lnxel‘is
365 4429 655 4486 eventum.
689 4420 834 4476 bene
873 4420 1069 4489 Pyrre.
1100 4419 1310 4474 tuendo
1343 4420 1676 4476 Tarentum.
1894 4427 2072 4483 buere
2097 4426 2341 4482 miseria.
2379 4426 2494 4481 Hoc
2517 4425 2671 4480 enim
2714 4422 2790 4478 ibi
2844 4422 3008 4478 modo
3066 4422 3232 4492 periit
3258 4421 3594 4490 [multitudo

97 4510 162 4564 In
195 4522 443 4564 vacuum
475 4509 660 4578 garris
691 4520 842 4563 nova
869 4521 1095 4562 sumere
1124 4506 1320 4575 praalia
1355 4507 1561 4563 barris.
1894 4514 2272 4585 perplurima.
2307 4513 2361 4568 Si
2393 4526 2648 4582 namque
2683 4512 2855 4581 juxta
2894 4511 3250 4580 prophetam,
3298 4508 3451 4577 quod
3499 4507 3592 4562 hi-

97 4595 434 4652 Hannibalis
463 4597 694 4651 comites
723 4595 893 4651 semel
925 4602 979 4650 ei
1013 4595 1117 4661 bis,
1146 4595 1621 4665 terqueQuirites
1894 4603 2199 4659 storialiter
2243 4601 2430 4658 dicere
2481 4601 2664 4666 liceat,
2715 4622 2734 4648 ι
2771 4598 2972 4654 Melius
3009 4597 3115 4652 fuit
3163 4596 3362 4651 occisis
3403 4595 3592 4665 gladio

99 4687 169 4743 Ut
197 4694 440 4756 segetem
466 4685 693 4741 caedunt
727 4699 740 4738 :
775 4684 906 4738 victi
940 4691 1128 4740 tamen
1161 4685 1304 4740 urbe
1339 4685 1632 4741 recedunt.
1895 4705 2072 4763 quam
2104 4690 2412 4746 interfectis
2443 4690 2589 4744 fame
2619 4689 2856 4759 (Jerem.
2891 4702 2969 4752 iv,
2994 4686 3069 4754 4),
3100 4706 3120 4732 ι
3148 4684 3247 4754 qui
3272 4685 3469 4754 procul
3491 4685 3594 4739 du-

97 4776 153 4831 Si
186 4774 292 4830 filii
323 4773 605 4829 indemnis
633 4774 740 4830 sub
773 4773 994 4829 Caesare
1015 4787 1213 4842 pugna
1240 4773 1524 4830 decennis.
1896 4780 1991 4837 bio
2030 4779 2294 4835 cruciatu
2337 4778 2704 4834 diuturniore
2753 4783 2888 4832 sunt
2931 4773 3226 4830 moriendo
3274 4773 3424 4840 torti,
3476 4788 3590 4828 non

97 4864 178 4919 Sit
211 4877 308 4932 1)Γο
333 4863 563 4932 iaculi“
591 4876 690 4930 Der
715 4861 930 4917 Gallica
961 4861 1181 4917 manSiO
1214 4875 1372 4918 fura-
1895 4874 2087 4933 erunt,
2152 4873 2217 4922 ut
2274 4866 2427 4922 credi
2486 4866 2570 4921 fas
2617 4871 2721 4931 est,
2785 4863 3004 4934 absque
3051 4876 3262 4918 corona
3315 4860 3592 4917 nobiliore

95 4952 344 5018 Tempus
379 4948 511 5004 huic
539 4962 726 5018 operae
753 4948 942 5013 breve,
977 4962 1247 5019 prospera
1277 4956 1486 5005 cuncta
1513 4948 1674 5006 fuere
1896 4954 2178 5027 martyrii.

98 5039 242 5094 Cum
276 5038 426 5094 Deus
446 5045 591 5092 esset
624 5037 680 5091 in
714 5036 800 5091 his
829 5053 843 5102 ;
877 5037 1080 5106 probat
1122 5037 1373 5107 optimus
1423 5039 1616 5094 omnia
1661 5039 1790 5096 ﬁnis
2566 5041 2798 5098 CAPUT
2845 5041 2916 5096 V.

96 5125 375 5196 Obtigerit
405 5125 500 5182 cui
529 5140 683 5181 mors
710 5139 842 5181 cum
875 5132 1124 5194 martyre
1154 5126 1335 5196 gloria
1367 5126 1429 5182 fit
1457 5127 1587 5195 fors,
1969 5131 2114 5205 [DL]
2159 5131 2398 5190 Civitate
2437 5132 2633 5201 itaque
2680 5130 2919 5197 reddita,
2969 5137 3024 5186 et
3069 5128 3272 5185 Turcis
3313 5129 3589 5186 Constan-

98 5214 368 5285 Quisquis
394 5221 538 5285 eget,
569 5221 748 5282 taxat,
781 5214 919 5286 quia
948 5213 1190 5270 crimina
1224 5229 1390 5285 poena
1421 5216 1662 5272 relaxat.
1898 5221 2192 5292 tinopolim
2243 5220 2449 5286 ductis,
2493 5219 2833 5288 tyrannicus
2872 5218 2965 5274 ille
3015 5216 3294 5287 princeps,
3345 5217 3590 5274 nimium

173 5302 371 5374 [V111]
403 5303 719 5367 Quamdam
765 5303 1022 5373 ejusdem
1071 5305 1232 5359 urbis
1281 5313 1499 5373 partem
1548 5305 1790 5375 objectio
1899 5311 1968 5367 de
1999 5311 2157 5366 urbis
2187 5309 2540 5364 restitutione
2573 5307 2826 5377 gavisus,
2871 5314 3197 5362 nostrorum
3247 5308 3596 5376 primoribus

106 5393 231 5459 laci,
263 5391 430 5462 longe
464 5393 691 5462 lateque
718 5393 1063 5463 stagnantis,
1111 5393 1428 5449 ambierat:
1478 5395 1630 5450 unde
1681 5396 1789 5450 ho-
1903 5411 2145 5454 munera
2177 5395 2400 5451 infinita
2428 5394 2709 5464 largitur;
2739 5401 2795 5449 et
2835 5394 3166 5464 quibusque
3215 5395 3596 5464 pauperrimis

103 5489 213 5537 stes
239 5481 539 5537 submissis
562 5479 804 5547 ratibus,
840 5479 1084 5536 liberum
1123 5482 1373 5538 exeundi
1420 5483 1809 5555 intrandiquc
1895 5486 2255 5554 eleemosyna
2295 5483 2521 5554 copiosa
2563 5481 2862 5539 tribuitur.
2913 5483 2999 5538 Ex
3050 5496 3166 5554 quo
3213 5482 3598 5540 mediocribus
