3902 6082
298 225 402 277 ’723

1182 223 1242 276 ν.
1287 221 1622 277 GUIBERTI
1663 213 1955 275 ABBATIS
1993 221 2053 274 S.
2096 221 2336 276 ΜΑΒΙΑΕ
2373 221 2464 275 DE
2503 220 2893 276 NOVIGENTO

3699 221 3818 274 724

295 358 582 414 exercitus
607 358 877 428 personis,
929 370 1076 426 quas
1123 355 1551 423 magnificentia
1602 356 1698 410 illa
1743 363 1825 410 est
1866 355 1988 410 visa
2024 357 2071 408 Α
2101 355 2274 421 aliud,
2313 357 2407 411 sed
2448 356 2519 410 ad
2571 356 2720 412 bella
2767 371 2898 426 qua
2951 355 3270 411 imminent.
3326 377 3347 404 ι
3384 355 3440 410 Si
3496 354 3811 424 inquiunt,

300 447 691 517 pratergredi,
726 445 906 500 multa
948 444 1055 499 fuit
1099 444 1417 498 invidentia
1460 452 1656 498 contra
1710 445 1994 514 principes

299 549 365 590 ac
397 534 658 589 simultas
695 533 966 602 ingenita.
1002 532 1129 596 Nec,
1159 532 1330 601 juxta
1377 533 1683 601 quemdam
1735 533 1992 587 modum‘

297 622 354 676 id
384 636 617 690 prorsus
658 620 890 690 injuria.
943 621 1030 674 Hii
1071 635 1275 689 nempe
1317 634 1624 675 exercuere
1655 621 1886 690 pralia;
1919 621 1992 676 ad

297 712 399 765 hos
440 708 670 764 attinuit
716 710 890 764 totius
945 708 1256 763 obsidionis
1303 708 1554 772 effectus,
1605 708 1840 763 molium
1892 723 1990 764 ve-

294 800 526 862 ctiones,
584 797 984 852 machinarum
1037 797 1492 866 balistarumque
1542 797 1827 866 impactio.
1879 798 1986 864 Hii,

291 887 553 956 inquam,
613 894 676 941 ut
722 885 972 940 breviter
1011 885 1297 951 claudam,
1350 893 1721 953 portaverunt
1766 886 1990 954 pondus

293 975 403 1029 diei
435 983 489 1029 et
521 981 713 1029 astus.
749 974 939 1028 Prima
974 973 1149 1043 igitur
1179 973 1268 1028 die
1300 987 1418 1040 qua
1457 973 1529 1026 ab
1572 973 1712 1027 urbe
1762 973 1988 1042 recepta

291 1062 610 1132 digressum
657 1069 760 1120 est,
817 1070 1042 1129 pontem
1093 1061 1401 1129 quemdam
1453 1061 1710 1129 pervium
1762 1061 1984 1116 habue-

291 1157 448 1213 runt,
528 1149 680 1203 circa
741 1163 912 1217 quem
983 1149 1155 1203 biduo
1217 1148 1550 1203 continuato
1625 1157 1982 1204 manserunt.

290 1236 476 1290 Tertia
516 1245 705 1290 autem
739 1236 828 1290 die
854 1251 990 1290 cum
1020 1243 1379 1304 expromeret
1407 1236 1523 1305 jam
1560 1237 1746 1291 tenuis
1775 1250 1987 1292 aurora

289 1323 716 1391 crepusculum,
789 1332 1172 1377 surrexerunt
1233 1324 1432 1390 nostri,
1489 1331 1543 1378 et
1597 1324 1734 1378 dum
1795 1324 1986 1379 adhuc

289 1411 468 1465 dubia
499 1411 606 1465 sub
657 1411 782 1464 luce
829 1411 1151 1473 cacutiant,
1201 1411 1352 1466 bivio
1397 1411 1678 1466 scinditur
1733 1412 1789 1466 in
1845 1426 1980 1478 uno,

287 1505 343 1553 et
381 1499 553 1553 biduo
583 1498 806 1565 integro
854 1499 962 1552 sub
1008 1499 1234 1553 duobus
1279 1499 1554 1567 disparati
1599 1499 1985 1569 profiscuntur

2106 444 2291 511 prima
2336 457 2504 512 penes
2548 444 2762 499 Turcos
2807 458 3017 513 pugna
3055 444 3385 498 rudimenta
3432 443 3628 496 videre
3682 441 3814 496 col-

2104 531 2293 598 libeat,
2318 533 2436 602 jam
2471 539 2604 587 sunt
2637 547 2768 601 qua
2818 532 3010 595 vultis,
3064 539 3267 600 prasto
3310 530 3516 585 venite.
3557 551 3578 576 ι
3631 530 3817 585 Ducis

2105 619 2300 688 itaque
2330 620 2559 674 nomine
2583 620 2814 689 dignus,
2845 620 3131 688 specimen
3179 617 3393 672 militia
3435 617 3812 684 Godefridus,

2100 717 2154 762 et
2186 709 2257 763 ab
2289 723 2354 763 ea
2384 723 2514 778 qua
2558 708 2674 774 regi
2717 708 3003 776 competit,
3063 706 3394 761 fortitudine
3447 720 3562 759 non
3624 705 3817 775 dege—

2100 809 2224 862 ner,
2276 796 2386 849 imo
2436 795 2746 864 pardalica,
2801 807 2851 848 ut
2907 794 2987 848 sic
3027 793 3231 859 dicam,
3284 793 3642 847 animositate
3697 806 3815 860 pa-

2100 883 2355 947 trissans,
2395 885 2559 952 Hugo
2591 883 2854 951 Magnus,
2888 896 3018 936 cum
3067 881 3187 936 suis
3235 881 3599 950 primicopiis,
3653 895 3815 949 qua-

2097 972 2230 1026 dam
2305 971 2529 1040 epulari
2621 970 2914 1026 alacritate
2977 976 3350 1024 concurrunt.
3405 968 3620 1022 Deinde
3689 968 3810 1022 Po-

2096 1057 2306 1112 diensis
2333 1059 2650 1128 episcopus,
2703 1072 2816 1112 non
2861 1057 3026 1112 modo
3081 1055 3275 1110 multis
3332 1055 3548 1124 quibus
3589 1055 3813 1109 emicat

2096 1144 2289 1209 armis,
2348 1146 2442 1199 sed
2508 1145 2737 1201 monitis
2782 1143 3163 1213 precibusque
3213 1148 3360 1196 τιοτ
3406 1141 3583 1197 sacris
3635 1156 3810 1197 com—

2097 1232 2304 1286 muniit
2337 1231 2522 1300 ipsum
2557 1246 2568 1284 :

2166 1320 2339 1388 Sique
2370 1319 2512 1374 foret
2542 1317 2818 1388 tepidum,
2868 1317 3180 1372 fervescere
3226 1315 3507 1387 compulit
3559 1330 3801 1386 agmen.

2166 1407 2248 1461 Ad
2274 1415 2596 1462 extremum
2631 1407 2781 1461 sicut
2811 1414 2934 1460 erat
2977 1413 3140 1460 atate
3196 1405 3448 1474 gravior,
3499 1404 3806 1472 experien-

2095 1493 2288 1562 tiaque
2363 1493 2712 1556 instructior,
2794 1499 2848 1546 et
2927 1491 3179 1546 consiliis
3248 1489 3458 1544 idcirco
3511 1491 3797 1556 securior,

289 1587 638 1653 agminibus.
702 1588 766 1640 In
825 1585 1002 1640 altero
1059 1588 1360 1656 agminum
1410 1587 1780 1642 Boemundus
1837 1595 1978 1654 erat,
2016 1624 2056 1677 Β
2093 1595 2280 1636 comes
2314 1580 2501 1635 Sancti
2537 1580 2720 1650 Egidii
2770 1579 3131 1634 Baimundus
3165 1576 3614 1632 Provincialium
3652 1592 3798 1631 suo-

291 1671 572 1725 Robertus
604 1684 675 1724 ex
717 1669 1156 1736 Northmannia,
1192 1671 1519 1725 Tancredus
1564 1687 1796 1741 quoque
1847 1687 1978 1727 cum

286 1757 537 1826 plurima
571 1757 812 1822 militia;
846 1772 879 1812 a
907 1758 1109 1812 comite
1142 1758 1328 1813 Sancti
1362 1760 1563 1828 Egidii,
1616 1761 1761 1814 duce
1801 1761 1980 1816 Gode—

289 1846 452 1912 frido,
535 1845 789 1900 Podiensi
857 1848 1138 1914 episcopo,
1197 1848 1439 1916 Hugone
1494 1849 1717 1917 Magno,
1779 1850 1982 1904 comite

288 1933 642 1998 Flandrensi,
677 1947 777 2001 per
807 1932 938 1986 avia
968 1934 1232 2002 quadam
1274 1935 1667 1990 adducebatur
1712 1935 1976 1991 alterum.

362 2015 533 2068 Turci
559 2016 812 2069 Francos
841 2015 1200 2086 impugnant.
1251 2047 1318 2057 —
1359 2019 1551 2072 Tertia
1595 2020 1844 2089 denique
1891 2021 1981 2075 die

287 2102 345 2156 in
377 2102 798 2169 Boemundum,
831 2105 1182 2173 comitesque
1211 2106 1354 2173 ejus,
1411 2107 1473 2159 fit
1519 2107 1840 2162 Turcorum
1887 2109 1980 2162 in-

288 2190 462 2245 finita
505 2191 913 2258 multitudinis,
961 2207 1093 2246 cum
1145 2192 1462 2260 repentina,
1515 2197 1636 2249 tum
1687 2196 1977 2262 terribilis,

284 2285 338 2332 et
389 2291 564 2348 prope
616 2294 730 2333 non
779 2280 1010 2334 ferenda
1056 2281 1286 2335 collisio.
1337 2281 1571 2336 Videres
1619 2297 1715 2337 eos
1764 2285 1981 2339 scenice

285 2379 459 2434 super
515 2375 866 2432 nostrorum,
929 2368 1028 2436 qui
1093 2368 1423 2435 putabatur,
1483 2371 1680 2424 timore
1738 2372 1976 2440 garrire,

284 2453 633 2509 astimantes
678 2470 773 2510 eos
829 2470 898 2510 ex
951 2456 1243 2524 inopinata
1291 2456 1614 2512 incursione
1662 2461 1885 2524 terreri,
1927 2468 1980 2515 et

286 2541 575 2607 bellicum,
611 2543 764 2611 quod
793 2552 1229 2609 consueverant,
1275 2545 1504 2612 signum
1557 2547 1816 2600 terrificis
1860 2563 1980 2603 sua

285 2628 500 2699 lingua
533 2631 772 2685 vocibus
815 2631 1143 2686 inclamare.
1196 2633 1345 2687 Licet
1382 2647 1518 2701 ergo
1573 2635 1660 2688 vir
1707 2635 1978 2702 eximius,

283 2731 464 2771 manu
506 2717 877 2785 impeteretur
919 2720 1158 2788 enormi,
1208 2735 1323 2775 non
1363 2708 1555 2776 amisit
1594 2722 1793 2777 timore
1839 2739 1981 2778 con-

285 2804 515 2870 silium;
550 2806 646 2859 sed
681 2807 975 2861 confestim
1021 2807 1214 2863 sistere
1258 2809 1502 2878 gradum
1553 2810 1808 2879 praecipit
1851 2825 1979 2866 om-

283 2891 477 2958 nibus,

283 2986 470 3034 castra
531 2982 834 3035 consterni.
886 2983 1227 3053 Priusquam
1276 2997 1413 3038 vero
1467 2998 1534 3038 ea
1581 3000 1712 3054 qua
1758 2999 1975 3054 prace—

284 3075 444 3134 perat
487 3069 938 3138 explicarentur,
1003 3071 1248 3140 propriis
1299 3072 1576 3128 militibus
1631 3073 1800 3128 infit:
1863 3096 1882 3122 ι
1919 3075 1973 3130 Si

281 3167 384 3209 vos
435 3157 776 3212 meministis
807 3159 1025 3214 militia
1087 3173 1263 3229 quam
1310 3159 1539 3228 professi
1583 3161 1734 3227 estis,
1783 3163 1971 3217 consi-

281 3243 479 3298 derata
508 3247 839 3302 necessitate
890 3262 1021 3316 qua
1077 3257 1266 3318 urget,
1315 3249 1430 3304 ite:
1481 3249 1724 3304 viriliter
1767 3251 1847 3305 eis
1887 3266 1975 3307 oc-

281 3330 514 3396 currite,
548 3331 838 3398 honorem,
874 3335 1203 3404 pariterque
1235 3335 1394 3390 vobis
1441 3335 1617 3389 vitam
1667 3336 1970 3393 defendite.

279 3421 370 3482 At,
433 3431 534 3472 vos
620 3420 855 3489 pedites,
921 3423 1166 3476 tentoria
1228 3421 1532 3490 diligenter
1601 3423 1966 3480 cxtendite.»

279 3503 402 3569 Quo
478 3505 628 3561 dicto
702 3508 874 3564 citius
927 3510 1176 3578 expleto.
1242 3525 1370 3565 ecce
1415 3525 1510 3566 eos
1557 3512 1723 3567 Turci
1780 3514 1974 3569 subita

281 3591 683 3660 pravolatione
715 3596 1075 3662 obambiunt,
1107 3597 1329 3666 spicula
1351 3599 1593 3668 jaciunt,
1639 3615 1969 3671 pugnaque,

279 3693 380 3748 pro
420 3694 597 3748 more,
626 3681 839 3752 fugaci,
893 3686 1217 3753 pectoribus
1272 3688 1511 3756 sagittas
1555 3689 1843 3742 incussere
1885 3702 1971 3743 se-

277 3766 603 3832 quentium.
651 3769 856 3824 Franci
919 3785 1052 3826 vero
1105 3775 1389 3842 proposito
1440 3775 1619 3830 fidelis
1667 3788 1966 3836 memores,

275 3865 382 3908 nec
428 3869 653 3925 semper
699 3858 937 3912 celebris
975 3874 1094 3915 sua
1142 3861 1372 3918 virtutis
1417 3864 1623 3933 ignari,
1673 3863 1799 3917 licet
1843 3864 1972 3916 evi-

275 3940 475 3997 denter
515 3952 888 4012 agnoscerent
939 3953 1109 4002 tanta
1161 3951 1556 4004 numerositati
1602 3965 1660 4006 se
1700 3951 1966 4019 impares,

275 4037 465 4085 tamen
521 4031 754 4086 obviare
806 4032 1132 4090 furentibus
1184 4037 1370 4093 vivaci
1426 4038 1786 4093 animositate
1840 4051 1971 4092 con-

273 4117 537 4172 tendunt.
585 4119 706 4174 Illic
754 4135 940 4177 comes
981 4123 1434 4191 Northmannia,
1484 4126 1834 4190 recordatus,
1885 4125 1967 4180 uti

2093 1683 2220 1722 rum
2259 1667 2568 1736 manipulis
2597 1667 3057 1722 succenturiatus
3086 1666 3297 1734 erupit.
3346 1664 3796 1733 Superinspecto

2093 1757 2270 1825 igitur
2328 1755 2512 1810 hostili
2572 1755 2831 1809 exercitu
2890 1761 3048 1808 tanta
3092 1753 3299 1807 nostris
3341 1752 3647 1806 admiratio
3699 1751 3795 1804 in-

2087 1845 2286 1911 crevit,
2319 1853 2382 1899 ut
2430 1843 2509 1897 nil
2567 1843 2724 1897 aliud
2781 1843 3150 1907 mirarentur,
3209 1840 3319 1894 nisi
3374 1840 3473 1894 ubi
3527 1839 3795 1909 gentium

2090 1933 2262 1987 ubive
2322 1940 2605 1986 terrarum
2665 1939 2779 1985 tam
2843 1929 3066 1984 infinita
3113 1928 3389 1983 coaluerit
3454 1927 3789 1982 multitudo.

2090 2022 2269 2074 Erant
2301 2029 2490 2074 autem
2523 2019 2716 2084 Turci,
2750 2019 2984 2083 Arabes,
3029 2031 3096 2071 ac
3161 2016 3478 2081 Sarraceni,
3532 2031 3792 2085 quorum

2090 2107 2237 2160 inter
2267 2107 2453 2162 hostes
2481 2115 2536 2160 et
2566 2120 2844 2160 numerus
2869 2115 2922 2160 et
2947 2104 3198 2175 dignitas
3240 2104 3566 2171 eminebat;
3622 2105 3793 2174 copia

2088 2195 2282 2249 minus
2337 2205 2554 2264 patens,
2601 2197 2670 2249 de
2727 2194 3052 2249 auxiliariis
3105 2201 3160 2248 et
3217 2193 3410 2247 minus
3457 2191 3788 2247 celebribus

2090 2281 2313 2350 populis
2367 2291 2506 2336 erat.
2559 2282 2791 2338 Videres
2840 2279 3119 2336 montium
3158 2281 3304 2350 juga
3343 2280 3409 2335 de
3454 2280 3562 2334 hac
3607 2281 3789 2334 colle-

2089 2369 2273 2423 ctione
2306 2369 2564 2437 profana,
2597 2377 2651 2424 et
2695 2369 2928 2423 collium
2978 2381 3240 2422 convexa
3288 2368 3637 2431 densescere,
3697 2368 3788 2421 in-

2089 2456 2547 2511 numerabilibus
2597 2455 2931 2524 frequentiis
3001 2453 3195 2508 omnia
3266 2454 3475 2523 operiri
3548 2467 3787 2522 campe-

2088 2542 2246 2597 stria.

2159 2634 2298 2688 Suos
2326 2631 2541 2686 milites
2569 2631 2872 2685 hortantur
2895 2631 3067 2684 duces
3103 2631 3178 2685 ad
3218 2648 3493 2702 pugnam.
3543 2663 3608 2674 —~
3668 2635 3788 2690 Pri-

2088 2735 2276 2775 mores
2342 2720 2536 2790 itaque
2607 2735 2740 2776 cum
2787 2721 2893 2774 sibi
2967 2721 3210 2774 subditis
3271 2722 3781 2778 commonitorium

2089 2807 2340 2862 habuere
2366 2822 2684 2863 sermonem
2717 2825 2729 2861 :
2768 2831 2788 2857 ‹
2829 2808 2882 2863 Si
2911 2809 3042 2874 Deo,
3073 2808 3368 2876 inquiunt,
3405 2809 3554 2863 hanc
3602 2824 3783 2878 quam

551 2901 607 2947 et
677 2895 1066 2962 papilionibus
1144 2897 1443 2963 devolutis,
1495 2898 1665 2966 jussit
1721 2899 1978 2954 celeriter
2015 2911 2056 2965 ρ
2087 2895 2363 2949 exercetis
2390 2895 2652 2950 militiam
2693 2896 3035 2965 devovistis;
3083 2897 3127 2950 si
3189 2896 3421 2964 patrias,
3466 2897 3512 2952 si
3561 2898 3780 2963 domos,

2082 2979 2126 3035 si
2162 2980 2454 3051 conjuges,
2489 2981 2533 3036 si
2586 2981 2812 3048 liberos,
2859 2983 2904 3036 si
2951 2983 3201 3052 denique
3245 2996 3484 3051 corpora
3535 2993 3784 3038 contem-

2081 3068 2287 3135 psistis,
2320 3078 2375 3123 et
2423 3069 2545 3139 ipsa
2596 3070 2912 3139 quinetiam
2970 3071 3091 3126 sola
3142 3070 3474 3126 resederunt
3517 3071 3782 3141 gloriosis

2079 3157 2420 3224 exponenda
2449 3157 2756 3226 martyriis,
2799 3157 2940 3227 quid
2971 3171 3072 3212 vos
3123 3157 3193 3211 ad
3242 3157 3479 3212 istorum
3519 3159 3778 3214 conside-

2081 3245 2381 3312 rationem,
2443 3258 2659 3312 precor,
2713 3247 3046 3300 exterreat?
3099 3259 3228 3299 cum
3285 3245 3462 3300 unius
3519 3255 3777 3301 vestrum

2079 3344 2152 3385 ex
2182 3331 2292 3385 Deo
2328 3331 2438 3386 fida
2483 3333 2785 3402 sagacitas,
2840 3333 3013 3388 totius
3069 3333 3246 3403 hujus
3297 3333 3559 3388 vilissimi
3618 3335 3775 3405 vulgi

2079 3419 2476 3487 superstitione
2507 3421 2829 3488 pravaleat.
2876 3422 2930 3477 Si
2982 3421 3072 3475 hic
3121 3422 3284 3476 vobis
3334 3421 3508 3476 fuerit
3555 3423 3777 3478 obeun-

2080 3507 2240 3571 dum,
2314 3521 2556 3577 regnum
2622 3522 2718 3562 vos
2782 3508 3005 3563 caeleste
3053 3517 3264 3575 manet,
3317 3509 3463 3564 felici
3518 3509 3778 3564 obituros

2078 3595 2290 3662 exitio;
2329 3595 2372 3650 si
2404 3595 2740 3659 vivendum,
2775 3604 3066 3665 exspectat
3096 3611 3218 3663 vos,
3271 3597 3313 3651 si
3362 3597 3432 3651 de
3473 3597 3580 3652 fide
3630 3612 3773 3666 pra-

2079 3683 2325 3749 sumitis,
2353 3691 2510 3738 certa
2537 3684 2814 3751 victoria;
2845 3693 2968 3754 post
3008 3684 3327 3751 victoriam,
3379 3685 3598 3754 gloria;
3655 3695 3776 3755 post

2077 3772 2340 3842 gloriam,
2376 3774 2558 3843 major
2587 3773 2850 3828 audacia.
2883 3775 2965 3828 Ad
3001 3775 3120 3829 hac
3145 3789 3217 3828 ex
3263 3774 3513 3830 hostium
3557 3776 3775 3831 divitiis

2078 3859 2372 3928 opulentia
2439 3860 2684 3929 copiosa.
2745 3861 3088 3918 Utrumlibet
3140 3876 3277 3932 ergo
3337 3863 3576 3929 accidat,
3632 3864 3776 3920 inest

2078 3949 2241 4004 vobis
2309 3949 2617 4019 utrobique
2667 3951 2989 4019 securitas;
3035 3959 3090 4006 et
3148 3952 3366 4020 ubique
3432 3953 3773 4022 neutiquam

2077 4034 2217 4103 quid
2267 4034 2512 4090 timeatis
2571 4036 2835 4102 habetur,
2897 4036 3057 4092 nulla
3114 4052 3215 4091 vos
3261 4037 3382 4107 jam
3444 4040 3772 4094 retractatio

2077 4122 2164 4176 vel
2239 4122 2502 4178 dubietas
2570 4133 2907 4178 remoretur.
2960 4125 3117 4194 Ergo
3166 4135 3385 4181 mentes
3433 4134 3489 4182 et
3527 4141 3770 4196 corpora

273 4204 482 4268 decuit,
543 4213 793 4274 paterna
844 4209 1227 4268 bellicositatis
1293 4221 1348 4268 et
1417 4213 1731 4268 nobilitatis
1793 4212 1964 4267 avita
2003 4207 2046 4260 D
2077 4209 2200 4264 fidei
2235 4211 2542 4266 Dominica
2573 4212 2762 4268 crucis
2791 4213 3054 4279 addicite,
3107 4221 3161 4268 et
3210 4223 3408 4269 contra
3460 4215 3616 4270 hunc
3661 4229 3769 4286 ag-

273 4305 485 4362 magna
541 4293 688 4349 illico
742 4309 1036 4352 armorum
1101 4299 1525 4361 exercitatione,
1595 4299 1963 4368 hostiumque

273 4377 613 4448 repul'sione.
687 4383 1029 4441 defensionis
1101 4387 1361 4456 exempla
1410 4386 1690 4442 exercitui
1745 4395 1958 4456 nostro,

271 4467 688 4539 aliquantiSper
715 4475 1004 4542 exterrito,
1035 4475 1300 4544 prabuit.

340 4557 538 4613 Adfuit
567 4558 737 4615 etiam
766 4562 916 4616 Deus
941 4570 1005 4618 ut
1052 4563 1393 4619 feminarum
1437 4579 1569 4634 qua
1607 4566 1960 4622 comitaban-

270 4648 367 4697 tur
422 4659 534 4700 non
589 4647 702 4702 illic
762 4665 998 4719 quoque
1055 4651 1164 4706 illis
1209 4652 1422 4708 deesset
1459 4654 1766 4718 instantia;
1827 4656 1960 4723 ipsa

269 4731 422 4785 enim
453 4745 637 4802 aquas
667 4739 993 4792 recreandis
1039 4739 1335 4805 militibus,
1385 4756 1562 4810 quam
1614 4742 1809 4798 sedulo
1855 4744 1959 4798 de-

268 4815 560 4888 ferebant;
625 4821 720 4875 sed
795 4824 974 4877 multo
1039 4825 1428 4894 vigilantiores
1495 4829 1960 4898 instigationibus

265 4918 360 4958 eos
388 4906 507 4960 suis
535 4920 602 4961 ac
642 4907 892 4973 monitis,
940 4911 1374 4984 solertioresque
1426 4917 1738 4978 reddebant
1779 4929 1956 4986 quam

266 4990 425 5046 illata
482 4992 681 5048 ﬁerent
733 4995 891 5050 unda
939 5009 1215 5055 recentes.
1292 5003 1364 5057 At
1437 5003 1533 5058 ubi
1590 5004 1957 5058 Boemundus

264 5080 483 5135 moneri
523 5081 693 5151 capit
723 5084 866 5138 tanti
906 5085 1296 5156 inaequalitate
1343 5105 1700 5160 congressus,
1756 5089 1822 5145 iis
1853 5091 1956 5159 qui

263 5166 428 5222 devia
458 5171 868 5239 sequebantur,
902 5174 1049 5230 illico
1099 5179 1302 5234 nuntio
1349 5179 1653 5245 mediante,
1704 5179 1956 5234 notificat

262 5257 453 5310 comiti
519 5259 709 5315 Sancti
775 5261 964 5328 Egidii
1024 5264 1368 5333 Raimundo,
1439 5268 1569 5321 duci
1631 5266 1949 5334 Godefrido,

263 5340 493 5410 Hugoni
538 5343 763 5415 Magno,
829 5347 1090 5404 Podiensi
1128 5353 1407 5422 episcopo,
1458 5352 1700 5422 aliisque
1748 5366 1948 5408 eorum

261 5429 506 5487 comitia
535 5439 600 5488 ut
647 5434 890 5492 celerius
931 5438 1204 5496 advenire
1256 5449 1704 5512 praproperent,
1732 5455 1848 5499 non
1877 5441 1950 5497 ob

2072 4304 2290 4367 gestum
2327 4297 2643 4365 palearum,
2680 4299 2931 4355 tantillos
2974 4301 3238 4358 videlicet
3285 4315 3353 4357 ac
3401 4317 3542 4372 pene
3581 4303 3770 4360 nullos

2071 4384 2349 4450 homines,
2378 4398 2540 4440 arma
2573 4387 2866 4456 capessite.
2907 4409 2929 4436 ι

2141 4474 2438 4539 Praeterea,
2519 4474 2824 4528 ordinatim
2903 4476 3053 4531 acies
3107 4477 3515 4546 disponuntur.
3568 4479 3632 4534 In
3685 4481 3767 4535 si-

2069 4560 2246 4614 nistro
2303 4554 2508 4615 cornu‘
2557 4562 2964 4631 magnanimus
3013 4567 3397 4633 Boemundus,
3456 4582 3764 4638 comesque

2068 4648 2618 4717 Northmannorum,
2683 4651 2842 4705 miles
2892 4654 3212 4708 acerrimus
3279 4656 3630 4720 Tancredus,
3711 4672 3765 4719 et

2068 4738 2169 4806 qui
2207 4737 2416 4792 dicitur
2473 4737 2542 4792 de
2599 4739 2785 4808 prima
2834 4740 3064 4796 civitate
3119 4743 3414 4799 Ricardos.
3475 4745 3764 4801 Podiensis

2067 4831 2257 4879 autem
2291 4823 2587 4892 episcopus
2625 4824 2966 4881 altrinsecus
3007 4842 3037 4881 e
3078 4829 3310 4898 regione
3358 4831 3609 4887 hostium
3663 4847 3762 4900 per

2068 4921 2344 4969 montana
2426 4915 2815 4984 progrediens,
2899 4917 3220 4972 Turcorum
3294 4921 3583 4976 exercitus
3653 4935 3763 4976 am-

2065 5002 2274 5058 biebat.
2309 5001 2562 5058 Sinistra
2609 5002 2779 5057 etiam
2828 5003 2908 5058 illi
2959 5005 3104 5073 parti
3163 5007 3525 5063 Raimundus
3577 5023 3760 5065 comes

2064 5088 2379 5158 adequitat.
2412 5091 2474 5144 In
2503 5089 2704 5144 dextro
2751 5099 2943 5147 autem
3001 5093 3119 5148 dux
3175 5095 3530 5155 Godefridus.
3584 5097 3756 5152 Flan-

2062 5176 2398 5247 drensisque
2426 5177 2720 5244 Robertus,
2767 5179 2931 5250 Hugo
2961 5181 3222 5251 Magnus,
3255 5191 3308 5238 et
3340 5184 3562 5253 reliqua
3619 5199 3759 5254 pra-

2059 5271 2273 5332 potens,
2336 5273 2528 5334 utpote
2572 5267 2794 5322 Christo
2871 5279 3332 5338 pugnaturoruin
3398 5287 3628 5328 manus.
3711 5274 3756 5329 Ο

2061 5353 2224 5420 bone,
2299 5353 2659 5410 internorum
2718 5357 2998 5426 cognitor,
3061 5360 3228 5426 Deus,
3287 5361 3429 5430 quid
3491 5362 3548 5416 in
3598 5370 3754 5417 tanto

2058 5441 2448 5513 lacrymarum
2479 5441 2582 5499 tibi
2607 5442 2802 5501 fusum
2851 5453 2934 5500 est
2983 5447 3316 5517 apparatu?
3359 5447 3507 5516 Quid
3551 5449 3612 5505 in
3659 5449 3751 5506 illo
