3902 6082
134 168 257 222 725

1260 165 1480 222 GESTA
1517 165 1630 220 DEI
1670 166 1810 222 PER
1849 166 2185 223 FRANCOS.
2209 196 2279 205 —
2301 166 2432 220 LIB.
2472 167 2567 221 lI'I.

3560 173 3663 226 726

135 295 479 366 procinctu,
534 309 607 352 ex
655 295 913 351 omnium
974 294 1186 359 animo,
1237 294 1345 364 pize
1397 294 1855 365 compunctionis
1892 298 1938 350 A
1972 296 2360 367 undecunque
2412 297 2642 352 coierat.
2675 295 2836 352 Certe
2872 296 2979 365 ipsi
3014 297 3243 364 Franci,
3287 298 3387 369 qui
3417 312 3476 354 se
3504 306 3664 356 tanto

135 399 214 439 ac
251 384 630 440 confessionis
680 383 949 439 emersit?
991 384 1057 437 Et
1102 383 1297 452 digna,
1336 390 1398 437 ut
1445 396 1550 451 par
1580 390 1681 449 est,
1721 397 1855 438 con-

135 472 502 528 sideratione
541 471 674 540 quis
718 478 928 541 penset,
989 479 1209 540 quanta
1253 470 1534 526 mentium
1574 472 1854 526 teneritu-

136 558 308 625 dine,
342 573 413 614 ex
437 558 520 613 tui
549 559 727 618 solius
763 572 881 628 spe,
915 566 1256 614 cunctorum
1309 558 1651 629 generaliter
1682 558 1856 613 corda

138 647 574 715 pependerint?
649 647 883 717 quantis
931 647 1001 702 ad
1076 655 1144 715 te,
1209 647 1448 714 Christe,
1513 647 1857 703 meroribus

136 734 520 804 singulorum
571 749 939 806 quorumque
976 734 1212 804 justitiae
1241 742 1344 790 aut
1384 744 1614 804 peccata
1643 735 1856 790 clama-

136 822 382 878 verint?
440 823 760 891 Fleverant,
824 822 1230 894 Christumque
1276 824 1467 879 adhuc
1517 824 1626 892 piis
1672 823 1854 892 piissi-

139 925 315 966 mum
351 911 614 980 suspiriis
666 910 991 976 irritabant,
1052 927 1183 967 cum
1231 926 1359 967 ecce
1414 912 1604 966 crucis
1641 911 1855 966 frontes

139 1009 396 1054 cunctas
426 1008 716 1069 praeeunte
749 1000 956 1070 sigillo,
991 1015 1104 1055 non
1136 1001 1261 1055 dico
1294 1000 1545 1064 leonum,
1574 999 1667 1053 sed
1699 999 1855 1069 quod

141 1086 343 1156 magis
411 1088 696 1155 competit,
755 1091 1074 1154 martyrum
1130 1086 1511 1149 animositate,
1562 1084 1856 1140 confertis-

140 1175 332 1229 simos
360 1175 570 1229 vexilla
601 1175 868 1230 feruntur
894 1175 953 1229 in
985 1175 1193 1229 hostes.

140 1263 289 1318 Mox
320 1262 535 1319 abeunt
556 1263 794 1325 Arabes,
831 1263 1034 1330 Persae,
1068 1263 1357 1333 Turcique
1377 1261 1630 1318 feroces:

222 1351 376 1406 Ante
405 1351 527 1420 pios
560 1351 777 1420 populi,
812 1360 970 1422 terga
999 1351 1202 1407 dedere
1227 1359 1435 1406 truces.

143 1438 240 1493 Fit
273 1439 434 1509 fuga,
462 1438 714 1508 disperse
745 1439 1013 1494 miserum
1044 1439 1401 1509 protenditur
1431 1453 1676 1512 agmen;

218 1525 348 1582 Non
376 1541 540 1582 secus
560 1542 627 1582 ac
658 1528 876 1597 lepores
907 1526 1221 1598 diffugiunt
1254 1528 1491 1584 Arabes.

140 1613 380 1680 Quanta
408 1614 588 1685 fugax
618 1614 796 1671 acies!
832 1615 893 1671 ﬁt
922 1630 1124 1672 eorum
1160 1616 1398 1686 prodiga
1427 1617 1636 1686 caedes;

217 1699 562 1756 Nostrorum
596 1700 771 1771 gladii
806 1701 905 1756 vix
940 1709 1174 1771 potuere
1205 1716 1389 1757 neces.

143 1789 378 1843 Damna
426 1788 612 1843 ferens
661 1789 952 1855 membris,
999 1792 1285 1860 cujusque
1321 1791 1653 1847 retunditur
1680 1793 1848 1848 ensis.

219 1877 390 1932 Falce
422 1877 577 1932 velut
609 1886 846 1948 segetes,
877 1878 958 1933 sic
988 1886 1243 1934 resecant
1275 1879 1549 1936 homines.

144 1964 254 2020 Hic
285 1975 478 2034 caput,
514 1965 606 2019 hic
638 1978 825 2032 nares,
862 1966 953 2020 hic
983 1976 1223 2037 guttura
1248 1974 1496 2034 truncat,
1536 1967 1628 2023 hic
1657 1982 1847 2025 aures.

217 2052 516 2109 Scinditur
540 2052 708 2109 alvus
738 2054 894 2120 huic,
927 2054 1135 2111 obvius
1156 2054 1342 2111 omnis
1374 2055 1493 2111 abit
1527 2052 1648 2128 [al.,

1681 2145 1847 2218 obit].

140 2227 511 2298 Obstupuere
539 2243 767 2296 manus,
798 2229 1104 2301 riguerunt
1134 2230 1371 2286 brachia
1397 2233 1568 2289 caede.

214 2316 398 2372 Nemo
422 2317 645 2386 repellit
672 2333 788 2384 eos,
813 2333 1049 2388 quoque
1076 2319 1287 2374 ferente
1320 2321 1486 2375 mori.

140 2404 365 2473 Nempe
396 2405 775 2461 subinduerat
801 2421 1004 2462 sensus
1035 2406 1309 2462 hebitudo
1341 2408 1624 2476 profanos.

215 2492 535 2561 Excipiunt
563 2495 799 2549 veniens
832 2503 1056 2564 pectora
1080 2509 1231 2550 caaca
1261 2496 1501 2561 malum,

215 2579 328 2650 [X.]
385 2580 688 2634 Potiunlur
741 2581 978 2638 victoria
1024 2583 1237 2639 Franci
1291 2613 1360 2623 ——
1411 2584 1606 2640 Fuisse
1654 2592 1848 2641 autem

138 2682 345 2724 eorum
378 2669 626 2724 hostium
661 2672 763 2740 qui
792 2671 927 2725 victi
958 2671 1186 2726 fuerant
1223 2686 1532 2727 numerum
1561 2673 1849 2743 quadrin-

142 2765 320 2827 genta
380 2758 683 2828 sexaginta
755 2759 937 2814 millia
994 2760 1261 2826 traditur,
1323 2768 1530 2830 praeter
1591 2763 1844 2830 Arabes;

1961 384 2219 439 obtulere
2290 384 2629 450 discrimini,
2683 384 2849 454 pleno
2905 399 3002 439 ore
3054 385 3307 441 fatentur
3369 401 3662 457 nusquam

1962 472 2163 541 Turcis
2195 472 2306 528 illis
2355 487 2537 536 genus
2588 472 2888 528 hominum
2947 474 3331 542 comparabile
3375 488 3535 543 posse
3565 490 3666 531 co-

1964 561 2179 632 gnosci,
2240 561 2380 617 adeo
2437 570 2672 632 argutos
2742 562 2969 629 animis,
3019 576 3087 616 ac
3143 570 3408 617 strenuos
3465 563 3662 627 armis,

1964 648 2067 718 qui
2112 649 2282 704 etiam
2332 663 2465 704 cum
2514 650 2573 704 in
2637 648 2817 704 initiis
2868 664 2999 705 cum
3044 650 3126 705 eis
3168 648 3314 705 bello
3358 650 3666 721 conﬂigere

1962 737 2258 806 coepissent
2307 736 2634 793 eorumdem
2693 737 2947 793 novitate
2988 751 3285 792 armorum
3316 750 3491 806 prope
3530 746 3666 793 sunt

1963 825 2264 894 desperati.
2310 825 2529 880 Nostris
2571 825 2724 881 enim
2785 825 3079 894 inexperta
3106 832 3229 880 erat
3277 832 3436 880 tanta
3463 839 3666 881 eorum

1965 912 2025 967 in
2072 913 2386 982 equitando
2451 913 2699 983 agilitas,
2756 912 2814 967 in
2864 912 3150 967 evitandis
3195 921 3522 968 nostrorum
3570 914 3665 968 in-
3694 976 3701 981 η

1962 1000 2233 1056 cursibus
2294 1000 2385 1056 vel
2461 1000 2668 1056 ictibus
2728 1000 2876 1055 mira
2947 1000 3272 1070 pernicitas,
3346 1001 3663 1069 praesertim

1963 1102 2096 1143 cum
2154 1103 2268 1143 non
2313 1088 2532 1143 soleant
2572 1089 2721 1157 ipsas
2765 1087 3020 1144 emittere
3066 1088 3174 1143 nisi
3234 1088 3514 1158 fugaciter
3556 1104 3663 1158 pu-

1964 1176 2198 1243 gnando
2268 1176 2523 1245 sagittas.
2588 1176 2688 1230 Est
2749 1183 2939 1231 autem
3000 1189 3201 1231 eorum
3266 1175 3458 1244 opinio
3508 1177 3663 1246 quod

1965 1264 2319 1319 Francorum
2391 1263 2742 1319 contribules
2819 1262 3087 1330 existant,
3150 1270 3203 1318 et
3276 1278 3395 1332 prae
3445 1268 3664 1320 caeteris

1964 1352 2234 1422 gentibus
2289 1351 2421 1407 solis
2473 1351 2794 1421 specialiter
2842 1350 3050 1407 Turcis
3095 1358 3149 1407 et
3192 1352 3428 1407 Francis
3466 1352 3660 1409 deberi

1964 1438 2210 1505 militare
2240 1439 2554 1510 fastigium.

2615 1526 2848 1583 CAPUT
2901 1527 2998 1583 VI.

2020 1613 2180 1684 '[XL]
2204 1613 2384 1685 Igitur
2412 1614 2494 1670 eis
2521 1614 2629 1669 hoc
2674 1614 2843 1669 modo
2894 1613 3161 1683 repulsis,
3206 1621 3260 1670 et
3305 1614 3395 1670 die
3449 1622 3657 1671 noctu-

1962 1715 2076 1771 que
2100 1715 2134 1756 a
2165 1702 2518 1757 Francorum
2551 1701 2691 1756 facie
2735 1700 3137 1772 fugitantibus,
3171 1702 3412 1773 contigit
3436 1702 3660 1758 ‘ducem

1961 1789 2063 1859 qui
2123 1789 2325 1845 Nicaeae
2392 1797 2653 1859 praeerat,
2711 1804 2843 1845 cum
2897 1790 3081 1846 multa
3131 1790 3383 1845 amentia
3442 1791 3659 1846 timoris

1960 1884 2087 1946 post
2129 1878 2299 1933 ﬁnem
2346 1877 2661 1932 obsidionis
2697 1877 2976 1947 elapsum,
3027 1878 3222 1933 decem
3270 1878 3527 1935 millibus
3573 1893 3662 1935 oc-

1959 1979 2193 2020 currere
2246 1965 2526 2031 Arabum,
2575 1964 2669 2020 cui
2707 1966 3016 2035 inquiunt:
3055 1984 3079 2016 α
3106 1966 3337 2022 Minime
3377 1967 3660 2036 gentium,

1958 2053 2336 2123 quamobrem
2392 2053 2472 2107 ita
2519 2053 2725 2109 misere
2784 2054 3096 2109 exterritus
3139 2045 3333 2123 fugis?
3384 2054 3655 2121 Francos,

1958 2141 2057 2206 ait,
2092 2155 2182 2196 me
2241 2141 2471 2211 penitus
2509 2141 2841 2211 dispersisse
2885 2155 2952 2196 ac
3007 2140 3361 2196 interemisse
3412 2148 3659 2210 putave-

1956 2243 2114 2296 ram;
2164 2237 2459 2300 totamque
2507 2243 2708 2285 eorum
2755 2244 3040 2285 summam
3091 2230 3260 2285 rebar
3287 2230 3411 2301 jam
3446 2228 3657 2298 sempi-

1957 2325 2134 2373 ternae
2159 2318 2477 2387 captivitati
2510 2317 2801 2384 traditam,
2832 2326 2889 2373 et
2932 2318 3069 2373 dum
3120 2332 3215 2374 eos
3246 2316 3526 2387 paulatim
3556 2330 3659 2387 per

1957 2404 2282 2475 manipulos
2329 2405 2703 2460 adventantes
2742 2413 2798 2460 et
2845 2414 3085 2472 turmas,
3137 2405 3519 2461 subacturum
3565 2419 3657 2461 me

1955 2494 2196 2558 aestimo,
2230 2493 2373 2548 etin
2426 2501 2651 2548 exteras
2695 2493 2896 2563 ligatos
2943 2500 3123 2548 terras
3171 2492 3475 2559 abducere,
3519 2498 3658 2547 tunc

1955 2582 2147 2638 subito
2180 2589 2295 2637 tam
2344 2581 2636 2637 numerosi
2684 2595 3003 2651 apparuere
3025 2579 3311 2636 exercitus
3347 2587 3412 2635 ut
3441 2579 3657 2648 campis

1954 2678 2011 2727 et
2059 2670 2351 2725 montibus
2391 2683 2592 2725 eorum
2623 2667 3012 2725 multitudinis
3044 2668 3380 2723 cnormitate
3405 2666 3653 2735 repletis,

1955 2772 2249 2828 nusquam
2281 2759 2354 2814 ab
2396 2772 2596 2814 eorum
2639 2757 2974 2828 frequentiis
3003 2763 3332 2812 nostrarum
3364 2755 3658 2811 videretur

142 2858 401 2914 quorum
455 2845 596 2901 adeo
633 2848 882 2902 enormis
920 2848 1138 2903 exstitit
1193 2847 1494 2917 pluralitas
1555 2857 1617 2905 ut
1663 2850 1850 2905 omnis
1887 2867 1928 2922 α
1955 2847 2257 2918 regionum
2287 2854 2439 2903 terra
2486 2860 2713 2901 vacare.
2751 2866 2772 2894 ι
2825 2844 3223 2913 Captivitatem
3253 2857 3429 2912 quam
3456 2844 3657 2899 asserit

140 2946 345 2988 eorum
394 2933 675 2989 hebetarit
701 2941 925 2991 nostros
959 2936 1269 3006 quantitas.
1304 2937 1563 2994 Primum
1589 2938 1843 3008 quidem,

140 3020 506 3076 conclamata
548 3022 940 3091 desperatione
980 3024 1200 3091 salutis,
1248 3025 1320 3079 ad
1349 3039 1456 3081 sua
1500 3039 1675 3096 quam
1708 3041 1845 3096 pro-

141 3123 279 3179 pere
303 3109 506 3179 trepidi
547 3111 791 3166 tentoria
824 3112 1100 3181 tendunt;
1154 3113 1353 3183 ibique
1398 3128 1528 3184 quae
1578 3130 1694 3185 prze
1730 3129 1847 3171 ma-

142 3197 321 3253 nibus
376 3198 631 3254 habuere
685 3200 982 3269 correptis,
1042 3200 1390 3272 diffugiunt;
1448 3210 1683 3273 totaque
1725 3218 1845 3260 una

143 3286 238 3341 die
284 3286 466 3341 nostri
522 3300 617 3341 eos
656 3287 1061 3344 instantissime
1134 3299 1579 3359 persequuntur.
1639 3292 1845 3361 Spoliis

142 3374 343 3443 itaque
382 3374 493 3430 illis
544 3376 943 3432 recedentibus
1001 3377 1327 3433 farciuntur
1370 3380 1599 3448 ereptis,
1635 3388 1689 3434 et
1719 3388 1843 3450 post

143 3460 482 3517 innumeras
532 3463 890 3533 sanguinum
949 3464 1219 3532 fusiones,
1272 3467 1510 3535 copiosae
1565 3470 1839 3537 pecuniae,

145 3550 528 3619 pretiosarum
596 3551 864 3617 vestium,
917 3566 1323 3620 pecuar'orum
1383 3554 1663 3623 plurium,
1716 3570 1847 3624 quae

144 3638 397 3693 tulerant
424 3638 750 3709 fugacibus,
783 3640 985 3695 solatio
1015 3642 1332 3709 potiuntur.
1362 3642 1450 3697 Ab
1482 3643 1624 3698 hora
1649 3652 1840 3700 autem

144 3727 313 3782 tertia
360 3741 546 3797 usque
600 3729 660 3782 in
717 3729 915 3783 horam
964 3741 1175 3783 nonam
1222 3728 1398 3799 hujus
1448 3744 1677 3801 pugnae,
1729 3731 1843 3785 imo

145 3814 547 3871 internecionis
612 3816 890 3883 Arabicae,
966 3816 1231 3886 ﬂagravit
1302 3817 1651 3873 incendium.
1718 3818 1842 3874 Duo

144 3916 281 3958 vero
324 3917 397 3959 ex
458 3904 668 3960 nostris
727 3904 1027 3960 reverendi
1082 3903 1332 3961 nominis
1389 3919 1668 3974 proceres,
1719 3908 1839 3962 Jos-

146 3990 339 4047 fredus
368 3984 604 4061 quidam
636 3992 706 4047 de
744 3992 930 4047 Monte
962 3992 1226 4048 Srabioso
1268 4007 1551 4064 agnomen
1597 3993 1837 4061 habens,

145 4086 201 4133 et
256 4077 613 4147 Guillelmus,
685 4079 755 4134 de
807 4093 923 4149 quo
981 4093 1161 4149 supra
1219 4080 1495 4147 diximus,
1562 4080 1837 4136 Tancredi

1955 2936 2185 3003 factam,
2235 2936 2308 2991 ad
2360 2935 2677 2991 exercitum
2750 2933 3016 2991 convenit
3066 2933 3213 2990 Petri
3269 2933 3521 2989 eremitze
3558 2947 3655 2988 re—

1954 3024 2124 3091 ferre,
2188 3031 2523 3093 sequentem
2590 3037 2726 3079 vero
2784 3022 3213 3080 multitudinem
3269 3021 3343 3076 ad
3393 3035 3489 3077 eos
3550 3020 3652 3090 qui

1952 3113 2155 3168 urbem
2187 3125 2376 3181 nuper
2425 3112 2706 3183 subegere
2754 3112 2975 3168 Nicaeae.
3009 3134 3030 3160 ·
3065 3114 3210 3168 Cum
3239 3124 3397 3181 ergo,
3442 3108 3649 3179 inquit,

1952 3208 2033 3257 tot
2079 3200 2428 3271 populorum
2475 3201 2747 3256 examina
2783 3200 3123 3256 vidissemus
3168 3206 3223 3255 et
3272 3199 3456 3254 instar
3493 3212 3652 3268 sege-

1951 3297 2073 3345 tum
2104 3303 2317 3345 cuneos
2354 3289 2793 3355 crebrescentes,
2824 3288 2927 3359 qui
2960 3301 3255 3343 armorum
3277 3299 3652 3357 nequaquam

1949 3377 2275 3434 defensione
2330 3378 2825 3448 praesumpsimus,
2876 3391 2982 3433 nec
3026 3376 3181 3432 enim
3222 3384 3411 3432 tutum
3466 3375 3652 3430 fuerat

1951 3475 2189 3522 mortem
2220 3467 2551 3537 contiguam
2586 3465 2960 3532 evadendam,
3017 3465 3107 3521 vel
3147 3464 3286 3534 pede
3315 3463 3649 3520 'adminicu-

1951 3554 2104 3609 laute
2152 3554 2506 3610 censuimus.
2558 3554 2740 3621 Unde,
2782 3554 2979 3620 fateor,
3023 3553 3128 3609 etsi
3174 3552 3394 3619 remoti,
3435 3566 3508 3607 ex
3547 3567 3649 3606 eo-

1950 3654 2104 3708 rum,
2148 3656 2295 3711 quos
2343 3642 2616 3710 vidimus,
2666 3643 2791 3698 dira
2830 3641 3222 3697 recordatione
3260 3640 3644 3705 concutimur,

1951 3729 2259 3799 adhucque
2290 3730 2360 3785 de
2406 3738 2661 3800 experta,
2695 3730 2825 3786 licet
2870 3729 2940 3784 ad
2976 3735 3348 3795 momentum,
3392 3727 3646 3796 ipsorum

1950 3817 2237 3874 ferocitate
2290 3817 2577 3873 timemus.
2612 3816 2772 3882 Quod
2810 3817 2857 3872 si
2904 3824 2959 3872 et
3002 3830 3103 3872 vos
3154 3830 3292 3872 mete
3340 3815 3649 3885 experien-

1951 3905 2042 3962 tiae
2070 3905 2238 3960 fidem
2271 3905 2527 3974 praebere
2564 3904 2798 3973 velletis,
2855 3904 2994 3961 huic
3027 3919 3203 3975 quam
3248 3917 3487 3973 propere
3525 3904 3646 3958 loco

1948 3993 2263 4049 cederetis:
2297 3993 2438 4064 quia
2466 3992 2512 4049 si
2546 4008 2648 4050 vos
2685 4008 2883 4050 eorum
2928 4007 3136 4048 manus
3172 3992 3466 4062 contingat
3496 3991 3645 4046 inci-

1951 4079 2103 4147 dere,
2156 4080 2502 4151 multiplices
2553 4081 2675 4137 sine
2714 4080 2891 4137 dubio
2940 4088 3143 4137 vestrae
3192 4078 3644 4149 improvidentiae

147 4164 338 4230 frater.
372 4167 587 4238 aliique
625 4179 804 4237 quam
828 4166 1082 4237 plurimi,
1117 4181 1368 4238 quorum
1402 4168 1634 4223 nomina
1664 4170 1840 4224 solius
1878 4156 1922 4209 D
1948 4169 2232 4224 constabit
2284 4183 2480 4239 ptenas
2535 4184 2637 4225 vos
2676 4170 2854 4225 luere.
2891 4191 2911 4218 ι
2952 4170 3084 4225 Hzec
3112 4168 3191 4223 illi
3241 4167 3560 4234 audientes,
3591 4174 3646 4222 et

151 4255 247 4309 Dei
292 4256 507 4311 notitiae
554 4264 691 4311 sunt
738 4255 972 4322 credita,
1025 4256 1231 4312 ibidem
1276 4256 1693 4312 occubuerunt.
1739 4258 1842 4313 Hic

149 4343 330 4413 plane,
390 4343 484 4400 hic
528 4344 864 4414 experimur
923 4344 1152 4401 virtutis
1205 4343 1517 4401 Chistianze
1567 4344 1837 4416 insignia,

148 4440 200 4487 et
228 4431 361 4487 dum
399 4432 520 4488 haec
563 4447 880 4503 paucorum
931 4447 1063 4488 cum
1122 4432 1441 4488 innumeris
1483 4432 1629 4489 bella
1661 4434 1841 4489 mira-

150 4534 280 4576 mur
318 4520 592 4590 imparia;
626 4528 809 4576 totum
866 4520 1184 4576 necessario
1219 4520 1430 4576 referre
1477 4521 1739 4592 cogimur
1767 4523 1840 4578 ad

147 4608 347 4665 Christi
381 4610 562 4665 solius
605 4609 843 4665 auxilia.
874 4609 930 4664 Si
984 4608 1136 4664 enim
1181 4609 1250 4665 de
1302 4610 1389 4665 his
1435 4613 1534 4681 qui
1582 4612 1840 4668 nondum

148 4711 183 4753 a
216 4698 321 4753 Deo
348 4697 708 4754 desciverant
734 4698 968 4764 Judzeis,
1028 4697 1239 4753 dicitur
1268 4699 1325 4752 in
1374 4699 1546 4755 veteri
1580 4700 1792 4770 pagina
1825 4716 1859 4759 :.

150 4786 286 4856 quia
317 4807 338 4835 ι
382 4786 836 4856 persequebatur
878 4799 1033 4840 unus
1094 4785 1248 4840 mille
1299 4794 1354 4841 et
1396 4786 1511 4842 duo
1562 4787 1844 4858 fugabant

149 4875 335 4930 decem
376 4874 556 4931 millia
594 4874 773 4944 (Deut.
825 4887 1007 4938 xxxu,
1042 4874 1165 4941 30);
1195 4894 1216 4921 ι
1270 4887 1385 4928 non
1416 4874 1609 4929 minus
1633 4877 1702 4930 de
1734 4875 1842 4930 hac

151 4960 287 5016 mihi
349 4961 579 5016 videtur
655 4958 1019 5015 sentiendum
1093 4957 1350 5024 victoria,
1431 4957 1531 5013 ubi
1591 4958 1841 5014 hominis

152 5060 380 5119 prorsus
436 5047 755 5120 ingenium,
804 5060 922 5117 qua
959 5054 1083 5103 arte
1128 5036 1447 5102 a'tantillis
1505 5046 1841 5103 innumera-

153 5134 287 5192 biles
328 5133 516 5191 evinci
575 5135 853 5203 valerent,
885 5149 1011 5206 spes
1055 5143 1112 5191 et
1139 5134 1438 5191 :estimatio
1485 5134 1685 5190 defecit
1724 5136 1841 5192 hu-

156 5238 338 5281 mana.

224 5312 324 5370 Sed
355 5311 591 5368 forsitan
635 5311 828 5381 quivis
869 5311 1150 5382 obiectat:
1182 5309 1418 5367 Rustica
1459 5323 1666 5364 manus
1694 5317 1836 5374 erat,

156 5403 210 5452 et
250 5397 648 5471 gregariorum
722 5398 969 5456 militum
1028 5398 1385 5470 peripsema,
1432 5402 1580 5453 393
1628 5397 1837 5468 passim

1948 4257 2296 4313 credendum
2354 4258 2682 4327 judicantes
2743 4256 3014 4326 expertis,
3074 4262 3374 4312 verterunt
3434 4255 3645 4311 celeres

1948 4352 2159 4399 cuncta
2205 4353 2543 4416 retrorsum,
2592 4354 2646 4403 et
2702 4359 2803 4416 per
2850 4348 3181 4400 universam
3213 4356 3334 4398 sese
3365 4342 3643 4399 diffudere

1948 4431 2307 4488 Romaniam.

2019 4519 2190 4589 [XIL]
2269 4521 2559 4577 Simulant
2606 4520 2772 4577 Turci
2823 4521 3077 4575 Francos
3128 4517 3419 4584 devicisse,
3495 4514 3644 4568 unde

1945 4607 2105 4664 intra
2146 4609 2310 4666 urbes
2349 4610 2594 4666 admissi
2621 4612 2984 4682 grassantur,
3025 4605 3423 4679 diripiuntque
3461 4602 3641 4659 eccle—

1945 4695 2087 4750 sias.
2118 4726 2187 4736 —
2217 4698 2441 4752 Interea
2470 4712 2501 4752 e
2528 4698 2765 4769 vestigio
2805 4696 3076 4769 fugitivos
3105 4696 3319 4750 Turcos
3368 4692 3643 4761 subsequi

1948 4779 2233 4841 curabant
2274 4784 2493 4850 nostri;
2538 4786 2916 4852 praecedentes
2942 4792 3135 4840 autem
3168 4783 3271 4851 illi,
3297 4781 3435 4837 dum
3472 4779 3644 4835 urbes

1947 4880 2003 4928 et
2031 4880 2219 4928 castra
2271 4880 2694 4941 pertranseunt,
2744 4888 2863 4929 sese
2908 4874 3160 4929 Francos
3198 4871 3401 4926 vicisse
3434 4868 3638 4938 passim

1941 4959 2254 5032 jactitando
2303 4957 2570 5026 efferunt,
2627 4959 2824 5030 sicque
2872 4970 3039 5018 terra;
3095 4959 3464 5023 habitatores,
3526 4968 3644 5025 qua

1949 5049 2128 5115 ibant,
2187 5049 2565 5104 mendacibus
2619 5049 2811 5105 verbis
2861 5050 3149 5107 eludunt:
3200 5072 3221 5098 ι
3278 5047 3409 5111 Nos,
3455 5045 3638 5111 aiunt,

1945 5137 2182 5209 agmina
2210 5136 2534 5195 Christiana
2577 5139 2916 5207 repulimus,
2955 5139 3155 5209 eisque
3179 5136 3353 5193 totius
3381 5133 3643 5201 deinceps

1947 5240 2156 5282 ausum
2209 5224 2629 5296 congressionis
2687 5225 3048 5280 abstulimus.
3099 5225 3303 5294 Itaque
3352 5236 3456 5277 nos
3493 5220 3644 5276 intra

1949 5313 2122 5369 urbes
2166 5322 2386 5369 vestras
2436 5312 2735 5378 admittite,
2769 5320 2823 5369 et
2870 5319 3166 5382 gratanter
3190 5325 3282 5366 eos
3317 5310 3418 5381 qui
3451 5316 3643 5363 tanto—

1949 5414 2081 5471 pere
2113 5415 2214 5457 vos
2248 5410 2483 5459 tuentur
2528 5401 2794 5473 excipite.
2832 5423 2851 5449 ι
2884 5399 3152 5456 Civitates
3193 5412 3331 5467 ergo
3374 5396 3640 5468 ingressi,
