3920 6080
247 168 356 223 ’727

1157 171 1218 224 ν.
1259 167 1587 224 GUIBERTI
1629 168 1919 225 ABBATIS
1956 169 2012 225 S.
2056 168 2295 223 MARIIE
2332 167 2426 224 DE
2465 167 2848 225 NOVIGENTO

3659 171 3781 223 728

237 297 609 354 ecclesiarum
646 297 990 367 diripiebant
1019 306 1275 365 ornatus,
1324 297 1688 368 publicarum
1722 299 1934 355 aedium
1972 299 2020 354 A
2051 300 2442 371 indignatione
2473 300 2704 369 refutat,
2729 300 2867 356 dum
2899 299 3004 356 sibi
3031 307 3085 356 et
3113 299 3362 356 civitatis
3401 299 3769 364 dominium,

240 387 560 457 spoliabant
591 387 798 456 copias,
832 401 1044 442 aurum
1091 394 1539 456 argentumque,
1594 387 1805 443 diversi
1837 403 1938 458 ge-

240 476 394 531 neris
444 474 737 540 animalia,
777 482 831 529 et
878 475 921 529 si
956 489 1074 544 qua
1129 483 1518 545 suppeterent,
1560 475 1780 545 eripere
1810 490 1938 530 mo-

238 563 528 618 liebantur
557 561 741 616 utilia.
777 562 864 617 Ad
925 563 1031 617 hoc.
1061 563 1230 617 etiam
1284 577 1547 632 quosque
1577 563 1937 618 Christiano-

238 664 369 705 rum
433 649 578 703 filios
635 663 735 718 pro
784 651 1085 719 mancipiis
1127 651 1507 718 abducebant,
1560 660 1764 706 caetera
1809 665 1940 721 quae

237 737 432 791 minus
473 736 682 805 praedae
737 736 1029 806 patebant.
1071 737 1351 792 incendiis
1401 738 1790 805 absumentes,
1832 738 1940 793 ad-

237 831 473 879 ventum
522 825 866 879 nostratium
903 839 1125 893 semper
1169 825 1476 894 praeeundo
1516 833 1793 880 verentes.
1828 825 1941 880 Hos

238 911 489 980 denique
537 911 804 980 profanos
853 925 952 980 per
1003 912 1379 968 solitudinum
1416 912 1595 967 nostri
1645 913 1775 966 avia
1818 911 1938 966 dis-

240 999 550 1069 quirentes,
613 1007 822 1055 terram
881 1000 1162 1056 desertam
1223 1000 1438 1055 inviam
1487 1008 1542 1055 et
1598 1000 1938 1070 inaquosam

239 1087 604 1142 intraverunt
641 1087 829 1157 (Psal.
893 1103 1027 1154 an,
1085 1087 1157 1158 3),
1213 1088 1281 1143 de
1325 1102 1442 1158 qua
1488 1089 1585 1142 vix
1631 1088 1939 1144 miserandi

239 1183 612 1231 emerserunt.
692 1176 835 1230 Hinc
907 1175 1090 1241 famis,
1171 1176 1301 1231 inde
1379 1176 1500 1231 sitis
1564 1177 1939 1245 agitabantur

240 1264 454 1334 inopia,
505 1264 764 1334 nihilque
823 1264 1112 1334 pertinens
1140 1265 1260 1319 esui
1299 1272 1516 1334 poterat
1543 1263 1799 1333 reperiri,
1832 1263 1939 1318 nisi

240 1353 394 1419 quod
457 1351 753 1421 spicarum
807 1352 1215 1407 confricatione
1279 1353 1586 1421 aliquoties
1632 1352 1940 1406 videbatur

241 1438 488 1494 crudelis
537 1439 724 1493 inedia
785 1440 1112 1508 temperari.
1173 1438 1384 1493 Ibidem
1426 1438 1618 1507 plures
1660 1438 1940 1507 equestris

240 1524 396 1580 viros
439 1527 734 1596 dignitatis
783 1534 1002 1581 constat
1051 1527 1249 1591 obisse,
1286 1527 1424 1580 dum
1465 1527 1817 1582 desertorum
1849 1527 1937 1582 in-

242 1613 480 1667 solentia
523 1615 697 1668 vitam
752 1615 919 1683 equis
979 1614 1273 1681 adimeret,
1328 1615 1712 1683 itinerumque
1753 1614 1940 1684 impa—
1979 1591 2022 1645 Β

242 1700 440 1754 tientia
494 1699 764 1755 delicatos
831 1701 1153 1770 perimeret.
1230 1701 1385 1756 Unde
1451 1701 1646 1765 boves,
1720 1715 1981 1770 capros,_

243 1788 464 1854 arietes,
498 1797 571 1854 et,
603 1788 756 1857 quod
805 1790 1016 1844 mirum
1065 1789 1249 1858 magis
1296 1797 1397 1854 est,
1431 1803 1601 1844 canes
1629 1789 1946 1860 sagmarios

244 1883 382 1930 tunc
414 1875 556 1941 ﬁeri,
587 1890 870 1944 equorum
932 1878 1451 1946 vehiculorumque
1486 1878 1722 1946 grandis
1765 1877 1946 1948 coegit

242 1970 502 2032 egestas;
565 1963 653 2018 his
700 1965 852 2019 enim
905 1966 1174 2020 omnibus
1223 1979 1324 2034 pro
1376 1965 1608 2020 modulo
1657 1965 1943 2035 impertie-

245 2052 462 2107 bantur
491 2052 578 2107 vel
611 2052 1046 2122 qualescunque
1082 2052 1420 2108 sarcinulas.

319 2139 517 2193 Turcis
560 2139 814 2210 expulsis
868 2139 1131 2194 Iconium
1180 2139 1582 2212 ingrediuntur
1615 2140 1848 2195 Franci.
1877 2169 1948 2183 -—

246 2227 470 2283 Exinde
527 2228 860 2297 opulentam
909 2243 982 2284 ex
1040 2229 1129 2283 his
1167 2243 1298 2297 quae
1357 2229 1487 2283 usui
1540 2237 1799 2296 prosunt,
1853 2242 1948 2283 eos

245 2315 484 2387 contigit
517 2316 752 2372 introire
775 2317 1165 2386 provinciam;
1211 2315 1644 2386 attigeruntque
1690 2316 1945 2372 Iconium

246 2404 555 2472 civitatem,
626 2405 786 2460 Pauli
838 2404 1074 2473 apostoli
1132 2401 1434 2458 tolerantia
1478 2411 1531 2458 et
1587 2404 1813 2474 scriptis
1868 2405 1949 2459 in-

246 2492 490 2563 signem.
536 2496 634 2547 Ast
676 2491 1053 2562 provinciales
1099 2490 1486 2546 admonebant
1516 2492 1948 2560 praemuniendo

247 2588 491 2646 nostros,
546 2587 609 2635 ut
658 2593 843 2648 aquas
881 2580 1111 2634 utribus
1161 2579 1456 2648 impositas
1518 2593 1710 2636 secum
1766 2581 1948 2636 defer-

249 2675 393 2733 rent,
424 2667 563 2736 quia
607 2666 720 2722 dici
751 2667 925 2722 unius
973 2668 1191 2734 itinere,
1220 2666 1368 2722 nihil
1401 2681 1688 2738 aquarum
1723 2667 1949 2737 penitus

250 2755 616 2822 reperiretur.
689 2755 774 2808 Ita
827 2768 963 2824 ergo
1019 2753 1217 2822 fecere,
1280 2755 1459 2810 donec
1518 2755 1589 2810 ad
1645 2756 1949 2826 cujusdam

2046 395 2101 444 et
2132 389 2386 444 victoriae
2418 388 2667 460 insignia
2696 402 2968 460 arrogare
3001 389 3302 445 desiderat.

2115 477 2240 532 Nox
2290 478 2482 548 itaque
2541 479 2892 548 supervenit,
2944 486 2997 534 et
3027 480 3305 534 Turcorm
3355 477 3589 548 vulgus,
3643 477 3770 533 ob-

2045 565 2282 620 sidionis
2320 565 2643 635 impatiens,
2707 581 2810 623 nec
2855 569 2981 637 ejus
3015 567 3116 636 qui
3160 566 3457 622 obsederat
3488 566 3768 634 pertina—

2046 653 2147 708 ciae
2173 661 2226 709 et
2252 654 2484 710 virtutis
2530 655 2820 724 ignarum,
2858 655 3192 710 universum
3224 669 3454 722 prorsus
3492 653 3759 722 aufugit.

2046 739 2266 807 Quibus
2301 741 2379 796 ita
2416 743 2681 809 extrusis,
2721 745 2792 796 liii
2831 741 2931 811 qui
2990 742 3050 796 in
3099 742 3241 797 urbe
3281 741 3757 808 commanebant,

2050 828 2228 898 ipsius
2281 829 2528 897 profecto
2584 836 2749 884 terrae
2819 829 3076 900 gentiles,
3139 829 3476 883 Christianae
3528 828 3761 883 scilicet

2046 916 2294 970 hominis
2339 917 2698 982 conditionis,
2733 917 2789 971 in
2813 918 2932 986 ipsa
2963 917 3176 986 egressi
3216 917 3287 970 ad
3310 925 3530 971 nostros
3559 924 3756 981 nocte,

2045 1003 2446 1058 conclamant:
2488 1026 2508 1053 ι
2557 1004 2781 1071 Franci,
2830 1005 3122 1074 inquiunt,
3178 1011 3465 1058 maturate
3518 1003 3757 1072 ingredi

2045 1091 2354 1156 civitatem,
2415 1091 2554 1160 quia
2615 1091 2949 1160 alienigenae
3006 1091 3338 1161 diffugiunt.
3400 1092 3462 1144 ln
3519 1098 3758 1145 tantum

2045 1188 2247 1236 vestrae
2296 1179 2644 1235 fortitudinis
2701 1193 3009 1248 concepere
3075 1176 3424 1233 timorem!»
3492 1182 3594 1232 Ast
3647 1178 3758 1233 ubi

2046 1267 2246 1334 eluxit,
2283 1267 2386 1322 loci
2420 1267 2600 1337 ipsius
2652 1268 2930 1336 primores
2986 1266 3184 1321 urbem
3225 1265 3375 1320 ultro
3421 1265 3664 1331 dedunt,
3701 1273 3761 1320 et

2048 1355 2157 1422 his,
2215 1370 2361 1424 quos
2401 1369 2576 1424 super
2616 1355 2743 1424 ejus
2804 1355 3053 1410 dominio
3097 1354 3295 1423 jurgia
3343 1363 3558 1409 motare
3605 1368 3761 1408 com-

2047 1451 2331 1512 pererant,
2365 1443 2529 1498 aiunt
2563 1459 2574 1496 :
2616 1466 2637 1492 ι
2673 1443 2840 1498 lllum
2883 1444 3046 1498 nobis
3079 1443 3377 1512 praesidere
3418 1443 3757 1512 deligimus,

2048 1543 2220 1598 quem
2251 1544 2383 1584 cum
2415 1531 2616 1585 Turcis
2648 1531 2785 1586 adeo
2816 1532 3021 1586 acriter
3050 1533 3311 1586 hesterno
3338 1532 3518 1601 egisse
3537 1545 3758 1600 cogno-

2051 1617 2262 1671 vimus.
2300 1638 2328 1664 »
2374 1617 2588 1673 Verum
2645 1618 2981 1683 Balduinus,
3032 1618 3323 1673 Tancredo
3373 1617 3755 1687 pervicaciter

2054 1702 2292 1769 instans,
2345 1703 2630 1760 civitatem
2703 1719 2896 1760 secum
2940 1705 3153 1773 pariter
3203 1705 3616 1760 cohortabatur
3663 1703 3754 1758 in-

2053 1794 2225 1853 trare,
2255 1795 2310 1844 et
2360 1798 2529 1858 prout
2570 1791 2780 1860 cuique
2825 1790 3068 1846 facultas
3112 1791 3332 1857 inesset,
3390 1791 3582 1860 spoliis
3613 1789 3758 1846 diri-

2057 1876 2275 1944 piendis
2330 1877 2607 1933 insistere.
2641 1882 2710 1933 At
2754 1878 3083 1933 Tancredus
3140 1893 3251 1933 non
3285 1879 3606 1934 inconsulte
3662 1893 3754 1934 re-

2054 1963 2204 2018 fert:
2247 1986 2266 2013 ‹
2303 1966 2364 2020 ld
2420 1980 2476 2021 se
2530 1966 2740 2021 habere
2803 1967 3090 2035 propositi,
3145 1966 3488 2037 impugnare
3544 1968 3755 2038 utique

2053 2051 2285 2115 Turcos,
2321 2066 2437 2106 non
2475 2052 2720 2121 spoliare
2749 2053 3118 2120 Christianos,
3154 2041 3466 2122 praesertim
3515 2068 3651 2108 cum
3692 2069 3759 2110 se

2053 2147 2253 2206 sponte
2290 2138 2581 2209 elegerint,
2615 2155 2720 2196 nec
2744 2141 2987 2196 alterum
3035 2154 3211 2210 quam
3244 2155 3302 2196 se
3342 2141 3536 2197 velint.
3578 2164 3597 2188 ι
3654 2143 3757 2197 Li-

2052 2233 2139 2279 cet
2183 2224 2303 2280 hzec
2353 2226 2581 2291 diceret,
2638 2227 3004 2282 considerans
3057 2235 3249 2282 tamen
3308 2242 3438 2282 eum
3498 2229 3757 2296 potentia

2055 2325 2426 2380 praeeminere
2465 2314 2792 2383 copiosioris
2821 2314 3126 2382 exercitus,
3163 2314 3328 2370 vellet
3377 2313 3570 2378 nollet,
3628 2314 3755 2368 viro

2055 2400 2132 2455 illi
2163 2415 2264 2469 pro
2302 2409 2549 2470 tempore
2595 2402 2779 2457 cessit.
2821 2401 2926 2457 Cui
2968 2401 3099 2456 inde
3153 2402 3435 2457 recedenti
3477 2402 3604 2456 duae
3652 2414 3758 2470 per

2055 2487 2398 2542 deditionem
2469 2487 2694 2556 optimae
2755 2501 2813 2543 se
2881 2488 2930 2542 ei
3013 2488 3397 2544 subdiderunt
3469 2487 3754 2554 civitates,

2055 2575 2282 2629 Athena
2341 2574 2622 2642 videlicet,
2681 2582 2735 2632 et
2793 2575 3106 2644 Mamistra,
3167 2585 3221 2632 et
3266 2575 3497 2631 castella
3545 2588 3758 2645 quam-

2057 2661 2326 2731 plurima.

2125 2751 2312 2802 Actus
2386 2748 2630 2803 breviter
2688 2750 3159 2822 perstringuntur
3220 2748 3514 2806 Balduini.
3568 2779 3638 2788 —
3684 2751 3756 2804 At

249 2855 407 2896 oram
460 2841 720 2896 fluminis
765 2842 1063 2897 devenere.
1114 2843 1318 2912 Ibique
1354 2857 1453 2913 per
1478 2843 1718 2899 biduum
1756 2844 1946 2914 hospi-
1988 2882 2028 2936 ρ
2057 2836 2335 2936 quoniam
2363 2836 2431 2891 de
2602 2837 2721 2906 ipso
2756 2837 3032 2936 Balduino
3072 2837 3271 2893 nullus
3312 2837 3760 2934 forsitandein-

253 2929 331 2984 tia
391 2943 698 2997 sumpsere.
766 2930 1091 2986 Praeeuntes
1135 2931 1330 3001 itaque
1379 2931 1477 3002 qui
1527 2945 1950 3001 praacursorum

250 3014 436 3072 oflicio
463 3016 878 3088 fungebantur,
911 3032 1219 3088 pervenere
1257 3018 1578 3087 Erachiam,
1607 3019 1705 3075 ubi
1733 3021 1954 3076 Turco-

255 3117 382 3158 rum
420 3104 670 3173 plurima
710 3104 963 3173 phalanx
995 3106 1387 3176 agglomerata
1417 3107 1645 3174 coierat,
1683 3107 1734 3162 id
1768 3107 1952 3162 solum

255 3191 610 3260 praestolans,
679 3193 964 3262 quomodo
1025 3193 1233 3249 Christi
1303 3195 1559 3250 valerent
1615 3195 1954 3264 perturbare

256 3279 548 3348 militiam;
593 3295 738 3349 quos
800 3281 980 3336 nostri
1045 3281 1334 3350 invenere,
1393 3290 1448 3338 et
1499 3282 1664 3338 solita
1712 3282 1999 3338 audacia.

258 3367 527 3436 intrepidi
601 3381 921 3437 pervasere.
969 3370 1166 3424 Hostes
1221 3384 1359 3425 vero
1419 3370 1587 3425 celeri
1642 3370 1957 3427 elabuntur

257 3453 418 3525 fuga.

329 3543 452 3598 Non
487 3558 650 3599 secus
681 3558 748 3599 ac
781 3543 950 3600 missa
975 3545 1138 3615 jactu
1168 3545 1402 3600 Baleare
1430 3547 1658 3616 sagitta.

330 3631 534 3703 Lapsis
570 3632 632 3686 in
653 3633 868 3704 fugam
912 3633 1110 3687 Turcis
1157 3634 1398 3688 Tarsum
1425 3635 1580 3688 ultro
1609 3634 1758 3688 cives
1807 3635 1957 3689 Tan-

257 3721 425 3774 credo
479 3721 710 3776 dedunt.
757 3724 906 3776 IIem
963 3722 1245 3776 Athenam
1288 3727 1343 3776 et
1373 3723 1762 3777 Mamislram.
1795 3753 1862 3761 —
1894 3725 1958 3778 In
1997 3750 2008 3752 -

262 3809 462 3865 urbem
493 3825 648 3882 ergo,
678 3810 795 3880 jam
828 3811 1003 3866 libero
1035 3817 1262 3879 patente
1292 3811 1472 3878 aditu,
1507 3813 1685 3866 nostri
1719 3812 1954 3879 intrant,

263 3907 632 3968 quatuorque
680 3912 936 3953 mansere
987 3898 1189 3954 diebus
1233 3899 1457 3954 ibidem.
1511 3899 1597 3954 Ibi
1626 3899 1958 3954 Tancredus

265 3986 579 4042 Boemundi
626 4000 821 4054 nepos,
870 3993 924 4040 et
963 3986 1280 4041 Balduinus
1333 3987 1496 4042 ducis
1520 3987 1807 4042 Godefridi
1838 3987 1960 4042 fra-

265 4083 368 4142 ter,
417 4089 532 4130 non
573 4072 812 4144 diffugia
872 4073 1107 4141 militize,
1150 4075 1248 4129 sed
1298 4075 1625 4131 animorum
1671 4075 1956 4145 acredine,

265 4163 338 4218 ab
369 4162 656 4218 exercitus
689 4161 1065 4217 contubernio
1091 4161 1351 4231 digressi,
1379 4162 1587 4218 vallem
1621 4164 1956 4234 quamdam,

179 4278 186 4281 -
267 4265 443 4320 quam
494 4250 798 4305 Botentroh
853 4251 1107 4306 vocitant
1151 4265 1218 4306 ea
1250 4250 1467 4322 lingua,
1504 4260 1639 4308 sunt
1699 4252 1956 4322 ingressi.

265 4339 595 4394 Tancredus
643 4338 872 4407 itaque,
933 4337 1016 4394 uti
1063 4346 1186 4394 erat
1233 4340 1510 4395 consortis
1557 4341 1880 4410 impatiens,
1927 4355 1962 4396 a

268 4427 504 4497 praefato
565 4426 738 4482 etiam
804 4426 968 4482 ducis
1016 4427 1192 4483 fratre
1248 4427 1549 4495 dividitur,
1601 4429 1962 4498 Tarsumque

265 4515 526 4585 specialis
585 4515 821 4584 apostoli
879 4515 1054 4570 nostri
1111 4516 1402 4572 adoranda
1456 4515 1751 4572 nativitate
1819 4531 1960 4586 prte-

269 4604 476 4671 cluem,
507 4619 640 4660 cum
688 4609 836 4658 394
872 4605 992 4659 suis
1025 4604 1382 4675 aggreditur.
1403 4606 1574 4661 Turci
1601 4619 1674 4660 ex
1703 4605 1846 4660 urbe
1869 4607 1964 4662 ob-

269 4693 346 4749 vii
379 4693 826 4748 adventantibus
858 4693 928 4747 ad
956 4693 1104 4748 bella
1134 4693 1466 4762 prosiliunt;
1503 4694 1598 4749 sed
1631 4693 1963 4749 imminente

269 4795 577 4849 concursu,
634 4781 706 4836 ad
765 4781 928 4836 urbis
979 4782 1048 4837 de
1078 4796 1195 4851 qua
1245 4783 1572 4852 prodierant
1606 4783 1963 4837 munimenta

270 4869 589 4940 refugiunt.
666 4869 998 4924 Tancredus
1061 4883 1215 4937 vero,
1296 4870 1541 4925 admisso
1600 4878 1722 4939 post
1778 4870 1965 4925 hostes

271 4972 441 5028 equo,
501 4965 724 5027 portam
776 4957 936 5012 urbis
999 4965 1318 5013 castrorum
1379 4972 1622 5013 suorum
1691 4957 1965 5028 positione

273 5043 572 5102 conclusit.
615 5044 730 5100 Nec
785 5057 965 5108 mora,
1016 5043 1335 5100 Balduinus
1386 5045 1716 5111 adveniens,
1765 5045 1836 5100 ad
1864 5045 1965 5100 ob-

273 5133 549 5189 sidionem
595 5131 842 5188 civitatis
894 5132 1074 5202 ipsius
1130 5133 1467 5189 altrinsecus
1515 5141 1569 5189 et
1624 5133 1742 5202 ipse
1768 5147 1966 5189 conse-

275 5221 384 5288 dit;
416 5228 470 5275 et
495 5221 856 5276 Tancredum
906 5221 1231 5290 expostulat
1280 5229 1344 5276 ut
1389 5221 1680 5291 capiendre
1718 5221 1967 5276 civitatis

276 5307 638 5378 participium
712 5306 1026 5379 indulgeat,
1083 5321 1260 5378 quam
1314 5322 1418 5364 suo
1466 5322 1659 5364 secum
1706 5308 1966 5363 exercitu

275 5393 674 5452 collaborante‘
697 5403 969 5466 capessat.
1026 5395 1187 5464 Quod
1215 5395 1546 5452 Tancredus
1574 5394 1758 5452 multa
1787 5393 1966 5450 animi

2062 2937 2192 2992 ceps
2247 2924 2526 2979 referendi
2577 2938 2697 2980 sese
2752 2925 2964 2994 aperiet
2999 2925 3175 2992 locus,
3221 2925 3418 2994 paucis
3461 2924 3761 2978 insinuare

2061 3016 2230 3071 velim
2272 3031 2449 3086 quam
2500 3017 2849 3073 fortuniosus
2904 3019 3032 3088 ejus
3088 3018 3259 3073 fuerit
3313 3019 3526 3073 exitus.
3587 3017 3757 3087 Apud

2063 3105 2330 3160 Edessam
2363 3106 2783 3176 Mesopotamiae
2842 3108 3064 3174 urbem,
3124 3109 3271 3162 sicut
3301 3107 3372 3162 ab
3405 3107 3492 3162 his
3518 3107 3618 3176 qui
3659 3107 3760 3161 ibi-

2063 3191 2191 3247 dem
2231 3193 2441 3247 versati
2499 3201 2654 3261 sunt,
2707 3195 3050 3265 accepimus,
3101 3197 3192 3251 vir
3229 3196 3465 3265 quidam
3511 3195 3758 3250 ducatus

2064 3279 2280 3334 honore
2339 3280 2667 3350 praefuerat,
2744 3285 2844 3352 qui
2909 3283 3294 3338 Christianam
3378 3282 3752 3353 provinciam,

2064 3381 2241 3437 quam
2270 3368 2520 3438 regebat,
2546 3384 2659 3424 non
2681 3371 3003 3426 tam‘armis
3031 3386 3064 3426 a
3095 3371 3392 3441 gentilium
3427 3368 3757 3424 incursibus

2064 3469 2240 3526 quam
2301 3457 2633 3524 pecuniaria
2681 3458 3064 3526 redemptione
3116 3465 3459 3528 protexerat.
3494 3457 3548 3510 ls
3599 3455 3757 3510 senio

2067 3549 2434 3613 gravescente
2484 3543 2604 3613 jam
2654 3545 2975 3613 squalidus,
3017 3560 3149 3600 cum
3204 3552 3348 3600 esset
3376 3545 3428 3599 ei
3458 3557 3608 3598 uxor
3633 3543 3756 3596 sine

2064 3630 2280 3697 liberis,
2346 3629 2647 3685 identidem
2705 3645 2871 3698 anus,
2931 3633 3069 3688 dum
3141 3633 3389 3688 Francos
3433 3631 3759 3702 agnovisset

2065 3718 2483 3788 Mes0potamize
2538 3719 2837 3786 contiguos
2879 3720 3112 3787 ﬁnibus,
3153 3721 3334 3776 multo
3367 3728 3508 3775 aestu
3539 3718 3754 3773 deside-

2066 3808 2232 3862 rabat
2289 3806 2637 3876 quempiam,
2671 3822 2843 3877 quem
2898 3809 3005 3864 sibi
3041 3810 3358 3877 adoptaret,
3391 3821 3462 3863 ex
3504 3808 3758 3862 Franco-

2067 3910 2200 3951 rum
2255 3895 2466 3951 habere
2517 3895 2822 3960 nobilibus,
2869 3897 2991 3967 qui,
3045 3897 3200 3966 quod
3246 3897 3364 3966 ipse
3410 3896 3607 3965 pretio,
3652 3895 3758 3948 hoc

2069 3983 2161 4039 ille
2228 3982 2544 4038 defensaret
2598 3984 2777 4038 armis
2827 3999 2893 4038 ac
2946 3984 3185 4040 viribus.
3241 3984 3485 4054 Contigit
3545 3983 3757 4038 interea

2069 4075 2376 4144 quemdam
2412 4073 2753 4129 familiarem
2791 4073 2873 4128 illi
2904 4073 3160 4141 militem,
3195 4073 3488 4144 hujusque
3535 4072 3620 4127 sui
3659 4071 3752 4127 de-

2003 4151 2042 4204 ῖ)
2071 4162 2263 4218 siderii
2314 4162 2624 4225 conscium,
2691 4175 2823 4216 cum
2873 4161 2980 4217 hoc
3043 4161 3164 4230 ipso
3214 4160 3495 4216 Balduino
3547 4159 3755 4214 habere

2069 4254 2440 4323 colloquium.
2491 4252 2597 4310 Cui
2633 4267 2767 4310 eum
2800 4253 2892 4308 ille
2938 4253 3283 4324 adipiscendi
3327 4253 3573 4309 ducatus
3600 4265 3753 4321 spem

2071 4339 2386 4408 indidisset,
2443 4339 2552 4394 sia
2599 4339 2832 4409 praefato
2862 4341 3083 4396 seniore
3131 4355 3188 4397 se
3233 4340 3491 4410 adoptari
3522 4338 3754 4409 permit-

2070 4434 2228 4494 teret,
2280 4440 2465 4482 comes
2512 4427 2770 4494 credidit,
2823 4436 2877 4483 et
2928 4429 3104 4484 milite
3142 4428 3445 4483 comitante
3491 4428 3755 4482 Edessam

2071 4514 2230 4570 adiit.
2263 4517 2308 4568 A
2338 4529 2454 4584 quo
2499 4513 2707 4569 affectu
2753 4514 2949 4582 nimio,
3003 4523 3384 4585 praeterquam
3425 4514 3757 4583 sperabatur

2070 4609 2362 4672 exceptus,
2395 4601 2466 4656 ab
2481 4601 2742 4670 utrisque
2763 4610 2847 4658 est
2870 4603 2925 4656 in
2961 4603 3143 4658 ﬁlium
3175 4603 3498 4672 adoptatus.
3521 4601 3756 4668 Adopta-

2073 4689 2243 4745 tionis
2289 4697 2480 4744 autem
2535 4689 2666 4744 talis
2715 4704 2819 4758 pro
2879 4692 3065 4760 gentis
3104 4690 3520 4746 consuetudine
3555 4687 3755 4741 dicitur

2072 4777 2244 4834 fuisse
2293 4777 2515 4832 modus.
2571 4777 2730 4832 Intra
2777 4777 2987 4833 lineam
3051 4778 3380 4845 interulam,
3430 4790 3606 4846 quam
3651 4787 3749 4828 nos

2071 4881 2350 4922 vocamus
2393 4865 2706 4933 camisiam,
2775 4867 3000 4922 nudum
3058 4868 3270 4923 intrare
3336 4881 3469 4922 eum
3527 4865 3754 4930 faciens,

2073 4956 2180 5012 sibi
2220 4955 2517 5019 astrinxit;
2566 4962 2620 5010 et
2654 4955 2774 5010 haec
2819 4957 3013 5010 omnia
3060 4956 3256 5011 osculo
3283 4954 3457 5010 libato
3491 4951 3756 5016 firmavit,

2074 5043 2220 5099 idem
2271 5049 2324 5098 et
2365 5041 2573 5098 mulier
2637 5049 2762 5112 post
2821 5043 3054 5098 modum
3106 5041 3254 5099 fecit.
3313 5043 3411 5097 His
3457 5038 3754 5109 explicitis,

2070 5146 2206 5200 cum
2256 5131 2618 5186 civitatenses
2649 5145 2782 5186 eum
2829 5131 2902 5186 ab
2958 5131 3191 5187 honoris
3233 5130 3451 5200 pristini
3513 5127 3758 5184 culmine

2073 5218 2416 5286 expositum,
2468 5217 2759 5287 privatum
2807 5219 2926 5288 jam
2999 5225 3316 5283 cernerent,
3365 5213 3755 5284 conjuratione

2074 5307 2220 5362 clam
2253 5305 2417 5372 facta,
2449 5319 2596 5372 eam,
2657 5306 2714 5362 in
2745 5320 2862 5375 qua
2913 5320 3044 5361 cum
3081 5305 3360 5360 Balduino
3409 5301 3753 5366 morabatur,

2073 5392 2341 5449 obsedere
2372 5401 2602 5462 repente
2629 5393 2872 5450 curiam.
2907 5391 3376 5448 Recordabantur
3412 5390 3566 5446 enim
3609 5401 3755 5459 quo-
