3902 6082
185 252 289 304 729

1278 257 1502 314 GESTA
1534 259 1655 315 DEI
1695 261 1837 316 PER
1877 262 2214 319 FBANCOS.
2256 293 2324 303 —
2350 265 2479 320 LIB.
2523 266 2611 320 IV.

3583 278 3690 330 730

184 381 452 437 rumdam
485 396 617 474 quae
647 382 729 474 eis
755 383 1028 440 intulerat
1055 385 1363 441 malorum.
1412 387 1649 444 Obsesso
1691 390 1886 460 itaque
1922 396 1968 448 Α
1998 393 2205 448 urbani
2237 408 2294 448 se
2322 408 2354 448 a
2385 395 2529 451 duce
2574 403 2893 465 praventos
2944 398 3311 471 intelligunt;
3370 402 3487 474 ipse
3534 405 3690 460 enim

183 481 268 532 eo,
299 482 432 524 cum
472 470 778 539 adoptivus
825 487 1025 528 eorum
1072 487 1260 529 novus
1311 477 1566 532 resistere
1612 479 1890 534 Francica

185 556 547 612 animositate
579 568 825 628 pararet,
861 561 1052 616 senior
1091 577 1224 617 eum
1266 563 1412 618 mira
1457 565 1565 618 ﬁde
1611 565 1885 632 cohibuit,

186 644 382 700 dicens
413 660 512 714 pro
545 656 692 702 certo
723 649 865 704 scire
899 663 958 704 se
1009 650 1081 705 ab
1129 666 1327 706 eorum
1382 653 1649 708 manibus
1693 653 1889 708 nulla-

189 739 357 787 tenus
386 733 531 795 erui,
565 735 749 802 ipsum
786 750 937 799 vero,
972 751 1072 806 pro
1097 752 1203 792 sua
1251 739 1576 796 defensione
1624 741 1887 796 facillime

189 833 350 888 posse
391 822 720 890 periclitari.
771 824 1016 880 lutinitis
1067 841 1204 896 ergo
1259 829 1330 883 ab
1377 843 1442 883 eo
1480 829 1718 884 extorsit
1759 844 1886 898 pre-

186 907 375 973 cibus,
413 917 474 963 ut
507 923 829 979 repugnare
869 911 1180 978 desisteret,
1231 920 1285 968 et
1335 927 1464 968 cum
1517 914 1608 969 ille
1658 915 1888 983 illacry-

189 1009 356 1050 mans
386 997 805 1060 miserabiliter,
843 999 1013 1054 malle
1060 1014 1119 1054 se
1167 1014 1299 1055 cum
1344 1015 1409 1055 eo
1454 1002 1595 1057 mori
1653 1002 1882 1070 diceret,

186 1085 401 1154 repulit
433 1086 747 1154 hominem,
781 1095 998 1143 etcum
1047 1088 1339 1144 obsidente
1383 1103 1441 1144 se
1492 1090 1701 1158 popqu
1748 1091 1883 1160 egit,

187 1181 481 1242 quatenus
509 1189 656 1230 novo
708 1175 790 1230 illi
846 1176 1087 1245 principi
1136 1185 1414 1245 parceret,
1454 1177 1703 1245 seipsum
1753 1191 1886 1232 vero

185 1269 360 1331 prout
388 1261 555 1316 vellet
582 1261 880 1316 occideret.
915 1262 1076 1324 Quod
1105 1271 1160 1318 et
1190 1270 1380 1317 actum
1409 1270 1512 1318 est.

257 1351 600 1418 lnterempto
655 1350 850 1419 itaque
917 1365 1000 1416 eo,
1063 1349 1396 1416 Balduinus,
1456 1351 1729 1405 ducatum
1779 1349 1886 1406 sibi

185 1451 258 1491 ex
291 1437 592 1506 adoptione
621 1438 894 1498 delatum,
937 1446 1170 1492 strenue
1203 1438 1468 1504 obtinuit,
1502 1447 1555 1493 et
1585 1453 1652 1493 ex
1701 1441 1883 1494 Fran-

184 1525 268 1579 cis
321 1525 544 1594 equites
598 1540 664 1580 ac
721 1526 964 1580 famulos
1020 1527 1091 1580 ad
1149 1525 1239 1582 sui
1293 1527 1627 1590 custodiam,
1670 1541 1887 1583 memor

183 1622 436 1681 experta:
494 1627 678 1682 nuper
737 1613 1091 1682 pro'litiouis,
1151 1615 1435 1670 adhibuit.
1502 1615 1626 1670 Non
1699 1615 1880 1670 multo

1997 496 2129 536 cum
2171 483 2350 538 multa
2393 493 2745 541 armatorum
2807 487 2875 542 ad
2933 488 3225 544 ecclesiam
3282 491 3692 561 constipatione

1999 571 2288 639 processit,
2321 586 2386 626 ac
2425 587 2585 627 sacro
2629 575 2814 629 ofﬁcio
2863 576 3137 631 interfuit.
3190 579 3316 647 Ipsa
3364 587 3552 634 tamen
3601 580 3692 634 die

1996 657 2170 712 siluit.
2217 658 2490 714 Postridie
2543 669 2732 715 autem
2791 672 3066 718 convocat
3123 665 3450 731 Edessenos,
3511 675 3565 721 et
3622 667 3691 722 de

1998 746 2315 813 proditione
2342 758 2636 814 causatur,
2669 757 2722 805 et
2762 765 2893 804 cum
2946 752 3166 820 legibus
3212 767 3307 808 eos
3354 755 3424 808 ad
3471 755 3688 809 confes-

1995 833 2214 887 sionem
2247 843 2490 903 cogeret,
2530 837 2756 892 diftiteri
2808 853 2939 906 quae
2992 850 3412 909 proposuerunt
3458 841 3692 897 minime

1996 919 2429 986 permittuntur.
2481 923 2768 979 Convictis
2814 923 3009 994 itaque
3055 928 3228 980 totius
3277 927 3435 982 urbis
3481 929 3688 997 primo-

1995 1005 2176 1067 ribus,
2235 1009 2321 1063 his
2359 1009 2591 1078 quidem
2651 1013 2820 1080 pedes
2868 1013 3060 1080 incidi,
3123 1015 3233 1069 illis
3285 1030 3510 1082 manus,
3566 1016 3692 1071 aliis

1996 1107 2126 1148 cum
2160 1096 2398 1150 naribus
2429 1110 2618 1165 aures,
2655 1100 3004 1168 quibusdam
3057 1101 3290 1172 linguas
3328 1117 3460 1157 cum
3502 1104 3684 1171 labiis,

1995 1184 2305 1252 generandi
2350 1199 2480 1238 vero
2511 1186 2773 1241 ofﬁcialia
2803 1189 3062 1256 cunctis;
3096 1191 3365 1245 omnibus
3396 1191 3690 1246 nihilomi-

1995 1281 2105 1321 nus
2137 1268 2362 1322 diversa
2395 1274 2542 1322 39-5
2593 1284 2692 1339 per
2737 1272 2942 1326 exsilia
2990 1273 3158 1342 longe
3208 1274 3435 1344 lateque
3479 1275 3691 1330 distra-

1993 1353 2117 1407 ctis.
2152 1355 2382 1409 Etcum
2414 1355 2662 1425 denique
2714 1358 2910 1413 nullus
2958 1361 3253 1415 resedisset
3305 1363 3404 1430 qui
3457 1364 3688 1418 turbam

1994 1439 2182 1494 denuo
2213 1441 2318 1495 sibi
2348 1445 2632 1498 concitare
2678 1445 2973 1513 quivisset,
3029 1455 3149 1501 tum
3207 1448 3437 1503 demum
3494 1463 3691 1504 secure

1992 1528 2288 1595 experitur
2343 1532 2475 1598 quis
2533 1531 2674 1585 tanti
2718 1532 2963 1588 ducatus
3026 1534 3247 1589 fructus
3319 1550 3386 1590 ac
3453 1536 3688 1591 felicitas

1993 1625 2155 1671 esset.
2195 1617 2380 1672 Vitam
2412 1633 2549 1688 ergo
2580 1634 2711 1674 cum
2754 1621 2949 1676 multis
2977 1622 3184 1691 opibus
3219 1631 3271 1678 et
3321 1626 3691 1692 prosperitate

185 1707 313 1769 post
364 1708 553 1756 autem
607 1710 876 1770 tempore,
925 1717 1056 1757 cum
1105 1702 1436 1758 Dominicus
1492 1701 1708 1758 Natalis
1773 1704 1880 1758 ad—
1922 1686 1962 1739 Β
1993 1704 2260 1772 ducebat,
2322 1686 2586 1774 plurimis
2633 1708 2877 1763 urbibus
2931 1686 3268 1778 imperabat,
3321 1686 3476 1765 inter
3542 1726 3690 1781 quas

183 1796 353 1853 esset,
385 1790 516 1842 novi
551 1789 713 1844 ducis
754 1804 947 1844 necem
998 1790 1054 1844 in
1098 1791 1217 1859 ipso
1263 1790 1500 1845 solemni
1543 1790 1632 1845 die
1689 1791 1887 1846 iterata

186 1876 629 1945 conspiratione,
659 1877 960 1932 deﬁniunt.
994 1876 1101 1944 Qui
1133 1891 1331 1932 eorum
1363 1886 1642 1934 tractatus
1683 1879 1887 1934 ducem

183 1965 422 2020 minime
473 1965 655 2020 latuit.
709 1965 971 2021 Insinuat
1025 1966 1200 2035 igitur
1245 1973 1298 2021 et
1355 1967 1473 2035 ipse
1527 1967 1615 2021 his
1665 1967 1768 2036 qui
1828 1967 1888 2022 in

187 2067 291 2108 suo
319 2053 614 2108 'asseclatu
646 2062 810 2108 erant
860 2054 1112 2120 Francis,
1166 2062 1230 2109 ut
1277 2054 1433 2109 festis
1481 2055 1745 2110 Ecclesiae
1801 2055 1881 2110 lo-

182 2142 344 2197 ricati
379 2156 447 2197 ac
477 2142 702 2212 galeati,
752 2142 863 2196 imo
895 2156 961 2196 ac
1005 2144 1049 2198 si
1101 2142 1171 2197 ad
1223 2143 1370 2198 bella
1416 2143 1618 2212 parati,
1665 2143 1887 2213 equites

185 2231 530 2296 assisterent,
593 2229 802 2299 pedites
851 2230 1080 2295 lanceis,
1139 2230 1365 2300 gladiis,
1417 2231 1766 2300 bipennibus
1826 2247 1885 2287 se

183 2318 497 2382 munirent,
553 2326 607 2373 et
664 2317 742 2374 sic
798 2319 1016 2388 ubique
1071 2319 1463 2389 procederent.
1524 2318 1645 2386 Quo
1714 2319 1884 2386 facto,

1995 1792 2248 1848 Seleucia
2280 1795 2351 1848 ab
2391 1795 2631 1864 antiquo
2669 1796 2906 1851 celebris
2959 1799 3268 1864 eminebat,
3333 1799 3510 1853 donec
3567 1806 3691 1868 post

1995 1881 2229 1937 fratrem
2276 1882 2664 1950 Godefridum,
2712 1883 2814 1954 qui
2872 1885 3274 1955 Hierosolyma:
3322 1895 3686 1957 regnaverat,

1993 1983 2064 2024 ex
2097 1970 2312 2025 ducatu
2344 1971 2576 2039 quidem
2610 1972 2869 2041 pervenit
2901 1973 2971 2027 ad
3001 1988 3278 2043 regnum;
3312 1975 3408 2029 sed
3456 1974 3686 2041 exinde,

1991 2057 2212 2113 nullius
2247 2059 2471 2128 excepit
2519 2067 2756 2114 terrenae
2807 2060 3086 2116 felicitatis
3128 2069 3525 2132 augmentum,
3578 2061 3690 2116 imo

1994 2160 2094 2215 pro
2129 2147 2241 2200 Deo
2270 2145 2415 2200 beati
2448 2146 2658 2202 laboris
2689 2147 3049 2216 exercitium,
3083 2157 3278 2219 utpote
3307 2150 3399 2205 cui
3426 2149 3567 2221 juge
3608 2157 3690 2205 est

1994 2248 2126 2289 cum
2156 2234 2471 2305 gentilibus
2501 2235 2783 2305 praelium.

1219 2626 1644 2713 INCIPIT
1701 2626 2076 2712 LIBER
2104 2627 2663 2726 QUARTUS.

752 2931 984 2988 CAPUT
1023 2932 1314 2988 PRIMUM.

259 3037 359 3109 [1.]
384 3035 819 3105 Objecfionibus,
843 3037 992 3108 quod
1014 3040 1351 3108 quaenarrat
1363 3036 1884 3103 minimeaudierit,

182 3125 438 3180 occurrit
469 3129 690 3180 auctor.
733 3157 802 3165 —
851 3126 1028 3181 Nemo
1072 3126 1248 3196 juste,
1293 3134 1357 3182 ut
1404 3127 1641 3192 aestimo,
1695 3141 1783 3181 me
1834 3127 1886 3181 id

183 3215 376 3283 operis
405 3213 620 3268 deridet
650 3228 969 3283 agressum.
1021 3214 1139 3268 Etsi
1185 3215 1338 3268 enim
1389 3228 1576 3283 neque
1624 3213 1888 3268 Hieroso-

184 3301 401 3372 lymam
435 3307 558 3368 isse,
595 3310 649 3356 et
683 3302 985 3370 plerasque
1017 3315 1304 3370 personas,
1342 3301 1462 3355 loca
1514 3300 1888 3355 nihilominus

185 3392 315 3460 ipsa
349 3391 486 3445 mihi
521 3391 796 3446 hactenus
830 3390 1130 3460 contigerit
1170 3404 1284 3443 non
1328 3389 1569 3452 novisse,
1627 3389 1681 3442 in
1729 3388 1886 3442 nullo

186 3478 444 3549 generali
513 3478 746 3533 utilitati
824 3492 951 3532 reor
1023 3478 1238 3544 obesse,
1303 3477 1587 3546 siquidem
1645 3491 1712 3530 ea
1757 3490 1887 3545 quae

183 3567 388 3635 scripsi
465 3566 553 3622 vel
613 3568 913 3636 scripsero,
975 3579 1007 3620 a
1064 3566 1204 3620 viris
1261 3565 1516 3620 veritatis
1569 3564 1887 3619 testimonio

187 3655 443 3724 praeditis
482 3663 701 3710 constat
733 3655 985 3709 audisse.
1027 3653 1081 3708 Si
1115 3654 1254 3709 mihi
1299 3653 1465 3722 plane
1515 3653 1566 3706 id
1616 3653 1888 3722 objicitur

183 3743 328 3813 quia
360 3758 471 3797 non
503 3743 764 3806 viderim,
800 3743 851 3798 id
887 3743 1053 3811 obiici
1087 3757 1200 3796 non
1234 3749 1413 3811 potest
1443 3741 1595 3811 quod
1630 3756 1745 3796 non
1776 3755 1888 3796 au-

185 3831 412 3897 dierim,
445 3847 577 3886 cum
611 3831 760 3886 visui
791 3832 1052 3886 auditum
1104 3830 1527 3900 quodammodo
1578 3843 1885 3898 supparem

186 3919 438 3989 profecto
468 3919 824 3974 crediderim.
867 3919 1142 3985 Quamvis
1173 3919 1327 3973 enim

330 4042 573 4113 Segnius
604 4041 826 4097 irritent
851 4041 1071 4096 animos
1102 4041 1346 4096 demissa
1381 4055 1478 4110 per
1518 4055 1739 4109 aurem,

332 4130 517 4194 Quam
559 4145 689 4200 quae
721 4137 856 4186 sunt
887 4129 1068 4186 oculis
1097 4129 1356 4202 subjecta
1389 4130 1670 4185 ﬁdelibus.

1925 2930 1964 2985 C
1993 2931 2311 2988 Turcorum
2354 2932 2702 2999 incursibus,
2750 2933 2796 2989 si
2850 2933 3170 2990 accederint
3224 2933 3384 3001 forte,
3441 2934 3687 2990 laetatur.

2000 3021 2154 3075 Inter
2196 3021 2451 3076 eundum
2519 3023 2712 3092 itaque
2761 3023 3022 3092 pervium
3070 3023 3326 3078 habuere
3373 3023 3689 3089 castellum,

1997 3109 2087 3163 cui
2123 3109 2262 3165 adeo
2295 3109 2542 3164 difficilis
2570 3118 2713 3166 esset
2741 3125 3004 3166 accessus
3036 3119 3098 3167 ut
3137 3126 3362 3167 cassum
3402 3112 3693 3166 videretur

2000 3196 2208 3252 ibidem
2237 3198 2544 3268 cujuslibet
2575 3199 2841 3254 molimen
2878 3199 3150 3255 assultus.
3182 3201 3316 3256 Erat
3354 3207 3545 3256 autem
3582 3200 3693 3255 illic

1999 3285 2222 3341 Simeon
2253 3287 2511 3356 quidam,
2545 3287 2866 3343 Christiano
2899 3289 3140 3358 insignis
3181 3289 3506 3359 agnomine,
3560 3303 3690 3358 pro-

1996 3374 2201 3428 vinciae
2249 3375 2479 3444 gentilis
2523 3376 2802 3446 ejusdem,
2865 3377 2966 3446 qui
3021 3390 3055 3430 a
3115 3377 3445 3445 proceribus
3487 3376 3693 3431 nostris

1995 3462 2312 3518 dominium
2349 3464 2524 3533 hujus
2553 3463 2800 3534 regionis
2831 3465 3081 3533 expetiit,
3119 3505 3134 3532 ,
3165 3479 3282 3534 quo
3311 3479 3436 3520 eam
3469 3478 3500 3518 a
3537 3465 3691 3519 Tur-

1997 3565 2192 3606 corum
2226 3551 2644 3620 irruptionibus
2671 3553 2899 3607 deberet
2927 3552 3093 3607 tueri.
3125 3552 3239 3607 Nec
3269 3552 3408 3607 dare
3455 3553 3500 3606 ei
3555 3567 3690 3607 mu-

1996 3653 2106 3693 nus
2162 3639 2434 3694 distulere
2491 3641 2770 3708 petitum;
2824 3640 2942 3708 ipse
2994 3654 3130 3694 vero
3187 3641 3401 3695 desedit
3455 3640 3686 3707 ibidem,

1999 3726 2223 3781 laturus
2279 3736 2442 3782 terra:
2501 3728 2848 3797 praesidium.
2907 3729 3162 3797 Denique
3209 3728 3384 3782 nostri
3452 3742 3690 3798 progre-

1997 3815 2232 3876 dientes,
2268 3815 2582 3871 Czesaream
2609 3815 3016 3885 Cappadocum
3064 3815 3321 3885 attigere.
3382 3816 3688 3885 Postquam

1995 3910 2187 3956 autem
2282 3902 2719 3958 Caesariensium
2801 3915 3090 3957 excessere
3179 3901 3555 3971 provinciam,
3615 3902 3690 3957 ad

1997 3991 2309 4060 quamdam
2343 3991 2537 4046 multae
2568 3990 3015 4060 pulchritudinis
3043 3998 3096 4045 et
3126 3989 3270 4045 situs
3308 3991 3583 4046 uberrimi
3611 3990 3691 4046 ci-

1996 4079 2230 4134 vitatem
2264 4093 2590 4148 pervenere,
2627 4094 2804 4149 quam
2849 4079 3024 4134 trium
3071 4079 3253 4149 spatio
3301 4079 3693 4134 hebdomada-

1998 4182 2127 4224 rum
2161 4169 2477 4223 Turcorum
2512 4168 2730 4223 obsedit
2770 4169 3079 4236 exercitus,
3123 4175 3434 4238 antequam
3486 4168 3553 4222 ad
3600 4182 3694 4224 eos

261 4255 475 4310 Tamen
508 4255 638 4325 quis
667 4255 1176 4325 historiographos,
1206 4256 1338 4324 quis
1366 4269 1460 4309 eos
1508 4254 1604 4324 qui
1655 4262 1884 4310 sancto—
1923 4270 1967 4324 ι)
2001 4257 2340 4326 pertingeret
2369 4264 2574 4311 nostrae
2603 4256 2981 4326 expeditionis
3018 4257 3338 4326 adventus;
3373 4257 3467 4312 sed
3498 4256 3694 4312 nullus

185 4358 324 4400 rum
352 4343 512 4399 Vitas
541 4343 768 4398 edidere
804 4344 1080 4414 ambigat,
1111 4358 1222 4398 non
1256 4343 1440 4398 solum
1486 4358 1615 4412 quze
1667 4343 1887 4399 obtuti—

190 4432 324 4497 bus,
360 4432 456 4486 sed
489 4446 555 4486 ea
585 4432 877 4500 scripsisse
905 4446 1035 4502 qua:
1074 4431 1319 4486 aliorum
1366 4431 1678 4486 hauserant
1724 4431 1888 4486 intel-

183 4521 332 4577 lecta
362 4521 636 4575 relatibus
655 4521 684 4573 ‘2
710 4520 762 4574 Si
790 4534 1040 4590 namque
1068 4533 1264 4585 verax,
1301 4527 1362 4574 ut
1385 4519 1597 4589 legitur
1623 4519 1886 4589 quidam,

183 4617 240 4665 et
277 4631 298 4656 ι
334 4609 490 4678 quod
515 4609 724 4663 viditet
743 4608 984 4674 audivit,
1008 4609 1112 4663 hoc
1135 4615 1374 4663 testatur
1395 4609 1589 4677 (Joan.
1611 4623 1690 4673 ιιι,
1717 4609 1827 4678 32),
1862 4629 1884 4656 ι

183 4697 522 4752 authentica
557 4696 753 4764 procul
782 4696 962 4750 dubio
982 4710 1116 4751 vera
1147 4696 1460 4751 dicentium
1485 4696 1759 4762 narratio,
1791 4695 1889 4751 tibi

187 4785 388 4840 videre
420 4799 534 4839 non
566 4784 836 4853 suppetit,
872 4783 1302 4853 comprobatur.
1335 4783 1390 4838 Si
1427 4784 1498 4838 sit
1547 4783 1740 4853 itaque
1789 4785 1890 4852 qui

186 4879 410 4942 carpat,
462 4872 565 4942 qui
610 4880 793 4941 ccepta
842 4872 1135 4942 despiciat,
1185 4871 1353 4926 habet
1405 4871 1605 4942 utique
1655 4872 1893 4927 liberam

185 4962 503 5030 optionem,
541 4960 586 5014 si
619 4959 755 5015 velit
795 4968 859 5015 ut
895 4960 1167 5030 corrigat,
1217 4966 1272 5014 et
1317 4959 1412 5014 cui
1452 4967 1647 5014 nostra
1696 4959 1891 5029 displi-

186 5057 341 5115 cent,
375 5061 481 5103 sua
509 5048 742 5103 scribat.

259 5137 566 5190 Introeunt
606 5135 950 5190 Armeniam
991 5133 1374 5202 Raimundus,
1418 5134 1790 5190 Baemundus
1838 5137 1894 5188 et

188 5224 561 5284 Godefridus.
603 5225 819 5278 Deinde
851 5226 1133 5279 Caesarem
1183 5222 1576 5294 Cappadocia.
1610 5252 1678 5263 —
1707 5223 1894 5293 Igitur

187 5313 530 5370 Dominicus
557 5313 843 5369 exercitus
871 5327 1002 5368 cum
1043 5312 1289 5368 ducibus
1336 5313 1475 5377 suis,
1525 5312 1888 5381 Raymundo,

189 5401 385 5459 Sancti
435 5402 622 5472 Egidii
681 5402 902 5469 comite,
958 5401 1289 5458 Boemuudo
1341 5410 1514 5471 atque
1569 5400 1891 5469 Godefrido,

189 5491 441 5562 aliisque
506 5491 954 5561 quampluribus
1030 5491 1365 5547 Armeniam
1427 5489 1768 5561 ingreditur,
1825 5489 1894 5546 de

1996 4346 2076 4401 eis
2105 4345 2416 4400 obsidendo
2464 4345 2725 4413 provenit
2771 4343 3025 4400 effectus.
3077 4344 3298 4400 Nostris
3341 4359 3477 4415 ergo
3521 4344 3691 4400 adve-

1998 4433 2310 4498 nientibus,
2343 4446 2450 4487 sua
2491 4432 2744 4502 ipsorum
2788 4433 3075 4487 deditione
3119 4433 3356 4499 civium,
3408 4434 3548 4488 urbs
3593 4447 3694 4488 ea-

1997 4521 2123 4576 dem
2152 4528 2416 4590 suscepta
2455 4529 2556 4576 est.
2610 4521 2770 4576 Hanc
2819 4535 2995 4590 eques
3039 4521 3296 4590 quidam,
3349 4520 3450 4590 qui
3495 4521 3696 4576 Petrus

1999 4608 2067 4663 de
2100 4608 2343 4677 Alpibus
2373 4608 2708 4674 vocabatur,
2740 4623 2772 4662 a
2809 4607 3164 4676 principibus
3198 4608 3454 4676 precario
3501 4607 3695 4677 exegit

2001 4704 2294 4766 quatenus
2327 4705 2613 4766 quantum
2646 4697 2716 4751 ad
2748 4695 3108 4766 imperatoris
3148 4693 3348 4760 Graeci,
3379 4708 3445 4750 ac
3493 4709 3694 4764 proce-

2000 4798 2130 4840 rum
2161 4784 2327 4839 ﬁdem
2361 4793 2686 4840 nostrorum
2719 4792 2953 4854 spectat,
3006 4783 3330 4838 defenderet
3383 4783 3692 4852 regionem,

2000 4872 2112 4938 cui,
2165 4887 2299 4927 cum
2348 4872 2524 4927 nimio
2572 4871 2798 4933 affectu,
2850 4876 2929 4927 uti
2985 4871 3227 4926 fidelitas
3281 4871 3695 4940 interpellantis

1999 4960 2378 5025 emerebatur,
2432 4960 2656 5016 indulta
2708 4968 2810 5015 est.
2871 4959 2996 5015 Nox
3057 4959 3166 5014 diei
3227 4959 3308 5014 illi
3363 4966 3691 5026 accesserat,

2002 5049 2332 5104 Boemuudo
2365 5049 2626 5104 auditum
2678 5056 2780 5109 est,
2840 5047 2994 5117 quod
3053 5047 3260 5115 hostes,
3314 5047 3417 5118 qui
3477 5047 3695 5116 pridem

2002 5136 2204 5192 urbem
2252 5136 2405 5191 illam
2455 5137 2813 5203 obsederant,
2865 5135 3099 5200 crebris,
3155 5136 3251 5190 sed
3306 5149 3420 5191 non
3470 5134 3698 5204 magnis

2005 5224 2459 5294 promotionibus
2510 5225 2944 5294 subsequentes,
3009 5231 3232 5279 nostros
3290 5223 3693 5293 praecederent.

2002 5312 2314 5369 Contentus
2341 5313 2535 5383 itaque
2565 5313 2685 5368 sola
2710 5313 2817 5368 sibi
2861 5312 3264 5381 pertinentium
3317 5310 3562 5368 militum
3611 5327 3699 5368 c0-

2006 5401 2182 5466 mitia,
2216 5402 2540 5470 praecessit;
2573 5401 2665 5456 sed
2696 5415 2792 5456 eos
2823 5399 2923 5470 qui
2966 5400 3398 5470 qumrebantur,
3454 5415 3566 5455 non
3616 5415 3699 5456 re-

2004 5490 2166 5559 perit.
2201 5490 2408 5546 Urbem
2441 5503 2693 5559 quoque,
2729 5504 2860 5560 qua:
2891 5490 3086 5544 Coxon
3117 5489 3273 5559 apud
3320 5503 3418 5544 eos
3464 5487 3694 5558 dicitur,
