3902 6082
298 252 396 305 731

1187 247 1253 299 ν.
1300 243 1626 301 GUIBERTI
1659 242 1947 300 ABBATIS
1982 245 2041 299 S.
2082 244 2322 300 MARLE
2362 245 2454 300 DE
2495 243 2890 301 NOVIGENTO

3694 243 3818 295 732

298 381 628 451 attingunt;
652 379 989 444 ubiearum,
1021 391 1152 446 qua
1183 376 1317 432 usui
1342 375 1556 432 habilia
1574 382 1758 441 erant,
1795 387 1990 430 rerum
2027 377 2074 429 A
2101 376 2158 429 et
2187 377 2539 447 expugnant.
2570 405 2638 415 -—
2667 374 2924 445 Denique
2954 373 3302 444 perveniunt
3331 373 3390 429 in
3421 372 3521 429 illa
3566 385 3814 441 campe—

299 465 608 534 plurimam
640 461 993 532 opulentiam
1023 467 1378 530 repererunt.
1416 458 1545 515 Loci
1572 473 1709 530 ergo
1742 458 1894 514 illius
1915 458 1997 512 in-

298 552 540 623 digenae,
576 551 725 605 intra
755 547 1002 605 civitatis
1043 555 1255 617 portas,
1298 547 1506 602 nostris
1553 554 1850 617 gratanter
1893 544 1993 601 ad-

297 639 502 705 missis,
564 638 741 692 trium
815 637 1042 692 dierum
1113 643 1434 707 opportuna
1491 637 1631 692 satis
1693 636 1994 692 refectione

297 726 639 782 confortant.

367 814 383 883 [
390 812 484 883 [1.]
515 813 689 868 Audit
710 820 985 882 praeterea
1008 811 1195 869 Sancti
1218 812 1402 883 Egidii
1423 827 1611 869 comes
1630 813 1866 877 Turcos,
1891 810 1993 881 qui

292 900 662 955 Antiochenze
685 900 814 955 urbi
835 909 1253 956 consueverant
1274 908 1541 970 praestare
1562 900 1901 966 custodiam,
1918 897 1991 954 ab

292 988 420 1057 ejus
462 988 766 1044 decessisse
815 988 1119 1058 przesidio;
1169 997 1510 1060 partemque
1554 989 1643 1043 sui
1694 987 1986 1057 praemittit

294 1077 601 1139 exercitus,
656 1076 759 1147 qui
809 1090 936 1131 eam
995 1077 1290 1132 obtineant
1342 1086 1396 1132 et
1460 1077 1710 1130 dominio
1765 1082 1992 1130 servent

292 1164 436 1235 ejus.
465 1164 674 1221 Electis
715 1164 891 1235 igitur
943 1165 1011 1220 de
1068 1166 1312 1234 propriae
1371 1162 1585 1218 militia:
1640 1162 1991 1232 primoribus

296 1261 569 1322 quatuor,
603 1268 853 1323 quorum
889 1253 1076 1308 tribus
1107 1253 1252 1307 idem
1298 1254 1503 1313 inerat,
1552 1252 1765 1306 scilicet
1816 1250 1987 1315 Petri,

294 1340 681 1409 vocabulum,
732 1348 978 1411 quartus
1021 1340 1361 1396 Guillelmus
1417 1340 1486 1395 de
1536 1340 1716 1394 Monte
1775 1338 1990 1394 Pislerii

293 1427 612 1494 dicebatur,
643 1429 743 1500 qui
778 1436 832 1484 et
864 1429 1019 1498 apud
1055 1442 1160 1483 nos
1194 1429 1370 1483 armis
1421 1428 1694 1483 celebrior
1740 1427 1990 1483 habeba-

297 1524 411 1584 tur,
453 1517 668 1588 dirigit,
702 1532 797 1573 eos
826 1518 921 1572 illo
951 1532 1082 1572 cum
1112 1516 1442 1587 quingentis
1471 1516 1782 1586 equitibus.
1823 1516 1988 1570 Haud

294 1604 495 1673 procul
536 1604 730 1673 itaque
755 1604 827 1658 ab
861 1604 1003 1659 urbe
1037 1604 1324 1673 praedicta,
1358 1604 1563 1658 vallem
1586 1603 1825 1669 intrant,
1857 1610 1912 1658 et
1933 1604 1989 1656 in

294 1690 417 1761 ipsa
449 1690 599 1746 valle
627 1699 884 1747 castrum
913 1691 1228 1760 reperiunt,
1256 1699 1310 1745 et
1340 1690 1549 1746 ibidem
1601 1690 1819 1746 civitati
1871 1690 1990 1745 An-

294 1779 591 1845 tiochenae,
620 1778 834 1833 Turcos
861 1791 994 1833 eum
1047 1791 1227 1832 manu
1275 1777 1501 1846 copiosa
1546 1777 1848 1846 praesidere
1890 1791 1995 1833 au-

294 1867 481 1922 diunt.
514 1866 666 1930 Quos
694 1865 864 1921 etiam
893 1866 1145 1921 maximo
1175 1873 1460 1934 apparatu
1498 1873 1551 1920 et
1599 1878 1893 1920 armorum
1940 1873 1996 1921 et

291 1954 591 2011 hominum
623 1969 742 2010 sese
775 1954 1055 2009 instruere
1091 1962 1292 2008 contra
1339 1953 1607 2018 Francos,
1657 1952 1706 2008 si
1754 1954 1993 2022 quando

291 2044 400 2099 sibi
432 2043 775 2113 ingruerint,
808 2042 1133 2097 addiscunt.
1166 2042 1365 2096 Petrus
1402 2055 1559 2111 ergo,
1592 2052 1747 2095 unus
1787 2055 1857 2096 ex
1906 2040 1993 2095 his

292 2145 438 2202 quos
467 2132 732 2201 superius
759 2131 950 2186 Petros
979 2135 1128 2183 396
1168 2129 1361 2184 vocari
1384 2130 1660 2196 diximus,
1694 2130 1789 2185 cui
1818 2129 1989 2184 etiam

291 2233 574 2290 agnomen
607 2232 641 2273 a
672 2219 812 2284 loco,
846 2218 947 2288 qui
978 2218 1162 2273 Roasa
1194 2217 1426 2283 dicitur,
1473 2218 1678 2283 fuerat,
1730 2231 1762 2272 a
1803 2218 1987 2273 socio-

291 2321 420 2363 rum
447 2315 598 2363 cuetu
637 2321 695 2362 se
724 2306 1005 2373 dividens,
1050 2305 1211 2361 urbis
1259 2306 1563 2374 cujusdam
1618 2320 1749 2374 quae
1800 2305 1989 2376 Rugia

292 2397 520 2462 dicitur,
552 2396 760 2452 vallem
788 2395 1131 2465 ingreditur,
1175 2402 1231 2450 et
1279 2394 1528 2450 inventis
1568 2395 1769 2449 Turcis
1818 2395 1986 2450 Sara-

291 2486 581 2555 cenisque,
645 2498 778 2540 cum
851 2483 932 2539 eis
1011 2482 1399 2553 congreditur,
1469 2489 1544 2548 et,
1633 2483 1986 2551 interemptis

289 2587 492 2629 eorum
523 2572 987 2642 quamplurimis,
1021 2571 1159 2626 alios
1192 2572 1577 2640 persequitur.
1621 2572 1733 2625 Hoc
1780 2572 1984 2626 Arme-

290 2661 372 2716 nii
397 2660 773 2725 attendentes,
805 2667 860 2714 et
890 2659 959 2714 de
991 2659 1099 2713 viri
1127 2658 1459 2714 fortitudine
1478 2659 1804 2728 jucundati,
1847 2673 1985 2728 pro-

290 2756 417 2818 pter
465 2748 749 2802 insolitam
797 2747 1106 2802 adversum
1148 2747 1364 2802 Turcos
1407 2747 1730 2812 audaciam,
1783 2747 1981 2803 ditioni

293 2836 446 2891 illius
475 2850 533 2891 se
560 2836 907 2904 mancipant.
937 2835 1050 2891 Nec
1080 2849 1260 2903 mora,
1301 2835 1529 2890 cuidam
1574 2836 1744 2890 Busae
1792 2835 1982 2890 nomi-

2103 464 2263 530 stria,
2312 465 2414 519 ubi
2462 463 2737 532 Syrorum
2790 462 3264 533 przedicatissima
3311 461 3641 530 metropolis
3693 460 3820 514 sita

2102 552 2461 622 dignoscitur
2490 550 2811 618 Antiochia,
2845 550 3017 621 cujus
3047 550 3356 606 titulorum
3385 556 3520 605 sunt
3563 548 3818 617 specia-

2102 640 2197 707 lia,
2233 649 2435 710 przeter
2466 654 2533 695 ea
2561 640 2779 711 quibus
2807 639 2879 694 ad
2910 639 3188 694 saeculum
3226 637 3421 694 ﬂoruit
3467 636 3815 706 privilegia,

2102 728 2259 797 quod
2287 726 2594 783 Christiani
2643 727 2892 782 nominis
2937 727 3070 781 inde
3120 725 3481 795 pullularunt
3508 723 3799 794 insignia.

2102 815 2405 885 Pbarphar
2453 815 2635 885 ipsius
2689 813 2937 870 civitatis
2994 813 3214 869 ﬂuvius
3263 819 3659 881 nuncupatur.
3718 810 3819 865 Ad

2099 905 2269 975 cujus
2292 918 2424 959 cum
2455 903 2634 959 nostri
2666 902 3055 972 pervenissent
3107 901 3381 971 contigua
3418 899 3542 955 loca
3588 898 3815 967 pontis,

2096 992 2335 1062 quidam
2376 1006 2451 1047 ex
2490 992 2571 1047 eis
2621 991 2836 1060 quibus
2900 988 3255 1059 prsecedendi
3314 997 3503 1044 castra
3532 986 3815 1042 officium

2099 1080 2305 1147 fuerat,
2341 1080 2650 1135 maximam
2692 1079 3013 1133 Turcorum
3051 1076 3336 1132 offendere
3381 1089 3645 1141 manum,
3698 1074 3819 1143 qui

2104 1168 2366 1238 plurimis
2411 1166 2769 1223 suffarcinati
2816 1165 2994 1234 copiis
3051 1178 3359 1235 suggerere
3410 1162 3819 1232 properabant

2098 1255 2424 1310 obsidendis
2453 1255 2759 1310 auxilium.
2789 1253 2942 1319 Quos
2979 1252 3158 1307 nostri
3202 1252 3302 1306 ubi
3358 1258 3812 1320 perspexerant,

2100 1345 2377 1399 Francica
2410 1344 2468 1398 in
2498 1357 2595 1398 eos
2625 1342 2913 1397 ferocitate
2962 1346 3338 1406 concurrunt,
3384 1346 3440 1394 et
3487 1352 3634 1407 pene
3677 1337 3817 1392 sine

2098 1432 2217 1489 ullo
2270 1431 2544 1501 temporis
2598 1429 2900 1485 interstitio
2948 1429 3300 1499 subigentes,
3368 1426 3478 1481 hac
3550 1425 3817 1495 illacquc

2097 1521 2454 1590 dispergunt.
2488 1518 2732 1574 Laniant
2771 1517 3006 1573 miseros
3035 1516 3218 1570 instar
3247 1516 3513 1581 arietum,
3550 1522 3630 1581 et,
3664 1528 3808 1582 qua-

2102 1608 2273 1678 paulo
2304 1614 2436 1663 ante
2465 1613 2677 1662 terrere
2713 1612 3015 1674 potuerant
3042 1617 3225 1670 arma,
3260 1602 3610 1672 projiciunt;
3651 1601 3813 1672 fugit

2104 1710 2204 1766 per
2231 1709 2445 1751 cuneos
2494 1694 2667 1750 turba
2720 1692 3003 1764 gregaria,
3056 1691 3370 1746 vulnerant
3414 1697 3470 1745 et
3514 1689 3805 1754 obruunt,

2103 1785 2243 1840 dum
2301 1783 2512 1838 mistim
2576 1784 2903 1852 properant,
2961 1780 3114 1835 socia
3138 1777 3660 1849 agmina;pridem
3697 1791 3808 1831 su-

2103 1873 2279 1942 perba
2308 1872 2494 1926 rabies
2527 1872 2698 1926 sentit
2726 1868 2989 1934 humilia,
3021 1875 3076 1922 et
3104 1880 3239 1937 qum
3268 1872 3600 1920 nostrorum
3639 1864 3808 1919 msti-

2101 1961 2297 2016 mabat
2359 1973 2417 2014 se
2475 1959 2808 2029 gavisuram
2871 1955 3183 2027 stragibus,
3232 1953 3460 2009 laetatur
3512 1953 3560 2008 si
3626 1950 3808 2020 possit

2098 2062 2322 2115 eruere,
2358 2048 2445 2103 vel
2484 2061 2617 2102 cum
2658 2046 2894 2116 pudore,
2935 2056 3197 2112 corpora.
3245 2042 3312 2096 Hi
3363 2040 3465 2110 qui
3520 2052 3807 2110 venerant

2096 2136 2508 2207 expugnandis
2536 2136 2688 2191 ferre
2722 2131 3088 2203 suffragium,
3117 2130 3263 2186 ﬁunt
3282 2131 3557 2185 continuo
3578 2141 3806 2199 conge-

2096 2226 2208 2280 ries
2238 2224 2384 2280 fieda
2410 2224 2781 2289 cadaverum,
2814 2229 2870 2277 et
2908 2232 3055 2289 quas
3093 2218 3421 2274 deferebant
3466 2215 3808 2272 obsidendis

2094 2313 2306 2381 copias,
2354 2311 2658 2367 destinavit
2690 2308 3060 2376 Omnipotens
3091 2304 3506 2366 obsessoribus.
3550 2303 3799 2359 consilio

2095 2399 2566 2464 misericordium,
2641 2396 2994 2466 praebendas.
3064 2393 3163 2449 His
3220 2393 3398 2463 igitur
3455 2406 3574 2447 non
3629 2392 3806 2447 aliter

2092 2502 2270 2558 quam
2346 2495 2562 2557 segetes
2610 2484 2891 2555 grandine
2939 2481 3438 2547 comminuuntur,
3496 2481 3799 2549 oppressis

2093 2576 2277 2631 multa
2316 2575 2526 2629 nostris
2557 2573 2890 2629 resederunt
2918 2570 3121 2640 spolia,
3170 2570 3477 2624 innumera
3519 2567 3803 2623 frumenti

2090 2665 2333 2733 vinique
2359 2662 2775 2731 relinquuntur
2820 2658 3147 2728 impendia;
3194 2670 3502 2727 equorum,
3542 2656 3803 2711 camelo-

2091 2767 2242 2818 rum,
2280 2751 2693 2819 asinorumque
2724 2747 3082 2818 pedestribus
3107 2759 3325 2801 cessere
3355 2744 3635 2800 subsidia.
3686 2744 3804 2798 Ita-

2090 2856 2205 2912 que
2232 2840 2408 2896 nostri
2437 2852 2612 2908 super
2656 2835 2879 2907 prazfati
2918 2834 3176 2890 fluminis
3222 2847 3382 2888 oram
3428 2839 3618 2887 castra
3663 2847 3809 2887 con-

291 2939 363 2980 ne
419 2924 657 2991 civitati,
722 2924 1110 2979 habitatorum
1168 2923 1470 2991 deditione,
1519 2923 1868 2993 prmﬁcitur;
1924 2923 1982 2978 in
2023 2931 2362 3008 Cstituunt.

291 3013 582 3083 plerisque
614 3012 807 3069 itidem
839 3012 1087 3068 castellis
1109 3012 1418 3081 excipitur.

361 3100 666 3157 Exercitus
704 3108 897 3156 autem
954 3094 1239 3164 residuus.
1292 3115 1325 3155 a
1381 3100 1597 3163 Coxon,
1655 3099 1752 3156 illa
1805 3114 1980 3171 quam

290 3188 547 3245 diximus
574 3188 736 3255 urbe,
773 3189 1086 3260 digressus,
1137 3203 1236 3259 per
1281 3196 1589 3260 angustam
1634 3202 1703 3243 ac
1752 3187 1985 3244 confra-

292 3291 492 3349 gosam
545 3276 960 3334 incredibiliter
1001 3276 1389 3345 quorumdam
1448 3276 1720 3346 processit
1762 3283 1983 3331 monta-

290 3380 500 3422 norum
531 3366 813 3430 semitam,
845 3366 985 3421 adeo
1014 3366 1352 3431 arduorum,
1397 3372 1460 3421 ut
1486 3379 1654 3421 nemo
1699 3379 1831 3419 eum
1882 3363 1984 3434 qui

290 3455 528 3524 praeibat
557 3455 857 3517 ullatenus.
903 3455 1221 3524 praecedere
1267 3461 1466 3523 potest,
1516 3453 1613 3509 sed
1660 3452 1804 3509 alios
1862 3460 1987 3522 post

291 3544 431 3600 alios
513 3543 804 3615 sigillatim
871 3543 1332 3612 pedetentimque
1407 3541 1708 3612 procedere
1760 3555 1987 3596 necesse

288 3631 449 3687 foret.
484 3630 658 3686 Arcto
686 3644 938 3701 namque
963 3637 1017 3684 et
1055 3630 1228 3685 nimis
1256 3644 1496 3699 scrupeo
1526 3629 1658 3684 calli
1707 3629 1986 3698 praerupti

289 3719 531 3776 maximi
580 3719 706 3790 [al.,
767 3718 1044 3789 maxima]
1100 3732 1315 3789 vorago
1360 3718 1702 3783 subtererat,
1762 3717 1880 3784 ubi,
1938 3716 1987 3773 si

288 3821 507 3880 equum
537 3822 688 3878 equo
717 3806 923 3863 offendi
971 3806 1345 3877 contingeret,
1400 3805 1742 3875 desperabili
1793 3806 1985 3861 statim

292 3896 601 3966 praecipitio
655 3896 957 3965 deperiret.
1019 3895 1254 3951 Videres
1329 3908 1580 3950 cuneum
1655 3894 1981 3961 militarem,

246 4026 253 4037 .
291 3983 393 4053 qui
423 3983 645 4053 pridem
676 3983 981 4038 insolentia
1022 3982 1295 4038 itinerum
1350 3982 1654 4052 inediaque
1702 3982 1770 4038 de
1819 3997 1988 4052 eque-

294 4071 510 4129 stribus
543 4071 754 4140 pedites
786 4071 916 4126 facti
964 4079 1150 4133 erant,
1198 4070 1475 4127 feralibus
1520 4071 1672 4126 affici
1719 4071 1984 4138 tristitiis,

292 4172 521 4230 pugnos
544 4158 824 4226 collidere,
876 4158 1142 4214 vellicare
1185 4157 1438 4228 capillos,
1493 4166 1567 4226 et,
1634 4159 1832 4214 mortis
1878 4159 1986 4214 sibi

258 4229 604 4317 ’imprecato
631 4247 812 4313 exitu,
862 4247 1066 4303 loricas
1108 4254 1164 4303 et
1214 4248 1428 4318 galeas,
1481 4247 1752 4317 quaelibet
1801 4261 1983 4314 arma,
2024 4229 2068 4282 D

294 4336 419 4393 sine
449 4335 625 4391 ullius
654 4336 822 4406 pretii
853 4345 1130 4406 respectu,
1166 4336 1417 4392 denariis
1465 4337 1651 4393 tribus
1692 4345 1793 4393 aut
1843 4351 1987 4407 qua-

293 4432 427 4480 tuor
455 4438 556 4481 seu
583 4426 844 4495 quinque
874 4425 1210 4492 distrahere,
1259 4433 1314 4481 et
1371 4427 1510 4481 dum
1566 4439 1681 4480 non
1739 4425 1991 4495 suppetit

291 4518 534 4580 emptor,
611 4510 857 4581 clypeos,
936 4512 1165 4581 aliaque
1220 4513 1537 4582 peroptima
1590 4513 1649 4567 in
1705 4513 1989 4582 profunda

291 4600 571 4670 disjicere,
613 4599 925 4656 dummodo
974 4601 1234 4656 valerent
1272 4608 1430 4657 tanto
1478 4600 1807 4657 discrimine
1858 4614 1989 4656 cor-

292 4702 433 4758 pora
463 4688 562 4744 vix
601 4688 709 4744 sibi
739 4687 1082 4744 sufficientia
1134 4689 1423 4758 expedire.
1483 4690 1571 4744 Ex
1620 4689 1708 4744 his
1759 4690 1988 4745 tandem

293 4776 543 4847 scopulis
610 4790 678 4831 ac
743 4777 987 4845 rupibus
1053 4786 1355 4847 postquam
1410 4792 1543 4834 cum
1618 4778 1991 4834 intolerandis

294 4878 576 4922 emersere
611 4864 926 4927 laboribus,
980 4866 1180 4920 urbem
1228 4866 1538 4935 quamdam
1585 4866 1851 4922 Marasim
1903 4866 1990 4920 di-

294 4962 444 5010 ctam
478 4955 787 5020 introeunt,
839 4953 1010 5023 cujus
1058 4953 1211 5009 cives
1266 4955 1346 5009 eis
1389 4954 1620 5010 obviam
1676 4953 1990 5009 laetabundi

292 5042 597 5111 prodeunt,
628 5049 684 5098 et
712 5040 944 5097 abunde
973 5041 1321 5098 exercitibus
1367 5042 1595 5097 venalia
1634 5041 1984 5097 convehunt.

292 5129 707 5200 Recreavitque
763 5130 1075 5186 exhaustos
1105 5130 1272 5186 tellus
1315 5130 1626 5194 uberrima,
1683 5143 1990 5201 quousque

293 5218 688 5274 restitueretur
714 5216 796 5273 eis
828 5218 1045 5273 domini
1092 5218 1426 5280 Boemundi.
1464 5218 1565 5288 qui
1604 5217 1991 5287 subsequeba-

295 5312 413 5371 tur,
445 5319 735 5375 quemque
770 5306 1249 5376 przestolabantur
1278 5306 1510 5372 ibidem,
1542 5305 1858 5376 praesentia.

967 5394 1192 5450 CAPUT
1231 5394 1298 5448 II.

370 5479 483 5555 [ιι]
523 5481 892 5537 Antiochiam
930 5481 1158 5536 tandem
1183 5482 1529 5553 perveniunt
1557 5481 1781 5551 Franci,
1811 5497 1988 5556 quam

2166 3019 2238 3072 At
2265 3014 2649 3079 Boemundus,
2673 3011 2892 3084 junctis
2917 3009 3027 3066 sibi
3058 3007 3491 3065 lectissimorum
3541 3005 3803 3063 militum

2095 3107 2351 3162 millibus
2404 3111 2677 3174 quatuor,
2728 3109 2904 3170 portae
2953 3097 3202 3154 civitatis
3253 3112 3374 3153 sese
3404 3096 3695 3166 opposuit,
3745 3105 3805 3151 et

2095 3208 2166 3250 ne
2197 3195 2331 3264 quis
2355 3193 2428 3247 ab
2459 3206 2526 3247 ea
2546 3191 2729 3247 exiret
2761 3189 2848 3244 vel
2882 3187 3279 3257 ingrederetur
3308 3185 3365 3239 in
3398 3185 3603 3255 ipsam,
3653 3185 3805 3254 vigi-

2096 3282 2202 3337 lias
2257 3295 2326 3337 ea
2365 3280 2445 3335 ibi
2493 3285 2656 3334 nocte
2707 3274 3087 3331 continuavit.
3148 3272 3422 3329 Postridie
3480 3271 3551 3326 ad
3612 3271 3801 3341 ipsam

2095 3383 2283 3440 usque
2313 3366 2698 3432 Antiochiam,
2732 3363 3031 3419 duodecim
3081 3361 3206 3417 Kal.
3255 3359 3611 3426 Novembris,
3661 3374 3797 3414 cum

2096 3465 2306 3529 quarta
2337 3464 2485 3511 esset
2515 3454 2676 3521 feria,
2702 3460 2757 3507 et
2804 3451 2993 3506 media
3034 3451 3154 3520 jam
3202 3457 3475 3519 ageretur
3516 3448 3658 3515 dies,
3708 3450 3803 3503 de-

2099 3546 2336 3603 veniens
2365 3542 2619 3600 consedit
2643 3540 2953 3606 exercitus,
2989 3538 3163 3594 trium
3194 3536 3443 3593 civitatis
3470 3544 3796 3606 portarum,

2095 3633 2480 3690 obsidentium
2530 3627 2789 3699 diligenti
2839 3626 3113 3681 instantia
3151 3624 3475 3695 praepeditis
3519 3623 3800 3687 aditibus,

2095 3721 2191 3778 sed
2223 3727 2433 3790 quarto
2472 3724 2733 3782 vacante,
2792 3714 3067 3784 quoniam
3116 3713 3317 3768 nullus
3371 3712 3423 3768 ei
3466 3711 3800 3767 obsidenda:

2097 3816 2290 3878 patere
2322 3813 2540 3876 poterat
2578 3803 2756 3869 locus,
2805 3809 3211 3856 montanorum
3256 3801 3664 3869 contiguorum
3713 3800 3801 3854 al-

2097 3895 2342 3951 titudine
2397 3893 2646 3962 plurima
2701 3890 3087 3961 angustiaque
3142 3887 3522 3944 obstantibus.
3576 3888 3802 3943 Tantus

2096 3992 2287 4039 autem
2309 3997 2425 4037 non
2452 3981 2617 4036 modo
2640 3980 2881 4046 civibus,
2912 3992 3115 4034 verum
3132 3977 3334 4032 Turcis
3365 3976 3795 4046 praestantibus,

2094 4080 2420 4126 nostrorum
2453 4077 2638 4124 metus
2679 4068 2977 4133 incutitur,
3010 4074 3074 4123 ut
3102 4078 3305 4121 eorum
3330 4073 3531 4120 contra
3568 4072 3799 4119 nostros

2097 4173 2268 4215 nemo
2299 4158 2647 4228 procederet,
2680 4170 2866 4221 nemo,
2918 4169 2985 4210 ac
3032 4155 3076 4209 si
3130 4153 3425 4209 nundinas
3473 4153 3657 4208 acturi
3706 4166 3801 4208 ve-

2098 4249 2336 4312 nissent,
2376 4246 2497 4301 ulla
2533 4244 2614 4300 eis
2658 4243 2983 4300 hostilitatis
3039 4241 3338 4298 molimina
3369 4242 3698 4308 intentaret,
3740 4249 3797 4297 et

2099 4337 2220 4392 hac
2251 4335 2455 4391 fucatae
2495 4332 2830 4402 superficies
2875 4332 3030 4402 pacis
3067 4329 3399 4401 quindecim
3443 4330 3621 4384 ferme
3672 4329 3797 4384 die-

2096 4424 2226 4491 bus,
2281 4420 2462 4479 veluti
2518 4419 2891 4485 conclamata,
2953 4416 3279 4487 perstiterit.
3352 4417 3516 4472 Circa
3588 4417 3794 4471 urbem

2096 4520 2288 4568 autem
2328 4511 2510 4580 ipsam
2552 4508 2899 4565 fertilissima
2943 4506 3121 4578 hujus
3165 4504 3476 4562 obsidionis
3524 4506 3796 4561 exstitere

2096 4599 2447 4671 primordia;
2497 4597 2757 4653 omnium
2809 4595 2944 4651 usui
2994 4594 3484 4659 convenientium,
3544 4600 3798 4663 tempore

2095 4701 2378 4744 novorum
2451 4685 2592 4741 inibt
2669 4698 2868 4739 recens
2935 4691 3082 4749 acto,
3154 4682 3411 4737 fervebat
3466 4682 3793 4750 opulentia;

2095 4775 2314 4843 vineas,
2375 4774 2472 4830 sed
2529 4788 2647 4843 quo
2693 4781 2945 4841 tempore
2993 4770 3189 4836 miror,
3242 4769 3536 4824 vindemia
3573 4770 3793 4838 depen-

2095 4864 2264 4919 dente
2324 4862 2580 4927 refertas,
2637 4860 2927 4916 frumenta
2994 4873 3109 4913 non
3175 4857 3413 4917 horreis,
3468 4857 3564 4912 sed
3614 4856 3794 4914 foveis

2096 4958 2270 5020 atque
2310 4949 2595 5005 cuniculis
2644 4947 2911 5002 immersa
2961 4944 3179 5014 ubique
3228 4943 3608 5013 reperiebant,
3657 4959 3792 5000 cum

2095 5053 2202 5094 nec
2251 5038 2559 5094 arboribus
2612 5048 2782 5106 poma
2843 5035 3122 5101 deessent,
3195 5040 3252 5088 et
3324 5031 3596 5101 quaelibet
3659 5032 3792 5087 vita:

2094 5128 2353 5196 ipsorum
2401 5123 2698 5181 commoda
2752 5122 2870 5178 solo
2902 5122 3193 5178 uberrimo
3222 5118 3622 5189 suppeditante
3649 5134 3793 5175 con-

2095 5215 2356 5272 ﬂuerent.

2168 5300 2421 5359 Armenii
2452 5308 2645 5356 autem
2678 5306 2731 5354 et
2760 5297 2907 5367 Syri,
2939 5311 3013 5354 ex
3063 5296 3282 5367 quibus
3328 5305 3555 5368 praeter,
3607 5303 3673 5352 ut
3711 5297 3789 5353 sic

2096 5392 2364 5457 dixerim,
2396 5391 2613 5445 Turcos
2641 5387 2917 5457 epibatas,
2964 5393 3081 5441 tota
3130 5386 3272 5442 urbs
3329 5386 3424 5440 illa
3467 5385 3784 5451 constabat,

2095 5495 2230 5538 cum
2288 5478 2493 5536 urbem
2545 5477 2731 5547 ipsam
2785 5473 3117 5541 incolerent,
3170 5482 3227 5530 et
3278 5473 3619 5529 Christianae
3671 5486 3787 5529 sese
