3902 6082
140 238 254 290 733

1141 300 1149 310 Δ
1247 231 1469 287 GESTA
1509 230 1622 284 DEI
1662 230 1803 285 PER
1842 228 2266 285 FBANCOS.—
2294 228 2421 284 LIB.
2465 230 2553 284 IV.

3540 233 3644 286 734

140 368 317 425 titulo
350 365 694 423 conditionis
727 364 1014 432 efferrent,
1048 364 1249 420 crebro
1291 373 1514 421 nostros
1554 364 1837 432 invisere;
1876 366 1921 419 Δ
2020 364 2541 435 Appropinquabat
2591 363 2791 420 Natale
2848 363 3231 432 Dominicum,
3283 370 3338 421 et
3380 364 3645 421 frumen—

140 463 201 513 et
258 470 381 512 esse
434 468 633 523 eorum
692 454 1030 510 universum
1082 453 1393 519 addiscere,
1441 460 1496 508 et
1544 452 1665 508 suis
1710 466 1842 521 quae

142 544 306 612 apud
350 551 576 597 nostros
619 541 894 610 aucupati
925 541 1152 596 fuerant
1185 540 1474 595 nuntiare.
1513 538 1656 595 Cum
1688 540 1841 594 enim

145 630 403 686 Francos
454 644 574 685 suae
623 629 869 685 assiduae
917 628 1396 684 confabulationis
1442 628 1595 683 visco
1651 626 1839 682 allice-

143 726 296 784 rent,
329 725 385 772 et
422 732 481 772 se
515 731 550 771 a
586 717 906 771 Turcorum
959 714 1102 770 facie
1142 715 1406 785 fugitare.
1458 715 1652 770 multae
1698 714 1841 769 adu-

143 806 380 862 lationis
424 805 727 872 lenocinio,
776 812 1106 859 nostrorum
1143 804 1388 858 auribus
1422 807 1563 857 39!
1627 802 1843 857 mussi-

142 901 380 961 tassent,
432 907 642 949 uxores
688 900 878 947 tamen
939 891 1197 962 proprias
1247 892 1538 958 excedere,
1589 891 1843 946 nullate—

142 998 261 1039 nus
300 983 372 1038 ab
405 983 545 1038 urbe
573 982 860 1048 sinebant,
903 988 958 1035 et
997 981 1069 1035 ad
1109 982 1281 1049 ipsas,
1325 980 1568 1051 digressi
1594 995 1627 1035 a
1662 981 1841 1034 Fran-

141 1072 247 1133 cis,
276 1070 692 1140 postliminium
727 1070 1016 1130 facientes,
1048 1083 1180 1138 quae
1211 1068 1380 1123 istinc
1414 1068 1842 1137 subintelligere

142 1166 426 1229 poterant,
478 1159 549 1213 ad
594 1158 810 1213 Turcos
858 1157 1313 1212 Christianorum
1364 1156 1613 1225 partium
1667 1156 1833 1211 intir-

144 1247 331 1302 miora
379 1246 654 1302 ferebant.
698 1245 989 1314 Proposito
1034 1245 1211 1314 igitur
1247 1258 1447 1299 eorum
1479 1244 1726 1314 cognito,
1776 1256 1843 1298 ac

145 1335 397 1391 essentia
457 1334 614 1405 Syris
667 1332 1076 1402 interpretibus
1127 1332 1237 1387 sita
1285 1332 1377 1402 [Α
1428 1331 1611 1401 scita],
1671 1330 1843 1387 Turci

148 1424 220 1479 de
257 1423 490 1479 civitate
528 1422 830 1492 aliquoties
858 1434 1177 1489 erumpere,
1224 1420 1423 1489 aliqua
1451 1419 1659 1474 nostris
1697 1420 1837 1475 sub-

147 1512 354 1580 ripere,
387 1511 526 1566 dum
558 1509 905 1564 victualibus
934 1508 1309 1577 quaeritandis
1344 1508 1634 1571 oberrant,
1672 1507 1843 1563 calles

146 1606 447 1653 consuetos
494 1597 782 1661 obtexere,
826 1597 1056 1665 plagam
1097 1603 1501 1650 montanorum
1550 1596 1842 1665 marisque

147 1685 474 1757 petentibus
518 1698 591 1739 ex
640 1684 929 1751 insperato
973 1696 1265 1752 proruere,
1316 1682 1461 1738 nihil
1503 1683 1577 1737 ab
1623 1682 1840 1739 insidiis

146 1784 204 1831 et
236 1773 656 1843 irruptionibus
679 1786 883 1827 vacare
913 1771 1258 1840 permittere.

219 1863 387 1917 Haud
422 1860 618 1931 procul
650 1868 843 1915 autem
884 1859 1014 1913 inde
1043 1858 1307 1915 Castrum
1335 1858 1656 1915 habebatur
1685 1860 1841 1930 quod

144 1950 467 2006 vocabatur
499 1954 662 2019 Areg,
698 1949 753 2002 in
790 1962 905 2017 quo
936 1948 1242 2016 praecipuae
1285 1945 1598 2003 ferocitatis
1626 1948 1843 2004 Turcos

146 2052 250 2107 pro
285 2037 533 2107 praesidii
563 2036 742 2105 ipsius
787 2035 1027 2091 tuitione
1061 2035 1408 2102 locaverant,
1451 2036 1550 2105 qui
1583 2036 1837 2102 Francis,

145 2126 450 2195 aliquoties
504 2122 1127 2189 ineonsideratioribus,
1200 2123 1591 2192 frequentium
1655 2123 1843 2179 incur-

144 2229 316 2271 suum
376 2214 575 2268 turbas
623 2211 996 2267 incutiebant.
1043 2213 1116 2266 At
1160 2212 1465 2281 principes,
1518 2220 1689 2268 tanta;
1730 2214 1839 2268 im-

148 2304 430 2372 patientes
476 2300 724 2370 injuriae,
776 2315 891 2354 non
939 2313 1122 2369 parva
1163 2300 1425 2369 equitum
1470 2301 1841 2371 peditumque

146 2390 397 2447 conﬂata
439 2404 636 2454 manu,
683 2389 919 2444 mittunt
949 2388 1052 2457 qui
1081 2388 1380 2457 explorent
1420 2388 1657 2444 ubinam
1701 2389 1840 2444 deli-

149 2487 364 2535 tescere
412 2478 629 2533 soleant
659 2477 759 2547 qui
798 2484 875 2531 tot
917 2478 1037 2531 suis
1079 2475 1229 2529 mala
1260 2474 1536 2545 irrogant.
1571 2477 1839 2545 Reperto-

146 2581 263 2637 que
308 2566 641 2621 eorumdem
701 2563 959 2631 latibulo,
1028 2563 1228 2619 obvios
1274 2564 1507 2632 quidem
1554 2564 1737 2633 primo
1782 2579 1841 2621 se

142 2656 259 2711 illis
290 2655 562 2724 praebent,
592 2653 687 2709 sed
724 2652 1105 2727 postmodum,
1146 2652 1286 2722 fuga
1314 2651 1517 2707 callide
1548 2654 1837 2722 simulata,

140 2759 209 2801 eo
236 2758 296 2799 se
325 2744 398 2798 ab
438 2741 879 2812 insequentibus
905 2740 1037 2795 duci
1068 2739 1286 2807 sinunt,
1317 2739 1417 2794 ubi
1452 2740 1688 2796 indubie
1732 2755 1840 2796 no-

140 2840 350 2888 verant
377 2832 553 2886 latere
577 2833 631 2885 in
666 2829 889 2885 insidiis
917 2828 1334 2884 Boemundum.
1373 2828 1605 2895 Ibidem,
1639 2829 1841 2885 Turcis

1952 461 2092 521 tum,
2123 463 2444 525 caeteraque
2486 469 2794 525 corporum
2842 455 3115 510 alimenta
3143 463 3433 525 coeperant
3466 455 3645 510 vehe-

1946 551 2169 598 menter
2196 543 2480 609 imminui,
2508 552 2563 598 et
2590 557 2723 598 caro
2754 543 3083 598 constiterat
3130 544 3187 597 in
3236 551 3354 598 toto
3385 543 3645 598 exercitu

1948 632 2141 686 omnia
2174 632 2361 687 vendi.
2398 631 2742 687 Victualium
2776 630 3223 701 quaerendorum
3262 644 3438 686 causa
3481 630 3646 686 nulla

1950 720 2179 787 patebat
2251 719 2493 775 facultas
2558 719 2647 773 vel
2710 717 3069 787 longiuscule
3146 718 3420 788 evagari;
3494 718 3647 772 intra

1946 804 2255 862 Christiani
2290 822 2523 876 quoque
2562 806 2810 861 nominis
2842 804 3001 871 lines,
3041 805 3185 860 nihil
3232 819 3374 874 pene
3416 806 3537 876 jam
3572 805 3645 861 ad

1948 908 2119 950 usum
2167 894 2289 964 [al.,
2321 893 2504 966 esum]
2543 894 2835 963 pertinens
2884 900 3106 963 poterat
3157 892 3415 962 reperiri.
3472 893 3645 947 Porro

1948 983 2007 1038 in
2038 982 2487 1038 Sarracenorum
2520 983 2807 1052 regionem
2846 981 3075 1036 nonnisi
3118 995 3248 1036 cum
3284 979 3645 1049 expeditione

1947 1070 2197 1138 plurima
2226 1070 2536 1139 quisquam
2567 1069 2789 1124 valebat
2832 1068 3112 1138 progredi.
3169 1067 3351 1137 Igitur
3405 1073 3646 1135 urgente

1951 1157 2160 1223 inedia,
2194 1164 2385 1213 coacto
2414 1171 2675 1226 proceres
2706 1156 2944 1211 concilio
2973 1170 3094 1210 sese
3141 1156 3457 1210 discutiunt
3496 1168 3641 1224 qua-

1949 1245 2077 1300 liter
2126 1246 2347 1300 consuli
2408 1245 2608 1300 debeat
2686 1252 2856 1299 tantae
2918 1244 3256 1312 frequentia:
3321 1242 3641 1307 hominum,

1946 1332 2114 1388 famis
2186 1332 2570 1399 atrocissimas,
2648 1331 2756 1386 nisi
2808 1331 2860 1386 ei
2923 1332 3321 1397 subveniatur,
3356 1331 3639 1386 subiturae

1949 1420 2288 1491 periculum.
2332 1420 2585 1475 Tandem
2622 1419 2835 1475 vicaria
2858 1419 3276 1475 consultatione
3330 1418 3641 1487 reperiunt,

1949 1510 2034 1565 uti
2092 1509 2290 1579 aliqua
2348 1522 2479 1577 pars
2543 1509 2832 1564 exercitus
2889 1506 3186 1576 stipendiis
3256 1507 3645 1575 undecunque

1949 1596 2355 1653 contrahendis
2402 1596 2704 1662 insisteret,
2760 1595 2941 1650 altera
2971 1602 3169 1663 coeptae
3213 1594 3493 1649 obsidioni
3537 1606 3646 1647 va-

1949 1693 2124 1740 caret.
2158 1684 2244 1739 Ad
2269 1684 2391 1739 haec
2416 1686 2611 1753 itaque
2641 1682 3011 1737 Boemundus
3042 1681 3234 1736 intulit
3267 1698 3279 1736 :
3310 1702 3337 1728 «
3370 1681 3425 1735 Si
3462 1679 3642 1747 vobis,

1950 1772 2159 1841 inquit,
2184 1787 2217 1827 ο
2256 1772 2478 1828 strenui
2511 1772 2738 1833 milites.
2770 1779 2961 1827 tutum
3008 1770 3256 1835 videtur,
3308 1783 3414 1839 ego
3470 1767 3644 1822 Flau-

1949 1861 2172 1917 drensis
2203 1861 2425 1916 comitis
2469 1860 2745 1916 suffultus
2772 1860 3020 1926 comitia,
3062 1857 3404 1913 victualium
3437 1870 3648 1926 procu-

1948 1950 2231 2004 curationi
2264 1963 2496 2018 operam
2527 1949 2695 2004 dabo.
2730 1968 2758 1998 η
2792 1946 2953 2014 Quod
2986 1961 3022 2002 a
3047 1947 3381 2016 quibusque
3403 1944 3648 2015 juniori-

1950 2037 2059 2093 bus
2084 2045 2241 2093 tanta
2266 2046 2350 2093 est
2379 2037 2766 2104 gratulatione
2792 2044 3146 2104 susceptum,
3182 2040 3403 2103 quanto
3440 2031 3644 2101 majori

1946 2124 2351 2190 extabuerant,
2380 2139 2492 2178 non
2527 2124 2692 2179 modo
2720 2122 3005 2189 ariditate,
3062 2135 3263 2177 verum
3313 2119 3644 2175 omnimoda

1947 2214 2276 2269 necessitate
2331 2213 2617 2268 ciborum.
2671 2212 2970 2267 Celebrata
3030 2210 3245 2279 itaque,
3316 2208 3526 2263 affectu
3589 2214 3645 2263 et

1948 2302 2243 2357 alacritate
2272 2314 2391 2370 qua
2419 2307 2701 2370 poterant,
2740 2299 3049 2354 Nativitate
3081 2295 3394 2360 Dominica,
3433 2295 3640 2365 postri-

1947 2388 2059 2454 die,
2086 2402 2218 2444 cum
2243 2396 2389 2443 esset
2419 2388 2673 2443 secunda
2720 2386 2878 2454 feria,
2914 2386 3029 2441 duo
3057 2384 3153 2453 [illi
3191 2383 3447 2455 praedicti
3487 2382 3642 2451 prin-

1947 2477 2119 2547 cipes,
2198 2476 2415 2531 allectis
2493 2476 2601 2532 sibi
2671 2474 2879 2545 viginti
2945 2474 3199 2543 peditum
3277 2471 3645 2539 militumque

1946 2566 2224 2630 millibus,
2288 2564 2738 2620 Sarracenorum
2786 2562 3109 2634 provincias
3161 2560 3497 2632 depopulari
3539 2572 3641 2628 ag-

1947 2653 2312 2723 grediuntur.
3544 2640 3565 2659 ¹

2611 2774 2843 2831 CAPUT
2883 2775 2980 2829 III.

144 2919 576 2984 insectantibus,
636 2918 750 2973 duo
795 2931 869 2972 ex
919 2917 1130 2972 nostris
1165 2915 1581 2973 occubuerunt.
1642 2918 1717 2973 At
1769 2917 1839 2972 de
1876 2942 1918 2999 ρ
2021 2917 2164 2989 [lV.]
2211 2919 2433 2972 Interea
2470 2917 2642 2972 Turci
2686 2924 2742 2972 et
2788 2916 3025 2984 Arabes,
3082 2913 3379 2970 Sarraceni
3428 2912 3645 2982 aliique

142 3008 378 3063 latebris
442 3022 562 3062 sese
616 3005 984 3061 Boemundus
1025 3004 1342 3072 excutiens,
1394 3004 1659 3061 hostibus
1706 3019 1837 3060 cum

140 3096 338 3152 debita
365 3094 864 3149 animadversione
910 3091 1195 3160 occurrit;
1227 3104 1322 3145 eos
1351 3091 1454 3160 qui
1494 3092 1841 3147 videbantur

142 3193 308 3255 terga
358 3183 594 3238 vertisse
659 3180 909 3244 reduxit,
972 3186 1029 3234 et
1081 3178 1497 3234 confertissima
1542 3193 1838 3236 armorum

141 3271 502 3328 consertione
528 3266 813 3323 conflixit.
852 3266 941 3320 Ex
980 3267 1062 3321 eis
1094 3265 1286 3335 itaque
1328 3266 1605 3334 plurimos
1649 3267 1841 3324 interi-

142 3361 269 3425 mit,
302 3360 445 3414 alios
482 3366 738 3427 captivos
776 3354 1044 3423 abducit;
1095 3353 1166 3408 ad
1216 3354 1374 3409 urbis
1419 3363 1643 3423 portam
1693 3370 1839 3425 quos

140 3454 394 3516 coeperat
424 3444 720 3516 pertrahit,
772 3442 987 3513 ibique,
1038 3442 1110 3497 ad
1143 3450 1411 3498 terrorem
1457 3445 1837 3512 spectantium

139 3536 380 3599 civium,
421 3533 705 3603 capitibus
750 3531 891 3588 caedi
933 3531 1206 3601 praecipit.
1257 3535 1355 3586 Ast
1399 3532 1581 3601 aliqui
1630 3532 1838 3588 civita-

139 3626 414 3692 tensium,
468 3623 772 3693 cujusdam
833 3620 1277 3676 conscendentes
1334 3628 1508 3688 portas
1546 3634 1833 3690 suprema,

140 3726 620 3784 quaquaversum
670 3710 989 3780 fatigabant
1032 3715 1255 3763 nostros
1300 3721 1541 3763 suarum
1586 3708 1838 3778 jactibus

139 3801 523 3870 sagittarum:
564 3800 621 3853 in
655 3806 880 3853 tantum
910 3804 973 3852 ut
1015 3796 1167 3851 intra
1199 3796 1482 3851 ambitum
1513 3805 1836 3853 castrorum

140 3888 481 3954 Boemundi,
539 3886 840 3941 missilium
895 3885 1129 3940 nimbus
1180 3876 1465 3952 inﬂueret,
1527 3891 1582 3939 et
1630 3884 1839 3941 mulier

140 3978 355 4034 ibidem
378 3977 494 4031 ictu
522 3976 741 4046 sagittae
761 3973 1145 4029 occumberet.

216 4066 477 4135 Denique
527 4063 811 4133 principes
856 4061 1161 4117 consilium
1198 4061 1646 4129 communicant,
1695 4076 1838 4118 con-

142 4155 514 4223 stituuntque
554 4159 610 4207 et
638 4150 909 4208 ordinant
943 4158 1006 4205 ut
1045 4157 1296 4204 castrum
1347 4149 1464 4205 ﬁeri
1500 4150 1730 4207 deberet
1778 4151 1836 4206 in

1947 3006 2199 3079 gentiles,
2241 3008 2341 3076 qui
2368 3004 2619 3061 coierant
2652 3005 2724 3060 ab
2773 3003 3127 3060 Hierusalem
3157 3010 3212 3058 et
3242 3002 3537 3068 Damasco,
3589 3008 3645 3055 et

1946 3096 2109 3164 Alep,
2161 3094 2408 3164 aliisque
2451 3094 2741 3165 gentibus,
2795 3092 2916 3162 pari
2974 3092 3168 3147 animo
3210 3088 3640 3161 conglomerati,

1946 3184 2284 3255 praesidium
2327 3182 2510 3239 eidem
2561 3182 2757 3250 laturi,
2792 3195 2927 3237 cum
2978 3180 3199 3236 inﬁnito
3245 3179 3475 3250 agmine
3520 3181 3645 3234 An-

1946 3272 2217 3329 tiochiam
2293 3271 2697 3341 properabant.
2746 3271 2788 3324 li
2839 3271 2960 3340 jam
3020 3275 3420 3338 compererant
3471 3267 3643 3323 Chri—

1945 3360 2160 3416 stianos
2206 3360 2263 3414 in
2325 3374 2460 3415 suos
2508 3361 2668 3426 lines,
2722 3373 2826 3429 pro
2893 3359 3129 3428 frugum
3188 3365 3643 3424 caeterorumque

1945 3449 2176 3506 utilium
2218 3448 2568 3515 collectione,
2605 3461 2922 3515 cursuros;
2977 3454 3031 3501 et
3080 3444 3420 3514 crepusculo
3452 3443 3644 3498 adhuc

1945 3536 2144 3603 dubio,
2175 3544 2375 3591 contra
2409 3544 2635 3591 nostros
2658 3535 2778 3591 acie
2802 3541 3144 3604 praeparata,
3169 3533 3267 3588 ubi
3300 3546 3395 3588 eos
3431 3544 3639 3599 exspe-

1945 3632 2099 3679 ctare
2129 3623 2464 3687 didicerant,
2519 3636 2652 3677 cum
2695 3623 2990 3677 alacritate
3050 3621 3108 3676 in
3159 3619 3446 3675 tristitiam
3508 3631 3642 3673 mox

1943 3711 2238 3778 vertenda,
2272 3710 2647 3765 contendunt.
2700 3709 3127 3779 Dispertiuntur
3153 3708 3348 3777 itaque
3378 3719 3499 3761 sese
3542 3715 3643 3773 per

1943 3799 2191 3854 duarum
2262 3797 2527 3869 jacierum
2613 3805 2852 3864 turmas,
2917 3797 3158 3852 alteram
3223 3810 3257 3850 a
3312 3802 3638 3851 nostrorum

1943 3887 2230 3944 frontibus
2280 3888 2729 3956 praemittentes;
2780 3886 2961 3941 altera
3014 3883 3349 3956 retrograda
3412 3896 3639 3938 omnem

1942 3990 2144 4033 eorum
2210 3975 2430 4031 ambire
2476 3975 2795 4031 exercitum
2848 3974 3162 4030 molientes.
3210 3977 3281 4029 At
3334 3971 3643 4028 Flandren-

1943 4065 2095 4121 sium
2126 4078 2333 4131 comes,
2369 4065 2441 4119 de
2471 4063 2669 4118 divina
2716 4063 3048 4119 nullatenus
3090 4063 3303 4118 virtute
3352 4061 3637 4127 diffidens,

1944 4152 2180 4222 praefixo
2208 4151 2362 4207 cordi
2415 4164 2484 4205 ac
2535 4151 2757 4220 corpori
2816 4165 2920 4206 suo
2976 4150 3141 4222 signo
3191 4149 3399 4216 crucis,
3456 4150 3641 4205 fretus

140 4240 449 4311 cujusdam
482 4240 689 4295 vertice
719 4236 945 4303 montis,
982 4237 1137 4306 quod
1178 4236 1540 4307 Malreguard
1575 4238 1834 4308 appella-
1872 4240 1916 4293 D
1951 4241 2159 4312 insigni
2190 4240 2393 4296 comite
2442 4239 2793 4307 Boemuudo,
2844 4254 2930 4307 ea,
2988 4254 3109 4310 qua
3162 4247 3352 4295 tantos
3408 4238 3645 4295 decebat

141 4336 305 4395 runt,
335 4329 507 4399 cujus
535 4326 866 4396 praesidium
896 4325 1257 4379 formidinem
1289 4324 1398 4380 sibi
1443 4327 1658 4382 valeret
1690 4328 1837 4382 sub-

142 4428 376 4471 movere
432 4414 777 4469 Turcorum.
856 4412 1052 4466 Fiebat
1115 4412 1310 4481 itaque
1369 4413 1664 4482 oppidum,
1742 4414 1839 4469 sed

142 4504 437 4573 praecipue
494 4501 611 4557 illic
650 4501 892 4565 videres,
952 4500 1011 4554 in
1072 4499 1329 4569 lapidum
1367 4502 1836 4571 comportatione,

140 4590 464 4661 primorum
518 4602 727 4644 manus
777 4587 1074 4643 elaborare
1118 4588 1465 4657 principum.
1538 4588 1660 4645 Non
1718 4588 1842 4644 istic

140 4692 330 4750 egena
382 4691 590 4733 manus
639 4677 914 4745 conqueri
977 4683 1216 4745 poterat,
1285 4676 1512 4745 aliquas
1556 4692 1677 4733 sese
1741 4692 1842 4748 per

138 4767 433 4836 majorum
472 4765 782 4835 potentiam
813 4766 1084 4834 angarias
1122 4764 1384 4831 tolerare,
1436 4779 1570 4821 cum
1611 4779 1707 4821 eos
1736 4766 1839 4836 qui

138 4856 249 4912 sibi
278 4854 729 4909 dominabantur
757 4852 1094 4920 attenderet,
1128 4854 1183 4907 in
1229 4853 1473 4908 extremi
1514 4851 1683 4908 etiam
1729 4867 1839 4909 ex-

139 4941 437 5000 secutione
484 4942 688 5010 operis,
738 4939 899 4996 nullo
946 4942 1113 4996 modo
1156 4940 1384 4995 sibimet
1430 4941 1611 4996 otium
1655 4941 1841 4997 indul-

142 5044 299 5102 gere.
344 5029 607 5085 Sciebant
661 5042 915 5098 namque
966 5030 1073 5098 pite
1121 5032 1346 5084 natura:
1394 5028 1687 5096 instinctu,
1737 5030 1838 5086 etsi

140 5134 261 5175 non
292 5119 564 5189 legerant,
605 5117 760 5188 quod
791 5116 1009 5173 Marius
1037 5117 1131 5173 ille
1172 5118 1491 5173 secundum
1525 5117 1837 5175 Salustium

138 5208 220 5263 ait
249 5222 263 5261 :
302 5228 325 5255 ι
356 5206 410 5262 Si
445 5215 507 5261 tu
536 5215 609 5272 te,
642 5204 852 5275 inquit,
888 5204 1131 5261 molliter
1160 5218 1320 5277 agas,
1366 5207 1686 5261 exercitum
1730 5221 1837 5263 au-

138 5304 254 5353 tem
289 5294 526 5364 imperio
553 5307 744 5365 cogas,
779 5293 887 5349 hoc
930 5301 1015 5349 est
1039 5293 1337 5349 dominum
1380 5309 1496 5350 non
1524 5294 1838 5365 imperato-

140 5398 264 5440 rem
317 5397 458 5437 esse.
490 5402 517 5432 ι)
560 5382 792 5437 Peracto
849 5381 1045 5452 itaque
1092 5390 1297 5450 castro,
1360 5384 1649 5456 principes
1693 5383 1834 5440 illud

138 5472 466 5530 custodiere
482 5471 749 5529 vicissim.

1948 4331 2123 4392 viros,
2159 4328 2416 4384 hostibus
2446 4329 2922 4398 magnanimitate
2950 4329 3221 4384 occurrit.
3263 4330 3469 4399 Pugna
3508 4342 3645 4383 con-

1946 4419 2180 4483 seritur,
2219 4418 2317 4473 sed
2364 4418 2424 4471 in
2476 4417 2599 4486 ipsa
2643 4417 2809 4486 primi
2860 4417 3229 4473 attentatione
3279 4429 3639 4486 congressus,

1944 4505 2126 4576 fugax
2175 4505 2352 4561 hostis
2398 4506 2701 4560 avertitur.
2771 4509 2917 4560 898
2967 4505 3267 4559 Mutantur
3323 4503 3470 4559 bella
3516 4510 3632 4557 tro-

1949 4592 2141 4660 phaeis,
2212 4600 2389 4662 atque
2466 4600 2627 4662 terga
2674 4591 3018 4646 vertentium
3080 4590 3227 4644 illisa
3281 4588 3639 4657 corporibus,

1946 4680 2345 4750 multipliciter
2402 4679 2592 4735 rasilis
2655 4678 2822 4734 hasta
2886 4677 3290 4746 confringitur.
3361 4676 3643 4731 Fraxinos

1945 4768 2290 4824 creberrime
2341 4768 2543 4839 longas
2586 4766 2804 4824 hostilis
2834 4764 3048 4834 excipit
3082 4764 3276 4829 umbo,
3330 4771 3384 4819 et
3415 4763 3643 4834 magnis

1946 4855 2205 4924 impacta:
2239 4856 2482 4923 viribus,
2533 4868 2632 4925 per
2671 4852 2989 4909 nimietates
3022 4852 3242 4907 ictuum
3272 4852 3331 4907 in
3383 4851 3642 4906 hastulas

1946 4944 2334 5000 minutantur.
2392 4943 2567 4999 Galea
2610 4941 2988 4998 mucronibus
3046 4948 3265 5009 operta,
3310 4940 3641 5009 occipitium

1944 5045 2060 5087 non
2122 5031 2375 5088 defendit
2421 5046 2455 5086 a
2504 5030 2781 5092 vulnere:
2836 5028 3169 5095 loricarum,
3220 5036 3286 5084 ut
3332 5027 3638 5098 putabant,

1941 5120 2468 5190 impenetrabilium
2536 5117 2954 5189 praetextiones,
2994 5116 3289 5172 tenuitatis
3343 5124 3639 5173 accusant.

1941 5208 2130 5264 Nullis
2171 5222 2476 5279 corporum
2550 5206 2810 5277 partibus
2878 5206 3237 5261 munimenta
3306 5204 3644 5275 profuerant

1943 5296 2230 5367 quidquid
2262 5304 2453 5351 tutum
2498 5294 2736 5350 Barbari
2763 5293 3028 5364 judicant
3072 5292 3435 5360 infirmatur;
3469 5294 3640 5364 quid-

1943 5386 2083 5455 quid
2116 5385 2319 5440 Franci
2352 5384 2585 5453 tetigere
2628 5382 3042 5437 conscinditur.
3081 5381 3367 5437 Sternitur
3411 5396 3641 5454 campe-

1943 5474 2076 5531 stris
2113 5472 2444 5547 superticies
2485 5473 2891 5530 numerositate
2925 5470 3309 5540 cadaverum;
3340 5478 3396 5527 et
3436 5472 3639 5535 crebra
