3902 6082
280 228 384 280 735

1174 225 1228 276 ν.
1270 222 1603 278 GUIBERTI
1642 223 1935 278 ABBATIS
1971 221 2025 278 S.
2069 223 2309 278 MARle
2349 223 2438 278 DE
2479 221 2875 278 NOVIGENTO

3685 225 3805 277 736

282 369 644 419 mortuorum
693 359 1005 431 congeries,
1040 357 1356 428 graminosi
1385 358 1601 427 pridem
1648 359 1804 414 ruris
1826 371 1972 413 exa-
2009 359 2056 410 A
2083 365 2372 426 coemptas
2399 356 2857 427 circumquaque
2889 357 3084 428 fruges
3108 357 3182 413 ad
3227 356 3544 413 exercitum
3588 357 3806 427 inopia.

282 459 470 520 sperat
501 466 585 520 aq
599 443 740 512 uor;
771 448 960 502 inviso
1005 447 1222 516 ubique
1253 453 1404 501 terra
1436 445 1735 516 gentilium
1769 460 1973 501 cruore

283 553 536 608 respersa
588 537 875 605 nigrescit.
928 535 1032 601 Qui
1084 542 1412 589 nostrorum
1473 534 1608 588 cadi
1657 533 1817 588 fuere
1873 549 1971 589 su—

283 629 560 696 perstites,
592 624 770 680 vitam
820 623 929 678 sibi
961 636 1264 693 gressuum
1317 621 1603 677 celeritate
1650 621 1971 688 lucrantur,

280 723 335 769 et
381 712 576 781 spoliis
619 699 886 780 propriis,
949 727 1062 766 non
1094 711 1164 766 ad
1220 711 1428 766 horum
1488 711 1828 764 cbaritatem
1878 709 1975 764 sed

280 801 350 855 ob
410 800 500 854 sui
558 799 871 870 agilitatem
931 799 1233 854 exonerari
1256 799 1562 865 ,latantur.
1629 799 1688 853 ln
1731 797 1975 852 alterum

281 888 476 958 itaque
506 896 740 953 statum,
774 902 893 942 sese
921 887 1098 942 animi
1141 894 1468 942 nostrorum
1500 886 1775 940 habitudo
1815 899 1975 940 com-

280 984 484 1042 mutat,
519 977 658 1031 dum
689 977 950 1030 metusin
981 975 1305 1043 audaciam,
1341 989 1536 1044 pugna
1561 977 1616 1028 in
1652 975 1971 1040 victoriam,

280 1078 492 1120 maror
518 1065 576 1118 in
603 1064 879 1130 latitiam,
914 1064 1090 1118 fames
1133 1063 1190 1117 in
1229 1063 1582 1132 opulentiam
1623 1063 1973 1130 suscitatur;

281 1151 476 1206 nudus
536 1151 811 1214 induviis,
860 1151 1028 1221 pedes
1077 1150 1376 1215 vehiculis,
1428 1164 1648 1219 pauper
1696 1149 1972 1219 pecuniis,

280 1247 482 1294 erutus
512 1239 733 1308 gratiis,
768 1241 951 1294 victor
983 1238 1248 1307 tripudiis
1275 1238 1606 1306 ampliatur.

353 1325 466 1399 [V.]
541 1327 772 1382 Interim
822 1327 961 1381 dum
1033 1326 1139 1381 ista
1194 1334 1498 1395 geruntur,
1573 1327 1806 1390 Turcos,
1875 1324 1977 1394 qui

280 1414 601 1472 Antiochia
649 1421 951 1484 praerant,
1000 1415 1416 1482 'IBoemundum
1463 1429 1593 1468 cum
1643 1413 1977 1468 Flandrensi

281 1502 486 1557 comite
517 1501 796 1556 obsidioni
829 1502 1018 1557 deesse
1067 1516 1181 1556 non
1229 1502 1415 1557 latuit.
1465 1503 1648 1556 Tanta
1690 1517 1827 1572 ergo
1882 1509 1972 1557 tu-

282 1589 452 1644 tiores
497 1589 776 1656 absentia,
838 1591 1046 1658 sapius
1109 1589 1180 1644 ad
1221 1589 1368 1644 bella
1432 1589 1702 1645 lacessere
1754 1597 1978 1644 nostros

279 1676 517 1732 exibant
572 1676 828 1744 sollicite,
881 1692 1012 1746 qua
1061 1691 1194 1746 pars
1242 1677 1627 1732 obsidentium
1670 1677 1977 1732 haberetur

281 1763 584 1833 infirmior,
645 1774 1023 1835 aucupantes.
1083 1766 1334 1820 Tandem
1386 1774 1581 1835 aptum
1631 1765 1800 1827 diem,
1842 1779 1974 1820 cum

279 1860 424 1908 esset
455 1854 622 1908 tertia
661 1854 926 1922 quadam
960 1854 1118 1921 feria,
1152 1868 1271 1908 sua
1319 1852 1644 1908 fortitudini
1677 1851 1976 1908 exerenda

278 1939 556 2008 videntes,
589 1941 780 1996 subito
812 1941 1004 1997 minus
1036 1941 1287 2010 providis
1334 1941 1639 2011 ingruunt,
1681 1949 1735 1995 et
1763 1955 1836 1995 ex
1872 1954 1976 2009 pe—

279 2028 492 2084 ditibus
539 2028 936 2099 militibusque
986 2029 1464 2099 quamplurimos,
1514 2029 1653 2084 dum
1697 2029 1840 2084 nihil
1870 2043 1976 2084 ve-

280 2125 502 2184 rentur,
579 2117 867 2173 occidunt.
935 2118 1276 2188 Magnificus
1370 2132 1608 2188 quoque
1687 2117 1977 2172 Podiensis

278 2205 580 2275 episcopus
623 2219 742 2262 sua
787 2206 963 2262 curia
1011 2206 1306 2276 majorem,
1365 2207 1749 2276 eumdemque
1791 2205 1974 2276 signi-

279 2293 464 2349 ferum
487 2308 680 2360 suum,
715 2295 861 2350 inter
902 2309 997 2350 eos
1027 2296 1126 2365 qui
1159 2294 1608 2365 perimebantur,
1651 2294 1857 2350 amisit.
1911 2293 1976 2350 Et

280 2382 393 2437 nisi
432 2382 688 2438 ﬂuminis
714 2382 934 2450 alveus,
969 2384 1138 2453 cujus
1193 2382 1472 2452 crepidini
1527 2389 1716 2438 castra
1775 2396 1976 2438 conse-

278 2471 500 2538 derant,
553 2471 896 2541 interjacens
954 2471 1279 2537 obstitisset,
1339 2477 1666 2526 nostrorum
1720 2471 1976 2527 interne-

279 2559 364 2616 cio
419 2575 538 2616 non
597 2573 777 2630 parva
831 2567 887 2615 et
944 2573 1122 2630 quam
1176 2558 1382 2614 crebra
1430 2559 1646 2614 fuisset.
1711 2559 1978 2614 Ad'hac

279 2649 580 2719 egregium
626 2648 1027 2703 Boemundum
1077 2647 1304 2717 regredi
1354 2647 1690 2717 contigerat,
1743 2647 1977 2717 direptis

279 2734 722 2791 Sarracenorum
753 2735 1082 2804 provinciis,
1113 2743 1168 2790 et
1195 2749 1262 2791 ea
1293 2736 1351 2790 in
1389 2735 1604 2805 quibus
1647 2736 1975 2791 Tancredus

279 2823 614 2878 morabatur
641 2829 912 2877 montana
970 2823 1235 2890 revisere,
1284 2823 1423 2879 dum
1481 2823 1724 2879 astimat
1754 2825 1975 2894 aliquid

280 2911 438 2981 quod
480 2911 767 2980 prodesset
820 2911 1215 2967 obsessoribus
1244 2911 1492 2967 civitatis
1550 2926 1608 2967 se
1661 2926 1822 2981 posse
1857 2913 1971 2967 ibi-
2013 2923 2053 2978 ί]

280 2999 406 3054 dem
443 2999 708 3068 reperire.
742 2998 884 3054 Cum
915 3001 1070 3054 enim
1100 3000 1384 3070 quidquid
1421 3015 1535 3070 pra
1561 2999 1744 3055 oculis
1770 2999 1976 3055 habue-

280 3095 411 3143 rant
471 3087 692 3157 quique
751 3095 1078 3143 nostrorum
1139 3087 1531 3158 diripuissent,
1572 3088 1739 3143 multi
1784 3095 1974 3143 tamen

279 3190 349 3232 ex
370 3175 451 3231 eis
480 3175 624 3230 nihil
660 3175 949 3243 invenere,
998 3176 1288 3245 vacuique
1322 3176 1558 3244 rediere,
1593 3190 1793 3232 eorum
1825 3175 1976 3231 scili-

280 3272 367 3320 cet
389 3278 520 3334 qua
546 3263 722 3318 victui
756 3264 1075 3319 necessaria
1096 3264 1300 3319 forent.

349 3357 417 3407 At
447 3365 739 3420 nusquam
768 3365 975 3420 expers
1005 3351 1227 3408 consilii
1267 3351 1657 3418 Boemundus,
1707 3352 1847 3407 dum
1882 3364 1978 3408 eos

281 3438 470 3509 inepte
499 3440 766 3495 aberrare
794 3440 1164 3509 conspiceret,
1218 3440 1500 3508 adoritur,
1552 3440 1790 3496 dicens:
1841 3460 1867 3488 σ
1921 3440 1978 3496 Si

279 3528 578 3585 commoda
635 3527 768 3584 vita
824 3535 1026 3584 vestra
1075 3528 1416 3598 disquiritis,
1477 3529 1521 3583 si
1583 3529 1792 3584 vestris
1849 3528 1972 3596 rite,

281 3625 452 3687 prout
484 3624 650 3688 urget
682 3616 889 3684 inedia,
947 3617 1286 3687 corporibus
1335 3617 1666 3686 providetis,
1696 3618 1774 3673 ita
1805 3619 1974 3688 agite,

281 3714 589 3777 quatenus,
623 3705 762 3761 dum
792 3707 982 3761 victus
1004 3705 1306 3775 quaritur,
1340 3705 1556 3761 victum
1590 3707 1977 3774 quarentium

280 3794 440 3850 nullo
470 3795 636 3850 modo
666 3793 785 3849 vita
817 3801 1073 3849 necetur.
1108 3794 1356 3849 Desinite
1397 3794 1720 3850 discurrere
1752 3801 1976 3849 monta-

280 3895 488 3937 norum
520 3895 620 3952 per
645 3882 798 3949 avia,
828 3897 960 3937 cum
993 3882 1186 3937 sciatis
1223 3883 1410 3937 hostes
1441 3889 1658 3938 vestros
1686 3882 1978 3952 incognita

278 3970 439 4025 vobis
483 3969 853 4025 horridarum
883 3970 1265 4026 solitudinum
1317 3971 1506 4026 fovere
1540 3970 1801 4026 latibula.
1832 3971 1974 4025 Jun-

280 4065 406 4113 ctus
433 4058 648 4127 pariter
674 4059 840 4126 (alter
865 4058 1018 4114 enim
1057 4074 1130 4114 ex
1183 4059 1359 4115 altero
1407 4060 1469 4115 fit
1521 4059 1738 4128 fortior)
1780 4073 1972 4129 proce-

283 4147 378 4202 dat
408 4147 715 4214 exercitus,
749 4154 813 4203 ut
859 4147 906 4202 si
953 4147 1096 4216 parti
1154 4149 1399 4203 infertur
1445 4147 1736 4215 violentia,
1799 4148 1977 4217 partis

282 4233 523 4289 alterius
552 4235 740 4290 valeat
769 4236 1018 4304 experiri
1043 4237 1326 4305 prasidio.
1373 4235 1464 4292 Sic
1487 4236 1658 4302 enim,
1701 4236 1744 4291 si
1781 4237 1904 4292 ovis
1942 4250 1976 4292 a

281 4335 462 4377 manu
522 4322 609 4377 vel
667 4325 965 4393 prasentia
1027 4324 1266 4393 pastoris
1307 4331 1554 4391 exerrat,
1599 4323 1837 4379 rictibus
1863 4325 1972 4394 ldi-

283 4409 582 4481 gnoscitur
611 4419 802 4480 patere
834 4412 1049 4481 lupinis
1073 4427 1086 4477 ;
1119 4411 1198 4466 sic
1219 4411 1379 4467 miles
1405 4412 1498 4466 sia
1520 4411 1977 4467 commilitonum

281 4499 655 4555 contubernio
733 4500 1026 4569 solivagus
1097 4506 1282 4567 exeat,
1358 4499 1711 4569 quibuslibet
1777 4500 1976 4570 procul

281 4586 459 4643 dubio
500 4587 817 4642 ludibrium
866 4586 1236 4655 pradonibus
1285 4596 1492 4642 exstat.
1543 4588 1734 4644 Satius
1784 4591 1978 4659 itaque

280 4675 443 4730 vobis
500 4674 572 4730 sit
621 4675 776 4745 apud
827 4688 929 4730 vos
970 4683 1026 4730 et
1078 4690 1210 4730 cum
1261 4676 1485 4742 vestris,
1521 4676 1610 4731 vel
1649 4677 1802 4732 tenui
1853 4677 1978 4733 cibo

283 4763 458 4832 pasci,
501 4777 679 4833 quam
735 4762 1119 4818 inextricabili
1171 4764 1490 4832 captivitati
1544 4765 1803 4821 addictos
1847 4765 1980 4821 lau-

281 4853 410 4908 tiori
437 4852 629 4908 edulio
662 4851 831 4906 vesci.
867 4851 1070 4920 Itaque
1108 4866 1227 4907 una
1258 4852 1361 4914 ire,
1407 4855 1739 4923 pariterque
1771 4854 1976 4916 redire,

286 4941 528 4998 coetibus
571 4940 861 5007 delectari,
911 4940 1323 5010 prasumptive
1353 4941 1433 4996 nil
1474 4955 1662 5012 agere,
1696 4955 1982 5009 quorum-

288 5045 400 5100 que
432 5036 516 5086 est
543 5042 790 5085 censura
835 5029 1155 5095 bonorum;
1186 5029 1360 5085 libere
1380 5030 1615 5098 evagari
1654 5029 1843 5098 perire
1880 5043 1984 5084 vo-

286 5116 549 5173 lentium.
597 5139 624 5166 »
674 5117 851 5185 Dixit,
906 5124 960 5172 et
1013 5117 1084 5172 ad
1139 5118 1319 5173 socios
1367 5117 1664 5186 repedans,
1714 5117 1774 5172 in
1814 5116 1976 5173 nullo

287 5205 604 5260 obsessores
636 5205 824 5260 reditu
847 5220 949 5260 suo
982 5206 1372 5275 opulentiores
1398 5205 1662 5261 reddidit.

363 5293 576 5347 Verum
606 5293 1012 5347 Armeniorum
1061 5293 1472 5362 Syriarumque
1503 5292 1802 5360 calliditas,
1848 5307 1983 5350 cum

288 5379 506 5434 videret
537 5380 592 5434 in
638 5382 897 5436 exercitu
945 5381 1247 5437 extenuari
1277 5381 1512 5448 cibaria,
1568 5381 1857 5438 exinaniri
1884 5396 1986 5439 ve-

290 5465 463 5534 nalia,
493 5481 595 5536 per
629 5468 900 5538 qualibet
950 5468 1056 5524 sibi
1087 5471 1317 5540 cognita
1345 5468 1786 5526 obambulantes
1839 5470 1982 5540 loca,

2083 445 2438 501 laborantem
2479 445 2783 513 deferunt;
2823 453 2877 501 et
2925 445 3066 500 adeo
3107 446 3481 501 immoderata
3528 445 3806 501 charitu-

2082 533 2214 588 dine
2264 534 2544 600 vendunt,
2596 542 2658 589 ut
2707 533 2853 589 asini
2885 533 3060 589 unius
3105 547 3177 588 ex
3218 532 3510 588 frumento
3553 533 3809 588 sarcina.

2083 628 2205 676 octo
2244 635 2443 676 eorum
2492 623 2898 690 Bysanteorum
2946 622 3126 691 pretio
3166 621 3603 683 distraheretur,
3638 636 3809 691 quos

2085 707 2294 762 ibidem
2353 715 2704 776 purpuratos
2755 707 3023 769 vocitant,
3100 707 3198 776 qui
3277 715 3505 762 centum
3576 708 3807 778 viginti

2085 809 2458 850 nummorum
2491 795 2686 849 solidis
2719 795 3176 850 astimabantur.
3211 795 3290 849 Ibi
3324 795 3548 864 pensari
3577 803 3801 864 potest,

2085 897 2260 953 quam
2289 883 2572 938 horrendo
2605 883 2769 938 famis
2798 883 3155 938 succubuere
3191 883 3530 947 discrimini,
3564 879 3805 952 quibus

2085 971 2205 1027 ulla
2255 970 2654 1040 suppeditabat
2712 971 2954 1026 facultas
2997 971 3183 1040 pretii.
3237 972 3302 1026 Et
3352 970 3450 1025 ubi
3496 970 3807 1040 principes

2085 1067 2463 1129 coangustare
2492 1058 2610 1128 jam
2660 1065 2905 1127 caperat
2955 1060 3212 1127 pecunia
3256 1057 3586 1125 difﬁcultas,
3637 1057 3807 1128 quid

2085 1157 2278 1218 ageret
2327 1147 2438 1214 ille,
2493 1162 2686 1217 quem,
2741 1147 3012 1203 omnibus
3050 1148 3286 1217 quidem
3331 1147 3639 1217 opulentis,
3665 1149 3804 1218 jam

2084 1243 2343 1291 extrema
2373 1234 2664 1303 premebat
2694 1235 2964 1304 egestas?

2157 1320 2289 1393 [VL]
2322 1322 2588 1376 Torserat
2617 1320 2856 1391 grandis
2888 1319 3183 1375 cruciatus
3216 1319 3363 1388 illos,

2157 1410 2358 1467 Victus
2380 1409 2638 1464 arctabat
2667 1408 2856 1464 tenuis
2894 1422 3213 1477 supremos,

2158 1497 2396 1554 Viribus
2427 1497 2568 1552 fusis
2599 1497 2786 1552 rabies
2817 1495 2984 1551 famei

2409 1586 2673 1642 Reddidit
2706 1585 2867 1639 imos.

2157 1673 2341 1743 Copia
2376 1687 2591 1742 panum
2623 1671 2854 1727 fuerant
2887 1677 3116 1727 remota

2154 1761 2278 1817 Non
2319 1762 2491 1817 boum
2517 1775 2738 1826 carnes,
2770 1775 2876 1815 nec
2896 1766 3062 1815 erant
3083 1758 3268 1814 suilla
3301 1773 3314 1812 :

2157 1850 2421 1907 Vulserat
2450 1850 2661 1920 passim
2697 1862 2906 1904 manus
2934 1847 3298 1918 indigentum

2405 1939 2677 1994 Gramina
2710 1950 2978 2006 quaque.

2153 2026 2447 2097 Quidquid
2477 2039 2744 2082 escarum
2781 2031 3000 2094 poterat
3032 2023 3212 2079 fuisse

2155 2114 2414 2185 Suppetit
2448 2115 2673 2171 tandem
2703 2114 2951 2182 reperire
2981 2110 3146 2166 nulli.

2153 2202 2452 2258 Solverant
2481 2209 2660 2268 artus,
2696 2200 2948 2256 tulerant
2975 2206 3028 2254 et
3051 2212 3261 2254 ausum

2402 2291 2642 2344 Pectora
2670 2287 2808 2343 laxi.

2155 2379 2639 2449 Tenditurzdirum
2672 2377 2822 2433 cutis
2855 2377 2913 2432 in
2945 2383 3230 2432 tumorem

2153 2468 2259 2532 Qui
2291 2467 2401 2523 cibi
2433 2467 2662 2522 nullum
2688 2474 2924 2521 tenuere
2950 2477 3186 2519 morem.

2156 2559 2299 2612 Esca
2331 2555 2553 2622 defecit,
2589 2555 2756 2624 periit
2787 2553 3029 2610 facultas
3058 2567 3071 2606 :

2405 2646 2551 2699 Dant
2572 2658 2640 2698 ea
2667 2651 2923 2698 mortem.

2155 2730 2332 2787 Solvit
2361 2731 2573 2786 occisos
2596 2729 2786 2784 brevis
2817 2741 3000 2798 angor
3028 2740 3246 2794 omnes,

2153 2820 2226 2874 At
2257 2818 2614 2888 fameltactos
2640 2818 2861 2888 agitant
2890 2815 3110 2871 dolores
3135 2831 3148 2869 :

2155 2907 2316 2963 Unde
2343 2914 2642 2976 protracta
2667 2905 2906 2960 meliora
2937 2910 3161 2974 gestant

2404 2994 2644 3050 Pramia
2675 3001 2906 3048 mortes.

2155 3085 2268 3140 Hos
2299 3085 2446 3140 fovet
2481 3084 2648 3153 plane
2669 3083 2832 3138 cibus
2857 3081 3218 3151 angelorum,

2152 3173 2375 3242 Optimo
2407 3172 2660 3243 gaudent
2688 3169 2887 3226 bravio
2919 3169 3205 3233 laborum,

2151 3261 2275 3328 Quo
2307 3261 2491 3331 magis
2516 3261 2740 3330 pondus
2773 3259 3036 3315 tolerasse
3057 3264 3279 3314 constat

2401 3349 2847 3419 Suppliciorum.

2152 3437 2351 3494 Cateri
2381 3444 2664 3508 pugnant,
2697 3435 3006 3505 variosque
3035 3448 3203 3490 casus

2087 3529 2236 3579 899
2276 3527 2446 3582 Ferre
2490 3531 2838 3590 concertant,
2869 3522 3146 3594 gravibus
3169 3521 3423 3578 secunda

2155 3614 2281 3670 Ulla
2309 3613 2409 3670 vix
2440 3620 2732 3683 prastant,
2766 3611 3000 3666 meliora
3031 3610 3174 3666 latis

2401 3701 2608 3757 Tristia
2638 3707 2888 3756 censent.

2151 3792 2275 3847 Jam
2298 3805 2498 3846 cruces
2521 3790 2810 3860 Christum
2846 3788 3102 3860 geminas
3132 3785 3365 3842 ferendo

2156 3880 2427 3950 Prosequi
2454 3887 2681 3946 curant,
2715 3877 2937 3947 potiora
2961 3875 3142 3946 jussis

2153 3968 2405 4039 Aggredi
2439 3967 2693 4038 gaudent
2725 3965 2940 4036 quibus
2962 3972 3164 4020 auctor
3188 3977 3361 4018 unam

2401 4056 2427 4110 J
2438 4055 2642 4111 usserit
2675 4054 2870 4109 isdem.

2157 4145 2307 4201 Huic
2333 4144 2510 4199 fames
2538 4152 2703 4199 atrox
2735 4156 2832 4196 cor
2861 4145 3030 4195 inane
3059 4139 3264 4208 carpit,

2013 4219 2056 4273 Ῑ)
2157 4233 2366 4290 Aridus
2389 4233 2609 4288 dudum
2639 4231 2967 4286 stomachus
3001 4228 3227 4284 fatiscit.

2158 4322 2455 4379 Viscerum
2486 4328 2725 4391 strages,
2756 4317 2974 4374 cerebri
3006 4317 3206 4372 ruinas

2406 4409 2598 4464 Passio
2627 4408 2775 4464 fecit.

2153 4501 2312 4554 Intus
2346 4498 2465 4553 hac
2486 4498 2645 4553 tabes
2673 4497 2932 4552 animum
2955 4494 3176 4565 fatigat,

2156 4589 2294 4644 Inde
2313 4588 2590 4644 bellorum
2619 4587 2814 4642 feritas
2848 4585 3124 4651 molestat,

2159 4676 2224 4730 Et
2253 4675 2370 4730 dies
2394 4681 2448 4730 et
2480 4688 2596 4728 nox
2621 4673 2698 4728 ibi
2733 4672 2898 4741 plena
2927 4671 3084 4728 curis

2407 4761 2672 4818 Cadibus
2699 4760 2890 4816 instat.

2160 4848 2323 4905 Acris
2353 4855 2540 4903 exstat
2574 4861 2751 4914 mens,
2786 4854 3104 4915 tenuesque
3133 4843 3304 4911 vires,

2158 4939 2349 5009 {Egra
2380 4936 2475 4992 sed
2506 4935 2710 4992 mentis
2731 4943 3003 5005 reparant
3033 4933 3262 5004 vigores

2163 5027 2345 5097 Inque
2375 5024 2698 5080 fundendus
2727 5022 3034 5079 minimum
3066 5029 3342 5077 verentur

2407 5114 2495 5168 Ire
2522 5126 2774 5168 cruores.

2757 5199 2988 5256 CAPUT
3026 5197 3123 5254 IV.

2169 5288 2330 5364 [νη]
2362 5287 2731 5354 Guillelmus,
2753 5285 2851 5357 qui
2877 5302 2939 5340 se
2966 5284 3222 5340 inaniter
3237 5284 3611 5356 pradicabat,
3631 5285 3780 5341 clam

2092 5379 2337 5450 aufugit.
2371 5406 2442 5418 —
2469 5376 2812 5432 Guillelmus
2841 5375 3056 5430 interea
3086 5374 3348 5444 quidam,
3390 5375 3490 5444 qui
3533 5373 3779 5443 Carpen-

2093 5469 2294 5536 tarius,
2326 5481 2442 5522 non
2471 5467 2612 5535 quia
2661 5464 2822 5520 faber
2860 5462 3146 5533 lignarius
3196 5469 3361 5528 esset,
3395 5461 3493 5517 sed
3538 5461 3680 5532 quia
3725 5462 3778 5516 in
