3902 6082
75 289 198 344 737

79 518 213 576 tur,
253 511 425 565 homo
455 509 961 576 Transsequanus;
1012 505 1177 559 dictis
1215 512 1432 572 potens,
1482 502 1578 557 sed
1639 516 1808 570 opere

82 611 337 667 parcus,
370 595 565 667 magni
599 595 848 650 nominis
878 594 1105 660 umbra,
1136 592 1225 647 vir
1255 591 1474 661 majora
1501 605 1560 646 se
1597 603 1809 660 aggre-

87 686 290 748 diens,
323 693 376 739 et
400 683 1042 754 quinihilrelinquebat
1070 680 1426 750 explicitum.
1475 680 1581 744 Qui
1637 679 1809 734 etiam

90 789 237 829 cum
307 773 883 841 Hierosolymitanum
928 776 1074 825 esset
1121 781 1463 839 agressurus
1533 767 1656 833 iter,
1719 766 1810 820 di-

95 863 285 932 reptis
335 861 739 931 contiguorum
808 859 914 914 sibi
990 871 1311 927 pauperum
1389 854 1804 921 substantiolis,

96 951 421 1021 profanum
455 949 729 1004 viaticum
764 946 1139 1017 praeparavit;
1173 946 1236 1011 is,
1276 945 1538 1013 inquam,
1585 942 1808 1008 inedia,
1883 992 1886 994 ν

97 1054 290 1110 quam
342 1039 522 1095 multo
576 1037 895 1107 egentiores
943 1048 1173 1090 summa
1230 1033 1504 1088 cernebat
1572 1031 1812 1086 tolerare

101 1129 240 1189 ﬁde.
300 1125 624 1196 impatiens,
669 1125 904 1179 silenter
949 1123 1195 1192 aufugit.
1247 1121 1427 1189 Cujus
1473 1120 1707 1190 quidem
1753 1117 1813 1172 in

98 1217 290 1272 armis
320 1215 518 1286 gloria,
554 1215 611 1268 in
645 1214 923 1284 jactantia
954 1211 1266 1266 verborum
1315 1207 1813 1268 solummodoha-

99 1305 378 1368 bebatur,
407 1303 736 1358 nullatenus
767 1301 824 1355 in
857 1315 916 1355 re
943 1306 1119 1370 gesta.
1156 1300 1206 1352 Is
1236 1298 1293 1352 in
1327 1296 1628 1366 Hispaniis,
1681 1309 1814 1350 cum

99 1392 402 1462 expeditio
430 1389 703 1446 Francica
735 1389 804 1444 ad
839 1387 1200 1451 avertendos,
1237 1386 1337 1454 qui
1366 1398 1438 1439 ex
1479 1383 1671 1438 Africa
1703 1382 1816 1437 ibi-

103 1478 239 1532 dem
274 1478 696 1544 conﬁuxerant,
751 1490 1022 1546 paganos,
1075 1481 1415 1539 moraretur,
1465 1473 1584 1538 iste,
1647 1471 1816 1540 cujus

107 1576 388 1630 universa
446 1581 569 1629 erat
620 1573 678 1628 in
714 1573 904 1628 verbis
951 1571 1214 1638 audacia,
1267 1569 1409 1624 foede
1467 1568 1718 1635 recessit,
1762 1574 1817 1622 et

106 1664 454 1718 innumeros
477 1675 585 1717 sua
611 1658 906 1715 aversione
923 1659 1138 1713 fefellit.

182 1751 300 1807 Nec
330 1751 453 1805 sine
499 1749 750 1805 evidenti
811 1749 905 1804 Dei
962 1747 1218 1802 creditur
1259 1745 1547 1800 accidisse.
1577 1743 1813 1813 judicio,

108 1848 200 1906 ut,
237 1854 388 1910 quos
419 1838 715 1908 popularis
754 1835 1091 1892 celebriores
1122 1834 1274 1889 fama
1323 1833 1666 1896 reddiderat,
1712 1831 1816 1886 de-

110 1929 384 1984 terrimos
446 1927 727 1991 omnium,
810 1925 1192 1994 laborumque
1271 1920 1816 1990 impatientissimos,

112 2023 430 2071 ostentaret
455 2015 651 2070 divina
680 2013 982 2069 sententia.
1014 2011 1129 2066 Nec
1163 2013 1220 2065 in
1247 2011 1426 2080 hujus
1466 2008 1650 2063 solum
1689 2021 1820 2076 per-

115 2118 263 2159 sona
315 2104 371 2159 id
422 2104 666 2174 portenti
717 2104 922 2172 patuit,
978 2114 1178 2155 verum
1233 2098 1302 2152 de
1351 2096 1495 2163 aliis,
1569 2108 1821 2164 quorum

115 2192 502 2262 supersedebo
542 2191 889 2256 nominibus,
916 2189 969 2243 id
1007 2190 1194 2257 ipsum
1226 2186 1450 2251 claruit,
1486 2191 1820 2252 utquorum

116 2281 216 2336 hic
247 2283 398 2338 inter
425 2296 530 2336 nos
561 2293 855 2335 armorum
889 2277 1161 2342 terribilis
1196 2274 1507 2329 admodum
1540 2272 1726 2326 fuerat
1768 2278 1822 2325 et

119 2371 340 2426 famosa
375 2368 654 2434 ferocitas,
703 2381 902 2422 eorum
948 2366 1004 2419 in
1055 2364 1148 2418 illo
1199 2361 1491 2417 Dominico
1540 2359 1820 2423 exercitu,

119 2459 316 2514 mitior
367 2459 522 2512 ﬁeret
564 2455 737 2511 etiam
786 2453 1076 2523 leporibus
1127 2449 1454 2506 miseranda
1489 2445 1824 2515 tranquilli-

119 2555 230 2603 tas.
255 2547 418 2612 Quod
445 2552 663 2614 quanto
693 2557 726 2597 a
750 2550 898 2598 recto
931 2541 1216 2596 diversius
1265 2538 1394 2603 fuit,
1428 2543 1585 2592 tanto
1640 2533 1826 2604 magis

117 2633 550 2703 contemptibile
582 2632 779 2688 haberi
810 2631 1022 2686 debuit.
1051 2629 1104 2684 Si
1133 2627 1286 2683 enim
1320 2625 1410 2680 hic
1445 2623 1632 2694 positi,
1685 2623 1823 2677 dum

121 2727 249 2781 sine
283 2725 416 2794 jure
447 2729 792 2792 pugnarent,
829 2720 969 2774 dum
1013 2718 1244 2774 sceleste
1291 2727 1572 2784 pauperes
1632 2712 1825 2781 prada

122 2814 338 2869 eisdem
381 2812 598 2874 ﬁerent,
635 2824 750 2865 non
804 2807 1082 2862 immerito
1130 2805 1296 2874 plane
1346 2804 1491 2858 inter
1536 2801 1662 2867 ista,
1723 2813 1826 2869 pro

127 2911 462 2967 animarum
511 2920 752 2962 suarum
802 2902 1188 2967 damnatione,
1237 2899 1421 2956 timidi
1458 2898 1714 2953 fuissent.
1754 2899 1826 2952 At

125 3014 286 3065 vero,
346 2997 445 3053 ubi
488 2994 816 3052 omnimoda
870 2991 1074 3048 salutis
1112 2996 1235 3046 erat
1281 2997 1512 3044 aterna
1561 2985 1686 3056 [al.,
1730 2985 1820 3039 in—

127 3084 326 3157 terna]
378 3084 674 3150 securitas,
721 3081 799 3137 ibi
865 3079 1112 3151 profecto
1162 3077 1270 3134 fuit
1326 3076 1633 3132 criminosa
1672 3071 1824 3128 timi-

129 3174 299 3229 ditas.

205 3258 402 3334 [VIIL]
426 3260 633 3314 Petrus
666 3254 921 3312 Eremila
949 3251 1013 3306 in
1041 3247 1439 3322 insipientiam
1477 3263 1694 3314 versus,
1722 3260 1825 3298 ex-

133 3333 325 3406 cessit.
359 3377 428 3386 —
463 3346 547 3400 Ad
583 3346 708 3410 hoc,
742 3351 806 3398 ut
847 3341 1023 3397 stella
1050 3353 1283 3410 quoque
1320 3337 1491 3407 juxta
1543 3333 1824 3404 Apocaly—

135 3437 283 3507 psim
329 3435 396 3490 de
441 3433 578 3489 ccelo
635 3432 836 3486 cadere
887 3428 1262 3484 viderentur:
1331 3427 1531 3481 Petrus
1584 3423 1694 3489 ille,
1755 3421 1824 3475 de

135 3538 254 3594 quo
285 3536 462 3592 supra
491 3529 682 3576 actum
709 3525 811 3584 est,
854 3515 1262 3572 celeberrimus
1301 3512 1572 3578 Eremita,
1609 3507 1663 3565 et
1707 3509 1826 3578 ipse

133 3613 195 3667 in
223 3611 616 3680 desipientiam
648 3620 871 3672 versus,
912 3602 1156 3658 excessit
1190 3617 1202 3655 :

132 3700 256 3767 Quo
299 3699 450 3770 geris
479 3699 621 3764 hac,
653 3696 813 3750 Petre
863 3690 1137 3748 consilio?
1169 3703 1274 3745 cur
1329 3685 1578 3742 nominis
1623 3685 1824 3739 imme-

1357 3777 1503 3847 [mor
1527 3771 1754 3830 exstas?

137 3879 193 3936 Si
224 3879 388 3934 Petra
414 3881 634 3932 constat
663 3872 822 3942 origo
873 3869 1041 3937 Petri,
1076 3867 1326 3924 solidum
1375 3863 1518 3934 quid
1576 3862 1826 3931 denique

1527 3949 1756 4005 signat?

1527 3951 1572 4005 si
1619 3951 1756 4004 nat?

140 4051 282 4120 Quid
335 4050 439 4106 tibi
478 4049 566 4104 vis
607 4045 930 4103 meminisse
977 4043 1170 4114 fuga?
1213 4039 1403 4096 faciles
1450 3951 1625 4094 uiscigt
1666 4043 1830 4105 petra

1525 4123 1754 4197 [motus.

145 4227 282 4283 Siste
329 4224 621 4296 gradum:
677 4230 926 4279 veterem
985 4219 1200 4275 recolas
1267 4229 1545 4277 eremum,
1606 4213 1831 4284 jejunia

1518 4302 1754 4375 [prisca

143 4401 413 4460 Iunxeris
465 4401 742 4456 hactenus
797 4411 926 4454 ossa
982 4395 1121 4460 cuti,
1181 4392 1338 4450 tenui
1399 4391 1593 4446 radice
1657 4403 1830 4446 ruen-

1626 4479 1761 4548 [tem

145 4579 396 4636 Tendere
475 4577 755 4634 debueras
823 4573 1203 4637 stomachum,
1284 4568 1502 4640 pecuali
1575 4565 1835 4638 gramine

1615 4669 1762 4710 vesci

146 4757 293 4822 Quid
322 4755 486 4826 dapis
517 4752 830 4810 immodica
862 4762 1078 4806 memor
1097 4746 1196 4804 es?
1235 4746 1316 4802 nil
1347 4745 1456 4801 tale
1487 4655 1838 4800 mor[iasticus

1671 4831 1701 4885 d
1746 4871 1761 4897 ,

147 4932 236 4990 Nil
269 4940 368 4989 tua
402 4939 453 4988 te
493 4929 760 5001 genitura
797 4928 987 4996 docet;
1035 4923 1127 4981 vel
1171 4931 1224 4978 te
1257 4929 1355 4978 tua
1391 4830 1668 4990 ἀθεωὲῗέ
1703 4845 1838 4986 ἓω-

1705 5019 1741 5059 n

150 5112 266 5167 Ceu
315 5105 555 5179 populos
610 5103 684 5160 ad
731 5104 787 5159 id
835 5102 1002 5174 augis
1054 5101 1179 5167 iter,
1231 5097 1354 5154 ﬁeri
1396 5004 1842 5167 quoqugsecotgis

1537 5198 1567 5238 e
1609 5195 1766 5236 enos.

153 5288 240 5344 Sic
275 5284 516 5356 praiens
548 5282 715 5338 modo
735 5281 872 5352 jura
916 5278 1082 5342 feras,
1117 5290 1248 5346 qua
1285 5184 1841 5430 quosqug[%ocendo

1568 5367 1628 5414 tu
1658 5365 1765 5413 isti.

1568 5365 1765 5414 tulisti.

157 5464 259 5520 Hic
305 5459 619 5531 aliquando
657 5457 840 5530 fugax
881 5453 1122 5522 Cereris,
1171 5451 1350 5522 pisces
1386 5463 1452 5506 ac
1502 5447 1843 5604 vinabtere-

1691 5539 1768 5589 at.

1691 5539 1768 5589 at.

1197 281 1425 338 GESTA
1466 282 1579 336 DEI
1621 281 1756 337 PER
1795 280 2142 338 FRANCOS.
2183 311 2244 321 ——
2273 281 2402 336 LIB.
2444 281 2533 337 IV.

78 421 265 477 bellis
312 418 579 476 cadendo
628 430 786 473 more
813 414 1162 484 carpentarii
1207 413 1508 480 insisteret,
1563 413 1797 468 diceba—
1835 416 1882 466 Α
1911 412 2170 468 Sanctior
2263 427 2391 468 esca
2458 413 2598 468 foret
2679 413 2979 480 monacho,

3057 413 3212 482 porri
3303 414 3616 475 nasturcia,

3391 515 3521 556 nam

3391 515 3464 556 na
3511 517 3521 554 I

1917 589 2252 657 Cardamus,
2295 597 2470 660 atque
2507 604 2703 655 nuces,
2739 589 2936 660 coryli,
2987 597 3202 659 tysana
3249 504 3405 656 fruxI,
3450 516 3616 644 ligatis

3235 675 3307 748 [et
3333 679 3542 744 herba,

1919 767 2074 822 Pisce
2119 781 2393 836 meroque
2437 763 2637 836 procul
2687 764 2889 835 posito,
2943 765 3124 821 frusto
3173 773 3361 820 tamen
3425 765 3620 819 addita

3339 853 3544 921 [panis.

1996 942 2141 1014 [IX.]
2174 942 2548 996 Guillelmum
2578 945 2632 996 et
2674 943 2906 995 Petrum
2942 942 3266 996 Tancredus
3302 939 3492 994 redire
3522 957 3618 996 co—

1917 1029 2022 1102 git.
2056 1062 2124 1070 —
2154 1032 2266 1086 Hos
2299 1031 2494 1100 itaque
2543 1031 2649 1099 pia
2683 1030 3014 1097 obsidionis,
3057 1030 3168 1085 imo
3218 1037 3432 1084 saneta
3490 1043 3620 1098 pas-

1921 1121 2100 1176 sionis
2158 1120 2407 1190 refugas,
2484 1120 2814 1174 Tancredus
2871 1119 2959 1173 vir
3029 1118 3334 1188 pertinacis
3386 1117 3443 1172 in
3517 1119 3623 1172 hoc

1922 1207 2130 1264 Christi
2153 1208 2382 1278 negotio
2408 1208 2762 1272 constantiae,
2814 1207 3202 1276 persequitur,
3251 1206 3623 1275 comprehen-

1924 1296 2025 1362 dit,
2058 1304 2112 1351 et
2143 1302 2206 1350 ut
2240 1309 2343 1364 par
2377 1303 2519 1361 erat,
2573 1309 2684 1350 non
2726 1294 2850 1348 sine
2892 1294 3140 1363 plurima
3171 1308 3266 1348 eos
3319 1302 3622 1348 contume-

1923 1383 2133 1439 liarum
2203 1383 2472 1447 illatione,
2537 1382 2785 1437 reduxit.
2845 1383 3067 1445 Quibus
3122 1391 3310 1437 tamen
3373 1382 3622 1437 reditum

1925 1485 2186 1527 sermone
2217 1470 2650 1539 spondentibus,
2703 1470 3095 1524 credulitatem
3145 1469 3385 1534 distulit,
3445 1471 3624 1524 donec

1927 1560 2035 1615 ﬁde
2078 1559 2265 1614 media
2316 1567 2560 1627 uterque
2600 1559 2812 1627 pepigit
2855 1558 3007 1626 quod
3045 1558 3116 1612 ad
3153 1557 3440 1612 exercitus
3470 1572 3620 1612 com-

1927 1648 2257 1703 munionem
2308 1647 2578 1711 redirent,
2613 1654 2666 1700 et
2700 1647 3027 1714 principum
3074 1645 3289 1714 judicio
3329 1659 3428 1713 pro
3470 1644 3624 1698 mili-

1928 1735 2019 1792 tia
2050 1735 2367 1790 desertione
2413 1741 2759 1803 satagerent.
2805 1731 3146 1787 Guillelmus
3199 1732 3396 1802 igitur,
3458 1731 3627 1796 vellet

1929 1825 2122 1891 nollet,
2167 1836 2420 1878 remeare
2447 1821 2826 1889 compellitur,
2869 1828 2924 1874 et
2980 1835 3077 1888 pro
3117 1819 3279 1874 curia
3333 1819 3625 1888 magnilici

1930 1910 2265 1978 Boemundi,
2323 1918 2439 1964 tota
2481 1917 2644 1963 nocte
2676 1907 2885 1962 ibidem
2913 1907 3326 1972 excubaturus,
3377 1905 3625 1975 exponi-

1930 2010 2043 2058 tur.
2093 2001 2319 2054 Postero
2370 2011 2500 2050 vero
2547 1997 2656 2062 die,
2712 1996 2807 2049 ubi
2860 2009 3084 2049 aurora
3122 1995 3266 2049 libra
3303 1993 3624 2061 recanduit,

1930 2097 2062 2144 ante
2095 2088 2248 2142 illius
2279 2087 2388 2141 viri
2416 2084 2740 2154 spectabilis
2773 2097 2873 2138 ora
2917 2083 3239 2136 inducitur.
3273 2079 3378 2136 Cui
3415 2094 3479 2134 eo
3511 2092 3626 2147 quo

1931 2175 2258 2229 merebatur
2295 2174 2516 2242 pudore
2553 2171 2795 2236 sull‘uso,
2840 2171 2915 2224 ita
2953 2171 3142 2224 senior
3187 2169 3281 2222 ille
3329 2165 3623 2236 proloqui-

1933 2271 2062 2318 tur:
2102 2284 2123 2311 ι
2173 2263 2337 2329 Cum,
2388 2261 2596 2331 inquit,
2645 2260 2861 2328 ubique
2903 2259 3162 2328 genitum
3215 2256 3467 2311 Francia
3515 2268 3626 2308 no-

1929 2365 2061 2406 men
2094 2351 2283 2420 regia,
2313 2349 2462 2404 inter
2484 2349 2676 2404 omnia
2700 2361 2897 2418 regna,
2926 2347 3218 2414 majestate
3237 2343 3620 2413 praemineat,

1931 2437 2330 2494 cumvirtutis
2359 2445 2534 2506 atque
2582 2435 2938 2499 constantia,
2972 2441 3096 2502 post
3145 2435 3321 2486 Deum
3360 2429 3622 2484 Genitrix

1932 2526 2329 2596 integerrimos
2355 2524 2657 2592 hucusque
2691 2523 2843 2577 viros
2863 2523 3103 2586 emittat,
3140 2529 3209 2586 te,
3235 2518 3469 2589 garrule
3520 2531 3625 2571 ne-

1934 2629 2132 2686 quam,
2157 2622 2212 2668 et
2259 2612 2524 2667 omnium
2563 2610 2966 2680 impurissime,
3028 2617 3078 2663 te
3107 2623 3211 2664 suo
3255 2606 3516 2662 dedecori
3561 2618 3628 2658 ac
3683 2621 3686 2624 ’

1934 2701 2184 2756 infamia
2241 2699 2468 2764 tulerat,
2515 2707 2565 2754 te
2621 2700 2824 2754 amodo
2873 2712 2938 2752 ac
2982 2698 3028 2751 si
3089 2704 3412 2766 portentum
3469 2698 3625 2746 400

1936 2792 2162 2846 haheat.
2197 2790 2240 2846 Ο
2265 2790 2410 2844 bone
2440 2803 2635 2844 rerum
2675 2791 2858 2852 Pater,
2900 2786 3069 2856 cujus
3114 2784 3264 2840 modi
3315 2784 3626 2852 Carpenta-

1933 2879 2084 2935 rium
2144 2877 2521 2944 habebamus,
2583 2876 2705 2946 qui,
2763 2876 2912 2930 sicut
2980 2873 3326 2928 architectus
3393 2867 3629 2926 dolabro

1863 2987 1904 3042 ρ
1935 2967 2179 3038 lignum,
2217 2967 2294 3020 ita
2343 2964 2557 3018 lanceis
2598 2970 2652 3017 et
2689 2961 2923 3017 ensibus
2955 2959 3178 3015 triverit
3231 2966 3389 3027 terga
3442 2955 3628 3025 genti-

1936 3053 2116 3109 lium?
2145 3053 2290 3108 Ecce
2324 3053 2540 3106 ictuum
2581 3048 2916 3104 assiduitate
2961 3047 3119 3101 faber
3171 3045 3314 3098 idem
3350 3043 3503 3098 mille
3535 3041 3630 3096 in-

1939 3143 2125 3198 terdiu
2199 3140 2435 3210 spathas
2491 3138 2816 3202 obtuderat,
2869 3143 2922 3190 et
2975 3133 3212 3203 populos
3266 3131 3629 3187 ethnicorum

1937 3232 2092 3286 solus
2138 3230 2275 3299 ipse,
2336 3227 2548 3283 feriatis
2598 3225 2763 3280 nobis
2814 3222 3125 3279 exciderat.
3208 3221 3314 3277 Ubi
3382 3226 3464 3275 est
3535 3219 3632 3274 illa

1936 3320 2187 3376 fastuosa
2244 3316 2521 3387 rigiditas,
2571 3322 2625 3370 et
2678 3314 2828 3368 circa
2882 3310 3130 3382 Ligerim
3182 3324 3248 3364 ac
3306 3308 3630 3378 Sequanam

1936 3408 2219 3462 innutrita
2249 3404 2586 3474 loquacitas,
2622 3402 2721 3458 ubi
2751 3409 3009 3457 constare
3058 3398 3415 3470 dignoscitur
3445 3397 3630 3466 parci-

1935 3495 2131 3550 monia
2155 3501 2337 3556 actus,
2369 3500 2422 3548 et
2469 3492 2706 3560 crepitat
2751 3488 3079 3544 indesinens
3127 3485 3494 3556 loquacitatis
3541 3492 3632 3539 to-

1934 3583 2160 3638 nitrus?
2191 3581 2356 3636 Solus
2387 3580 2487 3634 iste
2522 3577 2801 3632 laboranti
2827 3584 3042 3644 poterat
3077 3586 3416 3629 succurrere
3455 3572 3628 3639 luna,

1936 3671 2082 3742 (Juv.
2111 3671 2225 3726 Sat.
2270 3670 2325 3737 6)
2371 3681 2503 3722 cum
2553 3674 2742 3720 tamen
2797 3663 2876 3718 nil
2905 3663 3130 3728 eflicax,
3174 3661 3318 3716 fade
3376 3667 3628 3728 torpens,

1937 3757 2251 3828 pratendat
2285 3757 2342 3809 in
2363 3768 2552 3823 opere.
2584 3754 2654 3808 Et
2682 3759 2832 3808 certe
2863 3750 3214 3818 competebat
3248 3748 3325 3802 illi
3361 3756 3471 3803 tua
3503 3756 3629 3802 tan-

1937 3855 2006 3903 ta
2035 3843 2355 3902 fortitudini
2389 3850 2449 3898 ut
2480 3842 2582 3912 qui
2612 3841 2796 3912 gentis
2842 3838 3150 3894 Dominica
3193 3836 3459 3892 exstitisti
3509 3849 3633 3906 pro-

1936 3937 2085 3992 ditor
2139 3935 2196 3990 in
2251 3930 2540 4002 Hispania,
2591 3930 2740 3985 idem
2785 3928 2950 3998 capti
2991 3926 3225 3982 honoris
3271 3926 3362 3981 hic
3406 3924 3632 3980 habitu-

1937 4039 2039 4080 rus
2065 4023 2385 4087 cumulum,
2429 4019 2708 4075 molireris
2759 4017 2817 4073 in
2863 4016 3044 4086 Syria.
3085 4016 3236 4070 Esto.
3295 4015 3468 4069 Plane
3517 4012 3631 4084 ,tibi

1939 4111 2311 4170 conveniebat
2343 4109 2420 4164 nil
2453 4107 2611 4163 aliud
2635 4120 2824 4177 agere,
2849 4113 2904 4160 et
2931 4105 3053 4160 ideo
3085 4118 3260 4174 super
3288 4111 3453 4159 reatu
3492 4103 3632 4159 adeo

1942 4200 2117 4270 turpi,
2145 4196 2466 4268 largissima
2495 4195 2665 4252 venia
2697 4194 3002 4249 donabere.
3041 4215 3061 4242 ο

1866 4282 1911 4335 D
2010 4291 2132 4344 Jam
2192 4287 2368 4357 hujus
2410 4294 2525 4341 tam
2584 4284 2854 4340 irrisoria
2907 4281 3342 4339 declamationis
3385 4282 3634 4336 Francos

1941 4378 2374 4434 circumstantes
2408 4373 2624 4442 pudere
2667 4377 2935 4440 coeperat,
2969 4371 3186 4438 vixque
3243 4383 3276 4422 a
3323 4369 3446 4422 viro
3495 4366 3632 4422 sub-

1941 4465 2334 4523 stomachante
2394 4463 2696 4531 impetrant
2742 4469 2803 4515 ut
2852 4459 3034 4514 sileat.
3084 4457 3334 4524 Pepercit
3378 4454 3634 4524 improbo

1941 4554 2178 4610 illustris
2211 4553 2319 4607 viri
2351 4550 2643 4615 severitas,
2679 4563 2791 4603 non
2825 4547 3028 4618 ignara
3058 4543 3364 4608 modestia,
3399 4557 3464 4596 eo
3495 4543 3634 4611 qui-

1942 4645 2068 4700 dem
2095 4648 2360 4698 contenta
2391 4645 2586 4693 tenore
2611 4645 2672 4690 ut
2701 4637 2832 4689 dato
2866 4634 3228 4702 polliceretur
3255 4636 3631 4694 sacramento,

1943 4743 2249 4800 nunquam
2308 4741 2367 4782 se
2423 4726 2496 4781 ab
2555 4722 3064 4790 Hierosolymitano
3117 4719 3336 4775 resilire
3406 4717 3632 4785 itinere,

1943 4820 2063 4875 sive
2097 4829 2367 4888 prospera
2394 4818 2782 4876 occurrerent,
2826 4810 2911 4864 vel
2944 4815 3169 4876 tempus
3214 4807 3474 4862 obviarct
3500 4805 3631 4859 ino-

1945 4909 2072 4979 pia,
2104 4905 2344 4976 spondet
2368 4910 2423 4958 et
2452 4903 2572 4972 ipse
2600 4898 2982 4963 Tancredum,
3018 4897 3120 4965 qui
3166 4911 3299 4951 eum
3331 4910 3365 4950 a
3401 4895 3634 4949 subter-

1947 4999 2102 5069 fugio
2128 4995 2484 5058 cohibuerat,
2527 4991 2779 5046 amicum
2827 4987 3094 5056 deinceps
3123 4986 3259 5050 fore,
3304 4985 3350 5040 si
3385 4998 3517 5040 eum
3557 4983 3639 5038 vi-

1947 5087 2126 5142 riliter
2177 5082 2493 5140 constiterit
2549 5091 2905 5148 permanere.
2964 5075 3060 5128 His
3117 5073 3281 5129 dietis
3333 5072 3638 5142 utrobique

1948 5188 2244 5230 assensum
2301 5179 2402 5228 est.
2454 5173 2522 5224 At
2581 5181 2694 5221 non
2748 5164 2930 5219 multo
2953 5171 3076 5231 post
3105 5171 3356 5231 tempore
3387 5161 3638 5230 Carpen-

1951 5263 2130 5318 tarius
2162 5261 2254 5316 ille
2303 5255 2600 5320 mirabilis,
2637 5254 2733 5323 qui
2769 5251 3084 5322 quondam,
3119 5251 3177 5304 in
3220 5257 3342 5305 tuto
3396 5252 3636 5324 positus,

1949 5349 2308 5406 carniﬁcium
2366 5362 2424 5403 se
2466 5356 2734 5400 exercere
2784 5339 3116 5396 minabatur
3163 5339 3218 5392 in
3251 5339 3481 5404 Turcos,
3543 5352 3641 5393 sa-

1950 5436 2226 5495 cramenti
2290 5433 2674 5498 incontinens,
2728 5428 2974 5499 ﬁdeique
3045 5426 3342 5498 prodigus,
3393 5426 3645 5484 furtivus

1951 5527 2150 5598 fugam
2182 5525 2390 5580 iterare
2415 5535 2530 5578 non
2551 5517 2792 5576 distulit.

3508 286 3617 339 738
3681 325 3698 334 χ
