3920 6080
256 234 362 290 739

1138 235 1202 291 ν.
1252 230 1586 291 GUIBERTI
1624 230 1916 304 ABBATIS
1951 230 2006 290 S.
2049 229 2290 291 ΜΑΒῘΑΞ
2321 233 2414 292 DE
2456 232 2852 293 NOVIGENTO

3649 237 3758 292 740

329 375 445 429 Has
490 382 679 430 autem
712 370 991 429 exercitui
1021 371 1145 442 ipsi,
1175 370 1305 427 licet
1340 371 1448 442 pio.
1484 370 1757 442 penurias
1812 369 1953 426 obti-
1988 371 2033 424 Α
2066 371 2307 441 turpiter
2328 372 2463 428 dum
2495 370 2789 442 pejeraret,
2836 370 3084 439 incessit,
3128 385 3233 427 nec
3278 386 3537 443 unquam
3592 373 3754 428 dein—

255 463 404 535 gisse
430 463 571 518 nulli
608 462 817 517 mirum
841 462 1139 527 habeatur,
1181 475 1312 515 cum
1350 460 1586 516 indubie
1625 460 1780 516 credi
1820 474 1947 529 pos-

256 552 326 607 sit
358 550 496 620 quia
525 550 733 604 divinae
760 562 891 618 quae
930 549 1012 604 eis
1040 548 1087 604 si
1110 549 1252 605 bene
1292 556 1527 618 agerent
1557 563 1672 603 non
1708 549 1947 614 deesset,

254 636 613 709 prosperitati
706 636 972 692 maximis
1060 636 1404 692 criminibus
1475 636 1944 691 obluctabantnr.

253 725 395 782 Cum
444 724 599 779 enim
643 731 802 779 tanta
846 738 940 779 eos
980 731 1213 795 urgeret
1255 731 1478 794 egestas
1526 723 1945 793 etquiquene-

253 812 401 884 gatis
458 811 726 868 atrociter
772 812 1223 882 proﬂigarentur
1260 811 1488 875 eduliis,
1524 814 1572 866 si
1613 810 1947 881 quempiam

252 902 325 957 ab
354 902 612 957 exercitu
635 902 908 957 remotius
933 900 1012 957 ire
1049 900 1426 971 contingeret,
1460 913 1561 969 pro
1612 899 1791 968 pretio
1816 898 1947 954 exi-

252 1004 367 1060 guo
398 989 631 1059 aliquis,
663 1003 777 1044 non
814 989 962 1044 alius
991 996 1178 1043 tamen
1209 1000 1387 1057 quam
1415 994 1764 1051 nostrornm,
1813 999 1946 1041 eum

252 1078 299 1133 si
351 1078 534 1133 solum
582 1078 873 1146 reperiret,
929 1076 1227 1132 occideret.
1297 1075 1432 1130 Inde
1491 1074 1672 1144 igitur
1727 1088 1794 1130 ea
1848 1087 1949 1144 per

251 1180 447 1224 omnes
479 1165 779 1221 infelicitas
809 1165 1223 1228 bacchabatur,
1258 1171 1322 1219 ut
1361 1164 1459 1218 vix
1495 1163 1552 1217 in
1585 1168 1744 1218 tanto
1788 1161 1947 1217 hoste

251 1254 407 1310 mille
436 1254 570 1323 equi
602 1254 1011 1323 reperirentur.
1048 1253 1194 1307 Hinc
1227 1252 1391 1321 panis
1425 1251 1724 1307 universos
1754 1248 1943 1305 ferali-

253 1351 338 1398 ter
370 1340 742 1397 excruciabat
786 1340 1086 1410 angustia;
1137 1354 1268 1409 quae
1310 1347 1501 1395 tamen
1535 1353 1650 1393 non
1693 1337 1942 1401 arcebat,

250 1429 347 1485 sed
378 1428 604 1498 aliquos
634 1428 827 1483 acrius
861 1427 1174 1498 instigabat
1200 1428 1269 1481 ad
1303 1427 1565 1481 crimina.
1614 1426 1713 1481 His
1744 1438 1945 1480 verum

250 1517 357 1573 sibi
391 1517 671 1572 divinitus
709 1516 1114 1572 accedentibus
1145 1515 1405 1586 ﬂagellis.
1441 1530 1558 1570 non
1590 1513 1836 1570 dubium
1862 1520 1947 1568 est

251 1605 483 1673 multos,
517 1604 849 1660 eorumdem
883 1604 952 1659 ad
988 1603 1079 1659 sui
1134 1604 1583 1659 recordationem
1620 1601 1946 1671 pmnitendo

252 1695 539 1758 reductos,
571 1700 626 1748 et
655 1693 723 1747 de
754 1692 875 1748 suis
911 1692 1277 1761 desperantes
1322 1691 1564 1756 viribus,
1614 1691 1684 1745 ad
1724 1689 1821 1745 Dei
1854 1704 1946 1745 so-

252 1780 362 1836 lius
388 1780 732 1845 subsidium,
767 1780 873 1835 sub
905 1787 1062 1835 tanta
1109 1779 1358 1846 miseria,
1412 1777 1580 1834 unice
1610 1777 1945 1847 praestolan-

250 1869 411 1936 dum,
480 1868 601 1938 spei
662 1866 942 1923 instinctu
1010 1867 1277 1933 melioris,
1349 1866 1638 1936 appulsos.
1707 1865 1946 1920 Fiebant

250 1957 418 2028 plane
466 1956 552 2011 his
585 1958 706 2027 jam
752 1955 1105 2011 eruditiores
1140 1955 1467 2022 eventibus,
1509 1962 1572 2010 ut
1603 1968 1720 2024 quo
1765 1955 1947 2023 magis

250 2060 386 2101 suas
435 2046 790 2101 attenderem
821 2052 921 2100 aut
951 2044 1143 2114 copias
1176 2043 1500 2110 extenuari,
1534 2050 1637 2098 aut
1668 2040 1948 2098 fortitudi-

251 2148 352 2189 nes
380 2133 668 2202 enervari,
722 2146 786 2189 eo
816 2132 1066 2202 amplius
1111 2131 1183 2186 ad
1235 2132 1437 2198 Deum,
1471 2131 1563 2186 cui
1593 2130 1786 2185 omnia
1820 2143 1947 2199 pos-

251 2222 440 2277 sibilia
476 2221 791 2286 crederent,
840 2220 1185 2277 docerentur
1213 2220 1405 2275 debita
1447 2217 1769 2274 humilitate
1816 2216 1949 2272 sub-

247 2310 368 2381 jici.

326 2398 443 2471 [X.]
503 2399 801 2461 Praeterea,
840 2397 1077 2466 quidam
1127 2409 1362 2466 quoque
1421 2408 1494 2449 ex
1548 2393 1769 2464 legatis,
1838 2392 1943 2448 nisi

251 2484 433 2547 fallor,
468 2485 751 2556 tyrannici
792 2481 1172 2553 imperatoris,
1206 2483 1307 2552 qui
1333 2481 1568 2551 Tetigus
1607 2481 1944 2547 vocabatur,

253 2583 310 2630 et
351 2574 433 2629 illi
476 2573 758 2629 obsidioni
802 2573 1094 2637 intererat,
1132 2571 1222 2626 vir
1258 2570 1543 2640 siquidem
1576 2570 1772 2641 gravis
1800 2583 1944 2635 aevo,

252 2662 345 2718 sed
405 2676 564 2728 naso,
627 2674 746 2731 qua
813 2661 1000 2715 nescio
1047 2660 1363 2726 occasione,
1417 2658 1624 2725 deciso,
1675 2664 1729 2713 et
1785 2658 1856 2712 ob
1891 2657 1944 2712 id

254 2758 420 2806 utens
478 2763 673 2804 aureo.
725 2748 872 2803 Hinc
905 2748 1107 2803 timore
1138 2748 1457 2802 Turcorum
1503 2754 1756 2808 coactus,
1791 2745 1948 2800 illinc

259 2837 422 2893 famis
450 2836 703 2906 periculo
733 2843 1075 2898 coarctatus,
1111 2834 1293 2889 multa
1324 2833 1755 2889 mendaciorum
1785 2846 1948 2888 coor-

264 2926 495 2982 natione
544 2924 772 2995 politus.
847 2924 1100 2980 seniores
1158 2923 1463 2978 adoritur:
1512 2943 1540 2971 «
1586 2922 1871 2989 Vestram,
1915 2935 1948 2977 o

263 3014 461 3085 optimi
515 3014 708 3080 duces,
757 3012 1151 3068 excellentiam
1198 3010 1434 3083 grandis
1485 3011 1635 3082 cogit
1669 3011 1815 3066 scire
1859 3023 1947 3065 ne

178 3092 181 3097 ”
252 3102 486 3159 cessitas
507 3102 743 3172 quantis
794 3102 946 3156 intra
977 3115 1080 3155 nos
1109 3099 1500 3155 anxietatibus
1528 3099 1944 3169 deprimamur,

254 3192 489 3263 quantis
519 3191 688 3246 etiam
727 3198 893 3245 extra
932 3190 1248 3245 terroribus
1277 3189 1663 3245 stimulemur.
1714 3187 1946 3243 Etcum

253 3280 391 3336 foris
427 3279 756 3334 habeantur
793 3292 1023 3348 pugnae,
1076 3277 1233 3333 intus
1288 3277 1456 3332 famis
1507 3291 1621 3331 non
1674 3276 1949 3331 desistant

252 3383 356 3424 nos
384 3368 722 3424 excruciare
751 3366 990 3434 dolores,
1033 3367 1261 3422 nullum
1306 3378 1727 3436 usquequaque
1756 3372 1948 3433 patere

251 3458 481 3513 videtur
519 3455 824 3528 effugium,
877 3455 1107 3511 nullum
1157 3454 1378 3524 adjacet
1429 3453 1580 3523 quod
1632 3465 1736 3507 nos
1777 3451 1948 3506 faciat

250 3545 534 3615 respirare
573 3544 861 3600 solatium.
897 3546 985 3610 At,
1019 3542 1063 3597 si
1093 3542 1415 3613 prudentiae
1445 3549 1649 3597 vestrae
1674 3539 1789 3595 fore
1816 3554 1946 3595 cre-

250 3632 424 3688 datur
483 3632 776 3696 idoneum,
829 3631 998 3686 detur
1044 3630 1186 3685 mihi
1253 3629 1496 3685 facultas
1552 3627 1611 3682 in
1652 3626 1945 3684 Romanize

250 3727 441 3789 partes
496 3718 692 3784 eundi,
743 3725 798 3774 et
840 3717 1048 3773 faciam
1094 3717 1261 3773 istinc
1305 3717 1681 3783 frumentum,
1720 3715 1944 3782 vinum,

250 3809 549 3875 hordeum,
611 3821 862 3873 carnem,
927 3806 1194 3872 farinam,
1245 3818 1596 3875 caseumque
1641 3812 1696 3860 et
1743 3812 1949 3859 caetera

251 3896 494 3951 diversis
520 3895 726 3951 usibus
763 3894 1063 3950 commoda
1091 3909 1221 3949 cum
1273 3892 1526 3962 plurima
1563 3906 1631 3947 ac
1657 3892 1945 3962 frequenti

250 3984 430 4041 classe
453 3983 678 4050 deduci,
707 3996 774 4037 ac
812 3981 1223 4037 indesinentem
1259 3994 1631 4050 quorumque
1650 3980 1944 4035 venalium

253 4085 354 4143 per
383 4071 567 4126 maria
593 4079 1000 4133 commeatum,
1028 4068 1395 4137 imperatorio
1424 4068 1630 4137 passim
1653 4075 1946 4136 praeeunte

250 4159 432 4216 edicto
462 4157 785 4228 procurabo
824 4156 1067 4212 institui.
1117 4156 1436 4225 Equorum,
1469 4163 1523 4212 et
1571 4154 1618 4210 si
1647 4170 1779 4226 quae
1807 4162 1944 4211 sunt

254 4248 379 4304 alia:
407 4243 748 4303 aninﬁtlium
787 4252 961 4315 atque
1012 4243 1380 4313 vectigalium
1428 4243 1718 4311 utilitates,
1763 4244 1949 4299 omnis

252 4334 417 4392 vobis
472 4348 570 4405 per
628 4341 857 4399 terram,
893 4332 1223 4389 Graecorum
1267 4332 1564 4401 provincia
1606 4332 1947 4402 deportabit.

254 4425 570 4494 Imperator
592 4423 707 4492 ipse
730 4435 902 4491 quem
927 4427 1117 4476 vestra
1153 4419 1319 4475 latuit
1350 4420 1653 4491 hucusque
1684 4421 1947 4491 penuria,

254 4513 327 4569 ad
381 4510 684 4568 deferenda
730 4508 1061 4580 indigentiae
1090 4516 1262 4564 tantm
1308 4509 1566 4565 subsidia
1594 4524 1953 4579 summopere

254 4598 354 4658 ubi
408 4599 746 4669 compererit
804 4598 1157 4669 properabit.
1218 4599 1287 4652 Et
1360 4597 1527 4653 vobis
1595 4604 1953 4653 sacramento

254 4699 513 4747 astruam
543 4687 697 4759 quod
728 4687 871 4756 haec,
902 4695 967 4743 ut
1004 4685 1144 4753 dixi,
1203 4686 1398 4741 omnia
1429 4686 1537 4742 iide
1567 4683 1955 4755 perseveranti

254 4778 591 4848 compleam.
632 4776 769 4843 Quae
810 4776 983 4831 etiam
1013 4789 1144 4830 cum
1181 4774 1534 4843 explicuero,
1580 4780 1776 4842 coeptae
1845 4774 1955 4828 hu-

252 4868 350 4938 jus
391 4865 703 4922 obsidionis
734 4863 1029 4920 laboribus
1060 4877 1149 4918 me
1174 4862 1507 4918 nullatenus
1545 4868 1955 4931 repraesentare

257 4955 488 5013 timebo.
538 4953 699 5020 Quod
744 4952 791 5007 si
824 4959 1079 5008 vestrum
1147 4948 1621 5015 contubernium,
1670 4948 1954 5018 famisque

258 5042 629 5114 participium
681 5054 772 5096 me
820 5039 1134 5095 detrectare
1181 5036 1485 5102 veremini,
1535 5049 1664 5091 ecce
1711 5034 1957 5091 tentoria

258 5147 404 5196 mea,
460 5146 589 5187 ecce
619 5126 944 5186 remansuri
976 5134 1112 5182 sunt
1142 5125 1296 5195 apud
1325 5138 1429 5180 vos
1466 5123 1770 5179 necessarii
1821 5123 1953 5189 mei,

259 5234 407 5291 quos
453 5221 557 5275 etsi
597 5218 669 5275 ad
724 5225 950 5287 tempus
999 5214 1306 5285 reliquero,
1366 5212 1425 5267 in
1488 5211 1659 5268 ﬁnem
1719 5219 1960 5267 contem-

260 5307 437 5379 psisse
469 5322 584 5363 non
640 5315 854 5376 potero.
929 5324 957 5357 α
1032 5303 1208 5371 Dixit,
1279 5309 1334 5359 et
1416 5313 1719 5371 procerum
1790 5312 1960 5355 aures

257 5396 455 5453 multae
494 5395 774 5452 lenocinio
822 5390 1348 5449 circumlocutionis
1392 5389 1592 5445 illexit.
1642 5388 1821 5458 Igitur
1867 5387 1961 5443 ille

262 5490 494 5549 recessit
543 5489 779 5546 omnino
830 5502 947 5544 non
976 5487 1199 5544 veritus
1230 5483 1447 5541 crimen
1505 5482 1657 5553 quod
1687 5480 1748 5537 in
1802 5495 1955 5549 eum,

2057 474 2188 529 ceps
2216 460 2287 514 ad
2338 460 2393 515 id
2442 461 2596 530 quod
2649 461 3053 530 spoponderat,
3083 466 3293 516 cuneta
3318 461 3610 528 mentitus,
3657 474 3754 516 ac-

2057 549 2241 604 cessit.

2130 635 2269 711 [XL]
2306 636 2538 710 Ingenti
2548 637 2721 705 fame
2743 634 3073 692 cruciantur
3100 638 3497 707 oppugnantes
3532 636 3749 690 urbem.

2054 756 2123 764 —
2154 727 2356 798 Itaque
2388 728 2445 781 in
2483 732 2706 780 tantum
2760 739 2856 780 eos
2901 732 3147 794 cmperat
3195 725 3465 780 instantia
3495 725 3753 780 hostium

2054 814 2262 884 visque
2298 814 2687 885 constringere
2734 820 2800 868 ut
2841 820 3173 868 nostrorum
3210 813 3434 881 nullus,
3470 827 3570 883 pro
3601 828 3752 884 quo-

2055 917 2286 974 cunque
2343 903 2593 971 negotio,
2662 908 3029 970 praesumert
3094 901 3408 971 papiliones
3455 915 3589 957 suos
3647 911 3755 957 aut

2054 992 2388 1046 communia
2426 997 2614 1046 castra
2656 990 2949 1047 excedere.
2995 989 3074 1044 Ad
3129 990 3234 1045 hoc
3257 989 3489 1045 omnino
3522 990 3757 1046 misera-

2055 1079 2229 1134 bilius
2273 1093 2368 1135 eos
2395 1078 2749 1149 inquietabat
2778 1077 3106 1143 domestica,
3141 1085 3195 1132 et
3225 1078 3400 1133 rabiei
3435 1078 3751 1145 simillima,

2057 1166 2227 1235 pestis
2257 1167 2478 1222 inediae.
2514 1166 2565 1220 Si
2590 1166 2764 1229 enim,
2792 1168 2859 1221 ut
2873 1166 2952 1220 ait
2978 1166 3236 1235 quidam,
3266 1165 3438 1220 Nihil
3456 1166 3565 1221 illa
3573 1166 3756 1234 fame

2052 1252 2347 1307 molestius
2400 1269 2522 1324 qua:
2567 1256 2930 1323 extorquetur
2992 1253 3193 1322 invito,
3261 1268 3410 1324 quas
3471 1255 3756 1311 torsiones

2054 1341 2393 1398 astimamus
2454 1356 2670 1411 passos,
2712 1342 2929 1412 quibus
2978 1342 3249 1397 continue
3285 1342 3558 1399 crucibus
3585 1343 3751 1398 addi-

2054 1437 2189 1496 ctos,
2223 1431 2321 1500 qui
2370 1431 2533 1486 nulla
2562 1444 2658 1499 spe
2689 1431 2761 1485 ad
2812 1430 3125 1496 modicum,
3160 1430 3249 1485 vel
3292 1430 3453 1495 falsa,
3488 1432 3746 1501 relevati,

2055 1516 2164 1571 illis
2220 1532 2353 1573 vere
2402 1517 2950 1588 inexpugnabilibus
3008 1518 3191 1573 muris
3245 1519 3500 1588 quotidie
3527 1520 3748 1575 asside~

2055 1603 2234 1660 bant?
2280 1604 2505 1675 Vulgus
2535 1614 2748 1669 autem,
2804 1605 3077 1674 pauperie
3122 1605 3450 1660 omnimoda
3478 1620 3743 1673 exesum,

2056 1706 2155 1761 per
2230 1692 2486 1748 diversas
2533 1693 2838 1749 oberrabat
2893 1692 3238 1762 provincias.
3296 1693 3405 1749 Alii
3466 1695 3742 1763 Cyprum,

2052 1786 2193 1835 4o!
2253 1779 2591 1836 Romaniam
2650 1781 2852 1852 aliqui,
2892 1781 3126 1851 quidam
3183 1795 3283 1851 per
3324 1782 3599 1837 montana
3633 1796 3749 1836 va-

2055 1870 2202 1939 gari,
2253 1870 2442 1925 victus
2500 1869 2905 1925 insufﬁcientia
2947 1877 3384 1940 coangustante,
3411 1870 3530 1939 jam
3576 1884 3751 1939 caepe-

2053 1965 2201 2013 rant.
2239 1957 2411 2014 Porro
2447 1958 2601 2014 viam
2627 1958 2824 2021 maris,
2856 1972 3133 2013 occursus
3166 1958 3382 2028 ubique
3421 1958 3747 2014 Turcorum

2054 2045 2248 2100 creber
2274 2045 2610 2101 occluserat.
2662 2046 2965 2117 Nusquam
2997 2046 3246 2116 denique
3268 2046 3497 2115 patebat
3535 2046 3749 2102 nostris

2053 2133 2263 2188 exitus.

2126 2218 2316 2290 [XI[.].
2349 2219 2603 2276 Audiens
2628 2220 2843 2276 interea
2856 2218 3241 2280 Boemundus
3268 2218 3574 2274 innumera
3593 2219 3751 2274 Tur-

2054 2317 2253 2363 corum
2302 2308 2537 2378 agmina
2601 2316 2931 2364 nostrorum
2991 2307 3455 2377 supervenientia
3519 2307 3744 2371 castris,

2054 2396 2343 2465 principes
2372 2396 2513 2451 alios
2552 2397 2908 2467 aggreditur,
2951 2396 3181 2451 dicens:
3219 2416 3248 2444 «
3275 2396 3415 2451 Cum
3444 2404 3603 2450 tanta
3624 2394 3751 2464 jam

2054 2486 2231 2540 nostri
2291 2485 2548 2554 paucitas
2602 2485 2889 2540 exercitus
2941 2484 3246 2548 habeatur,
3297 2491 3363 2539 ut
3414 2483 3517 2539 uni
3574 2481 3753 2537 conﬁ-

2054 2574 2252 2630 ciendo
2282 2573 2580 2629 certamini
2607 2574 2795 2629 tenuis
2819 2575 2939 2644 jam
2975 2586 3040 2627 ac
3068 2572 3422 2628 insufticiens
3452 2572 3745 2637 videatur,

2056 2663 2272 2718 nedum
2333 2662 2402 2717 ad
2453 2662 2566 2717 duo
2593 2662 2915 2717 exercenda
2954 2660 3153 2731 praelia
3193 2660 3456 2716 bifariam
3501 2660 3752 2729 dispare-

2056 2758 2172 2819 tur,
2205 2752 2632 2806 retractandum
2680 2749 2845 2805 nobis
2872 2758 2974 2817 est,
3009 2751 3054 2804 si
3097 2763 3132 2804 a
3174 2750 3359 2815 nobis,
3402 2763 3534 2804 cum
3559 2748 3750 2818 quali-

2055 2853 2288 2909 cunque
2315 2839 2594 2901 exercitu.
2623 2837 2826 2893 Turcis
2854 2837 3082 2893 obviam
3126 2837 3583 2908 ingredientibus
3605 2837 3746 2903 itur,

1986 2955 2026 3010 C
2056 2928 2189 2998 quis
2236 2928 2373 2983 huic
2418 2926 2634 2982 civitati
2711 2925 2961 2981 obsideri
3005 2933 3203 2994 coeptae
3254 2926 3626 2995 impugnator
3665 2924 3753 2979 in-

2056 3016 2245 3083 terim,
2298 3016 2431 3085 quis
2499 3014 3007 3071 tabernaculorum
3077 3021 3406 3069 nostrorum
3480 3012 3748 3069 defensor

2057 3102 2449 3174 relinquitur?
2484 3102 2537 3158 Si
2570 3116 2709 3173 ergo
2739 3110 2927 3157 vestro
2974 3108 3165 3156 ratum
3213 3101 3444 3156 videtur
3489 3100 3749 3164 arbitrio,

2055 3192 2330 3248 delectam
2355 3191 2702 3261 optimorum
2736 3198 2955 3260 partem
3001 3189 3278 3259 peditum,
3324 3189 3398 3243 ad
3427 3189 3752 3244 custodiam

2057 3281 2221 3336 urbis
2248 3279 2602 3335 destinemus
2653 3278 2924 3347 obsessas;
2974 3278 3198 3349 equites
3225 3292 3382 3345 vero,
3413 3277 3581 3347 quasi
3625 3276 3754 3332 for-

2055 3366 2245 3434 tiores,
2291 3367 2611 3423 Turcorum
2671 3367 2908 3422 insaniae
2959 3367 3282 3436 comparari
3324 3366 3530 3422 debere
3559 3379 3755 3421 cense-

2056 3468 2205 3510 mus.
2248 3478 2269 3505 ι
2301 3458 2558 3521 Dixerat,
2581 3463 2636 3511 et
2666 3456 2808 3511 nulli
2840 3456 3170 3525 principum
3196 3455 3269 3511 ab
3286 3455 3410 3525 ejus
3435 3454 3752 3510 dissensere

2054 3539 2310 3596 consilio.

2725 3627 2959 3685 CAPUT
3000 3627 3067 3685 V.

2130 3717 2279 3784 [XIII
2291 3714 2325 3789 .]
2352 3715 2715 3771 Boemundus
2730 3717 2942 3771 Turcos
2950 3715 3300 3788 aggreditur.
3323 3714 3540 3770 Milites
3550 3714 3755 3770 adhor.

2055 3809 2231 3861 tatur.
2261 3834 2314 3846 -—
2352 3807 2475 3861 Jam
2512 3800 2762 3861 hostium
2792 3806 3066 3861 examina
3091 3807 3264 3876 juxta
3291 3804 3589 3860 castellum
3611 3804 3751 3860 urbi

2055 3894 2415 3964 contiguum,
2448 3893 2605 3962 quod
2628 3894 2944 3949 vocabatur
2979 3894 3152 3964 Areg,
3194 3900 3381 3949 castra
3411 3900 3748 3961 posuerant,

2055 3991 2214 4039 trans
2244 3991 2469 4051 pontem
2491 3982 2946 4051 Pharphareum.
2980 3982 3109 4037 Dies
3129 3991 3251 4038 erat
3275 3981 3545 4051 proclivis
3568 3980 3640 4035 ad
3659 3995 3755 4036 ve-

2053 4085 2308 4141 sperum,
2337 4077 2390 4126 et
2419 4069 2576 4125 omni
2612 4069 2981 4126 Boemundus
3006 4070 3178 4125 citata
3200 4070 3401 4124 militia
3438 4069 3508 4125 de
3544 4069 3754 4125 castris

2052 4160 2368 4231 egreditur,
2390 4165 2446 4213 et
2486 4171 2835 4228 prosperans
2865 4159 3012 4214 inter
3031 4156 3245 4213 flumen
3275 4158 3755 4228 adjacentemque

1990 4232 2032 4285 Ι)
2058 4247 2247 4303 lacum
2296 4254 2759 4302 castrametatur.
2794 4247 2898 4303 Ubi
2934 4259 3101 4301 mane
3133 4246 3424 4311 inclaruit,
3452 4246 3752 4301 celerrime

2056 4335 2447 4405 exploratores
2495 4335 2712 4406 dirigit,
2769 4343 2835 4390 ut
2879 4335 3203 4390 Turcorum
3268 4333 3588 4403 quantitate
3634 4346 3758 4402 per-

2059 4436 2254 4494 pensa,
2290 4422 2540 4492 qualiter
2569 4436 2629 4477 se
2677 4429 2853 4493 agant
2905 4429 2960 4477 et
2998 4421 3098 4476 ubi
3127 4427 3546 4485 commaneant,
3596 4420 3756 4476 festi-

2058 4519 2197 4568 nent
2243 4511 2585 4567 renuntiare'
2615 4511 2922 4567 maturius.
2970 4510 3149 4565 Paulo
3199 4516 3605 4579 processerant,
3642 4509 3757 4565 ho-

2059 4608 2307 4671 stesque,
2385 4613 2637 4670 quorum
2710 4598 3050 4669 personabat
3120 4598 3426 4665 adventus,
3495 4611 3758 4668 quaerere

2059 4696 2369 4758 creperant,
2426 4702 2559 4744 cum
2580 4702 2708 4743 ecce
2753 4688 2978 4743 infinita
3029 4700 3233 4743 eorum
3277 4693 3527 4742 cernunt
3574 4700 3760 4741 emer-

2062 4790 2195 4848 gere
2241 4776 2533 4843 examina,
2584 4789 2684 4845 per
2733 4775 2985 4830 duarum
3029 4774 3284 4830 acierum
3346 4773 3595 4844 legiones
3639 4774 3758 4829 dis-

2060 4871 2291 4934 parata;
2322 4870 2473 4919 retro
2494 4877 2629 4919 vero
2654 4875 2856 4918 eorum
2902 4862 3243 4932 pedetentim
3273 4861 3583 4918 multitudo
3623 4861 3761 4917 sub-

2061 4952 2418 5021 sequebatur
2459 4951 2734 5007 maxima.
2783 4950 3006 5017 Quibus
3049 4950 3362 5020 prospectis
3411 4949 3764 5019 quantocius

2062 5040 2512 5112 regrediuntur:
2551 5062 2573 5089 ι
2611 5040 2828 5105 Hostes,
2870 5039 3057 5107 aiunt,
3084 5037 3205 5108 jam
3237 5038 3559 5099 imminent,
3593 5037 3763 5094 vide-

2065 5136 2177 5186 tote
2230 5137 2296 5186 ut
2325 5129 2497 5185 fortes
2542 5142 2645 5184 vos
2692 5136 2748 5184 et
2793 5134 3024 5197 paratos
3070 5126 3390 5181 inveniant.
3434 5147 3462 5175 »
3509 5125 3596 5182 Ad
3634 5125 3765 5183 haec

2066 5218 2454 5285 Boemundus,
2484 5216 2605 5273 suis
2648 5216 2709 5271 in
2742 5216 2966 5273 Christo
3007 5214 3283 5270 fratribus
3315 5227 3384 5269 ac
3421 5213 3767 5271 commilito-

2063 5306 2238 5362 nibus
2278 5305 2621 5369 excitandis,
2674 5302 3003 5374 eloquitur:
3082 5301 3472 5357 Victoriarum
3536 5310 3763 5357 vestra-

2066 5406 2223 5459 rum,
2263 5405 2297 5447 o
2344 5391 2547 5462 optimi
2604 5389 2832 5458 milites,
2879 5390 3076 5446 creber
3104 5395 3348 5444 eventus
3394 5403 3510 5444 non
3564 5403 3761 5457 parvas

2067 5480 2232 5537 vobis
2261 5480 2549 5536 ministrat
2595 5478 2928 5535 occasiones
2964 5477 3243 5534 audaciae.
3285 5475 3441 5533 Fidei
3480 5477 3765 5534 hactenus
