3920 6080
116 262 235 319 741

1251 262 1479 321 GESTA
1519 259 1633 318 DEI
1672 261 1810 319 PER
1851 258 2189 319 FBANCOS.
2214 290 2277 303 —
2302 259 2432 317 LIB.
2475 260 2562 318 IV.

3545 269 3648 324 742

113 409 341 457 contra
391 398 684 472 perfidiam
727 398 877 457 bella
918 399 1184 472 gessistis,
1229 407 1286 456 et
1326 401 1472 456 inter
1503 399 1696 456 omnia
1723 398 1837 455 dis-
1875 402 1922 457 Α
1951 397 2230 468 solymam
2286 398 2398 454 Deo
2446 397 2724 455 redimere
2756 411 2825 456 ac
2852 397 2977 470 ejus
3017 399 3260 459 liberare
3291 402 3643 474 sepulcrum.

117 489 387 545 crimina
415 489 603 545 felices
639 487 834 544 exitus
881 487 1185 544 habuistis.
1234 489 1523 544 Delectare
1560 503 1662 544 vos
1701 502 1840 559 pro-

114 576 282 633 fecto
328 578 449 647 jam
493 577 689 632 debuit
716 576 922 632 Christi
970 575 1324 633 fortitudinis
1357 577 1667 647 saepissime
1713 577 1840 632 evi-

115 665 275 720 dens
331 666 813 734 experimentum,
856 667 1172 735 praesertim
1252 679 1384 721 cum
1425 673 1577 720 certo
1631 664 1843 720 certius

116 752 434 820 noveritis,
470 753 527 807 in
559 752 668 807 illis
715 767 845 823 quae
892 753 1250 822 potissimum
1297 752 1584 823 urgebant
1632 753 1842 823 praeliis

118 856 252 896 non
291 855 395 897 vos
440 855 749 912 pugnasse,
795 840 891 896 sed
944 840 1255 896 Christum.
1298 840 1435 907 Quae
1471 854 1608 912 ergo
1653 841 1842 896 valeat

114 938 340 985 vestrae
370 930 566 996 menti,
610 943 714 999 pro
744 928 984 984 incursu
1024 929 1238 999 aliquo,
1271 928 1608 998 desipientia
1636 928 1842 998 despe-

116 1018 373 1072 rationis
415 1018 681 1085 irrepere,
730 1031 878 1087 quos
930 1017 1081 1071 mala
1138 1017 1283 1072 nulli
1334 1016 1611 1072 hactenus
1657 1022 1840 1071 atten-

117 1112 273 1171 tata,
310 1096 423 1161 Deo
452 1105 808 1172 sublevante,
839 1104 1099 1171 evadere,
1134 1104 1350 1175 quibus
1376 1104 1697 1173 triumphos
1731 1103 1841 1158 ho—

118 1194 277 1249 mini
338 1192 714 1263 impossibiles
774 1192 1013 1262 contigit
1066 1193 1432 1261 provenisse?
1488 1193 1547 1246 in
1615 1199 1840 1247 tantum

111 1281 249 1351 jam
278 1294 500 1349 precor,
531 1281 686 1350 apud
721 1294 824 1336 vos
856 1280 993 1336 ﬁdes
1021 1286 1255 1348 experta
1282 1279 1540 1349 proﬁciat
1577 1288 1642 1335 ut
1680 1280 1843 1335 nulla

117 1370 300 1425 vobis
339 1371 597 1425 humana
645 1370 915 1439 deinceps
958 1368 1235 1424 fortitudo
1284 1371 1529 1424 resistat.
1577 1369 1693 1424 Hac
1737 1368 1841 1424 ita-

122 1472 249 1527 que
301 1459 523 1513 animos
579 1458 816 1513 tutiores
886 1456 1110 1522 efﬁcite,
1178 1463 1346 1511 caute
1425 1456 1724 1525 procedite,
1787 1463 1843 1512 et

121 1545 430 1601 Christum
477 1554 689 1612 vestra,
742 1552 803 1601 ut
833 1544 1060 1613 assolet,
1106 1544 1319 1599 vexilla
1375 1544 1665 1611 ferentem,
1725 1552 1843 1600 tota

124 1634 420 1689 mentium
470 1632 785 1690 acrimonia
815 1631 1127 1689 consectari
1174 1647 1334 1687 nunc
1374 1640 1429 1688 et
1486 1633 1842 1694 conclamare

126 1731 359 1778 curate.
394 1745 421 1771 ))

203 1808 429 1876 Quibus
458 1809 702 1864 fideliter
730 1823 797 1863 ac
822 1807 1014 1864 vivide
1042 1808 1573 1878 circumspecteque
1594 1823 1653 1864 se
1682 1816 1842 1864 actu-

128 1912 233 1954 ros
285 1897 759 1964 acclamantibus,
815 1905 871 1952 et
916 1897 1169 1952 acierum
1220 1911 1456 1966 quoque
1483 1910 1722 1951 suarum
1764 1896 1843 1952 ei-

128 1987 266 2043 dem
318 1986 801 2053 distributionem,
858 1992 1054 2055 utpote
1109 1984 1388 2040 bellorum
1447 1986 1845 2054 expertissimo

128 2075 522 2140 credentibus,
568 2074 733 2144 jubet
767 2074 912 2129 idem
945 2074 1315 2128 Boemundus
1362 2088 1654 2144 quemque
1684 2074 1842 2143 prin-

130 2163 332 2234 cipum
382 2162 725 2232 appendices
765 2174 901 2216 suas
952 2161 1059 2217 sibi
1103 2160 1386 2231 colligere,
1442 2168 1497 2216 et
1554 2162 1844 2230 propriam

129 2250 400 2320 singulos
451 2251 630 2305 aciem
682 2249 965 2305 ordinare.
1024 2248 1133 2304 Sex
1186 2249 1385 2319 igitur,
1451 2249 1533 2305 uti
1592 2248 1841 2313 dixerat,

130 2338 375 2393 aciebus
427 2336 720 2407 expositis,
797 2338 871 2393 ad
945 2338 1340 2407 pervadendos
1412 2336 1603 2393 hostes
1683 2339 1845 2396 factis

128 2425 471 2496 singillatim
505 2425 723 2491 cuneis,
756 2440 889 2481 cum
919 2439 1148 2481 summa
1174 2425 1398 2481 cautela
1419 2426 1681 2496 quinque
1712 2441 1842 2496 pro-

130 2515 372 2570 cedunt.
416 2518 488 2569 At
519 2513 882 2569 Boemundus
928 2527 1060 2569 cum
1101 2528 1207 2569 suo
1255 2514 1505 2585 agmine,
1551 2515 1621 2569 ad
1657 2514 1843 2571 feren-

134 2602 301 2667 dum,
324 2603 368 2657 si
415 2602 723 2658 necessitas
770 2601 1149 2665 incubuisset,
1183 2602 1528 2669 subsidium,
1570 2604 1846 2673 posterior

135 2689 510 2759 sequebatur.
580 2689 799 2744 Nostris
859 2689 1051 2759 itaque
1121 2690 1227 2744 hoc
1296 2690 1463 2744 modo
1539 2690 1839 2755 distinctis,

137 2774 283 2831 dum
327 2776 536 2832 animis
584 2775 944 2845 spirantibus
1001 2776 1193 2845 stipati
1250 2775 1662 2832 confertissime
1705 2791 1845 2846 gra—

141 2865 387 2921 diuntur
424 2865 495 2919 ad
528 2864 812 2933 praelium,
857 2862 1001 2919 alter
1039 2864 1277 2919 alterius
1309 2863 1482 2919 latere
1513 2871 1660 2920 tacto
1689 2865 1844 2920 solli-

140 2952 357 3008 citabat
445 2953 684 3019 socium,
762 2960 827 3008 ut
902 2952 1144 3017 nullus,
1222 2960 1506 3023 quantum
1566 2957 1847 3022 spectaret

141 3039 215 3092 ad
270 3039 557 3108 cujusque
621 3052 946 3108 personam,
998 3046 1289 3107 pateretur
1340 3038 1664 3095 claudicare
1707 3055 1840 3095 con-

141 3125 383 3182 ﬂictum.
419 3128 493 3182 At
523 3126 655 3183 urbi
684 3141 775 3183 res
803 3126 1074 3183 manibus
1104 3128 1199 3197 agi
1229 3128 1417 3195 coepit.

139 3232 253 3288 Nec
283 3247 463 3298 mora,
487 3233 740 3289 curvatis
770 3234 987 3289 adeunt
1013 3233 1316 3289 hastilibus
1343 3233 1548 3300 hostes,

142 3322 405 3391 Cumque
447 3325 632 3377 calent
664 3321 892 3389 animis,
926 3326 981 3378 et
1017 3336 1198 3391 equos
1239 3321 1562 3377 calcaribus
1610 3331 1841 3394 urgent,

139 3412 224 3463 Ac
247 3408 550 3478 utrobique
582 3408 717 3464 feris
746 3408 1008 3478 quatitur
1028 3408 1377 3464 clamoribus
1394 3409 1590 3474 aether,

141 3497 511 3552 Concurrunt
542 3496 714 3564 acies,
747 3504 1036 3552 torserunt
1060 3497 1281 3566 spicula
1314 3497 1503 3553 Turci.

149 3584 513 3656 Francigenae
546 3585 807 3654 impactis
840 3585 1203 3640 terebrarunt
1233 3592 1460 3655 pectora
1489 3584 1631 3640 telis.

144 3673 360 3729 Ictibus
387 3674 540 3728 ensis
568 3673 737 3728 hebes
770 3673 975 3740 fuerat,
1019 3673 1198 3729 fecere
1229 3672 1512 3741 fragorem

147 3760 337 3818 Collisi
369 3762 661 3831 chalybes,
700 3761 932 3816 molitur
962 3760 1204 3816 vulnera
1228 3762 1393 3827 ferro,

151 3849 287 3917 Quae
317 3849 433 3905 sitit
461 3849 770 3906 obscenum
795 3848 1157 3919 rapidissima
1186 3848 1389 3904 dextra
1414 3862 1699 3905 cruorem.

153 3940 234 3994 Ac
252 3939 299 3994 si
321 3938 619 3994 cornicum
646 3938 840 3993 videas
868 3938 1139 3993 examina
1160 3945 1332 4002 mota,

154 4028 225 4083 Et
254 4027 408 4084 velut
439 4027 741 4082 immodico
764 4026 1097 4096 processerit
1123 4025 1353 4097 agmine
1375 4025 1579 4082 turdus
1611 4042 1625 4080 :

154 4116 243 4172 Sic
278 4116 497 4172 caeleste
523 4115 703 4186 jubar
724 4121 863 4170 tunc
888 4122 1187 4185 protexere
1210 4115 1455 4185 sagittae,

155 4207 334 4261 Aerea
358 4205 662 4260 densantes
684 4203 1011 4273 jaculorum
1036 4203 1317 4274 grandine
1339 4217 1575 4258 czecum.

1949 487 2065 543 Nec
2101 486 2296 542 minus
2341 486 2442 541 tibi
2490 494 2712 542 constat
2757 487 2972 545 divinis
3005 492 3192 559 potius
3212 493 3559 562 adjumentis
3594 495 3648 549 id

1949 572 2135 642 operis
2178 573 2587 640 administrari,
2624 588 2802 644 quam
2855 575 3142 631 humanis.
3173 583 3321 632 402
3371 581 3492 650 Age
3540 581 3649 635 ita—

1950 675 2065 731 que
2090 669 2145 716 et
2198 669 2355 716 tuam
2411 662 2643 730 patienti
2693 662 2917 718 Christo
2963 664 3083 735 jam
3129 665 3285 721 defer
3322 668 3647 736 audaciam,

1949 761 2053 803 nec
2081 756 2198 803 tam
2229 757 2593 819 opportunus
2623 757 2676 805 te
2701 765 2932 821 segnem
2956 752 3114 808 locus
3159 755 3434 819 inveniat,
3475 770 3650 826 quem

1950 842 2050 890 tuo
2094 836 2332 892 forsitan
2376 838 2528 893 Deus
2582 838 2785 894 honori
2833 849 3137 910 praeparat.
3184 864 3212 891 ››
3247 842 3347 899 His
3390 845 3651 901 concitus

1950 923 2042 979 ille
2071 925 2450 993 sermonibus,
2482 934 2597 981 tota
2626 928 2738 982 Deo
2769 936 2957 983 mente
2992 929 3217 985 inuisus
3249 946 3263 985 :

1949 1029 2176 1095 Exsilit,
2205 1036 2261 1084 et
2280 1030 2486 1086 densas
2514 1030 2731 1086 dirimit
2763 1046 3037 1087 mucrone
3065 1042 3320 1091 catervas
3349 1050 3363 1089 :

1951 1115 2125 1186 Signa
2145 1116 2307 1172 ducis
2337 1119 2586 1187 praefert,
2620 1133 2753 1188 qua:
2789 1120 2869 1175 sic
2897 1121 3124 1176 diversa
3161 1131 3409 1191 veretur,

1951 1205 2023 1261 Ut
2054 1205 2159 1260 sibi
2205 1205 2344 1261 dum
2379 1216 2637 1275 praeeunt
2671 1220 2804 1275 pars
2832 1217 3028 1264 nostra
3057 1210 3254 1281 vigore
3298 1211 3537 1268 levetur.

1947 1288 2073 1344 Non
2108 1290 2285 1361 igitur
2312 1303 2478 1345 secus
2504 1290 2594 1345 ille
2633 1290 2771 1346 furit
2797 1306 2972 1361 quam
3018 1294 3225 1350 fetibus
3261 1296 3403 1351 orba

1948 1376 2171 1433 Assolet
2191 1378 2419 1447 ereptis,
2448 1378 2671 1448 objecta
2704 1394 2906 1434 necare
2931 1380 3125 1436 leaena.

1949 1464 2146 1521 Mucro
2176 1465 2301 1522 vias
2329 1467 2530 1535 aperit,
2562 1466 2879 1522 confertum
2904 1468 3129 1524 discidit
3157 1484 3363 1541 agmen
3398 1486 3410 1527 :

1950 1550 2135 1607 Obvia
2162 1553 2520 1620 contuderat,
2549 1567 2798 1610 cuneum
2821 1556 2982 1611 docet
3014 1558 3093 1611 ire
3126 1567 3480 1627 sequentem.

2027 1657 2281 1711 Tandem
2309 1657 2610 1713 victoriam
2636 1660 2895 1724 referunt
2924 1661 3253 1718 Christiani.
3285 1694 3353 1704 ——
3386 1666 3530 1722 Hinc
3556 1667 3656 1723 ita-

1954 1760 2068 1815 que
2108 1746 2311 1811 nostri,
2348 1747 2491 1815 dum
2542 1747 2861 1803 Boemundi
2891 1764 3005 1804 non
3037 1751 3390 1821 incognitum
3422 1754 3655 1824 signum

1952 1832 2059 1888 sibi
2108 1834 2168 1888 in
2230 1834 2389 1890 nullo
2421 1835 2691 1891 vacillare
2738 1838 3121 1906 conspiciunt,
3185 1849 3240 1895 et
3288 1843 3653 1909 praedictum

1951 1922 2164 1977 stabuli
2215 1922 2478 1978 comitem
2530 1932 2687 1980 tanta
2740 1926 2795 1980 in
2835 1925 3050 1981 Turcos
3105 1927 3466 1985 animositate
3518 1931 3653 1986 bac-

1953 2009 2133 2077 chari,
2188 2010 2479 2078 resipuere
2544 2012 2737 2078 simul,
2798 2020 3074 2082 tantaque
3136 2015 3323 2069 hostes
3385 2017 3655 2073 violentia

1956 2097 2276 2167 propulere,
2313 2104 2376 2153 ut
2422 2097 2601 2153 solius
2653 2100 2805 2169 fugae
2864 2110 3207 2170 cogerentur
3237 2115 3467 2171 sperare
3507 2118 3653 2173 prae-

1953 2182 2115 2238 sidia.
2165 2184 2355 2239 Nostri
2415 2185 2666 2255 denique
2722 2188 3079 2257 fugientibus
3132 2190 3367 2258 instant,
3413 2200 3468 2248 et
3512 2193 3653 2249 dum

1952 2273 2075 2326 sine
2129 2273 2328 2328 ordine
2389 2282 2716 2343 properant,
2777 2277 3090 2346 praecipites
3137 2286 3292 2334 actos
3340 2294 3528 2351 usque
3576 2282 3650 2339 ad

1954 2361 2329 2430 Pharpharici
2378 2363 2566 2431 pontis
2627 2367 2927 2434 angustias
2972 2368 3188 2424 credere
3219 2383 3287 2424 ac
3311 2370 3656 2428 detruncare

1952 2462 2068 2503 non
2115 2458 2358 2506 cessant.
2414 2450 2538 2517 Qua
2596 2452 2768 2508 Turci
2813 2455 2966 2509 crede
3031 2440 3317 2526 suscepta,
3372 2467 3650 2527 castrum,

1953 2538 2107 2607 quod
2165 2540 2318 2609 Areg
2374 2539 2643 2609 superius
2688 2541 3004 2607 nominavi,
3056 2544 3402 2611 subintrant,
3462 2547 3653 2601 omui-

1952 2625 2137 2681 modis
2178 2627 2445 2696 spoliant,
2505 2629 2701 2699 ignem
2747 2630 3064 2699 municipio
3101 2631 3284 2687 eidem
3314 2633 3651 2702 subjiciunt,

1954 2727 2380 2785 nunquamque
2460 2717 2728 2787 deinceps
2788 2718 2861 2772 ad
2909 2718 2965 2773 id
3022 2719 3262 2775 redituri
3318 2721 3651 2793 diffugiunt.

1954 2804 2357 2859 Armeniorum
2415 2813 2608 2860 autem
2642 2805 3039 2875 Syrorumque
3079 2822 3218 2877 gens
3265 2809 3504 2878 perfida,
3553 2812 3656 2881 qui

1954 2888 2103 2946 inter
2132 2899 2406 2962 utrosque
2437 2893 2675 2962 populos
2705 2894 2896 2961 medii,
2924 2895 3250 2963 prtuliorum
3292 2898 3660 2967 aucupaban-

1883 2997 1923 3053 (ς
1958 2985 2054 3034 tur
2098 2980 2309 3045 exitus,
2364 2989 2426 3035 ut
2458 2982 2553 3036 cui
2586 2982 2842 3037 cessisset
2894 2982 3152 3051 victoria,
3187 2985 3265 3040 illi
3298 2987 3657 3055 potissimum

1955 3065 2334 3137 inhaererent;
2382 3068 2522 3123 dum
2580 3069 2795 3125 Turcos
2849 3069 3145 3127 inferiores
3175 3073 3500 3143 attendunt,
3549 3089 3657 3146 ag-

1953 3153 2299 3223 grediuntur
2326 3168 2493 3225 quasr
2523 3157 2754 3212 semitas
2784 3157 3060 3226 obsidere,
3091 3167 3147 3214 et
3171 3159 3386 3215 Turcos
3425 3171 3657 3231 praeter-

1953 3249 2157 3297 euntes
2212 3241 2509 3311 perimere.
2556 3244 2741 3313 Igitur
2792 3259 2865 3300 ex
2916 3246 3027 3300 hiis
3077 3261 3209 3316 quae
3265 3248 3523 3305 hostibus
3560 3251 3685 3307 de-'

1958 3337 2138 3385 tracta
2165 3338 2303 3385 sunt
2332 3330 2517 3398 victis,
2559 3332 2808 3388 crudelis
2836 3342 3161 3423 nostrorum
3212 3336 3525 3408 indigentia
3562 3339 3660 3395 illa

1954 3418 2269 3485 convaluit,
2325 3420 2491 3490 equis
2544 3428 2600 3476 et
2621 3418 2951 3491 sumptibus
2995 3423 3353 3493 sublevatur,
3395 3428 3469 3482 ab
3522 3429 3660 3498 ipsis

1954 3504 2207 3575 insuper,
2241 3516 2453 3563 eventu
2479 3508 2906 3579 triumphorum
2940 3511 3332 3569 crebrescente
3383 3516 3655 3584 secundo,

1955 3593 2273 3650 Turcorum
2326 3595 2519 3651 feritas
2566 3599 2971 3653 contemnitur.
3027 3600 3185 3655 Unde
3215 3608 3269 3656 et
3328 3610 3451 3671 post
3487 3604 3662 3661 victo-

1956 3681 2124 3742 riam.
2172 3691 2403 3739 ceutum
2448 3698 2649 3739 eorum
2706 3686 2807 3755 qui
2849 3685 2994 3742 bello
3041 3690 3433 3747 occubuerant
3471 3695 3662 3763 capita

1956 3771 2369 3839 praeciduntur,
2424 3779 2480 3827 et
2527 3773 2598 3827 ad
2657 3773 2997 3842 Turcorum,
3065 3778 3167 3846 qui
3225 3778 3656 3851 obsidebantur,

1957 3858 2462 3926 exanimationem,
2511 3869 2643 3916 ante
2700 3876 2897 3917 muros
2944 3863 3258 3921 Antiochiae
3288 3870 3661 3938 suspendun—

1960 3953 2074 4002 tur.
2108 3948 2207 4003 Est
2262 3956 2455 4004 autem
2515 3951 2869 4006 consuetudo
2914 3952 3215 4023 gentilium
3273 3963 3336 4011 ut
3380 3970 3660 4015 caesorum

1958 4035 2170 4105 capita,
2210 4038 2282 4093 ad
2317 4037 2594 4094 indicium
2622 4038 2893 4106 victoriae,
2929 4055 3225 4100 reservare
3274 4058 3341 4100 ac
3375 4054 3661 4104 ostentare

1960 4124 2199 4180 soleant.

2032 4213 2224 4269 Fidem
2239 4214 2640 4285 amplexurum
2652 4232 2716 4270 se
2733 4214 3053 4288 imperator
3077 4221 3406 4299 spondel,_.ri
3432 4240 3471 4278 a
3514 4225 3660 4280 Tur-

155 4294 330 4375 Arma
356 4300 591 4364 crepant
618 4300 673 4348 et
709 4306 888 4362 equos
916 4293 1344 4362 rapitimpetus,
1375 4306 1570 4362 aesque
1596 4306 1650 4348 re

1964 4300 2050 4357 cis
2074 4303 2277 4358 ablata
2311 4281 2427 4375 ipsi
2458 4281 2859 4361 restituantur.
2880 4337 2947 4348 -—-
2979 4281 3199 4366 Interea
3227 4281 3367 4367 dum
3399 4313 3520 4370 haec
3535 4328 3658 4384 per—

154 4370 309 4437 Czesa
344 4381 554 4448 dolent,
588 4381 848 4437 victricia
878 4381 1152 4451 gaudent,
1178 4382 1410 4436 dissona
1439 4395 1554 4437 vox
1586 4381 1648 4437 it.

226 4486 332 4543 Ubi
376 4500 514 4542 vero
569 4491 753 4541 totum
824 4486 1047 4555 pondus
1099 4486 1387 4543 exercitus
1432 4486 1588 4557 quod
1640 4486 1856 4557 primas

156 4575 619 4646 subsequebatur
692 4573 860 4641 acies,
913 4575 1269 4632 atrocissimo
1308 4575 1391 4631 illi
1444 4575 1744 4631 certamini
1796 4589 1856 4632 se

158 4663 382 4729 infudit,
454 4661 622 4731 cmpit
696 4669 1026 4718 nostrorum
1098 4663 1262 4732 gravi
1322 4663 1574 4719 hostium
1635 4663 1856 4733 impetu

158 4765 397 4809 acumen
456 4750 721 4814 obtundi,
761 4757 817 4805 et
867 4764 1068 4806 eorum
1116 4751 1443 4820 proliciente
1505 4766 1767 4820 numero,
1821 4764 1857 4807 a

160 4838 440 4911 proposita
491 4838 703 4894 virtute
734 4851 1045 4907 parumper
1083 4837 1315 4894 inﬂecti.
1375 4838 1536 4905 Quod
1569 4841 1857 4896 Boemun-

160 4930 268 4985 dus
290 4926 605 4993 atteudeus,
637 4927 738 4996 qui
770 4926 1060 4982 custodias
1115 4933 1266 4982 retro
1294 4927 1581 4984 auxilium
1630 4927 1858 4985 laturus

162 5018 440 5082 observat,
493 5014 686 5070 multae
737 5014 1251 5071 animadversionis
1306 5023 1468 5072 motu
1523 5016 1857 5073 iufreuduit.

165 5106 433 5162 Comitem
463 5103 673 5159 stabuli
711 5117 849 5174 ergo
892 5103 1127 5159 accersit
1170 5118 1344 5160 suum
1392 5104 1704 5161 Robertum
1755 5105 1859 5161 sci-

168 5196 290 5251 licet
333 5192 557 5249 Girardi
592 5191 795 5259 filium,
839 5190 1053 5261 illoque
1091 5192 1328 5264 dirigit:
1369 5214 1390 5242 ι
1424 5192 1601 5261 Vade,
1644 5194 1856 5263 inquit,

170 5291 322 5340 utere
351 5281 473 5352 jam
518 5293 677 5335 nunc
716 5279 1192 5349 magnanimitate
1229 5293 1349 5351 qua
1403 5280 1595 5347 debes,
1628 5289 1683 5337 et
1725 5295 1859 5352 quae

172 5378 320 5429 tanto
376 5365 603 5439 negotio
657 5367 943 5436 competit,
978 5375 1035 5423 et
1062 5367 1340 5438 assumpti
1386 5369 1563 5441 hujus
1592 5368 1859 5425 intentio-

169 5474 292 5516 nem
322 5459 422 5516 tibi
479 5474 732 5534 propone
780 5462 1011 5528 laboris,
1061 5457 1200 5513 dum
1229 5472 1465 5515 causam
1495 5457 1728 5513 nobiset
1755 5457 1858 5515 tibi

169 5550 281 5606 fore
324 5551 553 5607 noveris
599 5552 773 5608 totius
827 5547 1268 5606 Christianitatis
1308 5546 1615 5614 auxilium,
1655 5544 1859 5602 Hiero-

1961 4399 2219 4462 aguntur
2262 4405 2297 4447 a
2344 4395 2576 4460 nostris,
2636 4395 3021 4465 Babylonicus
3070 4398 3378 4467 imperator
3424 4401 3660 4473 legatio-

1962 4494 2092 4536 nem
2147 4481 2221 4536 ad
2276 4481 2565 4552 principes
2623 4484 2804 4539 nostri
2850 4486 3139 4543 exercitus
3190 4487 3502 4558 direxerat,
3561 4505 3663 4560 per

1963 4582 2109 4639 quos
2146 4568 2214 4624 de
2264 4569 2353 4624 his
2381 4584 2513 4639 quae
2567 4584 2707 4641 erga
2756 4572 2972 4628 Turcos
3001 4582 3239 4643 egerant
3279 4575 3362 4631 eis
3412 4579 3663 4647 gratula-

1966 4657 2199 4713 bundus
2255 4658 2567 4725 exstiterat,
2629 4660 2842 4728 pariter
2884 4675 3135 4731 quoque,
3178 4663 3284 4719 etsi
3326 4662 3489 4733 falso,
3529 4681 3659 4738 spo-

1962 4746 2238 4815 ponderat
2296 4746 2451 4815 quod
2516 4746 2876 4804 Christianus
2929 4748 3104 4816 fieret,
3170 4750 3217 4807 si
3265 4767 3405 4822 gens
3467 4764 3663 4812 nostra

1964 4833 2165 4890 Turcis
2202 4848 2270 4890 ea
2299 4849 2430 4905 quae
2470 4835 2539 4891 de
2567 4836 2693 4906 ejus
2738 4836 2977 4906 imperio
3006 4838 3386 4908 diripuerant,
3415 4843 3660 4901 ademis-

1965 4932 2048 4980 set
2089 4923 2317 4995 sibique
2364 4926 2705 4981 restitueret.
2749 4926 3011 4983 Diximus
3038 4928 3204 4998 plaue
3237 4932 3506 5001 superius
3550 4936 3663 4990 Ba-

1965 5011 2294 5082 bylonicum
2327 5012 2635 5083 imperium
2665 5014 2834 5084 longe
2862 5018 3148 5085 potentius
3177 5020 3369 5090 regnis
3396 5020 3660 5078 Orienta-

1966 5101 2120 5157 libus
2167 5102 2477 5168 exstitisse;
2514 5102 2610 5157 sed
2668 5103 2883 5159 Turcos
2936 5108 3112 5162 armis
3148 5108 3474 5179 animisque
3516 5111 3663 5167 fero-

1966 5190 2146 5246 ciores
2198 5190 2381 5246 multa
2435 5190 2564 5260 ejus
2610 5205 2941 5262 usurpasse.
2983 5196 3057 5251 At
3088 5195 3167 5251 hii
3199 5198 3300 5267 qui
3334 5199 3465 5255 urbi
3502 5201 3662 5256 obsi-

1967 5280 2165 5337 dendas
2198 5280 2375 5337 relicti
2424 5281 2671 5349 fuerant,
2703 5292 2757 5338 et
2790 5283 2894 5352 ipsi
2937 5299 3170 5356 quoque
3199 5301 3333 5344 cum
3357 5288 3665 5347 civitaten-

1966 5370 2128 5426 sibus
2155 5371 2430 5428 acerrime
2466 5370 2873 5440 conﬂixerunt,
2904 5388 3020 5430 non
3048 5376 3215 5432 modo
3259 5391 3375 5434 uno
3416 5379 3476 5435 in
3521 5380 3661 5449 loco,

1967 5458 2063 5514 sed
2094 5467 2226 5514 ante
2282 5468 2474 5529 portas
2520 5459 2638 5515 fere
2678 5461 2865 5516 omnis
2908 5461 3035 5533 ejus
3080 5464 3263 5521 urbis.
3298 5465 3425 5522 Dies
3470 5477 3664 5525 autem

1967 5545 2240 5614 triumphi
2290 5546 2470 5617 hujus
2514 5549 2720 5618 quinto
2767 5549 2904 5607 Idus
2937 5551 3255 5620 Februarii,
3316 5554 3498 5625 pridie
3533 5564 3667 5612 ante
