3902 6082
244 195 368 280 743

1138 225 1202 278 ν.
1246 223 1582 282 GUIBERTI
1618 223 1914 281 ABBATIS
1949 225 2006 281 S.
2049 226 2289 283 ΜΑΒΙᾹΞ
2329 227 2421 284 DE
2465 227 2864 286 NOVIGENTO

3648 237 3767 292 741k

241 357 450 429 jejunii
507 365 700 426 caput.
761 356 873 411 Nec
927 355 980 409 id
1029 354 1267 424 injuria,
1299 362 1361 409 ut
1391 369 1508 423 qua
1539 354 1628 410 die
1657 363 1791 410 ante
1819 330 2021 424 ipsa-A
2120 357 2268 411 Illos
2317 359 2678 430 persequitur
2750 361 3130 429 Boemundus,
3201 375 3491 435 morteque
3559 364 3765 438 afficit

242 447 470 518 jejunia
504 447 786 501 debentur
811 443 1144 500 Christianis
1170 443 1376 511 epulae,
1409 457 1475 498 ea
1496 458 1672 513 quam
1707 445 1940 514 potissi-

248 551 409 591 mum
464 533 803 588 affectabant
863 531 1116 586 hostium
1159 531 1496 600 iniquorum
1534 531 1941 602 saginarentur

249 624 419 678 caede.
455 622 658 676 Franci
703 620 902 690 igitur,
936 627 1109 674 tanta}
1160 620 1414 674 victoriae
1470 619 1724 674 fervente
1765 620 1942 689 tripu-

249 711 363 776 dio,
407 718 666 764 votorum
702 707 1070 762 multitudine
1125 707 1238 762 Deo
1268 707 1621 776 cooperatori
1653 709 1943 778 gratulan-

248 805 352 863 tes,
404 810 519 850 non
570 796 690 850 sine
743 795 990 864 plurimo
1044 795 1369 864 praedarum
1411 795 1622 861 fructu,
1659 796 1727 849 ad
1755 802 1943 850 castra

245 883 548 951 recedunt;
583 884 754 938 Turci
787 898 918 938 vero
951 883 1303 951 impatientes
1343 897 1458 952 prae
1495 883 1708 952 pudore
1739 882 1940 950 videri,

245 970 530 1026 cuniculis
581 979 636 1027 et
691 971 902 1039 caveis,
951 971 998 1025 si
1053 971 1326 1039 valerent,
1382 971 1824 1041 regrederentur
1885 969 1942 1025 in

247 1058 483 1129 patrias.

923 1182 1148 1238 CAPUT
1172 1182 1268 1238 VI.

319 1321 508 1394 [X1V.]
547 1324 816 1376 Castrum
840 1340 1020 1394 prope
1048 1322 1204 1376 urbis
1223 1322 1458 1376 obsessae
1484 1325 1712 1393 portam
1743 1322 1946 1378 consti-

249 1411 446 1464 tuitur.
478 1443 546 1449 —
590 1411 848 1480 Denique
905 1412 1147 1480 majores
1203 1412 1512 1477 exercitus,
1564 1411 1702 1465 dum
1743 1411 1944 1466 crebro

248 1498 614 1568 perpendunt
667 1498 946 1566 plurimas
1002 1513 1060 1552 se
1093 1498 1302 1567 perpeti
1336 1499 1406 1552 ab
1460 1499 1545 1552 his
1577 1500 1675 1567 qui
1713 1499 1943 1553 obside-

246 1588 461 1643 bantur
487 1587 827 1642 incursuum
879 1586 1264 1656 indignitates,
1307 1595 1498 1642 coacto
1528 1587 1765 1642 concilio
1791 1586 1946 1641 difﬁ-

247 1677 417 1730 niunt
448 1683 529 1741 ut,
566 1683 874 1744 antequam
892 1673 1146 1744 aliquam
1182 1674 1387 1744 quovis
1413 1690 1548 1729 casu
1581 1689 1699 1729 suae
1726 1674 1944 1729 militiae

248 1763 684 1818 minorationem
708 1764 1021 1831 patiantur,
1042 1764 1110 1817 ad
1147 1772 1366 1832 portam
1395 1763 1573 1829 urbis,
1609 1764 1707 1819 tibi
1737 1778 1942 1819 eorum

247 1853 448 1907 fanum
472 1851 810 1916 habebatur,
837 1851 933 1906 ubi
962 1865 1193 1920 quoque
1219 1860 1441 1918 pontem
1475 1859 1696 1906 constat
1722 1853 1939 1920 haberi,

248 1947 501 1994 castrum
536 1938 858 2004 instituant,
906 1939 1057 1994 unde
1087 1938 1502 2008 aliquantisper
1534 1940 1779 1996 hostium
1816 1949 1943 1995 ten-

247 2034 500 2082 tamenta
557 2025 927 2094 restringant,
989 2026 1093 2081 Cui
1133 2041 1333 2081 eorum
1386 2029 1698 2094 sententiae,
1750 2028 1942 2083 cuncti

246 2121 383 2170 sunt
432 2114 689 2184 juniores
743 2115 974 2168 assensi.
1009 2114 1090 2168 Ad
1145 2114 1264 2168 haec
1297 2115 1487 2170 Sancti
1529 2116 1714 2185 Egidii
1759 2131 1946 2172 comes

247 2203 467 2272 primus
522 2203 746 2267 intulit;
786 2225 805 2249 ι
845 2204 979 2272 Ego,
1039 2203 1245 2272 inquit,
1305 2204 1602 2272 stipendiis
1661 2204 1940 2260 fulciam:

248 2289 516 2360 idemque
570 2290 812 2345 servabo
879 2289 1222 2344 castellum:
1282 2297 1502 2343 tantum
1544 2289 1665 2343 nihi
1708 2290 1948 2358 opitula-

249 2378 388 2432 mini
458 2379 528 2432 ad
589 2377 1012 2432 aediﬁcandum.
1054 2399 1074 2423 ι
1137 2375 1240 2430 Cui
1300 2375 1471 2430 refert
1530 2377 1941 2432 Boemundus:

251 2486 275 2514 ι
315 2465 368 2520 Si
403 2465 628 2521 libitum
663 2464 824 2519 vobis
882 2466 971 2530 sit,
1018 2463 1267 2532 spondeo
1312 2477 1398 2517 me
1430 2463 1646 2519 iturum
1699 2479 1829 2519 cum
1861 2479 1948 2519 co-

249 2553 384 2608 mite
417 2553 540 2621 isto,
597 2553 699 2622 qui
729 2567 789 2607 se
842 2552 1185 2620 praeobtulit,
1239 2552 1310 2606 ad
1343 2559 1568 2620 portum
1627 2553 1817 2609 Sancti
1863 2553 1945 2609 Si-

250 2640 488 2708 meonis,
524 2641 620 2694 ubi
652 2639 880 2708 {pariter
927 2654 1021 2692 eos
1047 2638 1338 2694 tuebimur
1369 2640 1470 2708 qui
1517 2639 1653 2695 huic
1687 2641 1948 2696 insistent

248 2726 424 2794 operi.

249 2814 413 2869 urbis
469 2822 662 2883 portas
717 2814 991 2868 excedere
1047 2813 1256 2868 sinant.
1297 2836 1324 2861 ››
1379 2813 1575 2870 Comes
1631 2815 1825 2884 itaque
1882 2831 1950 2871 ac

251 2902 621 2958 Boemundus
671 2902 744 2957 ad
783 2901 969 2957 Sancti
1013 2901 1309 2969 Simeonis,
1367 2902 1450 2957 uti
1512 2912 1946 2972 proposuerant,

251 3005 575 3062 processere
609 2996 858 3060 portum.
895 2989 978 3044 Hii
1011 3004 1149 3045 vero
1179 2991 1277 3059 qui
1308 2998 1720 3059 remanserant,
1746 2993 1944 3046 castel-

250 3081 372 3138 lum
435 3081 733 3135 instituere
784 3079 1011 3134 fuerant
1072 3078 1348 3148 aggressi,
1399 3079 1494 3134 sed
1543 3079 1712 3134 Turci
1773 3079 1949 3150 hujus

250 3168 473 3227 aediﬁcii
524 3167 809 3238 principia
856 3166 1350 3222 vehementissimo
1409 3167 1624 3236 impetu
1672 3167 1948 3222 turbave-

250 3266 408 3315 runt.
458 3257 771 3326 Repentino
827 3270 964 3326 ergo
1013 3263 1236 3310 nostros
1275 3255 1648 3324 pervadentes
1688 3255 1943 3321 incursu,

252 3355 413 3417 terga
467 3361 563 3402 eos
621 3351 842 3400 vertere
888 3351 1218 3413 coegerunt,
1264 3342 1540 3412 plurimos
1593 3343 1944 3412 occiderunt,

253 3436 400 3492 diem
437 3433 669 3491 Francis
700 3433 1007 3504 lugubrem
1041 3431 1376 3486 intulerunt.

329 3524 517 3592 Turci,
574 3521 904 3594 irruptione
946 3521 1134 3587 facta,
1165 3536 1196 3574 e
1245 3518 1593 3576 Christianis
1645 3521 1952 3575 nonnullos

250 3611 622 3682 interﬁciunt.
650 3641 718 3650 —
757 3609 1131 3679 Comperiunt
1185 3607 1452 3677 postridie
1511 3607 1681 3663 Turci
1722 3608 1950 3678 aliquos

253 3699 578 3770 principum
637 3696 918 3753 obsidioni
977 3696 1186 3760 deesse,
1250 3702 1304 3749 et
1373 3694 1526 3763 quod
1596 3694 1669 3748 ad
1720 3703 1948 3764 portum

254 3788 443 3844 Sancti
504 3786 780 3842 Simeonis
849 3783 1128 3852 abissent;
1185 3781 1366 3837 multo
1433 3790 1716 3852 apparatu
1761 3797 1819 3839 se
1862 3784 1948 3838 in-

254 3882 486 3931 struunt
517 3882 690 3944 atque
719 3887 754 3928 a
785 3881 953 3942 portu
991 3871 1365 3927 redeuntibus
1391 3871 1580 3927 subito
1614 3879 1944 3927 occurrunt.

254 3964 517 4033 Cumque
573 3961 834 4016 comitem
882 3973 949 4014 ac
990 3959 1389 4014 Boemundum
1420 3974 1551 4014 cum
1588 3959 1817 4015 militari
1852 3961 1952 4015 fre-

255 4052 493 4121 quentia
544 4050 854 4104 adventare
901 4047 1312 4117 conspicerent,
1351 4062 1570 4116 erepere
1599 4047 1866 4103 stridores
1895 4055 1949 4103 et

256 4137 510 4210 garritus
568 4137 711 4192 [inde
765 4135 935 4190 nimis
986 4135 1396 4190 conclamando
1443 4135 1717 4201 emittere,
1763 4135 1950 4190 unde-

509 2726 739 2781 Residui
789 2725 1070 2780 obsidioni
1111 2739 1342 2794 operam
1396 2726 1551 2792 dent,
1614 2741 1719 2782 nec
1764 2728 1948 2783 hostes
1990 2753 2007 2768 -

2046 444 2526 514 quamplurimas.
2561 475 2630 485 —
2656 447 2728 502 At
2777 448 3145 504 Boemundus
3187 450 3410 505 inﬁnita
3441 466 3616 520 super
3653 453 3760 507 tali

2049 532 2362 588 infortunio
2417 534 2706 590 anxietate
2782 537 3044 603 detritus,
3101 537 3220 592 via'
3261 540 3764 608 compendiosiore

2049 619 2340 690 digressus
2370 636 2404 676 a
2438 622 2622 684 sociis,
2678 638 2809 678 cum
2872 625 3072 692 paucis
3120 625 3192 679 ad
3232 625 3580 682 obsidionem
3619 642 3763 697 per-

2051 709 2206 763 venit
2233 711 2544 779 equitibus,
2589 727 2734 781 quos
2763 721 2818 768 et
2848 713 3055 782 reperit
3081 722 3454 783 congregatos
3493 712 3762 768 insimul.

2050 794 2313 852 Eﬁeratis
2363 799 2556 868 itaque
2587 801 2843 855 omnium
2871 815 3044 869 super
3083 815 3321 856 suorum
3363 801 3766 856 internecione

2051 883 2278 949 animis,
2319 891 2374 939 et
2412 883 2633 942 Christo
2681 887 3053 942 amarissimis
3097 887 3346 943 ﬁdelium
3398 888 3767 958 singultibus

2052 979 2376 1038 provocato,
2409 987 2502 1027 eos
2559 975 2660 1043 qui
2697 981 2855 1028 tanta
2885 975 2993 1029 sibi
3025 975 3386 1030 incommoda
3435 977 3764 1031 intulerant

2052 1059 2405 1114 unanimiter
2453 1062 2728 1128 invasuri,
2763 1063 2832 1117 ad
2864 1062 3039 1132 praelii
3072 1063 3193 1118 loca
3227 1064 3588 1132 perveniunt.
3621 1063 3764 1118 Sta-

2051 1144 2191 1199 bant
2245 1145 2493 1201 hostium
2551 1149 2828 1216 cohortes,
2889 1150 2958 1204 de
3009 1165 3205 1206 recens
3255 1158 3384 1205 acta
3432 1151 3698 1216 victoria,
3730 1163 3765 1204 e

2052 1235 2281 1304 regione
2319 1248 2554 1300 securae,
2611 1238 2958 1292 aestimantes
2988 1237 3112 1292 istic
3138 1252 3196 1292 se
3224 1237 3413 1292 itidem
3445 1236 3765 1292 ell’ecturos

2053 1337 2184 1392 quae
2241 1337 2370 1378 cum
2421 1327 2622 1380 comite
2651 1334 2705 1379 et
2745 1325 3074 1381 Boemundo
3129 1341 3188 1381 se
3223 1327 3757 1396 egissejactabant.

2057 1411 2268 1466 Verum
2302 1411 2574 1480 malignis
2603 1411 2670 1466 de
2699 1413 2955 1482 nequitia
2977 1414 3442 1482 proponentibus,
3467 1413 3764 1482 benignus

2054 1499 2206 1553 Deus
2232 1498 2320 1566 pie
2353 1498 2604 1567 disponit
2638 1515 2769 1567 qua:
2803 1501 3004 1556 debeat
3036 1503 3282 1556 remedia
3313 1511 3582 1570 praestare
3613 1517 3760 1556 ωαξ-

2057 1585 2333 1640 rentibus.
2397 1587 2652 1657 lnsignes
2707 1603 2842 1659 ergo
2895 1589 3022 1656 viri,
3054 1590 3246 1645 dolore
3279 1591 3520 1645 fratrum
3586 1591 3761 1644 inter-

1984 1657 2022 1709 Β
2054 1672 2328 1726 tectorum
2355 1676 2760 1742 compassionis
2781 1657 2996 1743 adacti,
3029 1678 3192 1748 signo
3223 1680 3410 1732 crucis
3441 1678 3758 1732 Dominieae

2050 1756 2337 1815 irontihus
2368 1763 2692 1832 animisque
2722 1764 2976 1832 praeﬁxo,
3001 1765 3274 1819 universa
3297 1766 3350 1818 in
3381 1765 3504 1819 illos
3536 1766 3757 1820 virium

2051 1859 2290 1901 suarum
2346 1849 2643 1905 collatione
2689 1851 3031 1906 funduntur.
3061 1854 3312 1914 Quorum
3346 1851 3425 1906 illi
3459 1852 3758 1907 unanimi-

2056 1938 2166 1987 tate
2211 1948 2485 2002 perpensa
2543 1936 2814 1992 continuo
2845 1938 3074 2003 cedunt,
3108 1946 3162 1992 et
3194 1938 3260 1992 ad
3296 1938 3758 2008 Pharpharicum

2054 2030 2281 2090 pontem
2348 2039 2446 2092 per
2499 2025 2625 2094 ejus
2674 2026 2971 2095 angustias
3027 2026 3321 2080 transituri
3373 2027 3755 2082 contendunt.

2053 2109 2496 2178 Angustabatur
2540 2112 2964 2168 transeuntium
3027 2112 3356 2180 multitudo,
3411 2113 3550 2168 dum
3612 2115 3760 2184 fuga

2056 2212 2459 2271 praeproperat,
2504 2211 2558 2259 et
2599 2219 2733 2260 cum
2781 2206 3030 2274 peditum
3075 2207 3457 2276 equitumque
3506 2220 3755 2272 cuneus,

2055 2297 2238 2366 spatio
2285 2311 2404 2352 sese
2436 2298 2695 2354 breviore
2741 2307 3062 2369 coaggerat,
3105 2314 3278 2355 suum
3323 2299 3572 2369 quisque
3600 2313 3759 2354 com-

2058 2400 2273 2456 parem,
2321 2387 2457 2442 dum
2511 2388 2714 2443 nititur
2776 2389 3196 2458 praetervolare,
3241 2389 3574 2458 praacipitat.
3638 2388 3759 2442 Nec

2056 2476 2262 2529 nostris
2309 2489 2484 2544 super
2515 2476 2617 2530 isto
2676 2475 2801 2545 [al.,
2857 2475 3015 2548 istos]
3070 2476 3370 2547 vigilantia
3415 2477 3628 2541 deerat,
3693 2483 3758 2531 ut

2057 2561 2154 2617 ubi
2186 2562 2347 2632 vulgi
2379 2563 2650 2633 fugientis
2691 2564 3010 2635 frequentia
3058 2566 3386 2621 densescere
3423 2565 3754 2630 videbatur,

2058 2651 2135 2704 ibi
2167 2665 2281 2705 non
2320 2651 2390 2706 de
2440 2651 2799 2719 vulneribus,
2852 2653 2950 2708 sed
3003 2654 3072 2709 de
3098 2653 3410 2723 pracipitio
3456 2660 3753 2722 ageretur.

2057 2739 2219 2802 Quod
2247 2739 2294 2794 si
2340 2739 2470 2808 quis
2508 2739 2678 2809 aquis
2718 2739 3038 2809 immersus,
3072 2749 3172 2796 aut
3203 2756 3303 2811 per
3325 2741 3511 2810 pontis
3539 2741 3759 2796 colum-

2057 2843 2160 2883 nas
2193 2827 2458 2897 rependo,
2492 2831 2593 2883 aut
2640 2829 2910 2884 manibus
2945 2829 3229 2884 enatando
3273 2829 3342 2884 ad
3382 2829 3603 2883 aridam
3652 2841 3757 2883 co-

2057 2922 2338 2969 narentur
2388 2928 2698 2984 emergere,
2735 2915 2881 2971 illico
2937 2929 2971 2970 a
3011 2917 3240 2981 nostris,
3272 2917 3457 2984 ripam
3495 2914 3758 2971 ﬂuminis

2057 3001 2466 3067 ambientibus,
2492 3001 2708 3058 medias
2752 3003 2940 3058 undas
2991 3003 3306 3075 cogebatur
3335 3003 3638 3072 absorptus
3672 3002 3758 3056 in-

2055 3095 2301 3137 sumere.

2127 3169 2309 3223 Tanta
2337 3175 2527 3224 autem
2562 3168 2739 3240 hujus
2769 3170 3074 3226 redhibitio
3131 3171 3302 3228 cadis
3329 3168 3612 3226 exstitisse
3659 3183 3756 3224 co-

2057 3257 2371 3327 gnoscitur,
2416 3265 2479 3312 ut
2521 3258 2873 3328 Pharpharis
2921 3260 3079 3315 unda
3111 3260 3298 3329 potius
3327 3259 3550 3314 cruoris
3575 3271 3757 3328 quam

2056 3343 2238 3399 laticis
2303 3352 2623 3413 putaretur.
2678 3346 2875 3401 Tantis
2927 3347 3133 3402 ibidem
3196 3346 3330 3402 victi
3395 3345 3759 3414 victoresque

2057 3445 2439 3502 concrepuere
2471 3432 2838 3501 clamoribus,
2891 3443 3050 3490 tanta
3084 3433 3446 3504 pereuntium
3487 3441 3541 3487 et
3571 3433 3758 3500 perire

2057 3521 2404 3591 cogentium,
2463 3528 2694 3590 tamque
2728 3521 2999 3576 terribilis
3054 3520 3328 3577 vocalitas
3369 3519 3658 3574 ferebatur
3693 3527 3758 3574 ut

2060 3609 2281 3680 pulsari
2327 3609 2662 3678 strepitibus
2721 3610 2991 3666 caelorum
3034 3617 3378 3679 supremitas
3401 3607 3754 3662 crederetur.

2058 3697 2288 3754 Crebris
2337 3697 2579 3752 telorum
2619 3698 2890 3768 jactibus,
2939 3698 3272 3766 caeterisque
3310 3694 3621 3751 missilibus
3659 3694 3758 3749 ﬁe-

2058 3784 2154 3839 bat
2185 3784 2424 3840 nubilus
2476 3799 2594 3850 aer,
2629 3786 2895 3856 globique
2923 3785 3122 3841 solaris
3151 3783 3400 3850 claritas,
3428 3781 3761 3852 jaculorum

2056 3873 2375 3927 errantium
2433 3871 2731 3927 interstitio
2773 3873 3092 3943 tegebatur.
3131 3871 3396 3928 Mulieres
3423 3869 3581 3925 urbis
3607 3869 3759 3923 indi-

2057 3974 2239 4029 genae,
2274 3959 2610 4014 Christiana
2648 3960 2902 4028 quidem,
2936 3961 3086 4015 circa
3126 3961 3277 4016 muri
3321 3957 3765 4030 propugnacula

2057 4045 2378 4115 spectaculo
2426 4045 2758 4115 hujusmodi
2811 4047 3212 4115 pascebantur.
3262 4053 3316 4102 et
3358 4046 3494 4101 dum
3541 4045 3765 4100 Turcos

2062 4133 2284 4204 perimi,
2324 4139 2521 4202 totque
2575 4135 2852 4189 aerumnis
2905 4135 3091 4190 addici
3141 4135 3516 4205 prospiciunt,
3549 4147 3584 4188 a
3614 4133 3760 4188 facie

255 4241 488 4296 cunque
540 4231 760 4280 nostros
789 4223 1028 4289 ambire,
1058 4223 1327 4292 jaculari,
1362 4221 1653 4292 sagittare,
1687 4222 1950 4278 vulneri-
1989 4244 2032 4298 Β
2060 4221 2360 4291 ingemunt
2393 4235 2404 4274 :
2440 4220 2536 4276 sed
2565 4221 2781 4276 aversis
2809 4221 3066 4278 vultibus
3095 4223 3445 4277 Francorum
3471 4221 3763 4290 prosperis

255 4317 365 4372 bus
392 4314 563 4370 etiam
597 4312 828 4368 inflictis
859 4311 1216 4367 truculenter
1254 4311 1529 4366 occidere.
1565 4311 1746 4365 Tanta
1787 4324 1952 4366 nam-

255 4419 370 4475 que
401 4403 509 4459 fuit
548 4415 748 4458 eorum
800 4400 1137 4470 irruptionis
1183 4399 1483 4464 acerbitas,
1539 4406 1602 4453 ut
1628 4400 1803 4454 nostri
1852 4399 1951 4455 vix

253 4495 621 4551 elaberentur
685 4504 784 4562 per
837 4491 1111 4560 contigua
1176 4496 1449 4544 montana
1501 4487 1836 4557 pracipites,
1897 4495 1954 4544 et

254 4597 495 4654 quaqua
552 4594 784 4637 versum
831 4586 1019 4649 patere
1060 4577 1332 4647 potuisset
1384 4591 1674 4633 excessus.
1715 4576 1822 4642 Qui
1864 4591 1956 4646 po-

254 4672 364 4728 tuit
394 4671 590 4741 aliqua
616 4670 896 4735 volucres,
941 4674 1004 4722 ut
1033 4667 1115 4721 sic
1144 4665 1410 4734 dixerim,
1455 4679 1634 4735 equos
1667 4665 1954 4721 celeritate

255 4765 407 4815 403
461 4757 852 4829 praetergredi,
907 4755 1116 4824 evasit;
1149 4753 1196 4808 si
1227 4767 1397 4823 quem
1431 4753 1657 4824 gentilis
1687 4752 1954 4808 alacritas

252 4849 460 4919 reperit
488 4847 832 4916 segniorem,
857 4843 1143 4900 occubuit.
1176 4843 1239 4896 ln
1267 4841 1374 4896 hac
1399 4849 1576 4908 tanta,
1609 4856 1740 4912 qua:
1783 4847 1957 4910 puta-

256 4938 447 5003 batur,
511 4934 852 5000 calamitate,
913 4939 1243 4987 nostrorum
1303 4928 1686 4985 millenarium
1742 4929 1954 4985 mortui

255 5039 598 5096 superavere
626 5035 954 5079 numerum.
987 5018 1139 5085 Quos
1187 5017 1315 5073 ﬁdei
1378 5017 1698 5073 testimonio
1739 5017 1954 5086 proba-

257 5115 416 5181 biles,
454 5117 625 5184 juxta
680 5108 1034 5180 Apostolum,
1084 5106 1347 5162 inventos
1387 5106 1480 5176 (II
1543 5104 1688 5159 Tim.
1747 5119 1805 5171 ii,
1838 5104 1951 5174 15),

257 5203 501 5274 gloriosa
549 5207 672 5270 post
715 5212 910 5254 necem
951 5201 1302 5264 exceperunt
1335 5193 1571 5264 praemia
1604 5191 1952 5262 passionum,

257 5290 491 5361 quibus,
550 5289 596 5343 si
649 5300 796 5358 quas
869 5297 1094 5340 necesse
1162 5283 1332 5338 fuerit
1388 5288 1748 5352 peccatorum
1798 5279 1956 5336 luere

255 5391 472 5449 poenas,
527 5375 646 5431 sola
693 5373 996 5445 sanguinis
1043 5370 1246 5429 eﬁ'usio
1291 5384 1522 5428 omnem
1552 5369 1660 5427 fuit
1685 5367 1958 5441 potentis-

257 5467 404 5523 sima
431 5477 685 5535 purgare
713 5470 962 5520 reatum.

2063 4310 2367 4365 eventibus
2406 4309 2646 4364 latenter
2699 4310 3088 4380 applaudunt.
3157 4310 3521 4381 Cogebantur
3563 4317 3759 4364 autem

2063 4396 2317 4451 Armenii
2366 4409 2433 4450 ac
2462 4395 2609 4464 Syri,
2642 4411 2774 4452 cum
2824 4404 3011 4452 essent
3040 4395 3370 4462 Christiani,
3421 4394 3658 4465 sagittas
3688 4395 3762 4450 ad

2063 4492 2286 4540 nostros
2316 4484 2589 4550 emittere,
2632 4484 2872 4554 quidam
2919 4492 3108 4540 autem
3132 4498 3203 4540 ex
3236 4483 3390 4553 ipsis,
3426 4490 3481 4536 et
3511 4482 3762 4551 idipsum

2064 4571 2347 4628 faciebant
2377 4578 2594 4640 sponte.
2629 4571 3039 4628 Occubuerunt
3068 4571 3353 4642 siquidem
3383 4570 3504 4625 istic
3544 4569 3762 4624 duode-

2064 4661 2175 4715 cim
2206 4661 2274 4716 de
2301 4673 2501 4715 eorum
2533 4659 2883 4729 primoribus
2904 4661 3036 4728 viri,
3071 4674 3218 4730 quos
3242 4658 3417 4715 verbo
3449 4657 3760 4712 Chaldaico

2064 4754 2339 4816 satrapas,
2401 4745 2718 4801 secundum
2769 4760 2968 4802 eorum
3015 4745 3338 4802 barbariem
3383 4741 3764 4798 admiravisos

2064 4835 2283 4903 dicunt,
2340 4834 2555 4904 aliique
2616 4835 2994 4904 quamplures
3040 4835 3109 4890 de
3156 4834 3341 4904 magis
3402 4831 3658 4902 praeditis
3697 4844 3763 4885 ac

2063 4923 2456 4980 solertioribus
2494 4922 2746 4992 ipsorum
2800 4922 3075 4992 personis,
3127 4923 3344 4992 quibus
3387 4927 3500 4975 tota
3544 4918 3764 4974 incum-

2066 5012 2234 5068 bebat
2275 5010 2522 5066 defensio
2555 5011 2823 5066 civitatis.
2874 5010 2982 5078 Qui
3013 5011 3344 5066 ferebantur
3391 5006 3543 5064 mille
3579 5007 3762 5062 exsti-

2066 5100 2196 5154 tisse
2245 5097 2570 5168 quingenti.
2625 5097 2735 5164 Qui
2776 5112 2913 5154 vero
2971 5099 3108 5154 huic
3130 5097 3346 5154 residui
3377 5097 3534 5152 fuere
3562 5095 3760 5162 exitio,

2065 5187 2292 5253 nostris,
2338 5187 2422 5242 uti
2463 5193 2594 5242 ante
2647 5194 3084 5253 consueverant,
3142 5184 3417 5240 insultare
3448 5181 3763 5248 desierunt,

2065 5273 2227 5332 nulla
2267 5288 2466 5330 eorum
2517 5273 2849 5344 garrulitas,
2885 5273 2965 5328 nil
3009 5274 3272 5342 deinceps
3301 5270 3542 5328 scurrile
3579 5283 3764 5339 appa—

2067 5365 2220 5431 ruit,
2249 5365 2370 5419 dies
2396 5363 2504 5418 ista
2553 5361 2900 5419 diuturnum
2934 5361 3163 5418 illorum
3207 5359 3488 5432 gaudium
3522 5371 3766 5414 maerore

2066 5455 2331 5512 mutavit.
