3902 6082
122 280 232 334 745

1232 281 1455 336 GESTA
1496 283 1607 335 DEI
1651 283 1783 338 PER
1826 285 2162 340 FRANCOS.
2188 287 2406 340 —LIB.
2451 288 2535 342 IV.

3520 300 3623 352 746

119 417 279 485 Ergo
326 415 740 484 superveniens
788 430 924 482 nox,
959 416 1173 484 vulgus
1213 423 1528 486 utrumque
1573 417 1818 484 diremit,
1860 423 1904 473 A
1938 419 2147 476 laboris
2205 421 2472 478 instantia
2530 425 2666 493 quid
2725 426 2861 479 mihi
2930 427 3300 496 imposterum
3363 432 3628 498 utilitatis

116 505 584 571 Destiterantque
618 516 846 567 manus,
876 502 1084 557 animis
1115 503 1471 573 agitantibus
1501 518 1679 559 arma.

190 591 255 645 In
280 596 504 644 tantum
559 597 752 644 autem
801 590 920 644 hac
959 591 1168 645 nostris
1221 590 1434 660 profuit
1474 590 1714 646 victoria
1759 598 1822 646 ut

117 691 426 748 nunquam
455 677 696 733 ulterius
729 685 950 732 tantum
981 679 1201 734 roboris
1232 692 1298 733 ac
1320 679 1534 734 virium
1570 679 1824 734 videren-

113 774 214 821 tur
275 766 506 832 habere,
556 780 874 835 eorumque
931 780 1044 820 vox
1099 769 1495 822 conticesceret
1545 767 1818 822 irrisoria.

113 853 295 909 Porro
320 855 489 910 etiam
533 854 600 908 de
648 853 862 917 multis,
916 867 1168 923 quorum
1226 863 1448 910 nostros
1494 855 1823 911 necessitate

112 943 416 998 constabat
443 944 681 1013 {urgeri,
729 941 946 997 affatim
993 941 1201 997 refecta
1241 949 1342 1009 est,
1397 943 1509 997 Deo
1558 942 1819 1011 propitio,

116 1028 459 1099 indigentia.

191 1117 420 1172 Postero
471 1117 649 1186 igitur
681 1117 770 1171 die
818 1131 948 1172 cum
992 1116 1308 1180 diluxisset,
1343 1117 1662 1172 Turcorum
1712 1117 1822 1172 ali-

113 1205 218 1274 qui
255 1205 322 1260 de
353 1205 495 1260 urbe
523 1205 823 1274 prodeunt,
857 1213 1215 1259 mortuorum
1249 1219 1490 1260 suorum
1540 1205 1822 1260 cadavera

116 1293 423 1362 colligunt,
456 1293 722 1361 quaedam
756 1292 988 1360 quidem
1021 1306 1319 1361 reperere;
1354 1293 1465 1347 alia
1485 1307 1642 1358 vero,
1673 1293 1825 1347 intra

118 1380 386 1434 ﬂuminis
417 1380 646 1434 alveum
678 1387 876 1434 enecta
919 1380 1244 1447 disperiere,
1285 1390 1339 1435 et
1384 1395 1515 1449 qua
1565 1380 1822 1436 invenire

112 1467 375 1535 contigit,
408 1467 477 1520 ad
513 1467 709 1521 fanum
741 1481 912 1521 suum
945 1467 1097 1536 quod
1129 1468 1568 1522 Mathomariam
1594 1476 1819 1532 vocant,

116 1553 276 1608 ultra
339 1563 564 1623 pontem
628 1555 1080 1623 Pharpharicum
1143 1557 1430 1624 sepeliere,
1472 1557 1544 1610 ad
1600 1562 1820 1625 portam

121 1642 464 1697 Antiochia.
526 1643 591 1696 In
652 1656 903 1711 quorum
965 1643 1204 1697 tumulis
1270 1658 1571 1712 reposuere
1630 1643 1820 1712 pallia,

1929 509 2268 580 obtingeret,
2311 528 2415 582 ego
2459 513 2841 569 sollicitudine
2889 518 3248 584 competenti,
3283 518 3626 574 domestico-

1931 610 2060 651 rum
2093 611 2352 654 meorum
2405 601 2784 656 contubernio
2808 601 3014 671 fultus,
3049 605 3192 659 idem
3226 614 3477 661 castrum
3526 621 3623 662 sa-

1929 690 2179 754 tagerem
2225 686 2513 754 roborare,
2566 696 2618 743 et
2672 690 2796 744 vias
2843 704 2942 758 per
2997 706 3143 761 quas
3210 693 3396 748 hostes
3447 696 3621 750 nostri

1931 772 2268 840 procedendi
2301 774 2480 830 solent
2510 776 2722 832 habere
2763 777 3072 845 licentiam,
3128 781 3240 835 Deo
3283 781 3620 848 auxiliante,

1930 861 2180 915 conabor
2235 863 2551 918 occludere.
2591 884 2617 915 »
2649 865 2831 934 Cujus
2873 867 3163 936 principes
3194 867 3469 924 benevola
3501 870 3623 924 illa-

1933 947 2080 1002 tione
2109 948 2312 1017 gavisi,
2358 951 2640 1019 spondent
2685 953 2958 1010 continuo
3002 968 3060 1010 se
3116 955 3298 1011 eidem
3349 957 3623 1025 prabitu-

1929 1049 2023 1089 ros
2051 1035 2508 1106 quadringentas
2538 1040 2802 1095 marchas
2848 1043 3089 1112 argenti.
3138 1044 3311 1113 {Egre
3351 1045 3450 1100 tali
3494 1059 3620 1115 pro-

1931 1121 2122 1215 misso,
2149 1123 2289 1215 quia
2309 1125 2378 1178 ad
2402 1127 2783 1215 quantitatem
2801 1129 2975 1184 studii
3003 1130 3296 1186 videretur
3318 1133 3621 1215 exiguum,

1929 1210 2260 1266 Tancredus
2318 1214 2575 1268 assensit.
2632 1217 2918 1283 Attamen,
2977 1217 3024 1272 si
3073 1218 3365 1274 desisteret
3405 1235 3474 1275 ne
3521 1210 3626 1275 dei-

1933 1305 2236 1367 putaretur
2291 1300 2528 1368 inertia,
2587 1304 2884 1372 equitibus
2943 1313 3117 1375 atque
3156 1307 3478 1372 clientibus,
3524 1307 3627 1377 qui

1931 1388 2039 1442 sibi
2093 1387 2450 1444 familiariter
2501 1391 2890 1458 adharebant,
2943 1394 3239 1448 confestim
3281 1403 3335 1449 et
3394 1395 3625 1450 indubi-

1933 1483 2120 1530 tanter
2149 1479 2477 1545 assumptis,
2521 1478 2838 1533 dominium
2889 1480 3106 1535 castelli
3140 1481 3405 1545 obtinuit,
3441 1483 3626 1537 facul-

1934 1569 2102 1618 tatem
2137 1566 2465 1634 egrediendi
2499 1575 2664 1622 extra
2703 1568 2864 1623 urbis
2898 1576 3087 1637 portas
3118 1570 3376 1624 hostibus
3429 1571 3626 1625 abstu--

1933 1652 2015 1718 lit,
2050 1653 2482 1723 maximamque
2537 1669 2734 1710 eorum
2797 1671 2927 1725 qua
2985 1657 3056 1711 ad
3103 1672 3387 1727 equorum
3417 1658 3630 1726 pabula

115 1731 440 1798 Byzanteos
472 1744 695 1794 aureos,
755 1731 995 1801 sagittas
1023 1739 1077 1786 et
1130 1746 1320 1798 arcus,
1370 1732 1655 1802 pluraque

2089 1750 2221 1796 nent
2253 1743 2578 1811 penuriam,
2624 1744 2915 1814 lignorum
2947 1746 3116 1801 etiam
3173 1756 3630 1816 caterorumque

121 1817 416 1883 utensilia,
474 1833 604 1887 qua
670 1818 994 1887 exprimere
1059 1820 1508 1888 supersedimus.
1566 1819 1824 1884 Quarum

121 1905 464 1960 inferiarum
499 1920 630 1962 cum
662 1907 730 1960 ad
765 1913 987 1961 nostros
1027 1907 1345 1962 devenisset
1391 1906 1612 1973 notitia,
1659 1906 1823 1961 fune-

118 2003 273 2050 stum
305 1995 714 2059 fcameterium
749 1995 908 2055 illud,
948 1995 1124 2049 multo
1151 2010 1442 2050 armorum
1477 1996 1600 2050 freti
1640 2009 1824 2064 appa-

120 2090 277 2148 ratu,
349 2083 584 2148 adeunt,
647 2081 956 2150 fractisque
1027 2083 1307 2150 sepulcris
1385 2083 1508 2138 erui
1586 2095 1826 2152 corpora

123 2169 336 2224 exinde
394 2169 752 2238 pracipiunt,
805 2169 1071 2237 factaque
1125 2170 1389 2239 congerie
1431 2170 1487 2224 in
1521 2170 1824 2240 cujusdam

124 2259 305 2314 fovea
331 2259 446 2313 ima
474 2258 806 2314 devolvunt.
837 2257 1094 2323 Quorum
1147 2259 1432 2327 capitibus
1462 2266 1650 2314 tamen
1699 2273 1825 2314 am-

125 2345 364 2416 putatis,
408 2347 479 2401 ad
509 2361 614 2401 sua
644 2360 712 2401 ea
767 2346 1052 2414 deportari
1099 2345 1280 2401 fecere
1304 2348 1586 2412 ,tentoria,
1623 2355 1826 2416 quate-

124 2448 238 2490 nus
269 2448 471 2489 eorum
512 2434 613 2502 qui
666 2433 1077 2498 occubuerant,
1129 2435 1461 2503 supputatio
1515 2435 1826 2490 haberetur

126 2530 308 2589 certa,
374 2521 625 2590 exceptis
682 2528 936 2589 quatuor
1003 2534 1285 2589 equorum
1349 2522 1642 2590 oneribus,
1696 2536 1826 2592 qua

125 2613 565 2678 asportaverant
615 2607 974 2677 imperatoris
1004 2608 1334 2677 Babyloniei
1365 2610 1554 2679 legati,
1592 2617 1828 2679 patrata

125 2699 343 2754 scilicet
391 2705 590 2752 contra
667 2697 884 2751 Turcos
958 2696 1212 2751 victoria
1284 2697 1626 2753 testimonia.
1691 2697 1828 2763 Qua

125 2787 300 2843 Turci
345 2786 719 2850 attendentes,
755 2783 934 2839 multo
987 2785 1200 2853 agrius
1257 2786 1437 2840 tulere
1495 2786 1564 2840 de
1593 2786 1825 2854 exposi-

127 2876 280 2931 tione
309 2874 656 2928 cadaverum
694 2885 871 2941 quam
926 2871 1176 2926 tulerant
1210 2885 1385 2940 super
1439 2873 1828 2928 interfectione

1933 1828 2186 1895 utilium,
2211 1829 2521 1898 plurimam
2554 1833 2844 1886 raritatem
2879 1833 3106 1888 indixit.

2004 1918 2203 1986 Itaque
2263 1918 2354 1972 vir
2409 1919 2696 1990 egregius,
2750 1921 3206 1990 [perseveranter
3270 1937 3632 1978 commanere

1935 2004 2144 2073 delegit
2195 2004 2427 2072 ibidem,
2497 2015 2550 2060 et
2610 2007 2917 2062 subtractis
2979 2009 3392 2064 commeatibus
3463 2010 3631 2078 capit

1935 2092 2402 2162 circumcingere,
2468 2093 2578 2147 imo
2607 2095 2901 2149 obstruere
2949 2096 3102 2149 omni
3135 2095 3439 2164 vigilantia
3491 2097 3629 2151 civi-

1936 2187 2128 2234 tatem.
2162 2179 2289 2248 Ipsa
2323 2189 2516 2236 autem
2558 2182 2648 2236 die
2677 2196 2794 2251 qua
2841 2182 2988 2236 idem
3040 2188 3292 2237 castrum
3350 2183 3628 2248 subierat,

1933 2279 2147 2336 magna
2173 2264 2499 2336 frequentia
2557 2269 2959 2323 Armeniorum
3009 2277 3184 2338 atque
3225 2268 3496 2338 Syrorum
3532 2284 3632 2339 per

1936 2363 2208 2410 montana
2237 2355 2518 2421 veniebat,
2552 2371 2683 2425 qua
2727 2357 2966 2411 obsessa
3017 2357 3234 2412 civitati
3266 2358 3628 2412 diversorum

1935 2442 2342 2498 alimentorum
2373 2443 2657 2512 stipendia
2704 2443 3078 2498 convehebat.
3119 2443 3339 2510 Quibus
3377 2445 3632 2514 optimus

1937 2530 2029 2584 ille
2069 2544 2266 2599 eques,
2327 2538 2390 2585 ut
2422 2530 2590 2584 cilicii
2648 2531 2815 2600 capti
2865 2545 3167 2600 prosperos
3205 2533 3437 2588 haberet
3467 2547 3634 2589 even-

1936 2624 2056 2686 tus,
2087 2632 2201 2672 non
2237 2626 2351 2672 tam
2383 2626 2532 2672 sorte
2563 2633 2739 2688 quam
2774 2620 2888 2673 Deo
2924 2620 3235 2689 ingerente,
3271 2621 3331 2675 fit
3376 2621 3629 2686 obviam,

1935 2713 1988 2760 et
2025 2704 2417 2774 apprehensis,
2480 2705 2719 2760 multam
2776 2706 3068 2770 frumenti,
3103 2707 3223 2761 vini
3275 2715 3449 2776 atque
3501 2707 3628 2776 olei,

1937 2792 2301 2863 aliorumque
2331 2807 2445 2848 non
2505 2793 2701 2849 minus
2750 2795 3202 2850 necessariorum
3250 2796 3489 2865 diripuit
3540 2810 3632 2851 co-

1937 2880 2109 2949 piam.
2138 2879 2393 2950 Necjam
2451 2881 2536 2935 vir
2576 2880 2762 2936 bonus
2807 2882 3084 2951 conqueri
3107 2875 3319 2950 potuit,
3347 2897 3476 2937 cum
3513 2891 3629 2937 tam

127 2965 408 3032 ipsorum.
444 2961 566 3016 Non
595 2961 747 3016 enim
775 2961 895 3030 jam
928 2960 1252 3015 maestitiam
1288 2961 1557 3055 modestis
1600 2962 1825 3017 ﬂetibus
1863 2999 1906 3055 ο
1937 2969 2028 3037 pio
2058 2975 2424 3023 exerceretur
2469 2967 2694 3039 negotio
2734 2969 3014 3024 divinitus
3060 2984 3181 3024 sese
3220 2970 3484 3036 oblitum,
3533 2971 3630 3026 sed

126 3049 547 3120 temperabant,
580 3048 675 3103 sed
709 3048 925 3118 pudore
969 3061 1216 3114 recusso,
1261 3047 1574 3117 ejulatibus
1614 3050 1826 3117 pradi-

128 3139 365 3194 cabanL

203 3226 395 3281 Tertia
450 3224 663 3280 abhinc
722 3224 811 3279 die
867 3231 1120 3279 castrum
1178 3223 1480 3292 prafatum
1544 3223 1829 3280 adificare

127 3319 476 3382 coeperunt,
531 3326 603 3367 ex
656 3313 744 3368 his
811 3311 1072 3367 videlicet
1132 3311 1422 3380 lapidibus
1477 3318 1624 3366 404
1686 3327 1832 3383 quos

128 3401 330 3458 fractis
363 3400 662 3471 gentilium
714 3399 1086 3469 sarcophagis
1129 3400 1408 3455 tulerunt.
1442 3399 1641 3456 Castro
1671 3402 1832 3457 deni-

126 3503 247 3560 que
289 3487 577 3557 explicito,
629 3487 796 3556 capit
845 3487 965 3557 jam
1022 3486 1225 3542 civitas
1263 3501 1395 3557 qua
1457 3488 1831 3545 obsidebatur

129 3577 368 3643 arctari,
403 3576 460 3630 in
493 3582 716 3631 tantum
753 3583 816 3630 ut
877 3575 944 3640 is,
999 3589 1171 3644 quem
1217 3576 1433 3644 pridem
1483 3576 1827 3646 habuerant,

121 3667 250 3736 jam
279 3664 556 3733 inciperet
615 3670 808 3718 tumor
862 3663 1096 3718 omnino
1127 3663 1336 3718 reﬂari.
1378 3663 1599 3719 Nostris
1638 3673 1831 3721 autem

129 3753 317 3810 libera
346 3751 553 3821 quovis
593 3751 770 3806 eundi
814 3749 1180 3820 aperiebatur
1219 3750 1475 3816 facultas,
1529 3760 1828 3807 montano-

131 3855 268 3897 rum
301 3839 494 3905 etiam,
527 3838 822 3908 quondam
858 3837 1138 3904 difﬁciles,
1182 3846 1538 3906 opportunas
1566 3838 1835 3908 deinceps

135 3928 395 3984 habuere
438 3927 511 3982 ad
551 3927 867 3996 quarenda
909 3925 1183 3981 victualia
1213 3927 1460 3981 semitas.
1498 3927 1679 4003 Igitur
1710 3941 1831 3982 om-

129 4016 310 4072 nibus
340 4027 817 4084 quaquaversum
849 4012 958 4068 viis
986 4013 1304 4068 Turcorum
1331 4013 1562 4068 utilitati
1594 4014 1833 4082 praelu-

133 4104 234 4169 sis,
270 4102 539 4172 quadam
581 4115 714 4171 pars
745 4114 778 4155 a
807 4099 1065 4165 ﬂumine,
1098 4099 1216 4164 {ubi
1251 4107 1524 4162 castrum,
1569 4108 1623 4156 et
1661 4100 1833 4171 juxta

135 4199 395 4247 castrum
425 4191 532 4246 sita
565 4197 686 4245 erat
717 4188 989 4255 Ecclesia,
1025 4187 1451 4257 possibilitatem
1481 4187 1673 4244 exitus
1714 4189 1834 4244 sive

1939 3057 1996 3110 in
2058 3056 2168 3112 hac
2203 3056 2638 3124 quamprimum
2691 3056 2926 3112 fortuna
2967 3057 3197 3113 edidicit
3243 3059 3398 3128 quod
3445 3072 3634 3128 neque

1935 3157 2198 3213 unquam
2258 3143 2432 3198 nimie
2493 3144 2890 3213 corporalibus
2950 3145 3252 3216 indigeret,
3317 3153 3371 3200 et
3427 3145 3632 3200 deinde

1934 3231 2158 3287 fructus
2207 3231 2562 3296 aternitatis,
2601 3239 2723 3300 post
2773 3233 2897 3301 ipsa
2953 3234 3145 3287 carnis
3197 3233 3478 3299 subsidia,
3520 3233 3630 3288 sibi

1937 3334 2053 3375 non
2082 3313 2299 3375 deessLet
2351 3319 2422 3374 ad
2467 3319 2668 3375 Deum.
2711 3321 2849 3376 Erat
2901 3320 3098 3390 itaque
3127 3321 3347 3388 Turcis,
3381 3321 3638 3391 quolibet

1937 3415 2102 3462 extra
2127 3420 2326 3461 muros
2355 3407 2553 3474 eundi,
2585 3407 2706 3462 sive
2737 3408 2992 3477 gerendi,
3032 3408 3262 3477 penitus
3282 3408 3635 3463 circumclu—

1937 3507 2000 3549 sa
2029 3493 2302 3562 potentia,
2344 3493 2552 3562 hisque
2582 3509 2713 3563 qua
2744 3493 2894 3549 infra
2935 3494 3096 3550 urbis
3151 3495 3363 3550 moenia
3402 3493 3636 3564 reperiri

1940 3588 2220 3651 poterant,
2253 3581 2612 3651 cogebantur
2640 3595 2761 3637 esse
2805 3582 3077 3643 contenti,
3110 3583 3289 3637 donec
3334 3590 3639 3652 caperetur

1939 3669 2261 3725 Antiochia.

2594 3755 2824 3812 CAPUT
2863 3756 2987 3811 VII.

2011 3843 2189 3916 [XV.]
2223 3841 2552 3900 Christiana
2566 3841 2758 3915 pietas
2781 3842 2843 3896 in
2871 3842 3077 3896 castris
3096 3842 3342 3914 vigebat.
3357 3845 3500 3898 ——In
3528 3844 3639 3900 hac

1941 3932 2064 4002 ipsa
2096 3932 2390 3987 obsidione
2416 3945 2668 4001 magnus
2697 3931 3036 3988 Christiana
3054 3931 3192 4003 legis
3212 3933 3430 3988 exstitit
3449 3932 3634 4003 vigor,

1941 4028 2006 4075 ut
2034 4020 2080 4074 si
2113 4019 2366 4090 aliquem
2414 4019 2767 4089 quibuslibet
2814 4019 3075 4074 convinci
3125 4019 3467 4075 criminibus
3495 4034 3640 4075 con-

1941 4107 2191 4174 stitisset,
2261 4108 2555 4163 acerrima
2613 4107 2908 4163 sententia
2968 4107 3289 4176 principum
3348 4108 3640 4164 exercitus

1938 4195 2200 4266 judiciali
2229 4209 2474 4252 censura
2516 4196 2936 4251 succumberet.
2988 4196 3198 4251 Frater
3241 4195 3364 4252 hac
3422 4204 3637 4264 autem,

137 4277 410 4333 introitus
441 4277 634 4332 adhuc
666 4284 936 4346 prastare
970 4275 1295 4330 videbatur.
1328 4274 1488 4341 Quod
1523 4276 1569 4330 si
1601 4275 1833 4345 quidem
1871 4285 1916 4341 υ
1947 4275 2265 4343 specialiter
2293 4273 2602 4343 corporalis
2631 4273 2998 4343 impudicitia
3029 4273 3248 4346 ﬂagitia
3283 4275 3642 4345 jubebantur

136 4374 415 4433 castrum,
458 4379 588 4420 cum
625 4367 831 4419 nostra
863 4371 1005 4419 esset
1031 4363 1230 4432 partis,
1264 4362 1310 4418 si
1348 4362 1543 4419 fuisset
1570 4377 1605 4417 a
1627 4366 1836 4420 nostris

137 4455 362 4523 integre
401 4450 844 4517 communitum,
900 4451 1116 4506 frustra
1163 4451 1280 4520 jam
1334 4450 1585 4506 hostium
1625 4451 1838 4520 aliquis

138 4540 462 4612 prodeundi
494 4540 814 4596 libertatem
862 4545 1232 4608 praesumeret
1278 4545 1574 4594 attentare.
1631 4539 1837 4595 Conci-

134 4629 215 4686 lio
248 4629 441 4698 itaque
474 4641 736 4698 proceres
791 4633 1004 4693 coacto,
1057 4625 1112 4680 id
1162 4639 1421 4694 reperere
1475 4626 1717 4693 consilii,
1773 4633 1838 4682 ut

135 4731 326 4772 unum
358 4730 388 4771 e
418 4716 538 4771 suis
577 4715 812 4785 eligant,
850 4713 953 4784 qui
1007 4713 1180 4768 castri
1239 4713 1508 4768 custodia
1554 4715 1838 4784 praficia—

136 4811 261 4872 tur,
309 4803 544 4858 sollicite
599 4802 845 4867 muniat,
915 4800 1157 4856 ﬁdeliter
1231 4807 1482 4869 tueatur,
1551 4809 1840 4870 quatenus

136 4889 330 4946 omnis
358 4903 718 4959 paganorum
763 4887 1154 4943 oberrantium
1199 4900 1298 4957 per
1327 4895 1549 4944 montes
1576 4895 1630 4943 et
1654 4888 1839 4957 gcam—

137 4992 244 5049 pos
285 4991 570 5033 excursus
621 4975 966 5031 omnimodis
1017 4975 1394 5042 abstineatur,
1451 4975 1643 5030 aditus
1704 4988 1840 5030 vero

137 5067 234 5123 vel
255 5065 450 5122 exitus
490 5064 650 5120 urbis
678 5063 1058 5119 nihilominus
1091 5061 1483 5118 abscindatur.

215 5154 481 5223 Cumque
514 5166 751 5222 persona
783 5159 942 5208 tanto
975 5151 1204 5222 negotio
1239 5150 1450 5220 passim
1492 5165 1591 5220 per
1621 5150 1842 5221 princi-

143 5257 246 5314 pes
302 5242 727 5310 disquireretur
789 5239 1016 5304 idonea,
1078 5238 1408 5294 Tancredus
1464 5239 1578 5308 ille,
1637 5239 1739 5309 qui
1784 5238 1844 5293 in

143 5329 310 5386 bellis
341 5328 650 5384 Dominicis
672 5327 903 5382 titulum
933 5325 1314 5396 sagacissima
1340 5325 1662 5395 juventutis
1690 5339 1849 5381 nunc

145 5431 337 5488 usque
367 5423 622 5472 meretur
652 5421 707 5470 et
736 5413 966 5480 meruit,
1000 5413 1244 5483 propria
1289 5413 1610 5469 vivacitatis
1658 5413 1850 5483 impa-

146 5508 318 5574 tiens,
365 5504 516 5560 illico
564 5501 774 5572 erupit,
823 5501 1062 5556 dicens:
1111 5523 1131 5548 ι
1195 5500 1251 5556 Si
1296 5500 1499 5557 scirem
1544 5514 1646 5570 pro
1706 5499 1850 5557 tanti

511 5601 782 5699 ξΑτιιοῐι.
834 5598 1039 5668 CLVI.

1945 4362 2178 4432 ulcisci;
2212 4376 2317 4416 nec
2363 4362 2417 4416 id
2454 4361 2758 4418 immerito.
2791 4361 2898 4428 Qui
2937 4362 3089 4417 enim
3121 4362 3379 4432 penuriis
3421 4362 3641 4418 ambie-

1945 4450 2158 4506 bantur
2206 4449 2516 4516 atrocibus,
2576 4449 2676 4519 qui
2736 4449 2991 4519 quotidie
3022 4450 3294 4517 hostium,
3352 4451 3459 4504 nisi
3492 4451 3642 4505 Deus

1945 4543 2279 4608 protegeret,
2315 4536 2662 4593 videbantur
2693 4545 2886 4606 patere
2932 4537 3332 4603 mucronibus,
3385 4537 3472 4592 his
3503 4549 3639 4605 pro-

1944 4624 2087 4680 fecto
2117 4624 2314 4680 nullus
2343 4625 2759 4680 rationabiliter
2787 4625 3065 4680 debuerat
3097 4624 3282 4695 ingeri
3313 4623 3642 4693 petulantia

1943 4713 2247 4784 cogitatus.
2276 4712 2346 4767 Et
2370 4712 2502 4782 quis
2532 4712 2607 4768 ibi
2645 4727 2763 4769 esse
2793 4720 3015 4782 poterat
3062 4712 3254 4768 aditus
3309 4711 3642 4782 voluptatis,

1947 4798 2046 4856 ubi
2085 4805 2206 4855 erat
2270 4798 2596 4854 indesinens
2643 4799 2892 4868 suspicio
2957 4798 3194 4854 mortis?
3256 4799 3417 4853 Unde
3475 4798 3646 4854 fiebat

1947 4890 2012 4944 ut
2039 4886 2113 4942 ibi
2154 4900 2255 4942 nec
2286 4886 2498 4942 mentio
2540 4887 2731 4953 scorti,
2780 4900 2884 4942 nec
2931 4900 3138 4942 nomen
3176 4885 3480 4956 prostibuli
3513 4885 3645 4941 tole-

1947 4982 2175 5031 raretur
2206 4972 2424 5038 haberi,
2467 4973 2784 5043 prasertim
2815 4987 2948 5028 cum
2977 4987 3077 5042 pro
3111 4973 3218 5028 hoc
3251 4973 3372 5044 ipso
3403 4973 3636 5039 scelere,

1951 5062 2172 5135 gladiis,
2231 5061 2530 5132 gentilium
2588 5061 2700 5116 Deo
2753 5061 2968 5131 judice,
3029 5069 3364 5117 vererentur
3437 5061 3645 5117 addici.

1951 5148 2112 5214 Quod
2140 5147 2185 5202 si
2217 5148 2518 5219 gravidam
2543 5148 2787 5202 inveniri
2810 5147 3150 5204 constitisset
3171 5149 3428 5218 aliquam
3449 5163 3649 5205 earum

1954 5236 2284 5302 mulierum,
2322 5249 2453 5305 qua
2502 5235 2899 5305 probabantur
2946 5249 3139 5292 carere
3173 5235 3411 5301 maritis,
3444 5237 3650 5292 atroci-

1956 5324 2066 5381 bus
2098 5323 2434 5379 tradebatur
2488 5337 2621 5378 cum
2673 5338 2780 5380 suo
2812 5324 3013 5379 lenone
3039 5323 3359 5394 suppliciis.
3403 5324 3653 5395 Contigit

1958 5412 2173 5468 interea
2221 5411 2532 5481 quemdam
2581 5411 3039 5479 pradicatissimi
3097 5412 3359 5466 omnium
3414 5411 3655 5467 coenobii

1958 5499 2328 5566 monachum,
2381 5499 2485 5568 qui
2527 5499 2861 5557 monasterii
2919 5499 3009 5556 sui
3066 5498 3321 5565 claustra
3376 5498 3659 5570 fugaciter

3265 5605 3348 5664 24
