3902 6082
328 274 428 329 747

1218 236 1654 326 νξαυιΒΕΒΤι
1692 268 1984 323 ABBA'I‘IS
2021 266 2076 322 s.
2117 266 2359 322 manu:
2397 267 2489 321 DE
2525 265 2927 321 novmanro

3728 268 3849 319 748

325 415 667 476 excesserat,
722 414 777 463 et
831 404 1365 475 Jerosolymitanam
1419 404 1863 474 expeditionem,
1906 416 2023 458 non
2057 403 2105 455 Α
2139 422 2167 450 α
2204 409 2335 468 stat,
2366 400 2682 472 prasertim
2710 413 2842 455 cum
2899 399 2959 455 hi
3014 399 3115 469 qui
3152 400 3590 455 commonitores
3637 408 3847 467 erant,

326 499 554 569 pietate,
587 497 683 553 sed
716 495 942 552 levitate
970 500 1336 564 provocatus,
1384 493 1609 561 inierat,
1641 507 1775 549 cum
1823 493 2023 562 aliqua

326 587 537 643 femina
568 582 1067 653 ibideprehendi;
1098 581 1285 653 igniti,
1317 581 1381 637 ni
1409 581 1596 649 fallor,
1628 582 1763 637 ferri
1801 580 2021 652 judicio

326 672 607 739 convinci,
643 686 711 727 ac
747 672 1003 739 demum,
1037 671 1331 727 Podiensis
1349 669 1600 740 episcopi
1646 676 2023 725 caterorum-

327 776 442 833 que
472 767 776 831 pracepto,
808 773 911 830 per
944 773 1142 816 omnes
1186 767 1505 816 castrorum
1550 758 1708 814 vicos
1756 757 2025 813 miseram

325 850 484 906 illam
513 862 648 904 cum
671 863 777 905 suo
814 848 1035 904 amasio
1087 847 1466 914 circumduci,
1497 854 1553 903 et
1581 846 1782 918 flagris
1832 845 2024 902 nudos

327 937 402 994 ad
431 944 706 993 terrorem
738 934 1088 992 intuentium
1128 932 1412 990 dirissime
1434 931 1749 989 verberari.

404 1023 601 1097 [ΧΠ]
642 1023 855 1079 Adhac
906 1022 1078 1078 etiam
1119 1029 1184 1077 ut
1228 1020 1597 1091 patientiores
1625 1020 1697 1075 ad
1728 1018 2020 1090 penurias,

329 1110 857 1181 circumspectiores
885 1110 959 1165 ad
987 1108 1130 1164 vitia
1160 1108 1379 1174 tierent,
1413 1107 1688 1176 prafatus
1734 1106 2025 1161 Podiensis

326 1199 634 1270 episcopus
692 1197 1070 1255 multifariam
1143 1195 1533 1253 exhortationi
1590 1194 1856 1260 vacabat,
1922 1208 2027 1249 nec

328 1288 489 1344 ullus
529 1286 650 1343 dies
706 1286 1061 1351 Dominicus,
1117 1290 1219 1341 aut
1275 1283 1417 1339 festa
1466 1284 1619 1353 apud
1675 1281 2027 1338 Christianos

333 1374 759 1446 transigebatur
786 1374 1102 1440 celebritas,
1145 1387 1265 1442 qua
1288 1386 1405 1427 non
1458 1385 1559 1441 per
1612 1385 1875 1441 quosque
1930 1384 2023 1425 ca-

331 1470 586 1520 strorum
612 1461 857 1532 angulos
885 1460 1218 1516 divinorum
1263 1460 1573 1516 verborum
1619 1458 2027 1527 pradicaretur

331 1551 660 1608 auctoritas.
695 1549 1119 1621 lnjungebatur
1147 1556 1337 1605 autem
1370 1547 1452 1614 id,
1494 1547 1543 1602 si
1590 1545 1693 1616 qui
1737 1544 1881 1601 forte
1930 1545 2025 1600 in-

330 1640 678 1705 terfuissent,
733 1639 807 1693 ab
843 1638 1038 1693 eodem
1072 1635 1332 1706 prasule,
1368 1635 1666 1704 episcopis,
1721 1638 1872 1688 405
1917 1632 2026 1687 ab-

2131 511 2159 540 «
2198 490 2383 546 eidem
2441 488 2757 544 tolerantia
2811 488 2868 542 in
2926 486 3197 543 omnibus
3245 487 3770 544 communicarent.
3817 509 3843 534 ο

2128 578 2276 646 Quid
2306 576 2375 634 de
2421 577 2533 632 illis
2578 576 2650 631 ad
2703 576 2974 631 ultimum
3023 575 3231 641 dicam,
3281 574 3383 644 qui
3440 576 3497 629 in
3548 576 3655 630 hac
3708 575 3854 645 ipsa

2126 665 2487 735 expeditione
2542 663 2783 720 diversis
2849 664 2906 718 in
2964 663 3102 718 locis
3152 662 3415 732 martyrii
3472 661 3852 733 professione

2128 754 2330 811 sanciti
2363 754 2545 810 sunt?
2570 751 2739 819 Quid,
2773 751 2928 822 quod
2957 766 3073 807 non
3120 751 3286 806 modo
3317 751 3660 813 sacerdotes,
3716 766 3852 808 non

2129 841 2363 898 litterati
2417 839 2678 912 quilibet,
2735 838 2832 894 sed
2878 837 2985 892 viri
3042 836 3336 905 militares,
3365 845 3420 893 et
3451 839 3677 908 quique
3712 837 3847 907 ple-

2130 930 2261 997 beii,
2296 931 2366 986 de
2406 928 2623 1001 quibus
2670 927 2835 983 nulla
2878 933 3100 996 poterat
3129 925 3251 981 fore
3277 925 3649 982 confessionis
3676 940 3849 996 spes,

2130 1019 2204 1075 ab
2234 1018 2413 1088 hujus
2466 1024 2672 1073 sortem
2720 1014 2916 1087 gloria
2945 1014 3106 1070 asciti
3154 1016 3334 1069 sunt?
3364 1014 3584 1070 Multos
3610 1015 3850 1070 etenim

2130 1115 2326 1177 captos
2350 1120 2422 1162 ex
2456 1105 2547 1161 his
2575 1118 2609 1159 a
2635 1103 2878 1174 paganis
2915 1101 3265 1167 audivimus,
3318 1102 3440 1171 qui,
3492 1116 3625 1158 cum
3663 1102 3854 1173 jube-

2131 1201 2334 1250 rentur
2387 1192 2516 1248 fidei
2568 1198 2930 1247 sacramenta
2982 1203 3212 1260 negare,
3273 1189 3605 1246 maluerunt
3633 1191 3852 1260 capita

2132 1280 2338 1354 gladiis
2385 1293 2670 1350 exponere
2729 1293 2905 1349 quam
2961 1277 3151 1345 ﬁdem,
3230 1291 3349 1348 qua
3392 1279 3563 1334 semel
3618 1278 3851 1334 imbuti

2130 1370 2384 1436 fuerant,
2407 1368 2793 1424 Christianam
2824 1367 3082 1436 prodere.

2203 1456 2352 1524 Quid
2379 1455 2608 1519 nobilis,
2641 1455 2949 1509 Matthaus
2974 1453 3228 1520 nomine,
3245 1452 3494 1526 gloriose
3520 1454 3735 1526 egerit.
3769 1483 3847 1496 —

2133 1534 2285 1602 Inter
2333 1558 2479 1623 quos
2533 1543 2853 1612 specialiter
2903 1556 3076 1611 quem
3114 1542 3373 1598 referam
3423 1541 3569 1611 elegi
3616 1556 3845 1607 unum,

2137 1634 2441 1689 militarem
2471 1631 2736 1703 equidem
2766 1631 2979 1696 virum,
3018 1644 3226 1701 genere
3254 1630 3522 1696 nobilem,
3565 1631 3667 1686 sed
3718 1645 3845 1699 pra

334 1725 586 1794 batibus,
620 1733 721 1781 aut
740 1724 1124 1790 clericalibus,
1143 1739 1274 1794 qua
1296 1723 1643 1779 videbantur
1661 1720 2022 1787 eruditiores,
2063 1693 2107 1750 Β
2134 1722 2405 1779 omnibus
2429 1734 2548 1776 sua
2581 1720 2935 1789 cognationis
2963 1727 3018 1774 et
3041 1718 3264 1774 ordinis
3319 1717 3650 1774 hominibus
3685 1732 3845 1788 quos

336 1827 630 1973 ρθῖὶέοὶζῗῗ]
673 1901 864 1954 Fraus
898 1898 1125 1955 abbatis
1147 1898 1469 1967 cujusdam.
1502 1895 1610 1968 Qui
1636 1900 1829 1953 tamen
1876 1895 2025 1950 mul-

331 1993 453 2046 tum
499 1987 722 2060 profuit
759 1987 1131 2045 Christianis.
1182 1989 1397 2043 Factus
1440 1987 1708 2042 Casarea
1735 1983 2028 2055 archiepi-

324 2094 550 2149 scopus.
582 2107 651 2117 —
679 2077 930 2147 Dignum
956 2084 1150 2132 autem
1196 2075 1383 2131 relatu
1411 2074 1554 2130 mihi
1584 2074 1834 2139 videtur,
1879 2087 2027 2143 quo-

331 2167 490 2223 niam
539 2179 600 2221 se
652 2166 811 2234 operi
868 2172 1062 2221 nostro
1116 2164 1393 2220 abbatum
1450 2177 1660 2219 nomen
1730 2160 2025 2227 immersit,

2134 1810 2393 1867 noverim
2451 1808 2709 1864 moribus
2756 1809 2943 1878 magis
3000 1807 3301 1878 insignem.
3362 1807 3548 1874 Hunc,
3582 1798 3841 1877 a‘puero

2134 1899 2280 1955 mihi
2309 1897 2627 1968 cognitum,
2673 1903 2871 1951 sancto
2897 1894 3014 1950 vidi
3054 1894 3367 1950 adolevisse
3396 1894 3646 1965 ingenio,
3682 1908 3842 1964 pra-

2135 1987 2332 2043 sertim
2370 1999 2504 2041 cum
2532 1999 2604 2040 ex
2637 1985 2833 2040 eodem
2884 1997 3001 2053 quo
3038 1991 3093 2039 et
3141 1998 3246 2054 ego
3289 1982 3604 2053 municipio
3629 1983 3847 2038 oriun-

2136 2076 2246 2131 dus
2293 2071 2595 2138 exstiterit,
2647 2078 2703 2127 et
2733 2078 2848 2126 tam
2888 2071 3009 2140 ipse
3035 2083 3214 2139 quam
3247 2077 3510 2138 parentes
3535 2060 3695 2139 ejus,
3746 2083 3848 2139 pa-

2138 2169 2368 2219 rentum
2436 2173 2697 2215 meorum
2742 2157 3019 2214 beneﬁcia
3079 2158 3353 2226 tenuerit,
3403 2159 3600 2228 eisque
3651 2158 3848 2213 homi-

330 2252 642 2324 quemdam
694 2251 774 2308 ibi
832 2252 1113 2309 exstitisse
1158 2251 1446 2318 abbatem,
1504 2250 1607 2321 qui
1662 2263 1794 2305 cum
1850 2248 2031 2319 hujus
2136 2252 2301 2308 nium
2331 2249 2611 2316 debuerit,
2649 2260 2768 2303 una
2820 2260 3045 2302 mecum
3078 2247 3323 2302 creverit
3348 2246 3610 2316 mihique
3640 2247 3718 2301 ad
3754 2248 3843 2301 in-

330 2341 441 2397 via
467 2340 661 2397 adhuc
684 2340 835 2396 inter
877 2355 981 2395 nos
1015 2347 1360 2395 tractaretur
1407 2338 1657 2404 initium,
1689 2344 1743 2393 et
1782 2350 1840 2392 se
1872 2350 2026 2392 com-

330 2435 529 2499 petens
585 2435 745 2484 tanto
796 2426 989 2483 itineri
1049 2442 1166 2483 non
1211 2427 1424 2483 habere
1479 2425 1844 2495 comperisset
1897 2438 2025 2494 pre-

333 2516 496 2583 tium,
526 2515 669 2572 illud
708 2514 908 2573 Crucis
938 2515 1193 2586 signum,
1224 2515 1381 2585 quod
1431 2513 1781 2570 vestimentis
1812 2527 1885 2568 ex
1923 2512 2026 2568 ali-

331 2618 452 2674 qua
516 2603 758 2660 materia
799 2603 1013 2659 factum
1059 2604 1270 2673 apponi
1328 2604 1727 2668 consueverat,
1776 2603 1892 2670 ipse
1921 2614 2029 2656 ne-

329 2691 444 2747 scio
472 2690 580 2746 sibi
611 2705 727 2761 quo
770 2690 1013 2745 artificio
1071 2691 1259 2746 media
1289 2690 1348 2744 in
1401 2690 1590 2745 fronte
1643 2687 2023 2758 prasculpsit,

2136 2346 2361 2409 tegrum
2414 2337 2535 2391 vita
2567 2335 2695 2405 ejus
2746 2334 3125 2404 studiumque
3173 2334 3440 2405 patuerit.
3485 2336 3625 2390 Cum
3680 2336 3844 2390 enim

2134 2426 2387 2497 equestri
2414 2424 2532 2495 jam
2567 2422 2986 2492 praminuisset
3013 2423 3220 2489 officio,
3254 2436 3547 2478 armorum
3579 2423 3693 2479 fuit
3714 2423 3847 2479 sin-

2137 2514 2357 2586 gularis
2416 2512 2621 2581 titulo;
2680 2510 2775 2565 sed
2834 2510 3020 2565 omnis
3065 2510 3396 2579 petulantia
3451 2511 3737 2567 immunis
3812 2525 3847 2565 a

2136 2603 2295 2667 vitio,
2360 2601 2417 2656 in
2467 2598 3082 2669 Constantinopolitani
3158 2598 3539 2668 imperatoris,
3618 2599 3848 2656 scilicet

2137 2690 2348 2755 Alexis,
2382 2687 2787 2743 celeberrimus
2817 2685 3047 2755 palatio,
3082 2698 3215 2740 nam
3273 2687 3327 2741 in
3359 2686 3487 2756 ejus
3539 2687 3850 2758 obsequiis

331 2785 397 2833 ut
425 2791 542 2832 non
574 2777 740 2832 modo
792 2776 1032 2846 pictum,
1061 2777 1158 2832 sed
1197 2775 1462 2831 militaris
1507 2774 1792 2845 stigmatis
1846 2774 2030 2829 instar
2135 2787 2510 2836 consueverat
2538 2776 2893 2848 peregrinari
2924 2775 3140 2831 sedulo.
3174 2775 3281 2842 Qui
3322 2776 3577 2847 quidem,
3633 2793 3848 2847 qua“-

318 2864 481 2921 ferro
504 2872 648 2920 esset
703 2864 1009 2919 inﬂictum.
1044 2864 1167 2930 Quo
1210 2864 1377 2926 facto,
1426 2870 1491 2918 ut
1538 2863 1698 2918 fraus
1734 2861 2029 2918 mendacio

2138 2878 2260 2925 tum
2290 2868 2362 2923 ad
2387 2881 2556 2923 suum
2584 2863 2876 2934 spectabat
2925 2862 3245 2928 modulum,
3299 2876 3431 2918 cum
3468 2871 3613 2919 esset
3645 2864 3711 2919 in
3740 2881 3849 2920 ex-

330 2953 684 3016 firmaretur,
731 2953 805 3008 ab
838 2952 1044 3024 angelo
1089 2952 1195 3008 sibi
1224 2966 1326 3023 per
1354 2952 1635 3008 visionem
1686 2951 1829 3007 illud
1877 2950 2027 3006 cele-
2067 2980 2108 3035 ο
2135 2957 2330 3016 ιθῐιίοιοί
2364 2958 2507 3012 bene
2558 2954 2887 3009 fortunatus
2931 2951 3111 3020 copia,
3166 2952 3306 3007 adeo
3339 2952 3535 3023 largus
3570 2953 3845 3009 habeba-

329 3042 518 3099 bravit
540 3042 903 3112 impressum.
955 3044 1063 3097 Nec
1092 3041 1211 3112 spei
1257 3040 1436 3111 hujus
1466 3040 1888 3111 qualiscunque
1917 3039 2022 3094 de-

330 3130 439 3187 fuit
461 3131 704 3198 fructus,
737 3142 871 3184 nam
914 3129 971 3184 id
1014 3143 1147 3184 cum
1188 3129 1669 3185 subintellexisset
1700 3127 1940 3184 indocile
1964 3135 2020 3183 et

328 3232 615 3274 novarum
644 3231 837 3273 rerum
870 3216 1146 3286 cupidum
1174 3216 1410 3288 vulgus,
1436 3216 1702 3286 plurimis
1728 3215 2020 3271 hominem

325 3305 387 3362 in
417 3319 524 3362 sua
560 3312 615 3361 et
644 3312 811 3361 extra
835 3318 1001 3360 suam
1045 3304 1333 3376 regionem
1370 3311 1737 3374 prosecutum
1765 3310 1850 3359 est
1894 3317 2022 3359 mu-

324 3393 579 3449 neribus.
638 3395 746 3447 Nec
796 3398 987 3447 tamen
1044 3398 1263 3460 poterat
1315 3391 1608 3461 argutiam
1654 3390 1892 3446 solerter
1930 3389 2018 3444 in-

323 3480 690 3551 spicientium
724 3478 852 3535 talis
883 3479 1058 3534 latere
1087 3477 1331 3545 fallacia,
1381 3492 1513 3534 cum
1548 3486 1809 3548 patenter
1853 3478 2020 3533 virus

325 3568 615 3625 exstillare
644 3567 940 3623 videretur
995 3568 1185 3622 crucis
1217 3566 1401 3636 ipsius
1435 3566 1715 3623 violenter
1748 3566 2019 3634 inscripta

326 3656 552 3715 lineola.
602 3656 654 3710 Is
701 3655 930 3711 tandem
965 3654 1271 3724 profectus,
1304 3668 1436 3710 cum
1488 3653 1859 3709 Antiochena
1910 3653 2019 3708 ob-

326 3744 531 3799 sidioni
561 3744 875 3809 interesset,
916 3756 1047 3812 qua
1082 3742 1350 3798 mendose
1381 3741 1757 3808 conﬂuxerat,
1791 3741 1916 3795 licet
1946 3740 2018 3795 ab

324 3833 453 3888 aliis
476 3832 596 3903 jam
625 3832 846 3887 dudum
880 3830 1255 3899 deprehensa,
1291 3830 1535 3899 aperuit,
1565 3837 1619 3885 et
1656 3828 1797 3885 lucri
1827 3828 2018 3884 inten—

329 3920 537 3976 tionem
573 3934 688 3975 non
735 3918 933 3974 tacuit.
982 3917 1091 3984 Qui
1130 3917 1363 3987 quidem
1413 3918 1645 3972 honeste
1703 3916 1911 3971 ibidem
1959 3929 2018 3970 se

325 4006 551 4074 habuit,
583 4013 638 4061 et
665 4005 956 4060 Dominico
993 4005 1272 4060 exercitui
1305 4004 1487 4061 multa
1537 4004 2015 4060 documentorum

327 4095 517 4164 gratia
543 4092 779 4163 profuit.
829 4091 1277 4148 lEmnlationem
1315 4092 1530 4162 quippe
1581 4091 1681 4147 Dei
1711 4091 2014 4156 habuerat,

326 4181 423 4237 sed
481 4194 599 4236 non
674 4180 993 4237 secundum
1054 4181 1349 4237 scientiam
1408 4193 1645 4249 prorsus
1716 4179 1769 4233 id
1822 4185 2018 4249 egerat

2127 3056 2228 3106 tur
2257 3044 2318 3100 in
2354 3043 2732 3110 eleemosyna,
2782 3037 2843 3093 in
2873 3045 3097 3094 tantum
3139 3037 3409 3107 frequens
3452 3038 3604 3095 circa
3631 3041 3847 3098 divina

2129 3131 2421 3203 mysteria,
2453 3138 2516 3185 ut
2570 3143 2684 3184 non
2740 3127 3008 3182 videatur
3037 3125 3255 3193 militis,
3301 3126 3397 3182 sed
3444 3128 3632 3197 potius
3681 3133 3844 3186 anti-

2129 3220 2276 3277 stitis
2305 3219 2431 3289 ejus
2459 3217 2599 3273 vita.
2657 3216 2802 3271 Cum
2849 3214 3000 3270 enim
3045 3215 3172 3285 ejus
3200 3214 3385 3270 recolo
3428 3216 3743 3287 jugitatem
3776 3221 3840 3274 in

2130 3308 2410 3372 oratione,
2447 3305 2716 3376 pietatem
2774 3303 2832 3358 in
2886 3301 3084 3367 verbo,
3144 3302 3557 3373 benignitatem
3590 3305 3647 3361 in
3701 3321 3839 3363 mu-

2129 3410 2285 3463 nere,
2343 3400 2556 3449 sancta
2605 3390 2733 3461 ejus
2779 3389 3023 3446 nimium
3087 3391 3426 3461 aggratulor
3477 3391 3836 3459 intentioni;

2128 3484 2225 3540 sed
2253 3496 2369 3538 non
2400 3481 2594 3536 minus
2629 3479 2854 3549 ingemo
2884 3492 3043 3533 mea.
3075 3477 3265 3533 Talem
3299 3478 3452 3533 enim
3487 3478 3669 3548 ipsius
3697 3494 3835 3535 sum

2127 3576 2404 3640 expertus
2440 3566 2743 3631 actionem,
2774 3580 2904 3635 qua
2937 3566 3233 3631 meruerit,
3263 3580 3379 3621 non
3416 3566 3596 3621 alium
3642 3582 3834 3637 quam

2129 3656 2389 3728 martyrii
2440 3642 2631 3710 finem.
2694 3653 2913 3708 Glorior
2966 3660 3137 3721 certe,
3197 3661 3252 3708 et
3310 3653 3541 3723 gloriari
3584 3664 3837 3723 possunt

2128 3741 2682 3819 quicunque‘illius
2738 3740 3009 3811 consequi
3077 3747 3312 3810 potuere
3368 3740 3647 3807 notitiam,
3711 3757 3834 3799 non

2128 3845 2414 3905 praesumo
2452 3831 2641 3886 dicere
2667 3829 2998 3895 amicitiam,
3027 3829 3167 3899 quia
3195 3830 3464 3900 quisquis
3488 3843 3622 3885 eum
3656 3830 3832 3897 vidit,

2129 3921 2329 3993 procul
2361 3920 2538 3975 dubio
2565 3926 2876 3987 martyrem
2910 3917 3115 3973 vidisse
3142 3931 3202 3972 se
3230 3919 3474 3974 noverit.

2197 4011 2430 4079 Dempta
2478 4005 2669 4077 capite
2721 4005 2952 4060 illustre
2988 4004 3133 4074 ﬁdei
3167 4005 3550 4061 testimonium
3589 4006 3834 4063 Christo

2125 4095 2303 4152 dedit.
2331 4125 2400 4135 —
2432 4095 2486 4149 Is
2516 4095 2684 4164 plane
2711 4107 2745 4148 a
2777 4092 3017 4163 paganis
3056 4100 3279 4163 captus,
3329 4108 3462 4150 cum
3516 4105 3834 4165 cogeretur

2127 4182 2337 4239 Christi
2392 4194 2604 4252 negare
2657 4181 2846 4248 ﬁdem,
2910 4180 3171 4236 inducias
3217 4182 3455 4251 expetiit
3500 4196 3535 4237 a
3590 4185 3836 4253 perfidis

328 4270 508 4340 (Rom.
538 4283 595 4336 x,
635 4269 732 4338 2);
764 4268 822 4324 in
852 4275 1080 4324 tantum
1100 4276 1292 4324 autem
1322 4267 1668 4333 eminuitut,
1702 4274 1865 4335 capta
1892 4266 2017 4322 Hie-
2052 4254 2098 4309 Ῑ)
2130 4285 2316 4341 usque
2346 4270 2416 4325 ad
2453 4270 2782 4339 proximum
2816 4277 2992 4324 sexta
3022 4269 3174 4324 feria
3222 4270 3393 4325 diem.
3427 4272 3528 4328 Cui
3562 4286 3702 4328 cum
3735 4274 3832 4329 νη-

325 4357 602 4427 rusalem,
649 4357 834 4412 Beata
890 4356 1079 4412 Maria
1129 4355 1398 4424 ecclesia,
1450 4355 1509 4409 in
1568 4352 1716 4409 valle
1744 4354 2016 4423 .losaphat

325 4446 541 4516 posita,
595 4445 774 4502 abbas
811 4445 1218 4515 praliceretur,
1264 4457 1332 4498 ac
1375 4451 1624 4513 tempore
1665 4442 2011 4510 succedenti,

323 4537 593 4592 Casarea
649 4532 1126 4590 Palasthinorum
1183 4530 1481 4602 metropoli
1549 4531 2016 4603 archiepiscopus

322 4630 635 4679 crearetur.

391 4709 663 4781 Martyrii
711 4710 972 4782 palmam
1024 4708 1221 4780 plures
1274 4706 1489 4780 adepti.
1519 4738 1588 4747 -—
1618 4708 1768 4764 Illud
1819 4715 2012 4765 autem

322 4807 545 4856 constat
572 4797 1025 4855 esseindubium
1064 4795 1241 4867 quod,
1296 4795 1405 4851 nisi
1459 4796 1641 4851 divini
1680 4796 1842 4851 verbi
1888 4808 2015 4851 cre-

322 4887 569 4945 berrima
624 4886 705 4942 eis
742 4885 1211 4941 ministrarentur
1257 4884 1479 4952 solatia,
1514 4897 1820 4954 nunquam
1866 4883 2016 4939 inter

320 4983 482 5031 tanta
512 4973 680 5030 famis
731 4972 1129 5043 bellorumque
1175 4971 1510 5027 discrimina
1558 4972 1698 5027 adeo
1750 4984 2015 5040 perseve-

318 5075 457 5117 rans
487 5074 685 5117 eorum
743 5060 1049 5116 exstitisset
1091 5058 1381 5129 patientia.
1419 5058 1581 5115 Unde
1618 5057 1902 5128 quoslibet
1932 5056 2015 5112 vi-

322 5156 379 5204 ta
408 5148 639 5218 probos,
663 5147 903 5203 scientia
930 5146 1214 5217 praditos,
1248 5160 1364 5203 non
1403 5146 1615 5211 minus,
1659 5146 1770 5200 imo
1804 5144 2010 5215 magis,

321 5237 472 5293 inter
500 5250 597 5292 eos
644 5235 895 5291 valuisse
925 5235 1191 5301 dicimus,
1220 5249 1397 5306 quam
1428 5248 1524 5290 eos
1566 5233 1669 5304 qui
1698 5247 1861 5289 arma
1891 5233 2013 5304 ipsa

320 5324 569 5394 propriis
614 5331 816 5380 contra
875 5324 1063 5380 hostes
1117 5330 1433 5380 tractavere
1480 5321 1769 5377 manibus.
1817 5343 1846 5371 ‹‹
1903 5322 2013 5389 Qui

321 5431 351 5460 ¢
389 5411 543 5467 enim
627 5411 804 5467 animi
861 5412 1147 5468 defectum
1227 5411 1615 5467 admonitione
1697 5410 2010 5467 consolidat

325 5519 348 5548 ι
388 5498 574 5569 major
601 5498 851 5568 profecto
898 5514 965 5556 eo
1003 5507 1088 5556 est
1117 5500 1209 5555 cui
1259 5499 1412 5556 vires
1455 5512 1565 5555 suo
1612 5497 1845 5555 hortatu
1876 5512 2011 5569 pra-

2124 4358 2454 4415 bentissime
2511 4358 2868 4425 annuissent,
2929 4358 3278 4414 astimantes
3336 4373 3466 4414 eum
3520 4363 3834 4418 morosiori

2122 4445 2522 4503 retractatione
2549 4444 2915 4506 mutandum,
2949 4445 3153 4501 accidit
3174 4446 3405 4502 demum
3420 4455 3485 4502 ut
3514 4447 3634 4504 dies
3671 4463 3831 4519 pra-

2122 4537 2276 4591 lixus
2313 4533 2552 4601 adesset,
2584 4547 2838 4604 eumque
2863 4533 3024 4588 furor
3054 4534 3353 4603 gentilium
3385 4545 3635 4606 urgeret,
3673 4552 3833 4608 qua-

2119 4630 2288 4679 tenus
2315 4636 2514 4678 eorum
2543 4620 2840 4677 sententia
2877 4620 3122 4685 cederet,
3173 4622 3387 4679 dixisse
3445 4623 3628 4680 fertur
3661 4642 3676 4680 :
3712 4649 3740 4675 α
3768 4628 3829 4684 Si

2122 4730 2150 4758 cr
2192 4710 2399 4765 idcirco
2442 4708 2702 4779 gladium
2749 4722 2838 4763 me
2898 4708 3320 4777 impendentem
3373 4710 3666 4768 distulisse
3718 4728 3831 4783 pu-

2124 4817 2147 4847 ι
2192 4797 2345 4865 tatis,
2376 4804 2440 4853 ut
2468 4797 2679 4853 horum
2732 4796 2957 4852 dierum
2988 4797 3127 4852 mihi
3156 4797 3378 4853 lumina
3408 4812 3588 4867 parva
3616 4799 3826 4857 lucra-

2122 4906 2151 4934 ‹‹
2189 4897 2302 4951 rer,
2331 4891 2386 4939 et
2417 4897 2534 4939 non
2568 4883 2757 4953 potius
2814 4890 2881 4939 ut
2916 4897 2985 4939 ea
3036 4884 3158 4954 ipsa
3215 4885 3326 4949 die,
3359 4898 3479 4955 qua
3534 4886 3824 4945 Dominus

2125 4994 2145 5022 ι
2188 4986 2352 5028 meus
2409 4972 2574 5028 Iesus
2621 4972 2842 5028 Cristus
2902 4972 3220 5028 crucifixus
3291 4981 3398 5042 est,
3466 4975 3610 5030 mori
3669 4977 3821 5033 mihi

2124 5081 2144 5109 ι
2189 5060 2564 5132 contingeret,
2598 5060 2841 5131 dignum
2863 5068 2947 5116 est
2980 5069 3044 5117 ut
3073 5060 3308 5117 evidens
3340 5062 3456 5129 fiat,
3488 5062 3629 5133 quid
3653 5079 3823 5122 mens

2125 5170 2145 5197 ι
2189 5147 2515 5204 Christiana
2544 5147 2776 5219 cogitat.
2836 5148 3125 5218 Insurgite
3154 5161 3311 5219 ergo,
3367 5149 3580 5220 inquit,
3610 5158 3668 5207 et
3698 5167 3822 5221 quo

2124 5256 2145 5284 ι
2188 5234 2366 5291 vultis
2394 5249 2483 5291 me
2504 5235 2763 5305 exemplo
2791 5235 3049 5303 occidite,
3079 5243 3304 5292 tantum
3353 5244 3416 5292 ut
3456 5237 3507 5293 ei
3556 5252 3662 5308 pro
3693 5240 3821 5310 ipso

2122 5343 2151 5372 «
2190 5322 2588 5392 interemptus,
2648 5323 2901 5379 animam
2951 5337 3135 5380 meam
3187 5325 3506 5393 restituam,
3553 5328 3665 5397 qui
3714 5343 3820 5397 pro

2121 5431 2149 5460 «
2189 5411 2443 5481 generali
2493 5411 2755 5467 omnium
2799 5411 2921 5468 vita
2968 5411 3137 5468 hodie
3180 5411 3518 5482 impenderit
3549 5427 3739 5472 suam.
3790 5439 3813 5465 ι

2117 5498 2217 5554 His
2275 5498 2458 5566 dictis,
2511 5498 2700 5569 gladio
2766 5500 3087 5558 imminenti
3142 5501 3465 5570 subjectum
3526 5506 3817 5572 protendit
