3902 6082
103 317 209 367 749

1189 311 1413 366 GESTA
1453 313 1566 366 DEI
1613 313 1750 366 PER
1795 310 2134 366 FRANCOS.
2184 340 2249 348 -—
2282 309 2409 362 LIB.
2452 310 2514 362 ν.

3492 313 3596 362 750

90 443 399 514 jugulum,
469 451 520 496 et
593 455 735 496 czeso
794 441 997 510 capite,
1062 440 1472 496 transmittitur
1524 441 1594 496 ad
1647 455 1802 506 eum,
1843 442 2232 496 Avocabatur
2289 439 2612 505 Matthaeus,
2664 453 2813 504 vere,
2860 438 3032 507 juxta
3078 439 3598 509 interpretationem

96 531 267 600 cujus
325 529 697 586 similitudini
756 529 954 584 mortis
1007 528 1348 596 inhiaverat,
1402 529 1717 584 dominum.
1746 531 1798 584 Is

1907 530 1997 585 sui
2029 529 2278 585 nominis
2308 542 2425 583 non
2458 527 2552 583 alii
2593 541 2768 596 quam
2803 528 2915 582 Deo
2944 527 3214 583 donatus.

1135 826 1558 913 INCIPIT
1634 827 1980 912 LIBER
2047 827 2573 924 QUINTUS.

662 1150 896 1207 CAPUT
937 1150 1240 1206 PRIMUM.

174 1240 263 1311 [1.]
307 1245 457 1294 406
499 1240 619 1306 Qua
665 1244 852 1293 mente
881 1241 1079 1293 auctor
1118 1237 1334 1292 scribat
1380 1235 1701 1292 historiam.
1730 1269 1797 1277 —

96 1329 378 1399 Opusculi
405 1328 582 1399 hujus
614 1328 964 1397 mei,praater
985 1327 1427 1396 spiritualem,si
1459 1327 1591 1397 quis
1607 1335 1796 1383 tamen

98 1419 339 1474 futurus
387 1426 489 1483 est,
550 1417 820 1481 fructum,
864 1431 930 1471 ea
983 1418 1217 1472 intentio
1278 1425 1362 1471 est
1399 1419 1476 1472 ita
1519 1432 1607 1471 me
1653 1416 1797 1471 velle

96 1507 291 1560 dicere
338 1506 419 1561 uti
469 1505 542 1560 ab
573 1505 702 1571 alio,
764 1503 812 1559 si
857 1504 1052 1559 eadem
1103 1504 1392 1571 scriberet,
1424 1505 1560 1559 mihi
1587 1504 1796 1559 referre

97 1593 405 1649 voluerim.
433 1593 584 1648 Talis
614 1606 865 1661 namqae
903 1592 1095 1646 animo
1131 1606 1253 1646 meo
1286 1593 1549 1648 voluntas
1578 1593 1797 1663 adjacet

97 1691 166 1737 ut
196 1682 268 1738 sit
299 1682 482 1752 magis
518 1681 1006 1737 subobscurorum
1034 1688 1334 1749 appetens,
1385 1681 1617 1736 rudium
1663 1695 1798 1736 vero

93 1778 154 1825 et
190 1770 438 1838 impolite
469 1769 753 1824 dictorum
785 1767 1058 1838 fugitans.
1091 1769 1174 1822 Ea
1204 1769 1415 1837 quippe
1445 1783 1575 1839 quae
1609 1783 1797 1824 meum

94 1873 370 1914 exercere
419 1865 634 1927 queant
689 1855 949 1911 animum
998 1855 1179 1924 pluris
1207 1857 1496 1924 appretior
1518 1868 1695 1925 quam
1735 1868 1801 1910 ea

98 1960 236 2016 quae
268 1954 441 2015 captu
489 1945 708 2013 facilia;
762 1945 903 1999 nihil
953 1944 1321 2000 memorabile
1368 1944 1536 1999 avido
1580 1959 1803 2014 semper

93 2033 375 2090 novitatis
430 2033 764 2104 largiuntur
808 2033 1056 2103 ingenio.
1099 2033 1219 2103 Ego
1254 2033 1420 2102 plane
1459 2047 1592 2088 cum
1635 2033 1805 2102 plura

94 2122 428 2191 scripserim
457 2131 511 2176 et
540 2121 872 2191 scriptitem,
909 2122 987 2176 ita
1025 2135 1223 2177 omnes
1251 2121 1471 2177 extrusi
1502 2121 1573 2176 ab
1613 2121 1806 2176 animo

96 2218 167 2266 ut
201 2210 344 2265 mihi
401 2211 503 2266 soli
564 2211 865 2279 profutura
917 2217 1131 2279 putem,
1183 2208 1328 2264 nulli
1380 2208 1474 2263 alii
1525 2208 1808 2277 placitura

95 2313 321 2354 curem.
356 2299 737 2368 Opinionibus
782 2299 975 2367 itaque
1004 2297 1264 2352 omnium
1310 2297 1622 2367 supersedi,
1658 2297 1808 2352 ideo-

96 2401 218 2457 que
253 2387 362 2442 mei
420 2400 658 2442 securus
702 2392 803 2441 aut
838 2385 1150 2455 negligens,
1202 2385 1495 2454 praestoler
1535 2399 1622 2441 me
1659 2401 1810 2456 quo-

99 2475 381 2531 rumlibet
410 2474 717 2530 verborum
762 2474 995 2528 verbere
1045 2473 1204 2527 caedi.
1252 2475 1674 2544 Prosequamur
1708 2474 1809 2544 igi-

101 2572 203 2618 tur
246 2569 450 2631 caepta,
484 2561 1001 2631 zequanimiterque
1047 2561 1348 2617 toleremus
1380 2562 1677 2617 hominum
1712 2575 1815 2616 nos

105 2652 387 2707 dilatrare
408 2649 644 2720 judicia.

181 2736 304 2810 [11.]
343 2737 758 2793 Antiochenam
789 2735 1136 2791 obsidionem
1166 2737 1552 2808 prosequitur.
1587 2767 1652 2778 -—
1679 2735 1815 2802 Quae

106 2827 260 2882 facta
301 2833 436 2881 sunt
483 2825 539 2880 in
582 2825 939 2880 Antiochena
986 2825 1300 2891 obsidione,
1360 2825 1577 2881 nemini
1629 2826 1815 2880 relatu

109 2917 406 2988 possibilia
451 2917 870 2978 existimamus.
922 2916 1080 2984 quia,
1128 2916 1275 2971 inter
1318 2931 1413 2971 eos
1459 2917 1561 2986 qui
1607 2917 1817 2972 ibidem

110 3004 522 3070 interfuerunt,
582 3002 780 3057 nullus
841 3001 1083 3071 profecto
1149 3003 1332 3071 potuit
1399 3004 1656 3073 reperiri,
1711 3004 1812 3073 qui
1852 3029 1892 3084 ρ

107 3100 346 3156 cuncta,
391 3106 521 3161 quae
579 3091 731 3146 circa
787 3091 1043 3146 eamdem
1098 3091 1302 3146 urbem
1351 3092 1447 3162 agi
1476 3099 1811 3161 potuerunt,

108 3181 391 3236 valuisset
440 3180 752 3249 pervidere,
787 3186 842 3234 et
874 3179 950 3233 ita
1001 3179 1072 3233 ad
1105 3179 1392 3247 integrum
1445 3180 1816 3249 comprehen-

109 3269 271 3337 dere,
306 3269 454 3324 sicut
513 3283 572 3324 se
626 3267 795 3323 habet
825 3268 962 3322 ordo
1016 3275 1186 3337 gestae
1215 3267 1314 3323 rei.
1346 3272 1412 3323 At
1442 3269 1718 3337 quoniam
1752 3283 1819 3325 ea

110 3372 248 3428 quae
295 3357 443 3426 passi
499 3363 634 3412 sunt
684 3356 741 3409 in
796 3355 1073 3424 penuriis,
1120 3355 1518 3425 bellorumque
1561 3355 1818 3412 diverso-

115 3459 253 3500 rum
287 3443 517 3498 casibus
543 3441 873 3496 summatim
903 3442 1200 3510 perstricta
1236 3449 1391 3507 sunt,
1425 3442 1628 3496 amodo
1665 3443 1820 3497 vide-

115 3540 218 3587 tur
244 3531 512 3586 idoneum
545 3537 628 3596 ut,
685 3529 756 3584 ad
788 3543 959 3599 quem
1002 3529 1171 3583 tinem
1226 3529 1537 3584 obsidendo
1572 3530 1822 3585 devene-

113 3621 236 3676 rint
263 3633 556 3689 quemque
608 3617 862 3673 fructum
919 3616 1059 3672 tanti
1105 3616 1315 3672 laboris
1364 3616 1691 3681 habuerint,
1728 3624 1824 3670 ut-

116 3722 359 3777 cunque
406 3720 733 3776 carpamus.
785 3705 884 3760 His
933 3705 1156 3770 diebus,
1201 3711 1362 3759 nocte
1395 3704 1645 3773 quadam
1677 3704 1824 3758 ruti-

120 3797 244 3852 lum
298 3797 357 3850 in
407 3796 638 3850 modum
708 3795 858 3865 ignis
910 3807 1084 3862 super
1121 3791 1439 3847 exercitum
1497 3800 1824 3847 nostrorum

113 3883 377 3949 emicuit,
423 3892 478 3938 et
516 3883 780 3952 speciem,
828 3882 984 3936 haud
1033 3881 1308 3951 ambigua
1357 3879 1560 3946 forma,
1616 3880 1828 3949 pariter

114 3970 390 4026 exhibuit
441 3970 647 4024 crucis.
707 3968 866 4034 Quod
915 3968 1133 4038 quique
1181 3966 1295 4022 illic
1345 3966 1682 4035 sapientium
1735 3965 1828 4020 in-

119 4058 396 4113 cendium
448 4057 518 4112 ad
577 4056 725 4112 bella
771 4057 1016 4112 retulere
1048 4055 1266 4124 futura,
1303 4055 1399 4110 ubi
1440 4063 1629 4110 tamen
1663 4061 1826 4121 esset,

124 4145 288 4217 quod
324 4159 471 4200 crux
508 4144 800 4200 videretur
830 4144 1089 4210 innuere,
1123 4151 1278 4199 certa
1323 4143 1482 4199 salus
1519 4151 1573 4198 et
1611 4157 1832 4199 succes-

125 4247 273 4290 sura
299 4232 556 4288 victoria.

1907 1151 2038 1217 mel,
2073 1151 2170 1206 sed
2202 1151 2488 1208 multoties
2533 1153 2640 1209 sibi
2689 1154 2943 1224 ingestis,
2977 1155 3205 1210 tandem
3248 1154 3611 1212 lenocinante

1905 1240 2314 1306 emolumento,
2373 1242 2676 1308 consensit,
2727 1245 2896 1312 eique
2958 1243 3289 1313 hujusmodi
3339 1245 3610 1299 mandata

1906 1328 2118 1383 direxit
2150 1344 2161 1382 :
2199 1351 2220 1375 ι
2253 1329 2470 1396 Trium,
2510 1329 2716 1399 inquit,
2755 1332 3001 1386 turrium
3031 1331 3302 1387 custodiae
3335 1347 3604 1401 prtesum.

1908 1417 2064 1485 Ipsas
2105 1427 2200 1472 tuo
2248 1419 2470 1473 tradam
2526 1419 2795 1485 dominio,
2850 1434 3084 1489 quaque
3129 1421 3270 1475 hora
3319 1422 3417 1476 tibi
3451 1422 3609 1478 colli-

1907 1505 2096 1560 buerit
2125 1514 2178 1560 et
2225 1515 2617 1574 opportunum
2658 1506 2848 1572 fuerit,
2902 1515 2952 1561 te
3009 1507 3065 1560 in
3098 1508 3268 1576 ipsas,
3327 1509 3413 1563 vel
3461 1524 3608 1578 quos

1906 1593 2176 1660 volueris,
2240 1601 2536 1664 gratanter
2595 1595 2913 1650 admittam.
2973 1616 3001 1643 »
3065 1595 3196 1649 Haec
3250 1610 3373 1664 spes
3426 1611 3604 1665 quam

1908 1682 2159 1738 maxime
2200 1683 2456 1739 attollere
2509 1692 2756 1752 creperat
2810 1684 3227 1750 Boemundum,
3269 1693 3322 1739 et
3351 1685 3488 1739 dum
3515 1700 3604 1739 se-

1908 1770 2106 1826 curius
2164 1771 2527 1839 praestolatur
2583 1772 2829 1827 civitatis
2890 1771 3212 1838 introitum,
3271 1782 3605 1842 conceptam

1909 1866 2098 1913 mente
2155 1859 2410 1914 laetitiam
2463 1859 2625 1915 vultu
2679 1860 3014 1928 praeferebat
3087 1859 3320 1914 eximio.
3397 1860 3613 1915 Verens

1912 1945 2090 2015 igitur
2132 1960 2221 2013 ne,
2281 1961 2414 2002 cum
2471 1947 2563 2001 ille
2603 1947 2867 2015 proderet
2918 1947 3228 2013 civitatem,
3259 1947 3470 2017 aliquis
3501 1962 3611 2002 no-

1911 2041 2163 2089 strorum
2205 2033 2313 2089 sibi
2348 2034 2672 2103 principum
2722 2028 2894 2089 totius
2937 2035 3324 2104 principatum
3365 2036 3614 2092 civitatis

1911 2121 2175 2190 eriperet,
2203 2121 2404 2176 callide
2433 2121 2720 2176 exercitus
2747 2121 2996 2177 seniores
3024 2122 3300 2177 adoritur.

1987 2225 2013 2260 α
2076 2208 2200 2263 Non
2262 2208 2416 2275 latet,
2464 2209 2561 2274 ait,
2612 2222 2734 2276 vos,
2771 2224 2803 2264 ο
2850 2209 3310 2265 excellentissimi
3360 2212 3611 2282 comites,

1916 2311 2064 2366 quas
2114 2297 2354 2365 inedias,
2399 2312 2545 2368 quos
2585 2299 2809 2368 algores
2848 2313 3142 2369 quamque
3189 2306 3379 2354 truces
3432 2314 3617 2356 excu—

1915 2383 2040 2439 bias
2086 2384 2234 2440 hanc
2287 2385 2487 2440 urbem
2545 2384 2858 2440 obsidendo
2908 2385 3228 2452 tulerimus,
3275 2386 3618 2456 cunctisque

1919 2471 2177 2540 personis
2235 2485 2602 2542 magnorum,
2672 2471 2962 2528 minorum
3033 2480 3207 2542 atque
3263 2472 3618 2527 mediocrum

1921 2559 2255 2614 incumbere
2311 2559 2613 2629 aequaliter
2660 2560 3024 2631 dignoscitur
3071 2560 3245 2616 ferale
3301 2559 3616 2626 fastidium,

1919 2645 2267 2716 nullumque
2323 2655 2516 2716 patere
2565 2650 2901 2705 remedium.
2951 2649 3196 2705 Consilio
3239 2649 3435 2716 itaque
3465 2645 3621 2715 apud

1920 2747 2022 2788 vos
2070 2733 2285 2800 habito,
2321 2749 2538 2804 quzeso,
2582 2738 2914 2806 perpendite
2945 2750 3018 2790 an
3049 2737 3224 2806 hujus
3255 2735 3416 2790 urbis
3440 2735 3624 2790 domi-

1923 2821 2087 2876 nium
2135 2822 2477 2879 unicuilibet
2531 2832 2791 2880 nostrum
2822 2824 3078 2879 obtinere
3117 2823 3338 2889 sinatis,
3372 2823 3414 2877 si
3448 2821 3621 2876 alicui

1923 2909 2222 2979 contingat
2259 2909 2422 2966 istius
2456 2912 2834 2980 proditionem
2891 2911 3010 2968 ﬁeri
3045 2911 3311 2966 civitatis.
3345 2909 3484 2966 Mihi
3513 2923 3626 2964 au-

1925 3003 2037 3051 tem
2067 2997 2296 3053 videtur
2340 3013 2454 3054 non
2484 3000 2891 3070 incongruum,
2928 3007 2993 3055 ut
3014 2999 3060 3054 si
3093 3014 3192 3054 seu
3218 3000 3294 3064 vi,
3323 3013 3423 3053 seu
3455 2997 3622 3063 clam,

1924 3099 2026 3140 seu
2089 3087 2346 3154 precario
2405 3087 2719 3157 quisquam
2773 3089 2901 3158 ejus
2949 3086 3226 3144 obtinebit
3276 3088 3620 3156 ingressum,

1927 3173 2009 3228 illi
2053 3176 2250 3244 procul
2299 3175 2474 3231 dubio
2514 3176 2586 3230 ab
2639 3177 2910 3232 omnibus
2953 3176 3184 3232 concedi
3231 3173 3391 3230 urbis
3423 3174 3629 3229 debere

1926 3260 2270 3318 dominium.
2299 3282 2327 3314 io
2361 3263 2449 3318 Ad
2502 3263 2622 3319 haec
2653 3264 2974 3333 principum
3025 3262 3308 3318 sententia
3339 3261 3506 3331 longe
3535 3261 3628 3316 di-

1926 3363 2094 3404 versa
2127 3351 2377 3420 exstitit;
2405 3359 2459 3406 et
2489 3353 2614 3421 ejus
2643 3352 2915 3421 opiniomi
2948 3365 3146 3407 severa
3190 3351 3371 3405 fronte
3403 3347 3625 3415 restitit,

1927 3440 2121 3495 dicens
2150 3457 2162 3494 :
2197 3463 2226 3490 «
2258 3442 2382 3496 Non
2413 3443 2551 3498 satis
2594 3459 2714 3499 esse
2742 3444 3088 3499 conveniens
3122 3450 3205 3509 ut,
3263 3441 3358 3497 ubi
3393 3454 3496 3510 par
3536 3440 3627 3495 la—

1931 3527 2034 3581 bor
2089 3535 2264 3596 atque
2312 3536 2516 3589 metus.
2572 3544 2687 3584 non
2734 3531 2857 3584 sine
2908 3529 3072 3598 pretii
3107 3531 3420 3599 majestate,
3455 3530 3628 3598 petita

1929 3621 2064 3669 sunt
2093 3623 2147 3670 et
2193 3616 2288 3670 ubi
2338 3617 2658 3684 periculum
2707 3632 2876 3687 aaqua
2911 3617 3179 3672 omnibus
3219 3617 3378 3671 lance
3417 3628 3630 3684 pepen-

1932 3702 2095 3769 derit,
2131 3703 2208 3758 ibi
2259 3704 2620 3770 unicuilibet,
2673 3712 2752 3760 tot
2789 3713 3201 3775 tantorumque
3249 3703 3442 3759 dolore
3472 3717 3633 3772 quac-

1934 3790 2096 3856 situs,
2146 3791 2346 3847 debeat
2416 3792 2791 3862 magistratus
2855 3791 3112 3847 attribui.
3161 3789 3267 3856 Qui
3316 3789 3469 3844 enim
3515 3803 3631 3843 non

1928 3878 2150 3948 justum
2207 3891 2327 3932 esse
2374 3886 2601 3933 censeat
2649 3885 2732 3943 ut,
2769 3879 2827 3932 in
2859 3893 2974 3948 quo
3008 3877 3417 3933 universorum
3448 3885 3631 3931 certa-

1937 3979 2068 4020 men
2124 3972 2436 4029 exasstuat,
2492 3965 2604 4019 illic
2651 3965 2932 4035 generalis
2982 3963 3251 4020 omnibus
3302 3964 3531 4034 requies
3580 3971 3635 4020 et

1936 4068 2068 4123 pars
2095 4061 2217 4122 post
2246 4053 2547 4108 victoriam
2569 4053 2702 4123 jure
2734 4051 3072 4122 perveniat?
3108 4074 3135 4102 »

2011 4142 2111 4197 His
2150 4141 2516 4198 Boemundus
2563 4156 2716 4212 aegre
2773 4142 3070 4210 susceptis,
3116 4149 3171 4198 et
3232 4142 3397 4212 gravi
3438 4142 3638 4197 audita

1943 4231 2232 4286 trutinans
2285 4230 2494 4297 animo,
2551 4229 2840 4285 abscessit.
2892 4229 3005 4285 Nec
3049 4243 3229 4298 mora,
3264 4231 3522 4299 pervenit
3564 4231 3636 4286 ad

199 4319 350 4391 [111.]
382 4322 611 4390 Pyrrus
645 4317 1098 4383 Turcorumdux,
1124 4317 1313 4372 urbem
1338 4318 1521 4375 tradit
1545 4319 1828 4372 Boemun-
1867 4317 1912 4370 D
1943 4317 2228 4388 principes
2257 4317 2411 4388 quod
2433 4317 2505 4372 ab
2537 4317 2797 4372 hostibus
2815 4331 3013 4373 eorum
3042 4318 3486 4374 innumerabilis
3511 4319 3638 4374 bar-

121 4410 218 4464 do.
234 4437 305 4448 —
325 4408 568 4473 Quidam
587 4407 654 4462 de
670 4407 1138 4476 primoribusqui
1158 4407 1285 4462 urbi
1302 4406 1833 4476 praasidebantTur-

123 4498 209 4553 eis
247 4496 567 4551 vocabatur
613 4496 844 4564 Pyrrus.
880 4495 1008 4561 Qui,
1043 4494 1485 4550 familiaritatem
1518 4493 1832 4551 Boemundi

125 4599 249 4655 quo
325 4583 516 4639 nescio
575 4589 738 4651 pacto
809 4589 1032 4645 nactus,
1082 4583 1257 4652 coepit
1314 4582 1832 4638 intercurrentibus

125 4671 354 4729 nuntiis
383 4670 642 4727 crebrius
684 4671 810 4739 ejus
851 4669 1064 4725 usitare
1100 4671 1476 4740 colloquium,
1525 4679 1581 4726 et
1626 4678 1832 4726 mutuo

122 4774 307 4830 super
339 4759 427 4814 bis
454 4773 585 4828 qua:
632 4765 684 4813 et
718 4759 850 4813 hinc
877 4766 931 4813 et
962 4759 1093 4814 inde
1130 4758 1477 4827 gerebantur
1512 4758 1835 4814 communi-

123 4849 342 4903 cabant
414 4847 625 4916 saepius
672 4847 841 4901 ambo
902 4846 1223 4902 consilium.
1282 4847 1504 4902 Interea
1563 4846 1834 4902 soliditati

124 4936 366 5002 amoris,
399 4949 498 5004 per
527 4935 917 4990 assiduitatem
968 4934 1260 5004 colloquii,
1301 4935 1570 5005 gliscente
1601 4934 1830 5001 fiducia,

126 5024 411 5095 paulatim
465 5023 832 5079 Boemundus
878 5037 1186 5094 suggerere
1217 5022 1265 5078 ei
1303 5023 1641 5092 aggreditur
1682 5037 1835 5092 qua—

125 5121 304 5167 tenus
353 5109 693 5165 Christianaa
741 5109 942 5165 ditioni
986 5111 1293 5178 subjiceret
1341 5109 1562 5176 urbem,
1597 5111 1692 5166 cui
1729 5110 1835 5166 do-

123 5198 345 5254 minari
374 5199 422 5252 ei
456 5198 707 5267 plurima
730 5213 802 5254 ex
845 5206 1005 5267 parte
1038 5197 1351 5264 constabat,
1386 5197 1635 5252 suadens
1663 5197 1835 5252 etiam

124 5294 198 5344 ut
231 5286 734 5342 Christianismum
763 5285 1097 5355 susciperet,
1127 5285 1413 5354 spondens
1439 5284 1836 5354 nihilominus,

123 5375 178 5431 si
216 5375 338 5430 haec
359 5374 477 5430 duo
508 5374 628 5429 fieri
661 5373 1066 5444 acquiesceret,
1102 5373 1253 5443 quod
1271 5373 1516 5428 multum
1549 5372 1836 5442 ipsiquae—

124 5469 290 5519 stum
334 5477 468 5518 cum
521 5461 727 5531 potiori
777 5461 994 5517 honore
1050 5475 1224 5531 quam
1259 5460 1332 5515 ibi
1373 5462 1651 5516 hactenus
1685 5459 1836 5516 obti-

125 5558 347 5609 nuerat
397 5551 763 5618 impenderet.
816 5550 914 5604 His
970 5549 1445 5619 promissionibus
1476 5547 1565 5603 ille
1603 5563 1716 5603 non
1748 5563 1831 5603 se-

1941 4406 2216 4461 bararum
2270 4406 2570 4460 nationum
2628 4411 2774 4459 402'
2825 4405 2898 4460 ad
2931 4405 3390 4462 subveniendum
3439 4408 3637 4463 Antio-

1941 4495 2082 4549 chiae
2132 4493 2483 4549 conﬂaretur
2541 4495 2851 4560 exercitus,
2884 4501 2938 4549 et
2969 4501 3186 4550 mutato
3212 4503 3442 4564 repente
3472 4495 3638 4563 quis-

1940 4598 2054 4653 que
2097 4582 2316 4652 animo,
2365 4582 2434 4637 ad
2483 4582 2808 4650 alterutros,
2845 4591 3038 4638 coacto
3075 4583 3333 4649 concilio,
3367 4581 3639 4637 fabulan-

1939 4678 2078 4727 tur:
2125 4689 2150 4721 α
2207 4671 2282 4736 Si,
2359 4671 2652 4740 inquiunt,
2716 4670 3085 4726 Boemundus
3133 4670 3389 4739 qualibet
3437 4671 3642 4726 techna

1943 4759 2306 4828 occupaverit
2336 4760 2643 4826 civitatem,
2676 4773 2780 4814 nos
2813 4757 2921 4814 sibi
2956 4757 3233 4813 redditam
3261 4773 3391 4814 eum
3421 4758 3640 4828 patien-

1939 4855 2025 4902 ter
2077 4846 2287 4902 habere
2342 4847 2615 4913 feramus,
2648 4861 2715 4902 ea
2763 4846 2871 4901 sibi
2917 4845 3238 4900 conditione
3290 4845 3468 4900 indita
3498 4846 3641 4901 utsi

1943 4935 2254 5004 imperator
2311 4921 2463 5004 quod
2511 4935 2792 5005 pollicitus
2850 4941 2934 4989 est
2984 4935 3306 5003 praestiterit
3356 4933 3642 4989 auxilium

1942 5021 2126 5087 nobis,
2167 5029 2221 5078 et
2271 5036 2337 5078 ea
2390 5037 2520 5091 quae
2576 5022 2788 5091 pariter
2832 5022 3137 5091 spopondit
3162 5035 3228 5076 ac
3253 5021 3475 5091 juravit
3514 5037 3643 5078 con-

1944 5123 2092 5180 grua
2122 5109 2423 5179 largitione
2471 5109 2856 5180 prosequitur,
2913 5108 3116 5162 civitas
3148 5108 3284 5176 ipsa,
3319 5107 3483 5162 nobis
3524 5114 3638 5164 tra-

1943 5197 2232 5262 dentibus,
2287 5197 2406 5267 juri
2463 5196 2821 5266 imperatoris
2879 5195 3069 5261 cedat;
3102 5195 3147 5250 si
3194 5210 3324 5251 vero
3365 5195 3639 5263 fefellerit,

1945 5285 2000 5339 in
2037 5292 2226 5354 partes
2256 5284 2595 5350 Boemundi,
2628 5284 2794 5340 sicuti
2845 5284 2962 5352 ipse
2996 5283 3228 5352 expetit,
3286 5291 3404 5338 tota
3437 5298 3645 5339 conce-

1944 5373 2060 5428 dat.
2103 5396 2130 5421 »
2162 5372 2286 5440 Quo
2334 5374 2585 5443 cognito,
2634 5371 2726 5426 vir
2753 5373 2871 5442 ipse
2920 5370 3274 5427 clarissimus
3300 5373 3417 5442 jam
3451 5386 3646 5441 preces

1944 5460 2017 5516 ad
2050 5461 2294 5531 Pyrrum
2370 5459 2624 5530 quotidie
2682 5474 2920 5516 securus
2980 5460 3314 5531 ingeminat,
3349 5469 3403 5516 et
3464 5461 3645 5516 multa

1946 5548 2280 5618 hujusmodi
2362 5548 2775 5616 promissorum
2837 5547 3164 5605 adulatione
3219 5548 3639 5604 circumvenit:
