3902 6082
298 250 402 301 751
1185 244 1244 298 ν.
1289 242 1624 300 GUIBERTI
1667 241 1839 297 ABBA

1354 242 1624 300 JIBERTI
1667 241 1960 298 ABBATIS
1999 240 2059 298 Β.
2101 242 2343 298 ΜΑΒΙᾹΞ
2380 243 2470 297 DE
2511 241 2895 297 NOVIGENTO

299 403 324 424 ιι
358 379 501 434 Ecce
549 377 778 446 optime,
833 375 1037 444 inquit,
1104 374 1296 442 Pyrre,
1332 371 1510 438 vides,
1566 373 1636 427 ad
1668 371 1791 428 haec
1827 373 1991 428 nobis
2029 377 2074 428 A
2106 371 2288 443 ligens
2330 371 2400 427 de
2448 373 2759 427 Boemundi
2815 372 3073 428 absentia
3113 372 3408 442 conqueri,
3444 385 3628 442 quam
3673 371 3839 425 cele-

293 465 591 521 eflicienda
653 462 792 532 quid
849 460 1295 530 opportunitatis
1353 461 1622 516 arrideat.
1681 461 1762 516 Ne
1827 476 1985 532 ergo,
2105 463 2243 518 riter
2302 461 2371 516 ad
2431 462 2621 516 virum
2676 462 2778 530 qui
2835 462 3133 531 petebatur
3193 467 3498 530 properat:
3561 482 3590 508 ‹‹
3637 458 3835 525 Quid,

295 566 512 622 quaeso,
571 549 822 614 difieras,
895 563 985 614 ne,
1061 548 1348 618 quidquid
1413 549 1798 604 communiter
1855 550 1991 606 utile
2102 551 2310 620 inquit,
2344 549 2486 605 adeo
2517 550 2743 620 stupide
2773 549 2930 620 agis?
2964 550 3108 616 Quid
3155 565 3288 605 cum
3321 557 3476 605 tanto
3518 548 3841 617 languore

2100 646 2217 693 tam
2251 638 2436 693 ardua
2484 645 2668 706 coepta
2711 639 3114 708 prosequeris?
3149 639 3290 693 Ecce
3320 638 3440 708 jam
3487 651 3593 691 nos
3628 634 3837 690 trium

2103 727 2351 782 turrium
2381 727 2678 782 custodias
2726 727 3071 791 obtinemus,
3096 735 3150 782 et
3181 734 3264 792 tu,
3309 726 3481 796 hujus
3512 725 3594 780 rei
3632 738 3840 779 even-

2100 820 2194 868 tus
2231 813 2424 868 adhuc
2472 813 2676 868 dubios
2723 813 2887 882 quasi
2937 813 3338 881 contemplaris
3378 811 3658 868 eminus?
3692 813 3839 866 Ex-

2098 900 2434 971 pergiscere,
2512 915 2719 957 manus
2768 902 3026 967 admove,
3074 901 3273 955 mediae
3304 901 3549 970 teipsum
3595 898 3837 954 actioni

2101 991 2396 1046 intersere.
2441 1011 2466 1037 ››
2498 989 2664 1046 Ocior
2705 989 2799 1045 ille
2845 988 3071 1045 festinat
3121 1003 3253 1044 cum
3285 990 3406 1044 suis
3457 989 3528 1042 ad
3564 987 3835 1050 scalam,

3717 244 3836 294 752

294 640 585 706 molimur,
635 637 682 692 si
731 651 833 707 per
889 637 1162 706 aliquem,
1215 637 1370 705 quod
1433 636 1613 692 absitl
1664 638 1986 708 detegatur,

291 727 537 782 amittas.
567 747 588 772 ι
625 727 856 794 Pyrrus,
896 723 1210 779 Boemundi
1261 724 1529 794 legationi
1556 725 1987 795 congratulans,

289 829 454 885 opem
507 827 672 870 suam
705 827 820 868 non
863 827 923 868 se
953 812 1273 868 dilaturum
1329 812 1442 866 ullo
1483 813 1649 868 modo
1675 813 1986 869 renuntiat.

290 905 378 970 Et,
418 918 489 958 ne
545 902 736 957 virum
792 901 1070 956 illustrem
1126 900 1385 955 redderet
1435 900 1714 956 diuturna
1757 900 1992 957 effectus

289 1005 452 1048 mora
481 1003 844 1060 suspensum,
903 989 1120 1057 Pyrrus
1150 986 1298 1042 idem
1359 987 1657 1056 proprium
1690 987 1871 1043 filium
1903 988 1992 1042 la-

291 1094 474 1144 tenter
531 1083 865 1140 Boemundo
913 1081 1132 1152 dirigit,
1182 1081 1334 1136 etde
1385 1081 1546 1136 urbis
1593 1080 1875 1138 deditione
1926 1089 1990 1138 ut

290 1175 531 1229 fidenter
582 1177 836 1240 speraret
894 1167 1238 1224 admonuit:
1301 1190 1323 1215 ι
1383 1168 1448 1222 In
1496 1167 1832 1235 crastinum,
1889 1169 1986 1235 ait,

289 1277 422 1318 cum
477 1260 661 1331 primo
706 1257 1004 1322 diluxerit,
1069 1255 1397 1312 universam
1468 1255 1723 1312 Francia:
1776 1256 1991 1312 militiae

290 1365 528 1408 manum
558 1349 712 1406 tubis
766 1345 1166 1402 insonantibus
1223 1346 1280 1400 in
1313 1359 1495 1400 unum
1527 1361 1683 1417 coge,
1715 1354 1769 1402 et
1825 1346 1988 1417 quasi

289 1438 724 1509 deprzcdaturos
809 1436 1255 1490 Sarracenorum
1337 1443 1532 1500 terras,
1587 1443 1650 1489 ut
1723 1435 1988 1499 assolent,

289 1526 648 1597 longiuscule
679 1539 712 1579 a
762 1523 964 1578 castris
1005 1523 1266 1591 progredi
1295 1521 1455 1591 jube.
1489 1523 1771 1577 Continuo
1803 1530 1990 1577 tamen

289 1617 654 1671 dextrorsum
700 1626 800 1682 per
856 1618 1130 1666 montana
1160 1617 1460 1664 revertere.
1514 1610 1632 1678 Ego
1675 1623 1808 1664 vero
1841 1609 1992 1663 intra

290 1702 578 1756 civitatem
639 1708 806 1755 tuum
839 1698 1206 1767 praestolabor
1247 1697 1582 1766 adventum,
1619 1705 1746 1752 tuos
1775 1698 1994 1766 absque

291 1789 466 1844 dubio
498 1802 644 1857 quos
699 1788 1004 1841 immittere
1046 1784 1299 1850 libuerit,
1336 1783 1392 1837 in
1425 1798 1522 1838 eas
1554 1799 1686 1854 quae
1716 1798 1838 1839 meo
1862 1784 1997 1853 jure

293 1889 494 1944 parere
525 1875 795 1929 videntur
827 1879 1014 1926 turres
1039 1870 1239 1939 utique
1272 1877 1624 1938 recepturus.
1661 1891 1681 1916 ι

363 1961 506 2032 [IV.]
554 1962 641 2017 Ad
694 1961 813 2014 haec
857 1958 1224 2014 Boemundus
1280 1971 1411 2026 quae
1459 1959 1720 2013 audierat
1766 1971 1878 2011 non
1908 1970 1990 2012 se-

292 2049 480 2118 gniter
536 2046 776 2116 exsequi
827 2053 1114 2114 properat,
1157 2052 1212 2098 et
1264 2042 1444 2098 accito
1497 2043 1746 2112 quodam
1792 2041 1995 2096 cliente

293 2149 398 2191 suo
427 2135 476 2190 ei
531 2135 787 2204 przecipit
833 2141 914 2199 ut,
959 2132 1126 2201 quasi
1169 2133 1446 2201 praeconis
1504 2132 1740 2187 functus
1785 2129 1991 2197 officio,

297 2223 653 2277 Francorum
732 2227 919 2274 castra
985 2220 1318 2285 circumeat,
1381 2219 1712 2288 quibusque
1771 2219 1994 2273 denun-

294 2309 444 2364 tians
478 2316 766 2379 quatenus
796 2321 1023 2363 summa
1069 2322 1126 2362 se
1156 2307 1348 2361 cuncti
1378 2307 1674 2376 diligentia
1706 2318 1994 2374 praepara-

296 2404 426 2452 rent
475 2412 542 2452 ae
576 2397 621 2452 si
673 2397 730 2451 iu
779 2404 988 2451 terram
1044 2394 1488 2448 Sarracenorum
1536 2393 1838 2461 procedere
1891 2392 1995 2446 de-

296 2486 486 2542 beant.
521 2485 634 2540 Nec
676 2497 855 2546 mora,
899 2483 1173 2551 principis
1220 2483 1459 2552 imperio
1491 2482 1996 2552 famulisagacitas

294 2571 787 2628 irretractabiliter
846 2569 1218 2636 obseeundat,
1267 2585 1372 2625 nec
1422 2570 1775 2625 Francorum
1829 2584 1997 2638 expe-

295 2660 431 2715 ditio
461 2659 856 2728 obtemperare
908 2657 1202 2713 detrectat.
1237 2657 1381 2723 Quid
1410 2658 1563 2727 apud
1605 2672 1664 2713 se
1707 2658 1846 2713 laetae
1875 2658 1994 2727 spei

294 2746 577 2815 concipiat
646 2745 1012 2801 Boemundus
1091 2746 1224 2800 duci
1277 2745 1598 2810 Godefrido,
1660 2745 1995 2800 Flandrien-

295 2834 444 2889 sium
504 2832 718 2898 comiti,
791 2832 1103 2902 itidemque
1159 2841 1214 2886 et
1263 2831 1340 2886 illi
1381 2831 1451 2886 de
1509 2830 1713 2886 Sancto
1770 2832 1992 2900 Egidio,

2098 1091 2153 1139 et
2183 1091 2297 1139 tam
2322 1083 2628 1152 proditoris
2650 1084 2781 1138 boni
2833 1097 3007 1153 quam
3057 1096 3256 1138 eorum
3289 1081 3390 1152 qui
3423 1081 3832 1137 ascenderant

2099 1173 2268 1243 erigit
2297 1172 2689 1228 intentionem.

2171 1257 2474 1313 Confestim
2505 1258 2603 1328 qui
2639 1257 2936 1314 subierant
2985 1258 3110 1313 illas
3152 1257 3312 1327 Pyrri
3351 1264 3562 1322 turres,
3612 1265 3830 1312 atten-

2100 1343 2296 1399 dentes
2367 1345 2614 1399 Francos
2680 1344 3067 1414 undecunque
3133 1343 3438 1406 confluere,
3499 1344 3826 1412 proprium

2101 1437 2398 1498 cmperunt
2472 1445 2603 1486 eum
2662 1430 2843 1486 multo
2901 1431 3211 1485 inclamare
3269 1429 3458 1500 jubilo
3511 1429 3820 1499 signum:

2102 1518 2250 1572 Deus
2311 1533 2366 1572 lD
2412 1533 2571 1583 vum,
2629 1519 2782 1572 Deus
2843 1533 2898 1572 ID
2945 1533 3104 1572 vum.
3139 1517 3289 1571 Idem
3349 1525 3540 1572 autem
3577 1518 3826 1586 magnis

2101 1605 2422 1660 acclamant
2467 1606 2722 1670 vocibus,
2774 1605 2874 1674 qui
2920 1605 3212 1659 aseensuri
3256 1619 3356 1673 pro
3382 1604 3679 1659 mugnibus
3703 1615 3824 1658 sta-

2031 1666 2072 1718 Β
2103 1693 2261 1748 bant.
2320 1693 2642 1749 Prtevenire
2709 1702 2848 1748 tunc
2896 1693 3041 1748 alter
3085 1692 3328 1747 alterum
3389 1692 3446 1746 in
3497 1692 3822 1748 subeundo

2101 1781 2313 1836 scalam
2372 1781 2597 1836 infinita
2663 1784 3022 1836 contentione
3094 1781 3368 1846 certabat,
3424 1787 3480 1836 et
3549 1781 3822 1850 quisque

2101 1870 2431 1934 subvectus,
2463 1871 2544 1924 uti
2579 1870 2738 1938 prius
2769 1875 3008 1938 poterat,
3067 1875 3256 1922 turres
3295 1875 3349 1922 et
3380 1867 3523 1922 alias
3547 1881 3820 1936 occupa-

2104 1955 2219 2011 bat.
2285 1955 2628 2025 Quicunque
2683 1955 2771 2010 his
2827 1954 3035 2010 obvius
3085 1953 3410 2016 exstitisset,
3459 1952 3818 2008 tradebatur

2103 2043 2247 2099 neci.
2297 2046 2450 2098 lnter
2481 2057 2627 2112 quos
2673 2044 2842 2098 etiam
2877 2041 3160 2097 occiditur
3210 2040 3384 2094 frater
3416 2039 3597 2108 Pyrri.
3628 2039 3820 2093 Inter-

2101 2146 2168 2186 ea
2223 2132 2376 2186 scala
2432 2130 2834 2199 disrumpitur,
2864 2137 2918 2184 et
2952 2136 3065 2183 tota
3120 2135 3443 2182 nostrorum
3493 2125 3818 2180 multitudo

2101 2219 2514 2288 subterjacens,
2565 2226 2771 2286 etquae
2820 2222 3204 2286 przecesserat,
3263 2213 3424 2283 gravi
3473 2213 3815 2267 animorum

2101 2306 2444 2377 aegritudine
2475 2305 2790 2370 sauciatur,
2851 2305 2988 2358 dum
3050 2303 3375 2372 superiores
3429 2301 3646 2356 dilTerri
3704 2301 3813 2355 Slbl

2105 2402 2380 2450 verentur
2422 2394 2750 2461 auxilium;
2780 2401 2834 2448 et
2883 2392 3033 2447 infra
3089 2392 3250 2461 positi
3294 2392 3381 2446 his
3413 2391 3513 2461 qui
3542 2391 3819 2445 ascende-

2104 2489 2234 2536 rant
2272 2482 2471 2536 timent
2543 2481 2856 2536 detrectare
2922 2479 3286 2551 sufl'ragium.
3350 2480 3453 2534 Sed
3518 2481 3818 2535 industria

2103 2570 2315 2638 reperit
2360 2568 2471 2624 cito
2513 2568 2721 2622 locum.
2778 2568 2946 2623 Porta
2993 2581 3244 2636 namque
3277 2567 3482 2622 ibidem
3505 2567 3711 2622 clausa
3734 2575 3816 2620 at-

2104 2671 2217 2728 que
2275 2657 2607 2727 contiguaa
2669 2655 2900 2710 sinistra
2949 2663 3108 2725 parte
3156 2655 3401 2723 latebat;
3434 2665 3598 2711 nocte
3648 2655 3819 2710 nimi-

2104 2760 2234 2801 rum
2291 2744 2668 2813 prmpediente
2719 2744 2954 2812 reperiri
3001 2758 3115 2798 non
3165 2752 3402 2812 poterat,
3461 2758 3594 2813 quae
3630 2743 3816 2798 etiam

2105 2833 2374 2896 interdiu,
2425 2832 2544 2887 loco
2596 2831 2944 2901 infrequenti
2973 2831 3303 2894 constituta,
3337 2832 3528 2887 minus
3557 2833 3814 2900 patebat.

274 2935 521 3001 necnon
551 2927 607 2975 et
660 2919 918 2974 Podiensi
967 2919 1231 2988 episeopo
1279 2919 1604 2982 denuntiat,
1632 2918 1871 2988 jamque
1903 2927 1993 2972 tu-
2033 2951 2073 3006 ρ
2106 2920 2396 2989 Palpando
2443 2928 2654 2985 tamen,
2706 2927 2948 2990 urgente
3000 2934 3158 2987 cura,
3210 2921 3472 2976 sentitur.
3508 2922 3592 2976 Ab
3617 2920 3813 2974 omni—

299 3008 406 3064 tior
450 3022 523 3064 ex
563 3007 968 3077 sponsionibus
1010 3007 1169 3075 Pyrri
1223 3007 1432 3060 fatetur
1488 3005 1595 3059 sibi
1635 3005 1989 3060 Antiochiam

297 3108 366 3148 ea
395 3102 558 3149 nocte
612 3094 778 3148 tradi.
828 3094 910 3147 Ea
958 3093 1136 3164 igitur
1179 3093 1439 3146 exercitu
1471 3105 1589 3160 qua
1631 3092 1888 3147 diximus
1912 3106 1996 3147 or-

297 3180 589 3236 dinatione
627 3178 916 3248 disposito,
958 3180 1230 3234 militares
1259 3178 1524 3247 equidetn
1561 3178 1670 3232 viri
1711 3192 1809 3246 per
1840 3193 1996 3232 carn-

299 3267 512 3338 pestria
573 3266 949 3322 obambulare
992 3266 1307 3336 jubentur;
1366 3264 1618 3333 peditum
1676 3263 1998 3332 frequentia

298 3369 400 3424 per
451 3363 721 3409 montana
779 3353 1065 3422 processit.
1118 3352 1256 3406 Tota
1288 3353 1481 3420 itaque
1512 3358 1672 3406 nocte
1703 3350 1996 3420 proprium

297 3443 402 3498 iter
451 3441 787 3511 expediunt,
841 3448 895 3495 et
957 3447 1270 3508 antequam
1324 3446 1549 3506 pareret
1603 3452 1815 3493 aurora
1870 3452 1998 3493 cre-

299 3528 626 3599 pusculum,
662 3542 765 3597 pro
799 3527 1078 3592 turribus,
1108 3541 1256 3596 quas
1286 3527 1380 3582 ille
1417 3526 1554 3583 felix
1583 3527 1837 3596 proditor
1865 3541 2000 3596 per-

297 3616 437 3687 vigil
469 3616 770 3671 excubans
795 3614 1156 3681 observabat,
1200 3614 1496 3669 assistunt.

369 3704 478 3774 [V.]
516 3702 602 3758 lbi
653 3702 1018 3758 Boemundus
1067 3702 1136 3756 de
1185 3715 1336 3771 equo
1388 3701 1618 3771 desiliit,
1669 3712 1722 3758 et
1765 3703 2000 3758 Francis

296 3790 525 3847 insolita
567 3791 688 3860 jam
740 3789 1078 3845 auctoritate
1131 3789 1400 3856 intonuit,
1449 3789 1682 3845 dicens:
1718 3813 1744 3838 ‹‹
1794 3793 1998 3846 Proce-

297 3879 432 3946 dite,
466 3886 521 3934 et
550 3878 623 3932 ab
653 3890 719 3931 ea
765 3890 942 3945 quam
972 3875 1195 3930 dudum
1226 3877 1376 3944 passi
1429 3877 1561 3932 estis
1599 3877 2000 3946 inquietudine

299 3965 597 4034 respirate,
642 3972 1006 4032 praeerectam
1062 3962 1223 4018 vobis
1279 3963 1492 4018 scalam
1533 3964 1910 4030 conscendite,
1946 3973 2001 4020 et

300 4066 372 4107 ne
403 4051 504 4107 diu
536 4065 636 4105 vos
669 4062 876 4114 morer,
921 4049 1023 4104 diu
1062 4057 1390 4118 exoptatam
1429 4049 1590 4104 vobis
1641 4051 1998 4106 Antiochiam

300 4138 506 4207 capite,
558 4137 696 4206 quia
749 4151 880 4206 quae
933 4137 1152 4206 pridem
1199 4137 1400 4192 Turcis
1453 4135 1762 4206 subjacuit,
1799 4143 2000 4191 vestrae

2103 3010 2209 3064 btts
2225 3007 2414 3062 slatim
2450 3007 2519 3061 ad
2550 3021 2676 3062 eam
2707 3008 2985 3075 curritur,
3011 3008 3203 3064 fractis
3224 3009 3515 3079 repagulis
3545 3009 3815 3076 serisque

2103 3095 2397 3164 panditur,
2449 3097 2598 3147 408
2639 3093 2873 3148 Francis
2906 3095 3260 3151 irruentibus
3310 3095 3506 3164 pervia
3535 3094 3808 3149 efficitur.

2177 3177 2592 3250 {_Vleudires
2654 3181 2911 3235 horribili
2965 3182 3293 3238 universam
3345 3182 3632 3238 civitatem
3687 3183 3807 3238 fra-

2106 3281 2240 3338 gore
2279 3266 2572 3329 confundi,
2605 3273 2660 3321 et
2685 3267 2824 3322 dum
2867 3268 2956 3322 isti
2997 3269 3064 3323 de
3097 3277 3254 3324 tanta
3285 3270 3497 3326 laboris
3527 3271 3638 3325 fine
3669 3286 3807 3326 con-

2100 3352 2371 3424 jubilant,
2418 3353 2496 3408 illi
2551 3353 2838 3423 insperata
2885 3356 3119 3410 omnino
3153 3358 3239 3412 sui
3271 3357 3529 3413 omnium
3561 3357 3804 3413 subver-

2106 3442 2262 3498 sione
2333 3441 2763 3511 collacrymant.
2817 3443 2971 3498 Nihil
3018 3445 3288 3498 moderati
3342 3460 3588 3515 usquam
3629 3460 3808 3514 penes

2106 3532 2352 3586 victores
2397 3530 2696 3598 victosque
2743 3531 3058 3586 constabat.
3111 3532 3263 3587 lllico
3297 3533 3687 3598 Boemundus,
3740 3542 3807 3588 ut

2105 3617 2382 3675 intentam
2423 3617 2530 3672 sibi
2579 3617 2838 3672 redderet
2887 3619 3109 3684 urbem,
3160 3619 3298 3674 illud
3340 3620 3540 3675 Turcis
3570 3622 3808 3676 omnino

2107 3705 2356 3761 notabile
2424 3703 2838 3773 cognitumque
2900 3705 3197 3772 vexillum,
3252 3720 3444 3761 coram
3498 3715 3808 3774 prospectu

2106 3793 2337 3853 castelli,
2402 3790 2556 3862 quod
2605 3790 2796 3845 adhuc
2852 3791 3098 3860 captioni
3135 3792 3414 3848 restiterat
3444 3794 3637 3862 (suum
3685 3794 3808 3848 uti-

2109 3883 2267 3950 que),
2317 3880 2483 3950 jubet
2527 3879 2583 3932 iu
2613 3878 2918 3948 cujusdam
2947 3880 3154 3934 montis
3181 3878 3552 3949 supremitate
3585 3882 3809 3948 prasti-

2110 3969 2213 4024 tui.
2268 3969 2400 4023 Erat
2452 3967 2509 4022 in
2552 3967 2693 4022 urbe
2748 3981 2989 4035 pervasa
3035 3968 3362 4038 ejulatuum
3409 3970 3660 4024 enormis
3698 3971 3802 4026 im-

2109 4057 2398 4123 mensitas,
2430 4063 2504 4124 et,
2547 4055 2684 4111 dum
2741 4070 2838 4124 per
2882 4057 3075 4111 omnia
3123 4057 3496 4128 fugitantium
3547 4058 3604 4113 fit
3644 4063 3807 4130 angi-

2111 4153 2275 4214 porta
2302 4157 2579 4199 occursus
2621 4143 2982 4199 incitantium
3032 4144 3315 4200 victorum
3361 4145 3433 4200 ad
3464 4146 3696 4212 caedem,
3727 4147 3804 4203 fe-

301 4225 360 4280 in
410 4225 690 4295 ιποκὶῐηο,
748 4225 792 4278 Si
846 4224 996 4280 Deus
1049 4225 1340 4290 annueril.
1409 4224 1569 4280 cedet
1624 4223 1912 4278 CUSIOdiIB~
1971 4245 1990 4271 ³
2034 4215 2078 4270 Ῑ)
2111 4232 2246 4288 ralis
2297 4230 2586 4286 ferebatur
2613 4245 2680 4285 ac
2711 4231 3035 4286 truculenta
3080 4231 3371 4286 vocalitas.
3407 4232 3495 4298 Et,
3532 4233 3671 4288 dum
3704 4249 3798 4290 re-

300 4313 385 4368 Ad
433 4312 646 4368 scalam
694 4313 898 4368 Franci
942 4314 1303 4382 perveniunt,
1358 4327 1512 4383 quae,
1546 4312 1833 4367 mmnibus
1869 4312 1998 4366 civi-

301 4401 434 4456 tatis
467 4400 668 4455 innixa
713 4407 768 4455 et
799 4399 872 4454 ad
895 4399 1106 4468 [eadem
1141 4399 1358 4454 fortiter
1401 4399 1637 4470 illigata,
1696 4399 1997 4469 sexaginta

301 4487 450 4544 illico
494 4487 826 4543 hominibus
871 4501 1171 4541 ascensum
1226 4486 1490 4555 praebuit,
1555 4486 1791 4557 quibus,
1848 4488 1997 4542 intra

301 4583 490 4631 turres
536 4575 805 4643 exceptis,
864 4587 1066 4628 earum
1117 4573 1252 4642 ipsis
1304 4573 1473 4629 homo
1523 4574 1813 4629 custodias
1853 4572 1998 4628 dele-

301 4665 478 4735 gavit.
537 4667 604 4719 At
652 4664 771 4733 ipse
834 4664 1066 4730 Pyrrus,
1121 4661 1419 4717 attendens
1452 4662 1606 4732 quod
1647 4663 1787 4718 adeo
1828 4661 1994 4731 pauci

299 4763 373 4805 ex
434 4747 670 4803 Francis
711 4746 1097 4810 ascenderent,
1156 4760 1270 4799 non
1323 4754 1434 4800 tam
1485 4746 1710 4813 nostris,
1759 4754 1821 4802 ut
1853 4751 1997 4814 post-

301 4837 536 4892 modum
592 4835 819 4902 elaruit,
874 4848 1049 4903 quam
1098 4833 1204 4889 sibi
1264 4835 1518 4902 timidus,
1562 4850 1762 4890 verens
1812 4849 1882 4890 ne
1922 4834 1994 4888 ad

301 4926 391 4981 sui
439 4924 623 4994 ipsius
666 4922 976 4992 perniciem
1030 4930 1224 4991 emptae
1296 4923 1632 4992 proditionis
1688 4923 1995 4992 trepidaret

299 5021 558 5069 eventus.
615 5011 972 5067 severissime
1019 5011 1089 5066 ad
1152 5019 1460 5080 praesentes
1526 5011 1722 5066 Graeca
1795 5011 1995 5082 lingua

300 5103 630 5159 infremuit:
671 5122 698 5150 «
739 5101 970 5167 Parum,
1040 5101 1248 5170 inquit,
1305 5101 1554 5156 Francos
1606 5101 1903 5155 habemus.
1962 5120 1990 5152 ι»

303 5190 519 5258 Hisque
566 5187 730 5243 dictis
783 5188 1179 5243 Boemundum
1241 5188 1605 5244 vehementer
1653 5187 1990 5254 iuclamitat,

299 5275 593 5345 negotium
637 5275 910 5331 nimirum
969 5261 1292 5331 accelerans
1349 5275 1501 5346 quod
1546 5276 1870 5346 gerebatur,
1922 5291 1993 5332 ne

299 5362 543 5428 civibus,
603 5371 915 5432 antequam
965 5362 1167 5417 Franci
1221 5362 1586 5426 conveniant,
1654 5363 1987 5419 innotescat.

303 5450 374 5505 At
402 5449 810 5519 Longobardus
848 5449 1085 5519 quidam
1116 5463 1188 5505 ex
1233 5448 1484 5515 famulis,
1535 5451 1776 5520 Pyrrum
1826 5451 1989 5507 intel-

2107 4321 2420 4376 cordantur
2489 4333 2636 4389 quas
2715 4319 3070 4388 pertulerant
3123 4320 3180 4374 in
3250 4334 3452 4375 eorum
3503 4320 3799 4376 obsidione

2106 4409 2382 4471 miserias,
2443 4422 2590 4477 quas
2654 4408 2790 4476 ipsis
2848 4407 3130 4463 mortibus
3181 4407 3499 4464 acerbiores
3557 4408 3795 4472 inedias,

2104 4509 2300 4550 omnes
2339 4509 2487 4564 quas
2516 4495 2724 4549 inferre
2755 4496 3042 4564 potuerint
3076 4495 3484 4552 insufficientes
3510 4497 3798 4553 arbitran-

2105 4590 2202 4638 tur
2249 4597 2450 4638 eorum
2507 4582 2688 4638 reatui
2720 4596 2935 4652 pmnas.
2985 4583 3341 4639 Puniebatur
3393 4584 3794 4643 Armeniorum

2105 4669 2497 4738 Syrorumque
2565 4682 2923 4739 paganorum
3005 4672 3336 4727 cohortibus
3389 4672 3543 4728 omni
3597 4676 3796 4731 merito

2103 4763 2406 4825 exaequata
2460 4756 2717 4825 perﬁdia,
2791 4758 2950 4826 quia,
2984 4773 3131 4827 quos
3187 4759 3258 4813 ad
3319 4773 3484 4813 suam
3542 4760 3792 4830 ipsorum

2104 4843 2569 4909 internecionem,
2611 4844 2932 4900 Turcorum
2962 4846 3315 4902 adminiculo
3351 4847 3505 4902 haud
3553 4850 3796 4916 segniter

2105 4929 2435 5000 invigilasse
2509 4939 2923 5000 compererant,
2977 4931 3212 4988 tandem
3260 4947 3295 4987 a
3343 4934 3604 5003 supplicii
3659 4950 3791 5005 pen-

2103 5019 2259 5074 sione
2293 5018 2588 5088 disparare
2617 5019 2906 5076 nolebant.
2941 5021 3009 5076 Et
3033 5031 3182 5078 certe
3230 5029 3420 5078 tamen
3452 5021 3626 5078 fateor
3653 5026 3791 5094 quia

2102 5104 2358 5174 ipsorum
2399 5104 2719 5160 innumeris
2765 5107 3166 5177 pepercissent,
3233 5108 3300 5174 si,
3354 5108 3502 5164 inter
3543 5110 3792 5168 ethnicos

2101 5205 2168 5246 ac
2198 5200 2403 5246 nostrae
2457 5191 2583 5247 fidei
2616 5193 2894 5258 homines,
2933 5195 3187 5264 aliquam
3218 5195 3427 5251 habere
3465 5196 3790 5266 discrepan-

2101 5279 2240 5334 tiam
2289 5281 2543 5336 scissent.
2602 5283 2663 5335 ln
2729 5289 2885 5336 tanta
2935 5282 3103 5351 plane
3146 5283 3478 5340 confusione
3525 5288 3788 5354 temporis

2101 5373 2276 5434 atque
2301 5365 2535 5435 negotii,
2565 5381 2682 5422 nox
2719 5369 2933 5438 quippe
2963 5369 3168 5436 fuerat,
3201 5377 3255 5426 et
3275 5370 3615 5440 populandae
3641 5387 3785 5427 cun-

2099 5459 2221 5507 ctos
2289 5452 2536 5508 civitatis
2617 5454 2882 5522 aviditas,
2943 5463 2998 5512 et
3064 5471 3360 5514 morarum
3437 5458 3782 5528 impatientia
