3902 6082
116 266 219 319 753

115 503 396 553 scernere,
433 489 575 544 nihil
606 489 942 555 barbarum,
970 491 1317 546 incrementa
1341 492 1736 559 permiseram.

184 577 404 633 Nostris
453 585 646 633 autem
704 578 760 632 in
823 579 1052 634 assiduo
1102 579 1296 648 positis
1336 580 1631 648 procinctu
1678 580 1810 635 fati-

114 665 394 720 scentium
441 679 722 735 genarum
769 667 1006 721 maciem
1038 667 1332 722 horribilis
1366 669 1615 736 primum
1663 669 1810 724 situs

115 753 414 818 ambierat,
461 761 516 808 et
565 753 836 809 Francico
883 769 1058 821 more,
1095 754 1316 810 incuria
1368 755 1604 810 diutinae
1645 770 1810 825 pere-

114 842 458 911 grinationis
501 843 726 908 omisso,
764 842 1066 897 barbulam
1099 844 1346 912 quisque
1398 845 1636 899 rasitare
1688 845 1809 899 dis—

113 929 344 984 tulerat.
387 930 549 996 Quod
601 930 888 986 Podiensis
919 932 1221 999 episcopus
1276 932 1592 996 attendens,
1624 940 1678 987 et
1739 946 1811 986 ne

116 1017 173 1071 in
203 1025 436 1072 mutuas
456 1025 690 1072 ruerent
716 1019 913 1084 cades,
948 1018 990 1072 si
1024 1019 1257 1088 quando
1292 1019 1516 1088 uspiam
1559 1019 1809 1088 praeliari

113 1120 208 1160 eos
236 1106 609 1176 contingeret,
668 1121 770 1175 pro
821 1107 1132 1162 barbarum
1181 1107 1557 1162 similitudine
1594 1109 1810 1163 Turcos

113 1193 460 1248 alterutrum
493 1208 551 1248 se
590 1201 871 1262 putantes,
923 1208 1151 1260 verens,
1183 1203 1237 1250 et
1284 1196 1484 1250 crebro
1513 1211 1607 1251 eos
1661 1196 1804 1264 radi,

111 1289 165 1336 et
223 1295 422 1336 cruces
475 1289 792 1352 argenteas,
847 1282 936 1337 vel
989 1283 1295 1353 cujuslibet
1345 1285 1598 1339 materiei
1645 1285 1804 1354 alias,

111 1369 400 1438 cujusque
446 1369 588 1424 collo
626 1369 892 1438 praecepit
941 1370 1206 1439 appendi,
1248 1384 1319 1425 ne
1350 1371 1495 1426 alter
1525 1371 1596 1426 ab
1628 1371 1808 1426 altero

111 1457 276 1526 quasi
314 1458 634 1528 alienigena
661 1459 836 1526 possit
890 1458 1171 1526 intercipi.
1208 1459 1278 1512 At
1312 1458 1390 1525 hi,
1441 1458 1540 1527 qui
1575 1458 1631 1512 in
1678 1468 1807 1514 ten-

114 1545 274 1600 toriis
330 1545 674 1612 resederant,
733 1546 871 1600 dum
929 1560 1096 1600 mane
1144 1545 1506 1601 civitatenses
1558 1547 1807 1603 audiunt

109 1633 610 1688 vehementissimo
660 1635 1108 1689 tumultuatione
1159 1635 1394 1699 moveri,
1444 1649 1474 1688 e
1514 1635 1807 1704 papilioni-
1845 1672 1886 1725 Β

109 1723 219 1778 bus
296 1723 599 1791 prodeunt.
682 1724 994 1778 Boemundi
1053 1724 1327 1779 vexillum
1391 1732 1524 1780 ante
1593 1726 1807 1781 moenia

107 1810 347 1876 castelli,
385 1811 640 1866 nondum
691 1811 864 1880 capti,
913 1811 1058 1866 celso
1112 1812 1168 1866 in
1219 1819 1408 1867 monte
1463 1827 1808 1882 conspexere

106 1899 433 1968 praeﬁxum.
505 1897 762 1955 Currunt
826 1913 1080 1968 propere,
1164 1908 1475 1969 portasque
1561 1900 1808 1956 civitatis

110 1989 466 2057 irrumpunt,
523 1988 740 2044 Turcos
810 1988 1270 2059 Sarracenosque
1341 2004 1486 2059 quos
1545 2003 1806 2058 reperere

110 2075 465 2144 percutiunt,
500 2075 610 2129 illis
647 2082 836 2130 tamen
865 2089 900 2130 a
928 2076 1079 2131 caede
1109 2075 1344 2130 salvatis
1376 2076 1476 2145 qui
1507 2076 1804 2132 subintra-

107 2175 242 2216 vere
304 2161 622 2216 castellum.
697 2162 1017 2216 Turcorum
1083 2176 1217 2216 vero
1289 2163 1490 2232 aliqui,
1559 2164 1806 2218 Francos

111 2247 496 2317 intelligentes
525 2247 753 2302 civitate
794 2248 1014 2316 potitos,
1075 2262 1174 2316 per
1222 2247 1363 2302 alias
1425 2249 1583 2304 urbis
1615 2257 1806 2318 portas

109 2336 292 2404 elapsi
325 2344 480 2392 sunt.
527 2336 684 2391 Intra
736 2336 932 2391 urbem
987 2343 1176 2390 autem
1219 2351 1464 2391 sexuum
1507 2337 1810 2393 diversitas

113 2423 419 2478 indiscrete
476 2424 794 2494 perimitur,
875 2423 1103 2493 exiguae
1169 2438 1295 2492 spes
1349 2423 1530 2478 aetatis
1596 2425 1806 2480 excidi-

111 2518 227 2578 tur,
286 2520 361 2577 et,
419 2512 556 2566 dum
611 2511 819 2565 seniori
876 2509 1041 2565 eileto
1099 2525 1211 2564 non
1241 2509 1514 2578 parcitur,
1585 2511 1803 2580 ambigi

111 2613 226 2652 non
271 2607 459 2668 potest,
501 2606 720 2668 quanta
777 2598 1066 2652 ferocitate
1116 2597 1395 2666 juventus
1455 2597 1615 2652 bellis
1669 2605 1805 2666 apta

111 2687 437 2742 conciditur

183 2773 355 2845 [νη]
409 2774 630 2828 Interea
677 2772 1004 2835 Cassianus,
1045 2771 1146 2841 qui
1179 2771 1549 2828 Antiochenae
1590 2787 1802 2842 praese-

110 2861 273 2917 derat
307 2861 456 2927 urbi,
487 2862 624 2917 dum
685 2861 1036 2915 Francorum
1095 2860 1297 2915 metuit
1359 2875 1566 2916 manus
1621 2861 1806 2916 incur-

1215 266 1434 322 GESTA
1475 267 1597 321 DEI'
1628 267 1768 323 PER
1807 266 2141 342 FRANQOS.
2188 299 2256 307 —
2283 267 2412 323 LlB.
2459 269 2517 323 V.

114 398 517 466 perturbarat;
571 398 715 453 nihil
773 398 1009 454 forsitan
1073 400 1315 455 vestium
1367 401 1673 470 qualitates
1720 400 1806 455 di-
1845 402 1884 456 A

3509 274 3615 329 754

1997 487 2148 560 [VIII
2159 490 2194 560 .]
2211 490 2515 545 Curbaran
2531 491 2940 558 Persafmilitiae
2946 493 3216 565 princeps
3226 497 3425 549 contra
3437 497 3614 551 Fran-

1917 592 2013 630 cos
2036 578 2401 649 progreditur
2424 595 2551 632 cum
2584 582 2834 633 maximo
2858 581 3127 635 exere-itu.
3157 611 3227 623 —-
3256 583 3443 653 Igitur
3473 584 3612 640 Cur-

1921 665 2099 721 baran
2131 667 2367 736 quidam
2399 668 2603 736 dictus,
2638 668 2788 738 regis
2846 669 3167 736 Persarum,
3221 686 3390 740 quem
3434 674 3611 728 veteri

1921 752 2282 823 Sogdeanum
2340 756 2590 823 nomine,
2655 765 2718 811 ut
2777 758 3012 812 Romani
3077 758 3344 826 Caesares,
3405 773 3610 816 vocare

1918 841 2117 908 solent,
2173 844 2356 913 major
2410 845 2635 911 domus,
2697 845 2783 899 vel
2831 846 3017 914 potius
3064 847 3280 902 militize
3323 848 3607 917 princeps,

1919 944 2050 985 cum
2091 932 2284 987 adhuc
2311 931 2464 987 infra
2493 947 2737 1003 regnum
2769 933 3032 1000 Persidis,
3066 934 3119 988 in
3153 935 3250 989 illa
3296 949 3472 1004 quam
3503 937 3608 992 Co-

1921 1020 2209 1076 rozaniam
2239 1029 2449 1077 vocant
2478 1021 2770 1090 provincia
2819 1031 3143 1078 moraretur
3167 1023 3388 1092 (dicunt
3417 1032 3608 1080 autem

1917 1107 2154 1175 quidam
2195 1115 2403 1163 terram
2450 1109 2603 1164 circa
2653 1110 2974 1165 Caucasum
3033 1111 3420 1179 Corozaniam,
3479 1127 3611 1167 cor-

1917 1198 2087 1263 rupto
2117 1209 2151 1249 a
2178 1197 2422 1251 rudibus
2480 1199 2727 1262 nomine,
2789 1199 3082 1270 appellari)
3123 1214 3156 1254 a
3187 1200 3420 1269 praefato
3469 1201 3611 1255 Cas—

1916 1283 2096 1348 siano,
2158 1284 2523 1340 Antiochense
2576 1286 2739 1342 urbis
2791 1287 3062 1355 principe,
3117 1287 3332 1342 crebris
3361 1287 3610 1356 compel-

1917 1369 2150 1425 labatur
2191 1375 2346 1426 409
2380 1372 2602 1428 nuntiis
2646 1388 2762 1442 quo
2802 1374 2907 1428 sibi
2959 1374 3067 1429 sub
3111 1382 3270 1429 tanta
3299 1373 3612 1429 obsidionis

1916 1458 2188 1528 angustia
2227 1458 2404 1526 posito
2435 1467 2821 1525 concurreret,
2858 1461 3130 1528 pollicens
3159 1461 3315 1529 quia,
3350 1461 3396 1515 si
3424 1463 3610 1516 Fran-

1916 1552 2010 1593 cos
2039 1546 2337 1606 averteret,
2380 1548 2481 1596 aut
2521 1541 2723 1596 urbem
2783 1541 3080 1597 liberatam
3137 1541 3314 1610 ipsius
3361 1541 3610 1596 dominio

1917 1628 2294 1693 contraderet,
2341 1637 2442 1683 aut
2475 1629 2872 1684 subventionis
2913 1629 3161 1685 laborem
3201 1630 3455 1684 maxima
3497 1630 3611 1684 im-

1916 1716 2185 1784 pensione
2238 1730 2546 1772 munerum
2603 1725 2952 1788 exzequaret.
2999 1718 3259 1787 Cumque
3298 1718 3611 1773 admodum

1917 1805 2192 1874 grandem
2220 1805 2340 1876 jam
2375 1805 2520 1860 idem
2553 1806 2768 1862 militiae
2808 1807 3095 1876 princeps,
3133 1806 3308 1877 hujus
3355 1821 3454 1876 spe
3485 1806 3611 1876 pol-

1917 1891 2244 1948 Iicitationis
2329 1892 2568 1960 illectus,
2644 1894 2943 1950 conﬂasset
3026 1895 3368 1964 exercitum,
3453 1901 3508 1951 et
3577 1909 3611 1950 a

1915 1993 2140 2034 summo
2201 1980 2290 2035 sui
2341 1981 2553 2036 erroris
2604 1981 2870 2051 pontiﬁce
2932 1982 3170 2047 (habent
3218 1981 3370 2036 enim
3401 1987 3456 2036 et
3503 1995 3610 2049 pa-

1917 2080 2047 2136 pam
2099 2081 2292 2135 suum,
2343 2069 2414 2123 ad
2465 2069 2648 2124 instar
2703 2070 2898 2137 nostri)
2931 2069 3216 2124 licentiam
3258 2069 3611 2124 Christianos

1915 2156 2228 2224 perimendi
2276 2157 2619 2226 poposcisset
2669 2171 2734 2212 ac
2787 2158 3114 2226 accepisset,
3165 2158 3237 2212 ad
3293 2157 3609 2212 eruendam

1913 2245 2275 2300 Antiochiam
2310 2259 2633 2314 properare,
2669 2246 2890 2301 inﬁnito
2934 2247 3164 2316 agmine
3206 2245 3610 2301 succenturia-

1915 2339 2007 2388 tus
2065 2333 2324 2388 intendit.
2378 2333 2898 2403 Hierosolymorum
2933 2335 3233 2403 praefectus
3275 2336 3444 2404 (quos
3475 2334 3607 2390 bar-

1914 2421 2107 2475 barica
2141 2420 2220 2474 illi
2252 2421 2454 2491 lingua
2499 2422 2895 2477 Admiravisos
2925 2422 3152 2492 vocant)
3193 2421 3440 2491 plurimo
3470 2437 3606 2478 con-

1915 2507 2096 2562 festim
2182 2508 2460 2574 exercitu,
2520 2509 2700 2578 ipsius
2755 2510 3123 2564 adventantis
3173 2509 3366 2578 copias
3417 2509 3604 2564 auxit.

1913 2596 2114 2650 Itidem
2169 2597 2590 2652 Damascenum
2647 2611 2859 2668 regem,
2911 2611 3043 2652 cum
3100 2596 3463 2667 expeditione
3492 2612 3608 2652 non

1912 2675 2171 2749 minima,
2207 2685 2330 2738 suis
2381 2687 2668 2740 contraxit
2699 2685 2954 2741 auxiliis.
2988 2686 3194 2742 Gentes
3236 2694 3427 2741 autem
3475 2685 3605 2753 illa),

1912 2786 2060 2840 quas
2110 2772 2384 2840 profanus
2431 2782 2770 2829 evocaverat
2810 2775 3071 2843 princeps
3120 2781 3326 2843 praeter
3367 2774 3604 2840 Turcos,

1912 2860 2272 2927 Sarracenos,
2308 2862 2521 2917 Arabes
2551 2876 2617 2916 ac
2649 2863 2866 2929 Persas,
2900 2862 3113 2933 cogniti
3145 2862 3406 2917 videlicet
3449 2862 3606 2931 apud

110 2964 256 3016 rere,
290 2950 442 3020 fugae
495 2949 749 3005 subsidio
806 2949 981 3004 vitam
1027 2950 1133 3005 sibi
1176 2949 1390 3004 lucrari
1447 2948 1797 3015 desiderans,
1843 2955 1882 3010 c
1917 2947 2406 3018 historiographos
2462 2949 2712 3004 nominis
2761 2950 3039 3015 homines,
3106 2950 3336 3006 novitiis
3403 2965 3604 3007 cense-

108 3052 242 3093 cum
285 3037 545 3107 plurimis
592 3037 914 3104 comitibus,
981 3037 1134 3092 haud
1163 3037 1360 3106 procul
1392 3037 1464 3093 ab
1500 3038 1803 3094 Antiochia

111 3127 168 3180 in
199 3125 478 3180 Tancredi
508 3125 757 3181 conﬁnia
804 3125 1050 3180 devenit.
1085 3125 1230 3180 Sane
1269 3126 1406 3180 dum
1440 3125 1639 3195 fugere
1665 3140 1805 3194 prae-

110 3222 441 3284 properant,
475 3228 655 3283 equos
701 3228 836 3269 suos
873 3214 1218 3268 omnimodis
1245 3213 1491 3268 defectos
1541 3213 1804 3268 reddide-

107 3310 263 3367 rant,
298 3301 536 3371 jamque
575 3316 948 3371 nequaquam
981 3301 1334 3372 progressius
1386 3301 1468 3356 ire
1525 3303 1800 3364 valentes,

108 3390 168 3445 in
221 3390 574 3445 domicilium
631 3390 921 3460 quoddam
971 3391 1321 3444 diverterant
1372 3400 1798 3446 montanorum.

105 3479 315 3546 Itaque
367 3476 733 3542 habitatores,
793 3477 1048 3532 Armenii
1109 3476 1365 3532 videlicet
1419 3484 1593 3547 atque
1655 3476 1802 3544 Syri,

111 3565 209 3621 ubi
237 3579 408 3620 suum
443 3565 924 3621 immanissimum
965 3567 1179 3620 hostem
1208 3579 1463 3634 paupere
1513 3564 1804 3619 delituisse

107 3653 367 3724 tugurio,
401 3653 634 3709 fortuna
681 3667 813 3710 eum
856 3655 974 3724 jam
1016 3653 1376 3717 adversante,
1427 3660 1800 3724 cognoscunt,

105 3742 591 3810 comprehensum
641 3743 824 3811 capite
876 3748 1194 3796 truncant:
1240 3741 1640 3810 succisamque
1689 3755 1805 3796 cer-

108 3826 291 3880 vicem
369 3826 440 3880 ad
510 3824 824 3880 Boemundi
910 3824 1272 3894 praesentiam
1351 3825 1669 3894 deportant,
1740 3832 1805 3881 ut

105 3913 320 3970 exinde
371 3927 541 3983 penes
596 3927 749 3980 eum,
806 3926 912 3981 pro
947 3912 1154 3968 insoliti
1211 3912 1497 3967 oblatione
1529 3913 1800 3982 muneris,

108 4001 393 4057 libertatis
423 4001 670 4071 gratiam
727 4001 1040 4056 obtineant.
1094 3999 1274 4069 Cujus
1325 3999 1510 4055 balteo
1564 4000 1803 4071 vagina-

108 4104 226 4160 que
266 4089 476 4144 cultelli
509 4087 768 4154 sublatis,
830 4088 1127 4158 sexaginta
1180 4089 1584 4156 Byzanteorum
1626 4089 1804 4158 pretio

109 4177 415 4232 vendenda
457 4184 754 4232 laxarunt.
808 4176 974 4232 Gesta
1029 4184 1165 4232 sunt
1207 4176 1328 4231 haec
1382 4176 1576 4232 Nonas
1625 4178 1801 4246 Junii,

1912 3036 2128 3091 bantur
2159 3037 2477 3104 vocabulis,
2510 3037 2808 3092 Publicani
2837 3037 3066 3105 scilicet,
3096 3037 3280 3104 Curti,
3331 3038 3604 3105 Azimitze,

1908 3130 1963 3178 et
2019 3123 2294 3192 Agulani,
2329 3138 2460 3179 cum
2494 3123 2622 3179 aliis
2671 3124 3190 3180 innumerabilibus
3231 3139 3604 3195 nequaquam

1913 3211 2204 3280 gentibus,
2289 3211 2384 3266 sed
2449 3213 2740 3280 portentis.
2822 3212 3035 3266 Eorum
3098 3211 3383 3281 siquidem
3446 3212 3606 3283 [quos

1910 3299 2208 3369 Agulanos
2265 3299 2557 3368 appellant
2608 3299 2718 3355 tria
2786 3313 3028 3355 numero
3084 3300 3263 3354 millia
3318 3301 3605 3357 exstitisse

1913 3385 2198 3442 feruntur.
2259 3386 2368 3451 Qui
2418 3401 2605 3457 neque
2657 3387 2895 3458 gladios,
2956 3401 3144 3457 neque
3196 3388 3441 3453 lanceas,
3504 3395 3606 3444 aut

1911 3474 2165 3544 sagittas,
2199 3475 2360 3531 nulla
2390 3477 2618 3544 penitus
2677 3489 2840 3530 arma
2896 3475 3226 3542 formidant,
3278 3476 3417 3545 quia
3447 3476 3602 3530 omni

1911 3575 1985 3616 ex
2044 3569 2203 3630 parte
2248 3577 2379 3618 cum
2412 3563 2536 3632 ipsi,
2591 3569 2714 3618 tum
2769 3562 2905 3631 equi
2964 3575 3163 3618 eorum
3210 3562 3358 3616 ferro
3388 3562 3603 3630 adope-

1911 3649 2166 3705 riuntur.
2201 3650 2270 3705 Hi
2301 3650 2444 3705 nihil
2477 3664 2775 3706 armorum
2809 3662 3045 3718 prorsus
3097 3648 3156 3703 in
3193 3649 3353 3703 bellis
3401 3657 3606 3718 praeter

1910 3750 2073 3792 enses
2098 3738 2230 3792 usui
2248 3737 2477 3794 habent.

1983 3823 2280 3880 Curbaran
2339 3825 2520 3897 igitur
2571 3839 2702 3881 cum
2761 3832 2919 3880 tanto
2987 3823 3243 3895 gentium
3307 3822 3457 3878 fastu
3529 3824 3602 3879 ad

1914 3912 2162 3966 Francos
2194 3912 2266 3968 ab
2295 3912 2596 3968 Antiochia
2619 3912 2982 3968 divertendos
3001 3911 3396 3968 contendebat.
3435 3912 3604 3967 Cum-

1915 4014 2028 4070 que
2070 4000 2190 4070 jam
2247 4001 2406 4056 ﬁeret
2463 4001 2590 4057 urbi
2623 4001 2950 4072 contiguus,
3005 4013 3134 4055 ecce
3194 3998 3450 4056 Cassiani
3507 4000 3602 4057 de-

1915 4087 2095 4143 functi
2162 4087 2334 4155 ﬁlius,
2406 4088 2752 4144 Sensadolus
2805 4087 3106 4154 vocabulo,
3164 4087 3370 4144 obvius
3418 4089 3599 4144 eidem

1915 4174 2158 4244 principi
2190 4175 2391 4240 adfuit,
2441 4183 2494 4231 et
2541 4190 2674 4230 cum
2717 4175 2898 4232 multa
2951 4175 3022 4230 ad
3053 4189 3186 4231 eum
3219 4174 3605 4230 mtestitudine

110 4279 246 4319 cum
272 4265 476 4334 quinta
508 4265 816 4320 haberetur
863 4265 1023 4320 feria.
1059 4266 1328 4320 Cerneres
1357 4264 1645 4321 civitatem
1681 4282 1799 4321 cee-
1838 4250 1882 4304 D
1913 4262 2100 4318 dixit:
2140 4285 2161 4311 ι
2205 4262 2346 4317 Cum
2381 4277 2592 4332 magna
2622 4269 2736 4319 tuae
2785 4261 3136 4318 fortitudinis
3185 4262 3468 4319 habeatur
3508 4277 3605 4319 ce-

110 4352 287 4408 dibus
343 4353 651 4421 explicitis,
715 4353 1088 4408 intolerandis
1142 4354 1441 4407 exundare
1489 4353 1800 4426 fetoribus;

112 4443 260 4506 fora,
293 4441 528 4510 plateas,
578 4442 745 4506 atria,
789 4440 1190 4510 vestibulaque
1231 4440 1466 4507 aedium,
1501 4456 1631 4511 quae
1680 4443 1803 4512 pri-

108 4530 263 4593 dem,
299 4527 478 4583 multa
503 4528 752 4597 :equoris
773 4527 1143 4597 gratitudine,
1170 4541 1502 4583 marmoreae
1531 4530 1804 4584 crustulze

106 4616 518 4682 distinxerant,
553 4615 839 4671 teterrimo
864 4616 985 4685 jam
1018 4614 1380 4671 uniformiter
1423 4631 1627 4672 cruore
1683 4632 1802 4673 sor-

106 4705 323 4762 debant
373 4703 848 4774 intinitorumque
913 4704 1262 4759 cadaverum
1327 4705 1536 4773 passim
1577 4706 1806 4760 decum-

109 4795 286 4849 bente
325 4793 611 4862 congerie,
643 4791 971 4848 truculenta
996 4792 1343 4861 spectacula,
1405 4805 1805 4863 aurarumque

103 4887 518 4950 corruptarum
554 4879 825 4941 feralitas.
858 4880 1156 4936 oculorum
1186 4893 1254 4935 ac
1284 4879 1517 4934 narium
1567 4881 1802 4936 misera-

104 4969 301 5027 biliter
361 4982 564 5024 sensus
633 4966 965 5023 infecerant.
1045 4967 1460 5023 Sternebantur
1546 4969 1803 5024 vicorum

102 5057 394 5129 angustia
425 5070 734 5126 corporum
773 5063 962 5127 strage
992 5056 1336 5125 potentium,
1395 5063 1448 5110 et
1512 5056 1652 5112 dum
1700 5071 1806 5112 nec

99 5143 380 5200 efferendi
439 5151 519 5199 tot
574 5143 777 5200 funera
835 5143 1079 5200 facultas
1135 5143 1336 5213 aliqua
1385 5143 1664 5213 subjacet,
1700 5159 1804 5201 nec

105 5239 303 5288 tutum
332 5246 367 5286 a
394 5232 670 5288 fetoribus
699 5231 1107 5288 diverticulum
1150 5245 1400 5301 usquam
1427 5239 1602 5300 patet,
1657 5235 1802 5289 assi-

101 5319 302 5374 duitas
332 5320 571 5375 visionis
617 5335 684 5376 ac
732 5319 988 5389 spiritus,
1026 5333 1140 5388 prae
1191 5319 1456 5374 sensibus
1512 5320 1801 5375 constitu-

104 5416 233 5462 tum
266 5406 587 5462 decutiebat
633 5407 945 5462 horrorem.
987 5407 1144 5462 Unde
1191 5405 1312 5475 jam
1347 5420 1448 5475 per
1473 5405 1593 5475 ipsa
1627 5406 1802 5460 cada-

102 5506 269 5559 vera,
302 5493 519 5564 quibus
569 5502 759 5550 stratae
811 5499 977 5550 erant
1024 5494 1256 5560 semitae,
1298 5507 1482 5559 nemo,
1518 5508 1626 5548 usu
1660 5507 1802 5562 prae-

107 5584 282 5637 bente
313 5581 638 5648 audaciam,
670 5582 978 5639 verebatur
1005 5581 1284 5636 incedere.

1911 4349 2164 4417 lebritas,
2223 4359 2277 4406 et
2334 4360 2567 4407 tuarum
2635 4351 3009 4407 victoriarum
3067 4351 3285 4421 ubique
3342 4351 3601 4422 gentium

1911 4438 2377 4508 incomparabilis
2407 4440 2679 4509 procedat
2728 4439 2944 4509 opinio,
3000 4438 3069 4494 de
3115 4438 3249 4506 tuis,
3306 4445 3370 4495 ut
3414 4453 3598 4508 spero,

1911 4526 2191 4595 praesidiis
2244 4529 2605 4597 neutiquam,
2641 4528 2730 4583 vir
2769 4527 3158 4593 invictissime,
3204 4525 3348 4581 mihi
3396 4526 3601 4595 despe-

1911 4627 2040 4669 rare
2072 4614 2279 4671 licebit.
2314 4616 2463 4670 Dum
2495 4618 2647 4672 enim
2679 4624 2778 4673 tua
2813 4616 3026 4671 nemini
3056 4613 3280 4670 videam
3336 4627 3451 4668 non
3503 4627 3603 4668 va-

1911 4701 2338 4774 leresufi’ragia.
2377 4713 2593 4775 tuaque
2625 4706 2835 4774 passim
2881 4711 3098 4760 constet
3148 4703 3220 4758 ob
3277 4701 3600 4758 facinorum

1909 4790 2227 4846 claritatem
2258 4793 2575 4848 reverenda
2624 4793 2896 4863 potentia,
2944 4805 3061 4846 non
3114 4791 3221 4846 nisi
3280 4790 3483 4861 pudori
3518 4797 3603 4846 est

1909 4893 2100 4933 coram
2149 4885 2200 4933 te
2257 4893 2384 4934 mea
2441 4879 2735 4949 deplorare
2797 4879 3134 4944 infortunia,
3183 4892 3315 4934 cum
3374 4885 3597 4933 certum

1910 4968 2154 5030 teneam,
2211 4977 2278 5018 ea
2327 4979 2460 5034 quae
2512 4978 2827 5020 exoravero
2858 4964 2916 5018 in
2949 4976 3176 5018 cassum
3232 4961 3392 5020 nullo
3432 4963 3600 5018 modo

1911 5065 2152 5120 prorsus
2213 5053 2386 5108 itura.
2452 5052 2708 5108 Meminit
2755 5051 2937 5123 gloria
2999 5058 3100 5107 tua
3156 5059 3299 5121 quot
3350 5065 3384 5106 a
3438 5058 3602 5121 patre

1907 5139 2200 5208 Cassiano,
2227 5141 2365 5196 dum
2395 5140 2453 5195 in
2483 5139 2789 5197 Antiochia
2842 5139 3222 5207 obsideretur,
3285 5141 3598 5211 legationes

1911 5229 2204 5295 habueris,
2259 5231 2513 5298 etquod,
2547 5229 2686 5283 dum
2717 5228 2766 5283 ei
2821 5228 3131 5283 subvenire
3170 5228 3467 5296 deliberas,
3502 5243 3595 5285 ca-

1912 5324 2065 5386 ptam
2105 5331 2139 5371 a
2176 5319 2408 5373 Francis
2461 5318 2664 5373 urbem
2722 5316 2996 5382 audieris,
3053 5330 3210 5371 nunc
3263 5316 3600 5386 interempto

1911 5415 2144 5473 parente
2176 5406 2326 5462 intra
2369 5405 2697 5476 praesidium
2727 5404 2985 5476 ejusdem
3024 5404 3273 5460 civitatis
3314 5404 3594 5473 obsideor,

1908 5491 2107 5546 eadem
2137 5493 2335 5559 procul
2384 5493 2561 5549 dubio
2607 5493 2746 5547 mihi
2795 5491 2900 5561 ipsi
2935 5493 3270 5561 praestolans
3296 5498 3598 5559 eventura,

1911 5594 2040 5648 qua:
2071 5579 2212 5648 patri
2239 5581 2605 5652 cognoverim
2654 5581 2821 5637 facta.
2872 5581 2928 5636 Si
2976 5582 3338 5640 Antiochiam
3389 5596 3600 5650 perva-
