3902 6082
318 204 423 256 755

1202 204 1268 256 ν.
1316 201 1650 257 GUIBERTI
1689 201 1981 259 ABBATIS
2016 201 2072 256 S.
2114 201 2357 259 MARDE
2390 204 2481 259 DE
2524 203 2920 261 NOVIGENTO

3719 210 3834 266 756

314 345 535 407 serunt,
567 338 833 409 idemque
861 336 1128 408 plurimis
1174 338 1466 394 Romaniae
1499 352 1566 394 ac
1599 338 1777 409 Syrize
1806 338 2008 394 muni-
2044 340 2091 393 Α
2115 337 2403 395 Orientem
2446 338 3005 410 depopulabantur?
3048 338 3141 395 his
3181 338 3404 396 viribus
3435 340 3678 396 Caucasi
3711 354 3830 396 ex-

315 428 478 499 cipiis
521 428 885 497 urbibusque
944 426 1220 493 fecerunt,
1268 426 1576 483 indubium
1631 427 1879 497 profecto
1932 436 2016 484 est

316 515 471 587 quod
495 521 551 570 et
578 513 741 569 vobis
767 521 822 569 et
850 513 979 569 aliis
1007 521 1217 571 nostrae
1264 514 1598 571 hominibus
1628 515 1815 585 gentis
1840 524 2017 585 atque

315 604 470 669 locis,
529 601 837 657 identidem
894 601 1079 658 facere
1144 612 1590 672 proposuerunt.
1660 603 2015 659 Excellentia

316 691 513 761 itaque
543 696 663 756 tua,
719 689 962 745 admotis
992 698 1193 746 contra
1228 698 1346 746 tam
1375 690 1607 746 rabidos
1644 704 1824 746 ausus
1869 691 2013 746 viri-

314 784 447 846 bus,
478 783 781 845 excitetur,
838 790 912 849 et,
968 783 1161 839 omnia
1218 796 1501 851 occupare
1540 783 1868 838 volentibus
1910 784 2011 840 ho-

310 872 535 929 minum
569 870 973 941 pauperrimis,
1011 881 1194 941 empta
1238 871 1584 940 possibilitas
1613 872 2009 929 abscindatur.

314 960 450 1016 Mihi
483 974 687 1029 nempe
732 960 791 1014 in
834 960 974 1015 meis
1019 959 1364 1025 infortuniis,
1400 967 1629 1014 tuorum
1660 958 2015 1016 auxiliorum

314 1061 442 1115 spes
482 1060 755 1116 suprema
802 1047 1106 1101 restiterat.
1159 1065 1187 1097 ιο
1233 1045 1336 1102 Cui
1386 1046 1775 1116 querimonias
1828 1063 2013 1120 exag-

314 1135 539 1204 geranti
578 1149 667 1190 me
698 1134 870 1190 refert
902 1149 914 1188 :
942 1154 970 1181 ‹‹
996 1135 1072 1201 Si,
1124 1134 1333 1204 inquit,
1390 1134 1473 1188 vis
1530 1142 1593 1189 ut
1624 1133 1711 1190 his
1756 1136 1870 1192 tuis
1918 1136 2013 1191 in-

312 1221 600 1277 stantibus
630 1220 899 1290 periculis
926 1220 1146 1276 obstem
1180 1220 1409 1289 tuisque
1451 1221 1797 1276 utilitatibus
1821 1229 2012 1278 atten-

315 1308 432 1366 tius
469 1323 702 1379 operam
736 1309 887 1375 dem,
919 1308 1220 1378 oppidum,
1280 1309 1436 1377 quod
1492 1308 1749 1365 defendis
1798 1318 1854 1366 et
1909 1324 2011 1379 pro

314 1412 432 1468 quo
474 1397 787 1466 supplicas,
834 1411 972 1452 meae
1015 1395 1215 1451 ditioni
1272 1397 1563 1462 contrade,
1620 1404 1676 1453 et
1706 1405 2011 1468 postquam

314 1485 457 1542 meis
482 1485 700 1541 castelli
731 1485 1052 1540 custodiam
1105 1484 1466 1555 delegavero,
1511 1492 1649 1540 tunc
1700 1487 2013 1555 experieris

313 1580 602 1643 quantum
653 1586 755 1640 pro
810 1581 907 1628 tuo
973 1586 1246 1628 exercear
1302 1572 1619 1627 commodo.
1675 1594 1696 1620 ι
1757 1574 1837 1628 Ad
1888 1574 2009 1630 haec

314 1660 660 1718 Sensadolus
693 1675 705 1714 :
743 1682 764 1706 ο
802 1659 856 1715 Si
886 1661 1153 1726 Francos,
1211 1659 1308 1726 ait,
1358 1659 1496 1715 mihi
1546 1674 1782 1729 prorsus
1834 1662 2007 1717 inter-

314 1747 481 1814 imas,
537 1747 794 1817 mihique
826 1761 1028 1803 eorum
1060 1747 1286 1803 desecta
1323 1747 1513 1817 capita
1547 1748 1758 1815 tradas,
1794 1749 2008 1806 admit-

313 1843 434 1891 tam
474 1843 528 1891 te
558 1836 616 1890 in
652 1835 949 1904 oppidum,
985 1835 1248 1905 factoque
1303 1836 1400 1890 tibi
1434 1836 1707 1903 homiuio,
1750 1845 1847 1893 tuo
1886 1838 2008 1908 juri

314 1923 467 1979 idem
548 1923 794 1978 servabo
876 1922 1194 1978 castellum.
1232 1945 1253 1971 ι
1301 1923 1404 1978 Cui
1488 1923 1788 1980 Curbaran
1872 1926 2005 1981 ait:

319 2032 342 2059 ι
386 2009 510 2066 Non
541 2011 622 2066 ita
649 2025 874 2067 mecum
897 2019 1136 2066 acturus
1158 2025 1217 2066 es
1245 2026 1258 2064 :
1291 2011 1388 2067 sed
1437 2012 1712 2069 continuo
1755 2020 2010 2070 castrum

313 2098 522 2154 trades.
583 2120 605 2147 ι
670 2099 816 2165 Quid
865 2098 1081 2168 plura?
1111 2099 1337 2155 Profani
1393 2101 1670 2170 principis
1717 2103 1853 2158 vicit
1902 2117 2012 2159 ex-

314 2186 483 2254 actio,
542 2193 598 2242 et
655 2201 716 2243 se
754 2187 989 2257 juvenis
1038 2200 1073 2242 a
1128 2187 1382 2244 dominio
1422 2188 1639 2243 castelli
1694 2204 2008 2259 exponens,

313 2274 478 2331 illum
504 2274 609 2345 qui
660 2276 1062 2345 extorquebat,
1128 2290 1242 2331 non
1293 2276 1397 2331 diu
1456 2276 1588 2333 inde
1648 2278 2008 2348 gavisurum,

314 2362 568 2418 induxit.

386 2448 539 2521 [IX.]
563 2448 939 2505 Antiochiam
967 2449 1182 2505 obsidet
1196 2450 1521 2508 Curbaran.
1545 2452 1837 2519 -—Tertia,
1867 2460 2012 2521 post-

314 2551 496 2608 quam
530 2537 891 2594 Antiochiam
940 2538 1141 2594 Franci
1174 2538 1523 2608 irruperant,
1562 2540 1682 2596 dies
1710 2541 2008 2611 agebatur,

313 2639 449 2681 cum
477 2639 607 2681 ecce
648 2627 970 2682 Turcorum
1020 2627 1356 2696 przeambuli
1418 2635 1551 2684 ante
1593 2628 1757 2685 urbis
1800 2629 2014 2685 mmnia

314 2722 747 2783 cucurrerunt;
779 2714 1006 2784 reliqua
1056 2729 1191 2771 vero
1240 2716 1528 2773 exercitus
1575 2717 1899 2787 frequentia
1938 2718 2008 2773 ad

313 2800 773 2871 Pharpbaricum
826 2802 952 2858 ﬁxit
1004 2804 1250 2859 tentoria
1280 2812 1529 2873 pontem.
1575 2806 2013 2875 Aggrediuntur

2124 433 2305 482 trema
2333 427 2658 484 subdentur
2677 426 2718 497 ‘2,
2735 441 2950 497 easque
2991 432 3144 481 4-0
3182 426 3438 483 fortassis
3486 442 3634 498 quas
3672 428 3827 484 anti-

2124 515 2323 584 quitus
2352 515 2652 572 obtinuere
2697 523 2878 572 terras
2924 519 3254 581 Amazones,
3303 530 3371 572 ac
3412 518 3592 572 nostri
3632 531 3831 587 quon-

2122 604 2255 658 dam
2315 604 2423 660 sibi
2482 604 2845 660 vindicavere
2892 611 3177 673 parentes,
3240 612 3507 672 poterunt
3564 604 3835 661 adimere

2121 690 2287 747 nobis
2342 692 2548 747 Franci
2606 706 2845 761 prorsus
2900 691 3189 747 inermes?
3224 713 3246 740 ι
3304 692 3480 758 Dixit,
3535 700 3590 749 et
3634 693 3834 749 accito

2121 779 2415 835 confestim
2448 780 2687 845 notario,
2725 781 2801 834 :tit.
2838 795 2849 832 :
2887 803 2907 827 α
2942 779 3136 836 Scribe
3183 781 3534 849 quantocius
3586 781 3829 837 eosdem

2121 868 2311 937 apices
2340 882 2436 936 per
2459 868 2686 923 diversa
2718 869 2943 938 pitacin,
2988 882 3119 938 quae
3164 882 3264 937 per
3310 868 3632 937 provincias
3686 869 3829 924 Per-

2120 955 2258 1011 sidis
2294 956 2641 1026 dirigantur,
2691 956 2765 1011 ad
2820 970 3025 1026 papam
3082 956 3346 1011 videlicet
3394 964 3676 1021 nostrum,
3748 956 3835 1011 ad

2120 1043 2418 1099 dominum
2461 1044 2632 1100 etiam
2687 1052 2951 1100 nostrum
2985 1058 3180 1115 regem
3212 1045 3537 1107 Persarum,
3568 1044 3639 1099 ad
3672 1058 3839 1113 prae-

2121 1130 2293 1187 fectos
2314 1146 2548 1202 quoque
2577 1140 2631 1187 et
2655 1132 3075 1189 commilitones
3102 1132 3465 1188 diversarum
3488 1134 3828 1202 regionum.

2120 1219 2375 1285 Quorum
2410 1220 2531 1276 hac
2560 1220 2794 1290 quidem
2832 1220 3114 1276 habeatur
3142 1221 3424 1276 sententia
3452 1235 3465 1274 :

2198 1307 2313 1379 [X.]
2338 1328 2364 1358 α
2397 1308 2637 1363 Domino
2664 1309 2785 1378 regi
2817 1308 3126 1378 magniﬁco
3155 1311 3484 1376 Persarum,
3534 1322 3832 1378 papzeque

2121 1395 2466 1462 beatissimo,
2488 1403 2543 1450 et
2574 1396 2843 1452 omnibus
2873 1397 3154 1452 adversus
3182 1396 3534 1453 Christianos
3554 1405 3825 1452 sanctam

2120 1483 2384 1553 professis
2413 1484 2696 1550 militiam,
2747 1484 3047 1540 Curbaran
3088 1499 3208 1541 suae
3262 1484 3479 1541 militia
3524 1485 3825 1555 princeps,

2030 1606 2087 1640 ιι,
2113 1570 2353 1626 salutem
2375 1578 2550 1640 atque
2580 1571 2897 1628 victoriam.

2191 1678 2219 1708 α
2265 1658 2533 1727 Gratulor
2584 1673 2825 1715 summa:
2880 1659 3188 1729 divinitati,
3238 1668 3428 1730 patres
3473 1674 3542 1716 ac
3565 1660 3811 1726 domini,

2118 1746 2272 1816 quod
2309 1755 2562 1816 tempora
2586 1747 2750 1803 nobis
2775 1748 3006 1819 gaudiis
3050 1762 3271 1817 semper
3308 1756 3639 1818 opportuna
3690 1763 3824 1817 sup-

2120 1834 2353 1903 peditat,
2408 1843 2466 1891 et
2513 1836 2783 1891 victorias
2837 1836 2906 1891 de
2967 1837 3229 1893 hostibus
3274 1837 3550 1908 ‘gentium
3592 1836 3821 1907 ubique

2118 1922 2422 1978 ministrat.
2454 1924 2588 1979 Tria
2635 1924 2757 1980 haec
2785 1925 2949 1981 vobis
2977 1938 3141 1980 arma
3174 1925 3644 1991 transmittimus,
3682 1939 3817 1994 quae

2120 2010 2354 2080 quidem
2390 2012 2628 2067 Francis
2658 2012 2918 2079 tulimus,
2966 2021 3032 2068 ut
3061 2014 3302 2069 videatis
3343 2028 3460 2083 quo
3492 2013 3826 2069 munimine

2120 2098 2391 2167 polleant,
2449 2100 2551 2170 qui
2600 2114 2705 2156 nos
2773 2114 2808 2157 a
2874 2100 3062 2170 patria
3106 2102 3418 2157 exturbare
3467 2100 3820 2156 desiderant.

2121 2185 2262 2242 Sciri
2290 2196 2484 2243 autem
2514 2188 2741 2243 avobis
2794 2188 2922 2243 volo
2974 2190 3116 2258 quia
3173 2190 3444 2253 Francos,
3493 2189 3597 2259 qui
3654 2189 3825 2245 nobis

2125 2274 2816 2344 omnibus;minabantur
2869 2276 3132 2340 exitium.
3198 2277 3353 2332 intra
3405 2276 3589 2347 ipsam
3639 2291 3826 2346 quam

2119 2371 2408 2431 cmperant
2434 2363 2796 2419 Antiochiam
2832 2363 3089 2420 obsessos
3129 2372 3318 2432 teneo,
3365 2371 3620 2420 castrum
3682 2378 3827 2420 vero

2120 2451 2276 2521 quod
2325 2452 2622 2521 praeminet
2669 2452 2801 2509 urbi
2830 2452 3192 2519 altrinsecus,
3222 2453 3510 2524 eregione
3557 2453 3821 2509 obsesso.

2121 2553 2273 2606 rum,
2297 2539 2571 2608 possideo.
2606 2540 2832 2595 Etcum
2866 2554 3004 2596 meae
3042 2540 3299 2611 adjaceat
3323 2540 3392 2596 ad
3441 2539 3669 2596 libitum
3717 2554 3824 2595 vo-

2122 2626 2330 2683 luntati
2369 2634 2471 2682 aut
2519 2627 2819 2683 conclusos
2847 2628 3155 2695 trucidare,
3209 2636 3312 2683 aut
3339 2636 3611 2684 extremae
3640 2629 3826 2696 capti-

2119 2714 2283 2771 vitati
2332 2714 2634 2784 addicere;
2692 2729 2797 2770 vos
2852 2715 3103 2784 interim,
3159 2716 3299 2772 dum
3346 2715 3589 2776 redeam.
3647 2716 3826 2771 nulla

2119 2802 2250 2858 volo
2305 2803 2483 2858 nostri
2537 2817 2713 2859 causa
2766 2803 3151 2860 sollicitudine
3180 2804 3467 2873 cruciari;
3515 2804 3613 2859 sed
3666 2804 3827 2860 scire

314 2901 452 2960 ergo
500 2890 938 2959 quamprimum
998 2893 1201 2948 turrim
1264 2893 1421 2962 ponti
1479 2892 1831 2964 contiguam,
1893 2907 2014 2964 qua
2049 2903 2091 2960 c
2121 2890 2516 2946 indubitanter
2561 2903 2668 2946 nos
2719 2905 2919 2947 eorum
2977 2892 3212 2949 omnino
3274 2892 3577 2948 dominari.
3640 2893 3828 2950 Solito

314 2975 546 3046 magnis
569 2986 907 3048 expugnata
949 2978 1186 3045 nisibus,
1247 2993 1445 3035 omnes
1479 2980 1811 3037 interimunt
1867 2996 2014 3052 quos

314 3075 578 3133 reperere
654 3066 1017 3130 intrinsecus,
1084 3082 1191 3124 nec
1249 3069 1525 3138 cuiquam
1592 3068 1822 3125 illorum
1891 3071 2013 3126 vita

317 3152 548 3212 indulta
567 3161 670 3220 est,
700 3163 910 3224 praeter
934 3156 1036 3211 soli
1064 3170 1264 3212 eorum
1305 3156 1557 3223 domino,
1593 3172 1764 3227 quem
1796 3165 2010 3226 tamen,

315 3248 519 3299 exacto
551 3242 912 3312 postmodum
969 3251 1169 3299 contra
1202 3243 1305 3298 hos
1355 3243 1523 3309 bello,
1572 3245 1752 3300 nostri
1784 3250 2014 3302 invene-

320 3339 459 3386 runt
483 3330 869 3399 compeditum
916 3330 1083 3387 ferro.
1137 3330 1414 3387 Postridie
1464 3333 1751 3388 exercitus
1808 3347 2010 3403 prope-

316 3417 468 3475 ravit
488 3417 561 3473 ad
593 3419 792 3475 urbem
817 3435 833 3489 ;
869 3432 938 3475 ac
965 3419 1025 3475 in
1051 3419 1237 3475 medio
1262 3419 1511 3475 duorum
1543 3420 1876 3486 fluminum,
1907 3436 2010 3478 ca-

316 3515 568 3563 strorum
597 3507 704 3563 sibi
733 3506 856 3564 loca
889 3507 1158 3578 legentes,
1204 3508 1349 3564 duos
1403 3507 1613 3564 ibidem
1667 3524 1834 3581 egere
1866 3511 2005 3567 dies.

317 3596 493 3665 Capto
541 3596 735 3666 itaque
762 3604 967 3664 castro,
997 3597 1168 3666 cujus
1198 3597 1495 3665 praesidem
1529 3597 1588 3653 in
1615 3599 1850 3655 vincula
1873 3614 2010 3655 con-

310 3683 530 3753 jectum
560 3682 957 3752 praediximus,
1011 3683 1314 3741 Curbaran
1349 3700 1532 3742 unum
1560 3686 1629 3742 de
1656 3691 1779 3743 suis
1807 3702 2010 3758 proce-

315 3770 479 3827 ribus
501 3778 720 3839 evocat,
753 3785 923 3840 quem
960 3784 1221 3842 sagacem
1273 3771 1497 3843 sibique
1537 3774 1716 3830 fidutn
1747 3783 2007 3843 noverat,

313 3859 484 3930 eique
538 3858 823 3928 imperat:
872 3881 892 3908 ι
932 3859 1107 3924 Vade,
1140 3867 1195 3915 et
1238 3861 1345 3915 hoc
1397 3862 1533 3917 mihi
1588 3863 1885 3931 oppidum,
1918 3862 2011 3933 {ea

314 3960 434 4017 qua
484 3946 655 4002 debes
703 3953 759 4001 et
815 3945 884 4002 de
935 3954 989 4002 te
1026 3962 1191 4016 spero
1222 3949 1490 4005 fidelitate
1538 3950 1796 4005 defende.
1840 3972 1868 3999 »
1904 3951 2009 4007 Cui

314 4034 387 4089 lle
413 4050 427 4087 :
458 4055 479 4082 ‹
514 4033 777 4102 Imperio.
812 4033 912 4100 ait,
946 4049 1120 4104 super
1150 4037 1256 4091 hac
1285 4051 1345 4092 re
1379 4050 1476 4092 tuo
1528 4037 1840 4093 difﬁculter
1870 4039 2009 4095 obe-

315 4122 507 4188 diam;
539 4121 596 4176 id
642 4129 835 4177 tamen
886 4123 1013 4192 ejus
1063 4124 1301 4180 rationis
1355 4123 1676 4181 conditione
1721 4126 2009 4195 perficiam

2117 2992 2255 3049 ergo
2286 2979 2468 3034 tutius
2494 2987 2693 3035 vacate
2736 2978 2973 3047 deliciis,
3006 2979 3255 3036 lautiora
3302 2980 3608 3050 epularum
3659 2983 3831 3039 obso-

2119 3067 2216 3123 nia
2242 3066 2542 3134 celebrate,
2574 3068 2973 3138 multiplicatis
3021 3069 3339 3140 conjugum
3377 3077 3831 3141 scortorumque

2119 3155 2402 3226 gynaciis,
2435 3157 2631 3225 generi
2659 3157 3031 3226 propagando
3078 3157 3320 3213 insistite
3356 3165 3412 3214 et
3449 3172 3830 3215 succrescens

2119 3244 2369 3301 ﬁliorum
2400 3258 2702 3311 numerus,
2736 3244 3084 3310 Christiano,
3133 3245 3287 3315 quod
3316 3248 3436 3317 jam
3471 3254 3592 3302 tum
3622 3254 3684 3302 et
3713 3263 3823 3303 no-

2117 3333 2281 3399 mini,
2314 3331 2502 3388 valeat
2527 3331 2779 3388 obviare.
2816 3333 3012 3388 Testor
3051 3340 3446 3389 verumtamen
3494 3348 3826 3401 summum,

2118 3420 2443 3478 beatissimo
2497 3421 2784 3477 Mathomo
2827 3421 3242 3490 patrocinante,
3287 3422 3625 3487 Tonantem,
3681 3438 3829 3493 quo-

2117 3506 2274 3563 niam
2326 3520 2442 3562 non
2498 3514 2630 3562 ante
2682 3515 2886 3562 vestrae
2936 3506 3133 3562 oculos
3179 3507 3493 3578 majestatis
3559 3509 3826 3575 intuear,

2117 3596 2295 3652 donec
2321 3595 2539 3665 regiam
2585 3595 2808 3661 urbem,
2840 3593 3054 3651 scilicet
3100 3595 3484 3663 Antiochiam,
3529 3598 3828 3666 appendi-

2116 3698 2358 3754 cemque
2402 3683 2646 3753 Syriam,
2691 3683 2917 3739 Graecos
2965 3691 3140 3753 atque
3184 3684 3472 3753 Epirotas,
3517 3699 3675 3755 quos
3733 3686 3825 3741 di-

2118 3780 2257 3828 cunt
2310 3771 2608 3842 Bulgaros,
2666 3786 2793 3828 meo
2856 3771 2966 3828 sub
3027 3771 3161 3842 jure
3201 3787 3527 3843 coerceam;
3588 3773 3827 3843 Apulos

2118 3873 2352 3930 quoque
2377 3866 2429 3915 et
2460 3859 2733 3916 Calabros
2774 3860 2842 3916 ad
2904 3863 3104 3917 vestrze
3149 3860 3347 3933 gloriae
3389 3863 3823 3918 incrementum

2118 3962 2257 4004 mea!
2285 3948 2883 4019 ditionisubjungam.
2917 3949 3135 4005 Valete.
3175 3971 3196 3998 ι

2188 4032 2330 4106 [XL]
2359 4036 2555 4089 Mater
2594 4034 2901 4089 Curbaran
2918 4034 3110 4105 ﬁlium
3143 4035 3433 4091 deterrere
3456 4040 3719 4092 conatur
3750 4038 3827 4094 ab

2121 4122 2577 4178 Christianorum
2625 4123 3037 4180 internecione.
3072 4155 3141 4164 —
3174 4129 3241 4180 At
3276 4132 3461 4180 mater
3503 4125 3826 4183 Curbaran

316 4217 402 4278 ut,
451 4210 500 4266 si
560 4211 792 4268 Francis
840 4213 1067 4269 cesserit
1106 4213 1363 4278 victoria,
1396 4213 1587 4275 =detur
1634 4193 1774 4270 mihi
1826 4215 2011 4272 victo-
2050 4193 2093 4248 Ῑ)
2124 4210 2319 4280 ipsius,
2370 4225 2503 4280 quze
2541 4212 2598 4266 in
2657 4210 2837 4281 Aleph
2893 4211 3164 4268 manebat
3217 4211 3465 4273 civitate.
3509 4226 3615 4281 per
3671 4214 3827 4271 idem

316 4298 480 4355 ribus
524 4307 777 4356 castrum
836 4301 1098 4358 tradendi
1140 4301 1391 4357 licentia.
1428 4321 1450 4349 ι
1486 4300 1785 4357 Curbaran
1834 4316 2006 4359 vero:

317 4408 345 4436 cz
385 4386 548 4457 Ejus,
602 4389 701 4448 ait.
751 4390 974 4446 consilii
1024 4388 1480 4460 constantiaeque
1522 4397 1577 4446 te
1617 4390 1875 4446 noverim
1923 4400 2006 4460 ut,

315 4476 605 4547 quidquid
654 4476 756 4533 tibi
784 4478 996 4534 exinde
1041 4491 1212 4548 agere
1245 4476 1499 4545 libuerit,
1554 4491 1792 4534 securus
1829 4494 2012 4536 assen-

316 4564 474 4621 tiam.
511 4587 533 4615 ι

386 4650 569 4709 Castri
628 4667 766 4724 ergo
820 4652 974 4709 illius
1028 4653 1349 4710 munitione
1400 4654 1693 4725 explicita,
1740 4656 2008 4727 princeps

316 4739 411 4797 ille
440 4739 705 4797 funestus
734 4741 805 4797 ad
836 4755 943 4797 sua
972 4741 1299 4812 regreditur
1316 4750 1522 4799 castra.
1558 4743 1663 4801 Cui
1686 4746 2006 4801 Turcorum

313 4841 554 4884 suorum
582 4827 786 4897 aliqui,
820 4827 1000 4899 raptis
1035 4841 1232 4884 recens
1270 4830 1572 4899 cujusdam
1616 4833 1884 4901 pauperis
1911 4846 2006 4901 pe-

312 4912 447 4970 ditis
473 4913 670 4982 armjs,
717 4914 788 4968 ad
818 4922 1142 4970 nostrorum
1198 4914 1517 4972 ludibrium
1566 4931 1683 4987 pne
1725 4917 1907 4973 oculis
1938 4930 2008 4972 ea

312 5000 697 5072 ingesserunt,
755 5014 949 5057 ensem
1001 5001 1232 5069 scilicet,
1294 5004 1521 5061 diutina
1578 5004 1850 5075 rubigine
1889 5019 2009 5061 sca-

311 5086 499 5151 brum.
530 5088 765 5159 nigrum
788 5089 861 5144 ad
910 5089 1091 5146 instar
1119 5089 1376 5162 fuliginis
1413 5105 1636 5159 arcum,
1663 5099 1718 5148 et
1747 5092 2005 5149 lanceam

312 5174 648 5244 impolitam,
682 5175 997 5233 multorum
1029 5191 1314 5235 annorum
1342 5178 1803 5246 fumoinfectam,
1836 5180 2005 5249 eique

312 5262 619 5331 garriendo
663 5264 865 5321 dicunt
892 5281 903 5319 :
929 5286 957 5316 ι
994 5267 1134 5323 Ecce
1188 5280 1369 5333 arma,
1425 5267 1642 5336 quibus
1688 5280 1793 5322 nos
1833 5267 2006 5322 Fran-

310 5362 510 5405 corum
556 5353 919 5423 expugnabit
960 5354 1270 5431 exercitus,
1331 5376 1354 5404 ι
1407 5356 1474 5409 Et
1526 5354 1827 5410 Curbaran
1863 5354 2005 5409 arri-

312 5436 454 5494 dens
479 5436 563 5496 eis
608 5455 622 5493 :
676 5460 705 5489 «
735 5440 909 5499 Hisne
947 5440 1153 5500 lucidis
1199 5443 1339 5499 adeo
1384 5457 1454 5498 ac
1501 5441 1745 5498 fortibus
1799 5442 2000 5509 armis,

2119 4306 2347 4368 tempus
2371 4298 2605 4355 accessit
2648 4299 2720 4354 ad
2758 4298 2971 4368 ipsum,
3022 4299 3193 4369 eique
3230 4306 3434 4354 moesta
3476 4302 3824 4370 suggessit:

2194 4408 2215 4434 ι
2260 4384 2463 4447 Velim,
2506 4386 2715 4457 inquit,
2771 4400 2956 4454 nosse,
3016 4387 3064 4442 si
3117 4393 3398 4452 constent,
3463 4395 3529 4442 ut
3579 4388 3829 4455 dicitur,

2116 4488 2249 4543 qua;
2287 4474 2357 4529 de
2416 4481 2470 4529 te
2523 4474 2831 4530 celebravit
2868 4472 3109 4544 opinio?
3149 4494 3171 4521 ›
3215 4474 3318 4530 Cui
3360 4473 3513 4530 ﬁlius
3554 4489 3567 4527 :
3620 4496 3654 4524 α
3685 4476 3826 4543 Quae

2118 4560 2261 4617 illa?
2330 4591 2393 4600 -—
2468 4561 2707 4628 Bellum,
2786 4561 2996 4633 inquit,
3073 4562 3315 4618 Francis
3386 4569 3440 4618 te
3508 4561 3825 4620 illaturum

2116 4649 2418 4706 aestimant.
2503 4679 2573 4688 —
2654 4649 2849 4716 Nihil,
2928 4650 3152 4722 inquit,
3228 4651 3441 4706 verius.
3517 4680 3589 4689 —
3676 4652 3822 4717 Fili,

2116 4737 2215 4804 ait,
2271 4737 2530 4793 virorum
2604 4736 2836 4807 optime,
2898 4750 2999 4807 per
3068 4737 3354 4807 ingenitos
3427 4736 3525 4793 tibi
3605 4737 3823 4795 libera-

2117 4826 2363 4882 lissimos
2416 4839 2626 4890 mores,
2684 4840 2900 4895 quaeso,
2960 4825 3267 4881 contestari
3318 4832 3372 4880 te
3423 4825 3708 4892 audeam,
3750 4842 3821 4882 ne

2114 4915 2195 4970 eis
2251 4927 2506 4984 pugnam
2567 4913 2797 4979 inferas,
2856 4928 2929 4969 ne
2984 4921 3099 4970 tua;
3159 4913 3568 4969 detrimentum
3629 4915 3821 4972 laudis

2116 5003 2400 5059 incurras.
2442 5002 2587 5061 Cum
2623 5003 2777 5058 enim
2818 5016 3003 5071 usque
3035 5002 3092 5058 in
3134 5002 3463 5059 ulteriorem
3495 5006 3821 5072 superioris

2115 5089 2293 5147 Indiae
2330 5090 2621 5148 Oceanum
2675 5104 2973 5147 armorum
3019 5099 3253 5147 tuorum
3299 5090 3582 5148 claritudo
3650 5092 3821 5149 reful-

2112 5186 2263 5249 geat,
2321 5180 2555 5250 tuisque
2617 5179 2918 5249 praeconiis
2976 5180 3313 5249 respondeat
3378 5178 3587 5235 ultima
3658 5181 3816 5250 Tyle.

2111 5280 2294 5337 quare
2338 5281 2658 5337 pauperum
2696 5267 2995 5323 hominum
3045 5267 3431 5339 sanguinibus
3458 5276 3592 5324 tuos
3638 5271 3817 5326 obdu-

2109 5369 2236 5412 cere
2275 5370 2579 5413 mucrones
2638 5354 2892 5423 affectas,
2948 5370 3098 5427 quos
3146 5356 3417 5426 impetere
3467 5359 3672 5414 inanis
3730 5365 3811 5414 est

2112 5457 2300 5514 pmna,
2336 5451 2393 5500 et
2437 5457 2761 5515 superasse,
2790 5443 2952 5501 nulla
2980 5444 3054 5501 sit
3080 5444 3266 5516 gloria
3288 5446 3319 5499 ?
3364 5446 3602 5504 Etcum
3646 5462 3809 5520 reges
