3902 6082
50 255 163 306 757

1165 263 1388 317 GESTA
1431 265 1543 320 DEI
1585 266 1719 320 PER
1758 263 2101 320 FRANCOS.
2142 294 2203 304 —
2254 265 2381 319 LIB.
2426 266 2486 318 V.

3463 272 3569 324 758

47 386 260 442 valeas
319 395 532 442 terrere
586 395 848 454 remotos,
903 391 1045 459 quid
1095 392 1194 448 tibi
1255 394 1409 449 cordi
1447 402 1530 450 est
1580 395 1763 450 laces-
1799 400 1844 450 A
1873 396 2012 465 quia
2058 395 2159 450 tibi
2200 395 2321 450 vita
2367 395 2570 451 comite
2619 409 2869 465 praesens
2909 410 3284 467 nequaquam
3330 397 3568 454 transiet

49 490 184 530 sere
217 477 478 532 advenas
523 477 808 532 miseros?
837 479 1116 534 Personas
1153 496 1374 547 eorum,
1412 483 1508 549 fili,
1560 483 1758 549 fateor,

51 564 272 617 merito
308 565 764 633 contemptibiles
792 566 1006 634 ducas;
1039 568 1132 622 sed
1186 584 1286 637 pro
1319 578 1471 624 certo
1511 571 1758 636 noveris,

52 651 205 719 quia
245 652 591 708 Christianas
642 653 936 724 religionis
982 657 1290 712 admodum
1344 659 1613 727 praecellit
1651 675 1763 716 au—

51 739 322 794 ctoritas.
357 741 488 795 Ideo
519 755 718 809 precor
743 757 813 796 ne
843 743 984 798 velis
1031 752 1310 800 attentare
1339 747 1492 815 quod
1527 755 1577 802 te
1607 755 1764 816 post-

53 829 311 882 modum
340 829 575 898 coepisse
601 844 724 885 sero
754 831 963 886 doleas.
1005 854 1026 878 ι

128 916 354 970 Renuit
367 917 468 972 ille
477 918 690 973 matris
708 935 1009 991 assurgere
1020 919 1270 974 monitis.
1292 952 1358 960 —
1375 922 1505 978 Haec
1528 923 1618 979 ille
1631 939 1763 980 cum

52 1005 340 1070 audisset,
379 1007 595 1062 lumine
627 1008 698 1061 ad
732 1022 858 1062 eam
907 1015 1070 1062 torvo
1116 1019 1486 1078 respectans:
1529 1035 1548 1059 ε
1591 1011 1760 1079 Quid,

56 1095 280 1162 inquit,
316 1095 415 1149 tibi
455 1095 636 1150 aniles
677 1103 868 1151 texere
900 1096 1175 1152 fabulas?
1209 1098 1444 1167 Desipis,
1483 1109 1546 1154 ut
1578 1100 1762 1171 conji-

55 1183 170 1247 cio,
194 1189 251 1236 et
280 1181 336 1235 iu
370 1183 680 1236 amentiam
713 1197 898 1248 versa,
930 1184 1051 1239 sine
1083 1185 1370 1241 intellectu
1411 1188 1587 1241 verba
1629 1202 1765 1256 pro—

51 1266 346 1332 sequeris.
385 1268 554 1323 Plane
584 1269 776 1337 plures
821 1271 1054 1327 urbium
1099 1274 1312 1329 domini
1347 1275 1486 1330 mihi
1519 1277 1765 1332 militant

55 1366 245 1419 quam
283 1354 388 1423 ipsi
422 1357 476 1410 in
506 1365 622 1411 tota
653 1359 739 1412 sui
778 1361 1067 1416 exercitus
1100 1362 1471 1419 universitate
1509 1365 1766 1419 homines

51 1442 344 1498 exhibere
385 1445 753 1512 praevaleant,
788 1455 843 1502 et
893 1455 976 1512 tu,
1039 1459 1224 1504 mente
1270 1451 1469 1512 delira,
1518 1453 1767 1508 aestimas

54 1530 205 1598 quia
284 1531 624 1588 Christianae
699 1535 1174 1603 prmsumptiones
1247 1538 1572 1592 testimonia
1624 1553 1765 1594 mere

51 1618 297 1674 virtutis
325 1619 656 1676 obtexunt?
684 1652 752 1660 —
776 1622 899 1689 Fili,
945 1622 1043 1687 ait,
1096 1624 1503 1691 amantissime,
1562 1639 1762 1680 eorum

52 1704 126 1758 de
167 1706 390 1774 quibus
420 1707 718 1777 loquimur
758 1711 1055 1764 hominum
1095 1714 1328 1766 nomina
1375 1713 1758 1781 tioccipendo;

52 1793 152 1846 sed
187 1808 390 1849 eorum
441 1804 734 1851 auctorem
787 1797 1100 1864 Christum,
1150 1799 1492 1854 omnimodis
1549 1815 1620 1856 ne
1651 1801 1760 1854 ab-

53 1882 363 1936 horrescas
405 1897 600 1939 exoro.
660 1885 830 1940 Nulla
857 1885 1094 1941 forsitan
1138 1887 1218 1941 eis
1270 1895 1454 1942 tecum
1501 1903 1759 1958 pugnare

46 1969 334 2037 potentia,
393 1971 491 2025 sed
537 1971 635 2027 Dei
696 1973 949 2040 ipsorum
1007 1982 1110 2034 est.
1185 1974 1229 2028 si
1267 1983 1535 2043 praestare
1595 1975 1752 2038 velit,

46 2063 210 2110 certa
257 2057 538 2123 victoria;
589 2058 706 2127 ipse
749 2073 901 2124 suos,
960 2060 1060 2115 etsi
1121 2075 1322 2130 segnes
1378 2069 1434 2116 et
1495 2063 1754 2131 ignavos,

49 2158 154 2210 pro
194 2144 287 2198 sui
315 2144 494 2200 solius
524 2146 706 2216 gloria
734 2147 873 2202 solet
901 2147 1201 2204 defendere
1229 2154 1284 2204 et
1324 2163 1522 2205 eorum
1559 2157 1756 2205 custo-

50 2231 183 2297 diae,
219 2246 473 2300 quorum
510 2242 792 2302 pastorem
821 2250 881 2290 se
928 2237 1081 2292 novit
1125 2238 1252 2305 [al.,
1295 2238 1598 2308 meminit],
1645 2240 1758 2292 imo

50 2319 515 2389 Redemptorem,
548 2323 868 2391 invigilare.
913 2324 1159 2378 Putasne
1192 2325 1346 2393 quod
1391 2327 1437 2379 is
1484 2326 1586 2394 qui
1629 2327 1758 2382 lidei

55 2421 180 2461 suae
212 2410 484 2465 curvavit
547 2410 804 2480 imperia,
856 2413 958 2481 qui
1012 2413 1127 2467 huc
1186 2428 1370 2482 usque
1423 2423 1623 2469 contra
1653 2429 1758 2470 nos

51 2496 213 2550 dedit
268 2496 350 2550 eis
404 2497 567 2565 potiri
629 2499 888 2561 victoria,
950 2515 1066 2555 non
1126 2501 1300 2570 possit
1353 2502 1521 2556 etiam
1567 2504 1755 2571 modo,

51 2591 252 2638 vestra
274 2584 404 2638 nisu
432 2585 681 2653 perfacili
705 2587 928 2642 amoliri
962 2588 1258 2643 molimina
1280 2589 1307 2642 ?
1337 2589 1450 2657 Ipsi
1481 2604 1753 2660 namque,

52 2687 122 2725 ac
172 2672 217 2726 si
274 2673 385 2727 Deo
417 2687 449 2726 a
480 2674 722 2729 mortuis
769 2685 1185 2741 resurrecturo,
1220 2692 1252 2730 a
1284 2679 1446 2733 Patre
1499 2679 1751 2734 dicitur:

52 2761 261 2828 Surge.
323 2760 532 2830 inquit,
589 2763 758 2828 Deus,
812 2764 1010 2833 judica
1071 2773 1300 2831 terram,
1351 2767 1628 2834 quoniam
1689 2775 1754 2822 tu

53 2849 425 2903 haereditabis
456 2850 514 2904 in
543 2851 812 2907 omnibus
857 2853 1123 2922 gentibus
1155 2854 1334 2920 (Psal.
1383 2869 1577 2919 LXXXI,
1619 2858 1692 2922 8).
1723 2874 1750 2906 »

1872 499 2079 539 annus.
2124 486 2274 539 Deus
2320 485 2475 540 enim
2521 485 2775 554 ipsorum
2831 492 3221 553 perpetratum
3272 501 3388 542 non
3416 487 3566 542 illico

1871 573 2058 628 scelus
2098 573 2411 639 ulciscitur,
2446 573 2542 629 sed
2575 588 2760 642 usque
2789 573 2928 628 dum
2957 573 3146 642 ipsum
3173 582 3568 643 permaturue-

1871 661 1946 716 rit
2010 662 2247 726 crimen,
2313 661 2605 716 criminosi
2683 661 2986 730 aliquoties
3046 675 3216 730 poena
3285 661 3564 718 differtur-

1873 750 2119 820 Ideoque
2175 765 2394 816 vereor,
2460 750 2558 815 fili,
2618 765 2689 804 ne
2737 758 2871 813 tuae,
2922 750 3078 818 quod
3131 748 3312 804 absit!
3358 756 3565 805 trucu-

1872 838 2046 894 lentia
2077 840 2277 894 mortis
2307 845 2612 904 accrescat,
2638 839 2776 892 dum
2809 839 3145 907 protelatur.
3178 860 3206 888 »

1943 927 2108 997 [XIL]
2139 927 2223 981 Ad
2265 927 2387 981 haec
2416 926 2715 982 Curbaran
2765 941 2837 981 ex
2871 927 3112 982 materni
3144 928 3418 984 miraculo
3447 942 3564 983 ser-

1872 1015 2056 1069 monis
2103 1014 2366 1069 redditur
2421 1013 2611 1080 hebes,
2677 1022 2731 1068 et
2791 1015 2858 1070 de
2929 1015 3267 1084 propinquae
3333 1016 3564 1071 nomine

1873 1103 2071 1158 mortis
2099 1101 2412 1172 exsanguis
2461 1110 2516 1157 et
2547 1102 2794 1167 tabidus,
2841 1102 2964 1158 iniit
2997 1120 3009 1156 :
3050 1124 3077 1151 «
3110 1105 3179 1158 Et
3224 1111 3306 1169 tu,
3357 1103 3565 1158 horum

1871 1190 2044 1244 velim
2098 1192 2262 1252 scire,
2297 1191 2583 1258 quomodo
2627 1190 2703 1244 sis
2748 1198 3053 1246 consecuta
3100 1191 3383 1250 notitiam,
3418 1205 3562 1258 gen—

1873 1284 1984 1333 tem
2041 1277 2302 1332 videlicet
2343 1277 2726 1332 Christianam
2777 1279 2928 1333 vires
2979 1278 3312 1349 hujusmodi
3368 1281 3566 1332 contra

1873 1379 1976 1420 nos
2018 1373 2370 1424 exerturam,
2413 1379 2632 1434 nosque
2674 1367 2731 1419 in
2780 1366 2888 1420 hoc
2933 1367 3053 1436 ipso
3097 1367 3252 1436 quod
3305 1365 3568 1421 imminet

1873 1453 2068 1522 praelio
2120 1453 2498 1519 devicturam,
2553 1461 2751 1508 nostra
2789 1468 2884 1508 eos
2917 1453 3096 1522 spolia
3137 1455 3480 1523 direpturos,
3513 1460 3568 1508 et

1871 1542 2025 1611 quod
2054 1541 2317 1610 praesenti
2375 1554 2528 1595 anno
2571 1541 2769 1596 mortis
2817 1542 3126 1610 repentinae
3177 1541 3424 1596 incidam
3483 1541 3562 1594 la-

1873 1643 2067 1698 queos.
2108 1649 2128 1674 ι

1947 1739 1968 1765 ε
1996 1717 2119 1780 Fili,
2146 1717 2244 1782 ait,
2267 1725 2499 1772 centum
2523 1731 2696 1785 prope
2724 1730 3010 1772 annorum
3036 1725 3294 1786 tempora
3322 1716 3566 1772 decursa

1867 1812 2206 1869 noscuntur,
2239 1818 2311 1859 ex
2342 1818 2457 1873 quo
2488 1804 2547 1857 in
2587 1803 2796 1858 abditis
2829 1803 3180 1872 quibusdam
3212 1810 3378 1858 sectae
3411 1817 3551 1873 gen-

1866 1891 1982 1947 tilis
2031 1891 2425 1946 voluminibus
2472 1899 2760 1959 repertum
2817 1899 3056 1956 constat,
3117 1891 3271 1959 quod
3317 1891 3564 1960 populus

1864 1978 2220 2035 Christianus
2250 1979 2458 2033 bellum
2507 1979 2666 2033 nobis
2719 1978 2987 2033 illaturus
3019 1979 3301 2048 insurgat,
3337 1993 3557 2048 nosque

1866 2068 1937 2122 ad
1969 2068 2202 2136 plenum
2249 2067 2500 2136 subigat,
2542 2074 2597 2121 et
2629 2080 2744 2134 quo
2789 2079 2945 2120 nunc
2975 2065 3296 2120 dominium
3323 2080 3563 2121 exerce—

1865 2171 2014 2221 mus,
2051 2156 2128 2210 ibi
2162 2155 2268 2210 sibi
2302 2169 2536 2224 prorsus
2576 2168 2753 2223 regna
2791 2155 3120 2220 constituat,
3155 2155 3563 2224 gentilitasque

1866 2245 2129 2299 ﬁdelibus
2183 2243 2413 2297 subdita
2475 2242 2589 2296 fiat.
2647 2241 2755 2298 Sed
2814 2243 2872 2296 in
2925 2243 3030 2297 hoc
3080 2242 3314 2297 scientia
3367 2250 3562 2298 nostra

1863 2332 2119 2387 fuscatur
2149 2331 2287 2400 quia
2336 2331 2622 2385 nescimus
2660 2337 2856 2385 utrum
2916 2329 3102 2396 modo,
3153 2343 3226 2384 an
3286 2330 3342 2383 in
3384 2329 3560 2399 longa

1865 2426 2125 2487 tempora
2165 2417 2537 2486 compleatur.
2589 2418 2708 2486 Ego
2763 2416 2934 2471 etiam
2967 2415 3410 2472 astronomicam
3467 2417 3561 2472 di-

1864 2505 2158 2574 sciplinam
2217 2505 2564 2575 diligentiori
2622 2505 2936 2559 intentione
2980 2503 3327 2573 disquircns,
3383 2505 3549 2559 innu-

1863 2608 2276 2663 merarumque
2328 2593 2568 2648 sortium
2609 2593 2971 2662 conjecturas
3019 2592 3339 2657 attendens,
3391 2607 3562 2661 aequa

1870 2683 2130 2737 omnium
2161 2681 2461 2736 collatione
2507 2681 2711 2736 edidici
2758 2681 2897 2750 quia
2927 2695 2960 2734 a
2990 2679 3330 2735 Christianis
3378 2680 3556 2735 homi-

1865 2769 2036 2825 nibus
2081 2783 2194 2823 non
2252 2779 2394 2824 esset
2449 2768 2683 2824 omnino
2741 2783 2966 2823 necesse
3009 2768 3248 2822 devinci.
3309 2768 3557 2838 Ideoque

1861 2858 2308 2926 praecordialiter
2369 2857 2471 2912 tibi
2541 2857 2764 2912 indoleo
2834 2857 2974 2926 quia
3043 2857 3345 2912 indubium
3419 2856 3557 2911 mihi

51 2957 80 2982 ‹‹
115 2936 170 2991 Si
206 2937 385 3007 igitur
413 2938 532 3007 ipse
563 2945 775 2994 terram
812 2940 1054 3008 judicat,
1094 2941 1376 3010 quosdam
1425 2941 1685 2997 videlicet
1716 2956 1750 2996 a
1787 2955 1828 3008 ο
1860 2951 2081 3000 constat
2110 2944 2264 3014 quod
2312 2959 2385 3000 ex
2441 2952 2491 2999 te
2538 2945 2659 3014 jam
2694 2944 3101 3014 propemodum
3135 2944 3336 2999 orbata
3366 2957 3558 2999 rema-

49 3037 245 3078 massa
295 3025 647 3093 perditorum
695 3027 965 3082 discernit
1016 3035 1070 3083 et
1114 3037 1391 3097 segregat,
1434 3029 1574 3084 alios
1622 3044 1752 3085 vero

48 3112 340 3180 reprobat,
382 3121 436 3168 et
459 3128 571 3169 non
600 3129 797 3169 omnes
837 3125 1049 3185 gentes,
1097 3117 1190 3170 sed
1227 3117 1277 3170 in
1314 3117 1583 3172 omnibus
1612 3132 1750 3186 gen-

49 3201 229 3268 tibus,
265 3209 483 3270 partem
517 3202 584 3257 de
633 3211 748 3258 toto
796 3218 1116 3266 assumens,
1168 3205 1481 3260 haereditat.
1539 3206 1749 3261 Audiat

50 3289 409 3356 providentia
440 3297 562 3355 tua,
599 3289 698 3357 ﬁli,
733 3305 908 3360 quam
963 3305 1200 3346 severus
1227 3307 1321 3347 eos
1374 3294 1560 3361 punit,
1603 3309 1749 3363 quos

46 3390 80 3428 a
136 3377 230 3430 sui
287 3376 492 3431 notitia
535 3387 792 3433 exsortes
831 3380 986 3434 sinit.
1048 3381 1141 3434 Ait
1192 3380 1467 3448 propheta
1515 3380 1742 3435 David:

52 3492 72 3514 α
107 3467 359 3524 Effunde
388 3468 533 3524 iram
568 3477 722 3525 tuam
755 3471 813 3525 in
845 3479 1040 3540 gentes
1066 3487 1196 3541 qua)
1223 3479 1274 3527 te
1293 3486 1404 3526 non
1435 3481 1742 3538 noverunt,

41 3565 100 3612 et
157 3557 213 3612 in
270 3571 449 3628 regna
504 3573 634 3627 quae
687 3573 895 3615 nomen
949 3568 1115 3615 tuum
1163 3574 1279 3615 non
1328 3561 1746 3616 invocaverunt

48 3646 241 3715 (Ρεαι.
275 3661 512 3712 Lxxvm,
541 3647 615 3715 6).
657 3669 677 3694 ι

124 3756 151 3782 ‹‹
185 3734 296 3790 Vos
325 3735 573 3789 Francos
603 3734 758 3800 istos,
807 3749 921 3790 non
972 3735 1096 3789 ideo
1135 3735 1275 3804 quia
1317 3735 1553 3790 advenae
1584 3743 1740 3802 sunt,

47 3837 268 3892 vosque
298 3822 537 3892 gentiles
586 3823 968 3888 contemnitis,
1026 3837 1138 3877 non
1195 3837 1488 3878 armorum
1532 3824 1743 3880 obscu-

48 3911 297 3976 ritatem,
340 3925 457 3966 non
492 3911 621 3966 vitae
652 3911 1070 3968 mendicitatem
1103 3911 1369 3981 abjicitis,
1423 3911 1520 3966 sed
1563 3912 1622 3967 in
1663 3912 1744 3968 eis

46 4000 236 4054 solum
265 4000 455 4068 potius
483 3999 875 4055 Christianum
903 4014 1111 4055 nomen
1171 4000 1433 4055 horretis.
1486 4001 1554 4055 Et
1592 4009 1743 4056 certe

51 4089 118 4153 is,
153 4088 254 4157 qui
286 4088 343 4142 in
372 4088 453 4143 eis
495 4088 825 4157 despicitur,
881 4103 984 4157 pro
1008 4089 1107 4154 eis,
1140 4102 1270 4143 cum
1305 4102 1534 4144 necesse
1563 4091 1738 4144 exsti-

47 4176 198 4239 terit,
230 4174 410 4230 efl‘usa
440 4177 526 4232 ira
569 4176 967 4245 prae-habitum.
1033 4176 1085 4231 Si
1137 4176 1226 4231 his
1274 4176 1603 4245 prophetico
1643 4193 1740 4234 ore

1861 3049 1987 3089 neo.
2026 3056 2053 3081 υ

1939 3144 1958 3168 α
1988 3122 2186 3185 Mater,
2223 3120 2432 3190 inquit,
2496 3119 2669 3176 velim
2720 3119 2856 3174 mihi
2920 3119 3166 3175 disseras
3221 3119 3439 3190 aliqua,
3487 3121 3557 3175 de

1859 3209 2075 3279 quibus
2097 3208 2314 3264 haesito.
2343 3237 2415 3248 —
2461 3207 2725 3270 Consule,
2759 3207 2859 3272 ait,
2907 3221 2977 3261 ne
3007 3207 3252 3272 dubites,
3303 3222 3556 3277 namque

1859 3312 1990 3367 quae
2042 3296 2243 3363 sciero,
2309 3305 2511 3365 praesto
2568 3295 2758 3351 habes.
2793 3324 2859 3334 —
2890 3295 3279 3361 Boemundus,
3309 3303 3362 3350 et
3404 3297 3552 3350 Tan—

1856 3385 2064 3441 credus
2107 3385 2186 3439 dii
2218 3384 2562 3448 habeantur,
2613 3397 2687 3438 an
2746 3382 3028 3446 homines,
3061 3396 3277 3452 quaeso,
3340 3383 3551 3452 inquit,

1857 3480 2059 3539 mater,
2107 3473 2361 3537 edoceas,
2385 3478 2440 3527 et
2470 3472 2517 3526 si
2549 3471 2653 3540 ipsi
2685 3472 2934 3526 Francos
2964 3470 3024 3525 in
3058 3470 3265 3539 praaliis
3314 3471 3554 3526 victores

1853 3561 2124 3624 efﬁciant,
2186 3573 2399 3628 precor,
2470 3559 2680 3614 edicas.
2741 3589 2810 3598 -—
2881 3559 3006 3625 Fili,
3072 3559 3440 3614 Boemundus
3496 3567 3552 3613 et

1853 3648 2203 3714 Tancredus,
2235 3647 2530 3722 communi
2580 3647 2662 3702 uti
2701 3653 2756 3702 et
2784 3660 2890 3702 nos
2935 3645 3262 3701 mortalitati
3315 3646 3551 3702 obnoxii

1853 3743 2008 3801 sunt,
2043 3735 2141 3790 sed
2171 3735 2312 3804 quia
2341 3749 2444 3805 pro
2475 3735 2585 3790 fide
2614 3749 2724 3790 sua
2764 3742 2970 3804 agunt,
3002 3733 3243 3804 gloriam
3275 3734 3412 3790 clari
3447 3749 3551 3790 no-

1851 3824 2044 3890 minis,
2109 3826 2219 3879 Deo
2249 3823 2331 3879 eis
2378 3830 2738 3891 cooperante,
2798 3829 3155 3884 meruerunt.
3207 3823 3384 3877 Deum
3436 3836 3547 3878 au-

1852 3919 1963 3968 tem
1996 3912 2219 3967 Patrem
2255 3911 2616 3981 profitentur,
2649 3911 2819 3980 cujus
2851 3909 3060 3964 Filium
3109 3924 3211 3979 pro
3251 3924 3309 3966 se
3350 3910 3548 3966 huma-

1851 4008 2052 4056 natum
2112 4000 2305 4055 itidem
2350 4006 2724 4066 venerantur,
2756 3998 2858 4069 qui
2896 4006 3084 4053 tamen
3131 3997 3277 4053 idem
3319 4012 3441 4053 esse
3487 3999 3545 4054 in

1851 4088 2100 4158 Spiritus
2173 4088 2357 4143 sancti
2429 4088 2650 4143 unitate
2720 4087 3060 4143 creduntur.
3117 4116 3186 4127 —
3239 4085 3542 4153 Quoniam,

1850 4177 2064 4246 inquit,
2117 4192 2231 4232 non
2293 4177 2452 4241 Deos,
2508 4183 2708 4241 mater,
2767 4176 2864 4230 sed
2907 4189 3084 4244 puros
3131 4175 3391 4230 homines
3434 4190 3545 4230 no-

50 4263 427 4333 promittitur,
482 4264 636 4332 quod
672 4277 706 4318 a
757 4263 894 4319 solis
947 4271 1079 4318 ortu
1133 4278 1318 4333 usque
1368 4265 1438 4318 ad
1470 4279 1736 4320 occasum
1775 4247 1820 4300 Ῑ)
1850 4266 2071 4335 strique
2113 4265 2432 4319 simillimos
2459 4263 2764 4329 attestaris,
2815 4263 2895 4318 nil
2924 4263 3081 4318 aliud
3139 4263 3338 4332 procul
3369 4263 3545 4319 dubio

53 4349 341 4406 laudabile
372 4364 582 4404 nomen
616 4349 844 4405 Domini
883 4350 1187 4416 habeatur,
1236 4351 1376 4406 dum
1406 4365 1520 4408 non
1568 4366 1742 4422 super

45 4439 272 4493 Judzeos
299 4439 393 4493 sed
423 4452 600 4507 super
628 4453 826 4494 omnes
855 4447 1050 4507 gentes
1094 4439 1352 4495 excelsus
1391 4440 1740 4508 praedicatur

49 4525 236 4587 (Psal.
287 4540 425 4590 cxn,
463 4529 514 4593 3,
549 4528 627 4596 4),
660 4535 714 4582 et
752 4527 852 4582 Dei
885 4527 1065 4595 ipsius
1101 4541 1216 4591 ore,
1260 4541 1391 4595 quae
1435 4526 1590 4594 plebs
1632 4540 1740 4581 sua

47 4630 162 4670 non
188 4613 388 4680 fuerat,
413 4614 533 4684 jam
574 4615 730 4684 plebs
761 4629 888 4682 sua,
921 4622 976 4670 et
1005 4629 1136 4684 quae
1164 4629 1278 4669 non
1308 4615 1513 4670 dilecta
1533 4615 1739 4677 dilecta

47 4710 286 4757 vocatur
309 4705 490 4768 (Rom.
515 4718 592 4766 1x,
627 4706 735 4770 25),
765 4704 905 4758 dum
937 4718 1066 4773 quae
1089 4704 1386 4758 exstiterat
1417 4704 1474 4758 in
1502 4703 1734 4770 ludatis,

49 4792 104 4844 in
140 4791 399 4846 nationes
427 4791 750 4860 adoptionis
780 4791 966 4861 gratia
1012 4790 1376 4855 transfertur,
1428 4799 1482 4845 et
1513 4790 1568 4843 in
1603 4788 1739 4843 reli-

47 4880 202 4949 quiis
229 4880 323 4934 Dei
355 4880 552 4935 vultus
579 4893 779 4934 eorum
820 4879 1149 4934 Iudaeorum
1194 4879 1397 4947 utique
1446 4890 1736 4946 praepara-

49 4977 163 5034 tur,
201 4968 330 5036 quis
362 4968 470 5022 nisi
504 4968 738 5023 demens
778 4966 921 5022 ﬁlios
948 4967 1044 5022 Dei
1092 4967 1438 5036 impugnare
1466 4966 1739 5021 molitur?

50 5057 375 5111 Przenuntio
416 5056 512 5111 tibi
564 5056 752 5124 plane,
789 5055 948 5125 quia,
1000 5057 1044 5110 si
1075 5069 1170 5110 eos
1214 5055 1360 5111 bello
1385 5054 1734 5125 aggrederis,

50 5145 252 5214 ingens
283 5143 376 5199 tibi
411 5143 836 5199 incommodum
861 5143 1275 5213 infamiamque
1296 5143 1562 5212 parabis;
1586 5149 1740 5198 certa

52 5231 265 5287 militia;
313 5239 427 5286 tuae
453 5232 666 5286 damna
713 5230 966 5295 subibis;
1024 5231 1176 5300 ipsos
1217 5231 1389 5287 etiam
1421 5231 1737 5299 spoliorum

50 5327 276 5373 tuorum
321 5318 644 5375 sublatione
690 5319 938 5387 ditabis;
991 5327 1053 5375 tu
1101 5333 1335 5390 quoque
1380 5318 1536 5387 turpi
1600 5317 1739 5387 fuga

52 5406 370 5461 excedendo
421 5407 646 5462 laberis.
699 5413 842 5461 4n
895 5407 1019 5462 Non
1060 5415 1115 5463 te
1172 5409 1280 5463 hoc
1333 5407 1618 5476 siquidem
1681 5406 1736 5460 in

57 5495 247 5565 przelio
299 5503 487 5552 manet
544 5495 844 5565 interitus;
907 5495 1002 5551 sed
1057 5502 1279 5551 certum
1343 5503 1533 5550 tamen
1593 5493 1740 5549 habe

1845 4361 2022 4408 restat
2052 4352 2159 4408 nisi
2210 4360 2273 4407 ut
2324 4353 2470 4408 facto
2501 4351 2694 4421 przelio
2725 4365 3126 4420 comparemur
3157 4351 3378 4407 collatis
3413 4351 3546 4407 viri-

1846 4441 1957 4496 bus
1983 4440 2112 4495 illis.
2149 4461 2176 4488 »

1919 4527 2119 4598 [XIIL]
2152 4527 2336 4596 Igitur
2364 4534 2545 4583 mater
2570 4526 2894 4597 intelligens
2925 4526 3106 4582 filium
3137 4526 3208 4580 ad
3241 4525 3388 4581 bella
3407 4541 3540 4582 cum

1848 4617 2079 4672 Francis
2133 4617 2358 4685 agenda
2411 4615 2744 4684 proclivem,
2800 4623 2855 4670 et
2907 4615 3027 4669 suis
3092 4613 3241 4668 nolle
3292 4614 3543 4669 consiliis

1846 4706 2066 4760 animos
2117 4704 2411 4770 adhibere,
2482 4703 2733 4759 collectis
2785 4717 2915 4772 qum
2971 4702 3122 4756 circa
3183 4715 3242 4756 se
3302 4703 3537 4770 reperiri

1845 4799 2106 4862 poterant
2151 4791 2350 4860 copiis,
2409 4791 2482 4846 ad
2547 4797 2919 4845 memoratam
2993 4787 3260 4856 superius
3337 4788 3538 4844 urbem

1840 4879 2040 4948 Aleph,
2075 4878 2144 4932 de
2185 4877 2300 4933 lilio
2329 4893 2434 4934 suo
2459 4878 2706 4933 nimium
2736 4885 3019 4944 suspecta,
3064 4875 3364 4931 concessit.
3394 4876 3538 4931 Ter-

1844 4967 1925 5022 tia
1969 4967 2205 5036 posthac
2245 4967 2335 5022 die
2364 4965 2666 5022 Curbaran
2696 4977 2858 5019 arma
2887 4964 3082 5030 sumit,
3133 4971 3188 5019 et
3217 4963 3537 5019 Turcorum

1845 5055 2098 5124 plurima
2127 5069 2259 5110 cum
2285 5069 2351 5110 eo
2390 5053 2713 5124 frequentia
2763 5052 3052 5107 civitatem
3109 5051 3342 5116 adeunt,
3370 5065 3444 5108 ex
3470 5066 3540 5107 ea

1847 5150 2007 5212 parte
2050 5157 2169 5212 qua
2198 5141 2363 5208 illud,
2399 5141 2554 5211 quod
2609 5154 2794 5210 nuper
2849 5148 3139 5209 coeperant
3187 5147 3539 5210 captumque

1843 5230 1951 5285 sibi
1979 5229 2458 5295 communierant,
2481 5236 2602 5283 erat
2626 5236 2902 5283 castrum.
2929 5227 3119 5283 Nostri
3141 5236 3334 5284 autem
3365 5242 3538 5284 seaes-

1845 5318 2112 5374 timantes
2142 5317 2352 5376 eisdem
2375 5330 2540 5386 posse
2566 5316 2842 5381 resistere,
2895 5315 3074 5370 aciem
3104 5316 3381 5371 adversus
3411 5316 3539 5372 illos

1849 5406 2192 5462 instaurant.
2230 5405 2334 5460 Sed
2366 5412 2528 5459 tanta
2556 5417 2758 5459 eorum
2787 5404 2948 5471 copia
2975 5404 3194 5459 exstitit
3226 5411 3290 5459 ut
3331 5405 3538 5460 nostris

1845 5494 2155 5551 obsistendi
2213 5493 2398 5548 virtus
2452 5498 2555 5547 aut
2607 5490 2853 5547 audacia
2903 5490 3067 5548 nulla
3121 5492 3280 5550 foret.
3349 5493 3539 5549 Coacti
