3902 6082
310 224 414 277 759

296 353 477 423 igitur
506 351 918 422 regrediuntur
949 349 1006 404 in
1056 350 1278 405 urbem.
1332 347 1555 415 Quibus
1601 349 1832 420 agmine
1870 350 1990 421 glo-
2029 355 2075 407 Α

300 449 517 496 merato
548 439 830 510 fugaciter
861 445 1084 506 portam
1139 437 1508 502 intrantibus,
1551 438 1691 493 adeo
1744 438 1850 494 fuit
1883 453 1993 492 an-

299 537 506 599 gustus
557 527 826 582 introitus
855 534 921 580 ut
975 525 1244 594 pluribus
1281 526 1562 580 accideret
1621 526 1860 593 lethalis,
1919 539 1992 580 ex

299 625 503 672 mutua
557 614 996 684 compressione,
1075 613 1346 668 defectus.
1407 612 1618 678 Quinta
1671 621 1795 668 erat
1854 621 1994 668 tunc

296 703 454 768 feria,
477 710 531 758 et
575 703 811 771 quidam
862 709 1028 756 extra
1068 701 1228 756 urbis
1283 700 1698 769 praeliabantur
1723 709 1986 770 portam;

295 791 539 860 aliquos,
573 789 916 845 intrinsecus
945 789 1220 844 adversus
1247 790 1562 858 oppidanos
1593 789 1987 859 confligentes,

295 886 480 935 totum
507 877 760 933 constitit
787 877 845 931 in
879 876 1090 946 praeliis
1141 877 1530 942 continuasse,
1566 877 1748 932 donec
1790 891 1995 946 vespe-

299 972 565 1031 rasceret,
586 963 754 1020 diem.

971 1086 1199 1142 CAPUT
1239 1087 1331 1141 III.

375 1225 575 1298 [ΚΝ]
625 1229 672 1281 Ε
719 1225 1064 1283 Christianis
1113 1225 1315 1278 timore
1341 1223 1643 1296 perterriti
1689 1225 2000 1298 aufugiunt

302 1313 589 1370 nonnulli.
623 1343 696 1355 —
724 1313 828 1369 Sed
862 1314 1000 1382 quia
1039 1313 1322 1379 Christus,
1357 1313 1458 1382 qui
1489 1314 1803 1382 quondam,
1827 1315 1999 1371 etiam

303 1417 464 1458 nunc
494 1417 640 1472 quos
668 1402 916 1472 elegerat
966 1403 1143 1467 novit,
1175 1415 1242 1455 ea
1273 1411 1436 1455 nocte
1483 1401 1743 1470 quidam,
1779 1402 1903 1472 qui,
1937 1411 1999 1458 ut

307 1489 388 1545 ita
417 1489 624 1554 dicam,
659 1488 726 1543 de
753 1502 956 1543 eorum
985 1502 1188 1556 genere
1218 1503 1332 1542 non
1351 1496 1534 1553 erant,
1591 1502 1688 1556 per
1718 1502 1864 1557 quos
1901 1504 1999 1544 sa-

305 1577 397 1633 lus
451 1577 506 1631 in
564 1577 735 1631 Israel
799 1575 1037 1642 veniret,
1087 1577 1226 1630 dum
1274 1590 1333 1631 se
1390 1576 1710 1631 Turcorum
1739 1585 1997 1633 exercitu

309 1662 536 1729 ambiri,
564 1663 703 1717 dum

309 1804 459 1860 Bella
492 1803 704 1858 diurna
730 1802 924 1857 vident
960 1802 1059 1857 vix
1090 1803 1269 1858 noctis
1299 1802 1475 1858 limite
1503 1802 1714 1869 claudi,

309 1893 683 1958 Intremuere,
718 1891 889 1945 timor
916 1891 1234 1959 penetravit
1262 1899 1488 1960 pectora
1520 1905 1737 1956 cassus,

307 1984 493 2049 Atque
525 1979 634 2034 sub
665 1978 871 2034 obtutu
911 1991 1065 2032 mors
1104 1977 1222 2031 sola
1256 1978 1603 2046 paventibus
1633 1985 1800 2033 astat.

311 2067 598 2122 Funditus
627 2073 758 2120 ante
784 2065 939 2120 viros
964 2079 1070 2119 sua
1101 2065 1215 2119 vita
1238 2065 1501 2134 pependit
1533 2066 1764 2143 inertes,

309 2156 434 2210 Non
457 2153 705 2224 nisijam
737 2154 951 2208 Turcos
982 2153 1201 2222 trepida
1232 2154 1340 2209 sub
1369 2162 1556 2209 mente
1581 2162 1832 2210 tuentur.

311 2241 510 2296 Hostili
546 2249 816 2310 reputant
843 2242 961 2311 jam
996 2255 1053 2296 se
1077 2255 1350 2296 mucrone
1380 2241 1554 2296 feriri.

306 2328 562 2398 Quisque
582 2328 702 2384 suis
745 2329 820 2384 ibi
851 2328 1174 2384 subsidium
1201 2329 1462 2398 desperat
1492 2330 1564 2384 ab
1595 2329 1788 2384 armis.

309 2415 533 2487 Cogitat
562 2431 698 2487 ergo
739 2416 974 2486 fugam;
1005 2417 1106 2486 qui
1135 2424 1525 2486 contempsere
1558 2417 1650 2472 Dei
1684 2431 1860 2486 spem,

305 2503 573 2574 Turpiter
600 2505 875 2560 obscenas
907 2502 1134 2574 profugi
1154 2504 1380 2558 subiere
1408 2503 1647 2559 cloacas.

313 2591 539 2662 Dignus
569 2594 650 2648 eis
681 2592 789 2647 fuit
814 2593 1025 2657 exitus,
1056 2592 1155 2660 qui
1179 2592 1286 2646 tale
1320 2592 1583 2647 verendis

311 2680 657 2749 Exemplum
686 2681 838 2735 dedit
872 2680 1219 2750 agminibus.
1250 2679 1547 2748 Reptando
1582 2678 1813 2749 fugaces

311 2765 395 2819 Ad
418 2779 575 2820 mare
607 2767 969 2835 perveniunt,
987 2779 1387 2834 manuumque
1411 2765 1738 2836 pedumque
1752 2766 2008 2822 revulsas

317 2851 573 2906 Amisere
605 2859 783 2917 cutes,
818 2851 1003 2906 exesis
1036 2850 1312 2905 carnibus
1336 2864 1484 2917 ossa,

315 2938 624 2994 Abradunt
654 2947 866 2994 cautes.
902 2939 1064 2994 Pauli
1095 2939 1347 2993 doctoris
1373 2939 1443 2992 ad
1479 2937 1679 3004 instar,

314 3027 418 3082 Cui
451 3026 588 3097 fuga
618 3041 718 3096 per
740 3041 973 3082 murum
1002 3027 1234 3081 dederat
1257 3025 1438 3081 vitare
1468 3027 1834 3094 Damascum,

315 3115 386 3172 Hi
413 3114 521 3170 sibi
551 3115 866 3171 concinnas
895 3114 1242 3186 insignivere
1270 3113 1527 3169 latrinas.

387 3253 552 3328 [XV.]
586 3255 767 3310 Fuere
815 3262 1010 3310 autem
1045 3255 1101 3310 hi
1133 3256 1235 3324 qui
1268 3263 1638 3319 recesserant,
1689 3254 2010 3312 Guilelmus

313 3343 552 3413 quidam
584 3356 656 3397 ex
685 3341 1126 3406 Northmannia,
1158 3341 1424 3396 nobiliter
1466 3342 1702 3396 omnino
1745 3344 2006 3412 progeni-

270 3427 423 3495 'tus,
463 3442 596 3484 cum
653 3427 914 3484 Alberico
977 3426 1169 3494 fratre,
1232 3427 1333 3498 qui
1385 3441 1418 3482 a
1464 3427 1738 3496 primaevo
1797 3429 2010 3485 scholis

310 3516 483 3572 datus
507 3515 777 3572 clericum
827 3515 1056 3583 fecerat,
1112 3523 1166 3571 et
1220 3517 1581 3584 postmodum
1609 3529 1641 3570 a
1671 3515 1822 3572 clero
1861 3531 2007 3588 apo-

310 3604 509 3660 statice
555 3618 624 3660 ac
655 3608 919 3673 turpiter,
970 3603 1188 3659 militiae
1234 3617 1448 3670 amore,
1497 3603 1833 3660 desciverat.
1886 3605 2010 3662 Mu-

309 3691 584 3760 nicipium
617 3706 849 3762 quoque
892 3705 1117 3758 eorum,
1169 3705 1240 3747 ex
1280 3705 1396 3760 quo
1456 3693 2004 3762 agnoniinabantur,

308 3780 714 3849 exprimerem,
763 3779 871 3834 nisi
929 3781 1156 3848 generis
1193 3793 1394 3834 eorum
1426 3780 1612 3835 amica
1662 3781 1798 3837 mihi
1831 3783 2008 3838 conti-

307 3868 526 3937 guitate
589 3868 868 3933 devictus,
931 3867 1132 3934 pudori
1175 3868 1434 3936 ipsorum
1497 3882 1730 3937 parcere
1779 3868 2007 3924 definis-

309 3970 447 4011 sem.
480 3956 664 4011 Gnido
689 3956 861 4011 etiam
901 3955 1160 4024 quidam,
1195 3955 1296 4024 qui
1335 3957 1652 4012 Trossellus
1705 3958 2006 4027 cognomi-

310 4043 578 4109 nabatur,
637 4043 739 4112 qui
777 4050 934 4097 trans
983 4042 1307 4112 Sequanam
1366 4043 1707 4113 oppidorum
1756 4046 2007 4101 dominio

312 4131 681 4200 potentiaque
735 4131 1111 4197 clarissimus,
1164 4145 1370 4202 genere
1401 4146 1534 4186 vero
1567 4132 1818 4188 Francia;
1870 4133 2007 4189 uni-

1209 222 1270 274 V.
1313 221 1644 276 GUIBERTI
1683 219 1969 277 ABBATIS
2006 221 2064 277 S.
2109 221 2349 277 ΜΑΒΙᾹΞ
2391 221 2482 276 DE
2521 221 2918 277 NOVIGENTO

2058 1625 2098 1678 Β

3708 223 3827 274 760

2105 365 2164 406 se
2203 351 2421 407 diutius
2470 357 2761 420 stupentes
2810 349 3116 416 haeserunt,
3137 349 3382 406 salutem
3428 350 3500 405 ad
3533 349 3825 407 ultimum

2105 441 2159 493 in
2190 440 2329 510 fuga
2360 447 2652 509 ponentes,

2101 527 2438 584 Conscensis
2466 528 2690 582 ratibus
2719 527 3003 596 petierunt
3028 528 3280 597 aequoris
3311 528 3446 582 alta.

2171 617 2285 671 Nec
2340 630 2516 681 mora,
2587 615 2697 670 illis
2757 615 3056 670 volumina
3123 617 3349 670 marina
3409 615 3817 680 sulcantibus,

2102 703 2271 758 Turci
2301 703 2530 758 adsunt.
2565 701 2714 768 Qllus
2757 702 2962 757 ibidem
3009 702 3296 768 invenere,
3341 703 3651 770 perimunt,
3692 715 3826 755 na-

2102 806 2200 846 ves
2248 806 2396 860 quas
2446 793 2500 845 in
2568 793 2687 859 ipso
2738 792 2834 843 siti
2891 790 3039 844 vado
3087 804 3368 859 reperere,
3421 792 3816 855 comburunt,

2099 881 2342 934 exuvias
2397 879 2625 934 illorum
2681 894 2826 948 quos
2877 893 3177 944 enecuere,
3237 877 3538 946 diripiunt.
3593 880 3813 943 Porro,

2101 975 2401 1037 postquam
2449 967 2528 1021 illi
2559 967 2886 1036 degeneres,
2918 975 2974 1021 et
3004 965 3237 1034 superni
3265 966 3585 1036 juvaminis
3644 966 3830 1021 refu-

2104 1070 2208 1126 gae,
2260 1069 2358 1124 per
2403 1055 2826 1118 obscenissima,
2873 1061 2936 1108 ut
2985 1055 3195 1118 ferunt,
3251 1055 3370 1108 loca
3421 1064 3814 1120 recesserant,

2105 1143 2318 1198 residui
2379 1143 2478 1212 qui
2539 1155 2904 1211 perseverare
2975 1142 3325 1210 delegerant,
3386 1141 3507 1210 jam
3568 1142 3828 1196 tolerare

2108 1230 2336 1286 hostilia
2367 1231 2487 1285 sine
2510 1231 2626 1285 ullo
2660 1231 2959 1284 interstitio
2990 1243 3154 1284 arma
3184 1230 3521 1298 nequibant.
3574 1230 3826 1286 Murum

2105 1333 2242 1389 ergo
2297 1321 2443 1374 inter
2492 1332 2550 1373 se
2598 1318 2902 1386 hostesque
2952 1325 3317 1381 construunt,
3368 1332 3562 1386 quem,
3619 1318 3827 1372 conti-

2110 1407 2303 1461 nuatis
2327 1406 2612 1469 excubiis,
2647 1413 2812 1460 nocte
2847 1406 3054 1474 dieque
3085 1405 3438 1460 custodiunt.
3475 1404 3555 1459 Ibi
3583 1412 3825 1459 nostro-

2110 1509 2238 1549 rum
2303 1495 2597 1562 oppressio
2665 1493 2804 1547 adeo
2872 1493 3197 1548 miseranda
3274 1492 3574 1547 suboritur
3625 1500 3696 1546 ut
3742 1492 3823 1545 ad

2111 1582 2349 1636 infames
2387 1581 2564 1645 cibos,
2595 1595 2879 1651 equorum
2931 1584 3344 1650 asinorumqne
3376 1593 3600 1644 carnes,
3649 1593 3824 1634 com-

2113 1670 2482 1740 pellerentur.

2182 1757 2392 1829 [XVILJ
2459 1758 2569 1811 Per
2617 1755 2800 1810 visum
2850 1755 3110 1811 Christus
3153 1756 3484 1827 presbytero
3533 1754 3822 1827 apparuit

2109 1845 2464 1915 asseruitque
2518 1843 2871 1898 Christianis
2891 1844 3033 1912 fore
3073 1849 3300 1912 praesto.
3342 1874 3410 1882 —
3455 1844 3682 1898 Interea
3725 1843 3820 1898 die

2111 1934 2386 2005 quadam,
2425 1933 2782 2001 principibus
2821 1931 3111 1987 exercitus
3159 1939 3292 1986 ante
3349 1939 3603 1986 castrum
3657 1931 3821 2000 quod

2113 2024 2263 2078 intra
2307 2022 2508 2077 urbem
2555 2021 2926 2076 obsidebatur
2983 2020 3200 2088 positis,
3247 2027 3301 2075 et
3341 2033 3439 2088 pro
3481 2019 3821 2074 omnimoda

2113 2123 2290 2180 quam
2320 2109 2686 2178 patiebantur
2710 2106 2938 2162 miseria
2962 2109 3154 2162 animo
3175 2107 3526 2162 atrocissime
3557 2113 3817 2161 conster-

2114 2195 2282 2261 natis,
2328 2209 2457 2250 ecce
2498 2196 2735 2264 quidam
2788 2195 3082 2265 presbyter
3134 2196 3313 2250 astitit
3361 2207 3553 2249 coram
3604 2195 3713 2259 eis,
3763 2202 3819 2249 et

2115 2282 2192 2337 ait
2243 2298 2254 2336 :
2308 2303 2336 2333 (ι
2395 2283 2626 2339 Patroni
2683 2291 2738 2338 et
2793 2283 3063 2348 seniores,
3123 2283 3400 2337 visionem
3457 2282 3820 2337 excellentiae

2115 2379 2318 2426 vestrae
2370 2371 2568 2438 refero,
2621 2387 2753 2441 quae
2783 2371 3153 2426 consolationi
3194 2379 3417 2437 vestrae,
3448 2369 3493 2424 si
3531 2370 3581 2425 ei
3620 2371 3822 2425 credi-

2115 2459 2333 2525 deritis,
2395 2460 2664 2528 proderit,
2717 2467 2779 2514 ut
2824 2473 3010 2528 spero.
3059 2462 3201 2515 Cum
3249 2459 3306 2512 in
3345 2458 3581 2514 ecclesia
3629 2459 3822 2513 Beata:

2117 2547 2212 2602 Dei
2263 2548 2560 2602 Genitricis
2616 2547 2869 2617 quadam
2926 2555 3088 2602 nocte
3143 2547 3474 2610 dormirem,
3536 2546 3824 2600 Dominus

2114 2636 2275 2690 Jesus
2323 2635 2604 2700 Christus,
2654 2650 2786 2690 cum
2835 2635 2955 2703 ipsa
3003 2635 3181 2689 Matre
3228 2633 3501 2703 piissima,
3549 2641 3604 2688 et
3647 2633 3823 2689 beato

2115 2723 2500 2792 apostolorum
2523 2723 2782 2792 principe
2818 2723 2998 2788 Petro,
3047 2723 3182 2777 mihi
3233 2721 3523 2790 apparuit,
3573 2729 3628 2776 et
3668 2720 3822 2775 assi-

2117 2820 2289 2876 stens,
2346 2811 2492 2866 dixit
2541 2825 2553 2864 :
2607 2810 2798 2865 Scisne
2847 2811 2948 2879 qui
3006 2809 3182 2865 sum?
3226 2809 3476 2873 Minime,
3553 2809 3823 2877 inquam.

2048 2911 2086 2965 c
2121 2899 2373 2964 Dixerat,
2405 2907 2459 2954 et
2496 2914 2625 2954 ecce
2659 2899 2715 2953 in
2751 2899 2866 2968 ipso
2895 2899 3098 2968 capitis
3127 2898 3253 2968 ejus
3283 2897 3498 2962 nimbo,
3533 2898 3615 2952 uti
3652 2897 3821 2961 solet,

2117 2988 2172 3042 in
2217 2988 2454 3056 picturis
2496 2987 2638 3052 fieri,
2689 2987 2876 3043 crucis
2911 2987 3125 3056 species
3155 2986 3444 3055 apparuit.
3488 2986 3824 3055 Interroga-

2117 3076 2269 3132 tione
2292 3089 2430 3146 ergo
2452 3076 2656 3131 iterata
2698 3075 3006 3131 Salvatoris
3040 3075 3228 3143 imago
3265 3073 3507 3143 repetiit.
3554 3072 3822 3128 Necdum

2116 3164 2260 3218 nosti
2305 3179 2476 3234 quem
2514 3163 2752 3219 videas?
2803 3163 2926 3218 Non
2980 3163 3141 3229 alias,
3190 3161 3447 3225 Domine,
3491 3160 3600 3225 aio,
3653 3168 3820 3216 tuam

2117 3251 2301 3307 reviso
2338 3252 2620 3316 notitiam,
2653 3252 2760 3306 nisi
2796 3252 2936 3321 quia
2970 3252 3085 3306 tuis
3115 3251 3281 3305 modo
3316 3249 3600 3318 conspicio
3629 3250 3820 3303 cervi-

2115 3341 2280 3395 cibus
2321 3339 2618 3394 imminere
2638 3340 2826 3396 crucis
2856 3339 3124 3409 effigiem,
3172 3339 3326 3408 quod
3352 3345 3509 3393 tuam
3546 3337 3822 3405 speciali-

2116 3435 2219 3493 ter,
2266 3442 2618 3498 quocunque
2660 3427 2936 3499 pingitur,
2973 3427 3250 3497 insignire
3279 3426 3578 3481 consuevit
3607 3425 3822 3494 imagi-

2115 3530 2266 3572 nem.
2303 3517 2489 3582 Haud,
2524 3516 2736 3586 inquit,
2761 3529 2959 3582 erras;
2988 3515 3107 3585 ipse
3145 3529 3250 3585 ego
3289 3528 3438 3569 sum.
3483 3513 3820 3579 Confestim,

2115 3619 2232 3660 non
2263 3605 2564 3660 immemor
2592 3605 2719 3675 ejus
2747 3618 2924 3673 quam
2972 3604 3188 3672 pariter
3215 3603 3580 3671 patiebamur
3616 3615 3824 3672 angu-

2113 3693 2256 3759 stiae,
2291 3693 2534 3762 pedibus
2564 3707 2654 3748 me
2680 3693 2835 3748 illius
2865 3691 3117 3752 advolvi,
3141 3695 3197 3746 et
3221 3690 3572 3760 deprecabar
3599 3689 3826 3744 obnixe

2114 3789 2404 3850 quatenus
2449 3782 2740 3836 communi
2793 3794 2892 3849 pro
2934 3779 3042 3834 fide
3091 3779 3434 3834 certantium
3495 3777 3825 3832 calamitati

2113 3876 2494 3925 succurreret.
2541 3867 2782 3937 Optime,
2821 3869 3030 3936 inquit,
3081 3881 3214 3935 qua:
3243 3865 3526 3920 tolerastis
3571 3865 3824 3931 attendi,

2113 3956 2317 4010 amodo
2350 3955 2512 4010 vobis
2555 3957 2823 4024 opitulari
2865 3970 2979 4010 non
3034 3953 3316 4008 differam.
3364 3953 3487 4008 Meo
3535 3952 3827 4008 instinctu

2115 4044 2291 4114 hujus
2315 4043 2696 4113 expeditionis
2719 4052 2850 4098 vota
2877 4042 3222 4112 sumpsistis,
3250 4041 3497 4097 Nicaeam
3519 4041 3824 4096 civitatem

2115 4146 2201 4186 me
2233 4137 2608 4200 expugnante
2636 4129 2900 4199 cmpistis.
2931 4128 3273 4198 multiplices
3301 4128 3411 4183 sub
3442 4141 3566 4183 meo
3595 4127 3824 4184 ducatu

308 4227 489 4269 versze
549 4215 893 4284 conspicuus
943 4215 1284 4282 habebatur,
1336 4215 1486 4285 fugae
1543 4215 1696 4272 illius
1751 4217 2002 4286 insignia
2043 4205 2086 4258 Ι)
2120 4219 2386 4275 victorias
2411 4219 2712 4285 habuistis,
2750 4226 2805 4274 et
2851 4232 2984 4274 cum
3026 4231 3126 4273 vos
3158 4218 3273 4273 huc
3302 4230 3488 4286 usque
3517 4215 3823 4284 perduxe-

309 4303 487 4357 vexit.
518 4301 805 4358 Exstitere
846 4310 901 4358 et
949 4303 1047 4358 alii
1096 4302 1274 4373 hujus
1305 4311 1518 4358 sancta
1551 4303 1766 4359 militiae
1811 4304 2005 4360 deser-

308 4396 479 4457 tores,
530 4390 631 4460 qui
679 4404 816 4445 cum
873 4391 930 4445 in
990 4391 1237 4461 patriam
1297 4391 1657 4460 repedassent
1692 4392 1899 4461 probro
1949 4400 2005 4448 et

305 4477 682 4534 exsecrationi
714 4476 915 4545 habiti,
950 4479 1169 4549 ubique
1201 4479 1713 4535 conclamabantur
1743 4480 1999 4536 infames.

307 4569 560 4633 Quorum
590 4567 820 4636 quidem
840 4567 1064 4638 aliquos
1087 4568 1449 4638 ignoramus;
1475 4567 1825 4638 quibusdam
1843 4583 2002 4637 vero,

306 4669 558 4726 quorum
589 4661 739 4710 4n
782 4655 840 4710 in
872 4663 1143 4726 promptu
1192 4654 1391 4711 notitia
1437 4664 1539 4723 est,
1593 4657 1870 4727 derogare
1901 4671 2000 4712 no-

309 4743 546 4800 luimus.

379 4831 582 4904 [ΧΠ]
614 4833 694 4888 Ad
740 4842 967 4902 portum
1021 4832 1216 4903 itaque
1257 4835 1357 4903 qui
1411 4832 1624 4888 dicitur
1678 4833 1866 4889 Sancti
1913 4833 2004 4889 Si-

306 4917 525 4974 meonis
552 4919 886 4983 deveniunt,
917 4931 1090 4973 naves
1110 4925 1435 4989 nautasque
1461 4920 1776 4989 reperiunt,
1811 4920 2005 4976 nautis

305 5007 580 5076 inquiunt
611 5022 623 5060 :
661 5029 681 5054 ι
711 5006 858 5073 Quid
890 5006 984 5062 hic
1004 5007 1166 5063 vobis
1196 5007 1511 5077 praestolari
1548 5009 1836 5064 infelices?
1874 5009 2004 5064 Illos

299 5109 498 5152 omnes
543 5096 760 5165 quibus
809 5096 1079 5152 victualia
1127 5097 1444 5152 convehere
1501 5096 1790 5162 solebatis,
1828 5096 2000 5150 morti

305 5184 581 5240 noveritis
621 5184 967 5253 destinatos;
1026 5184 1226 5240 urbem
1294 5185 1449 5240 enim
1518 5186 1784 5254 ipsosque
1852 5185 2004 5239 intra

307 5270 504 5326 urbem
528 5271 847 5327 Turcorum
902 5273 1121 5328 obsedit
1165 5274 1474 5336 exercitus,
1517 5281 1572 5327 et
1621 5286 1725 5326 nos
1772 5271 2003 5340 propria

302 5372 544 5428 corpora
568 5360 639 5415 ab
672 5375 871 5417 eorum
904 5360 1148 5431 pernitie
1195 5361 1292 5416 vix
1323 5361 1483 5417 nuda
1520 5361 1933 5430 excerpsimus.
1975 5384 1994 5408 ι

303 5446 410 5513 Qui
441 5446 615 5504 tristis
657 5449 846 5504 nuntii
890 5449 1086 5520 jaculo
1148 5450 1438 5515 terebrati,
1499 5457 1802 5520 postquam
1843 5450 1999 5520 apud

2111 4308 2240 4372 rim,
2271 4307 2548 4362 aerumnis
2577 4321 2726 4377 quas
2758 4307 2813 4361 in
2853 4305 3164 4362 obsidendo
3195 4305 3399 4360 urbem
3451 4303 3823 4359 Antiochiam

2113 4396 2262 4465 passi
2285 4395 2420 4450 estis
2450 4395 2689 4459 indolui,
2717 4409 2967 4465 quasque
3007 4395 3159 4448 intra
3206 4395 3407 4448 urbem
3443 4392 3609 4447 modo
3639 4392 3821 4447 etiam

2112 4484 2386 4539 toleratis.
2423 4483 2527 4539 Sed
2561 4497 2694 4539 cum
2727 4497 2829 4538 vos
2859 4491 2939 4538 tot
2966 4481 3255 4538 beneﬁciis
3288 4480 3577 4549 tantisque
3605 4480 3821 4535 trium—

2113 4572 2241 4641 phis
2273 4572 2601 4638 extulerim,
2655 4571 2904 4641 urbique
2951 4571 3195 4625 victores
3243 4568 3597 4633 indnxerim,
3645 4581 3823 4623 sanos

2113 4659 2544 4729 incolumesque
2569 4659 2948 4724 servaverim,
2993 4672 3092 4713 vos
3121 4671 3246 4712 meo
3277 4670 3517 4712 munere
3565 4655 3822 4712 abuten-

2114 4755 2215 4810 tes,
2245 4754 2300 4802 et
2330 4760 2461 4802 cum
2492 4746 2833 4802 Christianis
2880 4745 3028 4800 male
3056 4745 3272 4815 egistis,
3308 4752 3363 4800 et
3405 4757 3538 4799 cum
3571 4745 3822 4812 paganis

2112 4835 2452 4890 mulieribus
2496 4835 2801 4890 fiedissime
2829 4835 3160 4899 cohaesistis,
3209 4833 3438 4889 fetorem
3492 4832 3658 4887 nimii
3692 4833 3818 4887 cla-

2112 4924 2288 4978 moris
2321 4923 2377 4978 in
2408 4923 2614 4977 coelum
2641 4923 2928 4978 emisistis.

2189 5034 2208 5059 ι
2246 5012 2330 5066 Ad
2383 5012 2505 5067 haec
2550 5011 2776 5080 pietatis
2821 5010 3172 5066 invincibilis
3223 5011 3411 5079 Virgo,
3457 5015 3512 5062 et
3570 5007 3814 5063 humani

2111 5101 2340 5170 generis
2367 5099 2547 5155 Maria
2581 5099 2652 5154 ad
2699 5100 2878 5154 Deum
2935 5113 3159 5167 semper
3216 5099 3514 5165 interpres,
3547 5103 3602 5151 et
3635 5097 3816 5152 clavi-

2111 5201 2211 5256 ger
2280 5187 2561 5243 aethereus
2624 5187 3109 5242 Antiochenorum
3157 5185 3434 5262 specialis
3507 5184 3816 5254 episcopus

2109 5277 2330 5341 Petrus,
2365 5275 2435 5330 ad
2471 5275 2714 5344 vestigia
2745 5275 3260 5330 misericordissimi
3315 5272 3543 5328 Domini
3585 5275 3814 5339 provol-

2111 5371 2349 5430 vuntur,
2381 5363 2764 5432 deprecantur
2813 5370 2868 5418 et
2919 5371 3124 5431 rogant
3153 5366 3218 5418 ut
3263 5361 3473 5431 populo
3523 5361 3809 5416 laboranti

2107 5465 2281 5506 suum
2330 5451 2622 5520 impendat
2668 5450 2956 5506 solatium.
3005 5449 3112 5506 Ubi
3165 5449 3337 5505 etiam
3371 5450 3487 5518 ipse
3531 5447 3810 5504 mirabilis
