  <div class='ocr_page' id='page_1' title='image "/cluster/home/n/w/nwhite01/storage/ocr_20150623/156/hvd.32044054760145/386.png"; bbox 0 0 3902 6082; ppageno 0'>
   <div class='ocr_carea' id='block_1_1' title="bbox 119 173 236 228">
    <p class='ocr_par' dir='ltr' id='par_1_1' title="bbox 119 173 236 228">
     <span class='ocr_line' id='line_1_1' title="bbox 119 173 236 228; baseline 0 0"><span class='ocrx_word' id='word_1_1' title='bbox 119 173 236 228; x_wconf 79' lang='grc'><strong>761</strong></span> 
     </span>
    </p>
   </div>
   <div class='ocr_carea' id='block_1_2' title="bbox 1273 172 2562 232">
    <p class='ocr_par' dir='ltr' id='par_1_2' title="bbox 1273 172 2562 232">
     <span class='ocr_line' id='line_1_2' title="bbox 1273 172 2562 232; baseline -0.001 -2"><span class='ocrx_word' id='word_1_2' title='bbox 1273 173 1501 230; x_wconf 79' lang='lat' dir='ltr'><strong>GESTA</strong></span> <span class='ocrx_word' id='word_1_3' title='bbox 1539 172 1658 229; x_wconf 85' lang='lat' dir='ltr'><strong>DEI</strong></span> <span class='ocrx_word' id='word_1_4' title='bbox 1700 172 1842 230; x_wconf 82' lang='lat' dir='ltr'><strong>PER</strong></span> <span class='ocrx_word' id='word_1_5' title='bbox 1880 172 2457 232; x_wconf 80' lang='lat' dir='ltr'><strong>FBANCOS.—LIB.</strong></span> <span class='ocrx_word' id='word_1_6' title='bbox 2499 172 2562 229; x_wconf 86' lang='lat' dir='ltr'><strong>V.</strong></span> 
     </span>
    </p>
   </div>
   <div class='ocr_carea' id='block_1_3' title="bbox 3557 180 3664 233">
    <p class='ocr_par' dir='ltr' id='par_1_3' title="bbox 3557 180 3664 233">
     <span class='ocr_line' id='line_1_3' title="bbox 3557 180 3664 233; baseline 0 -1"><span class='ocrx_word' id='word_1_7' title='bbox 3557 180 3664 233; x_wconf 86' lang='lat'><strong>762</strong></span> 
     </span>
    </p>
   </div>
   <div class='ocr_carea' id='block_1_4' title="bbox 122 306 3660 380">
    <p class='ocr_par' dir='ltr' id='par_1_4' title="bbox 122 306 3660 380">
     <span class='ocr_line' id='line_1_4' title="bbox 122 306 3660 380; baseline 0.001 -16"><span class='ocrx_word' id='word_1_8' title='bbox 122 309 358 364; x_wconf 78' lang='lat' dir='ltr'><strong>Petrus</strong></span> <span class='ocrx_word' id='word_1_9' title='bbox 388 321 491 377; x_wconf 91' lang='lat' dir='ltr'><strong>per</strong></span> <span class='ocrx_word' id='word_1_10' title='bbox 518 321 576 364; x_wconf 91' lang='lat' dir='ltr'><strong>se</strong></span> <span class='ocrx_word' id='word_1_11' title='bbox 606 306 800 364; x_wconf 82' lang='lat' dir='ltr'><strong>intulit</strong></span> <span class='ocrx_word' id='word_1_12' title='bbox 832 321 844 362; x_wconf 95' lang='lat'>:</span> <span class='ocrx_word' id='word_1_13' title='bbox 890 329 910 356; x_wconf 76' lang='grc' dir='ltr'>ι</span> <span class='ocrx_word' id='word_1_14' title='bbox 976 309 1252 375; x_wconf 86' lang='lat' dir='ltr'><strong>Meminit,</strong></span> <span class='ocrx_word' id='word_1_15' title='bbox 1286 308 1546 377; x_wconf 86' lang='lat' dir='ltr'><strong>Domine,</strong></span> <span class='ocrx_word' id='word_1_16' title='bbox 1577 308 1847 380; x_wconf 87' lang='lat' dir='ltr'><strong>majestas</strong></span> <span class='ocrx_word' id='word_1_17' title='bbox 1882 312 1930 365; x_wconf 81' lang='grc' dir='ltr'><strong>Α</strong></span> <span class='ocrx_word' id='word_1_18' title='bbox 1960 310 2020 364; x_wconf 88' lang='lat' dir='ltr'><strong>in</strong></span> <span class='ocrx_word' id='word_1_19' title='bbox 2053 309 2174 366; x_wconf 88' lang='lat' dir='ltr'><strong>loco</strong></span> <span class='ocrx_word' id='word_1_20' title='bbox 2231 309 2509 372; x_wconf 86' lang='lat' dir='ltr'><strong>lanceam,</strong></span> <span class='ocrx_word' id='word_1_21' title='bbox 2556 323 2675 380; x_wconf 87' lang='lat' dir='ltr'><strong>qua</strong></span> <span class='ocrx_word' id='word_1_22' title='bbox 2724 310 3035 365; x_wconf 90' lang='lat' dir='ltr'><strong>Salvatoris</strong></span> <span class='ocrx_word' id='word_1_23' title='bbox 3064 310 3243 366; x_wconf 85' lang='lat' dir='ltr'><strong>nostri</strong></span> <span class='ocrx_word' id='word_1_24' title='bbox 3289 311 3421 367; x_wconf 81' lang='lat' dir='ltr'><strong>Iesu</strong></span> <span class='ocrx_word' id='word_1_25' title='bbox 3450 309 3660 366; x_wconf 86' lang='lat' dir='ltr'><strong>Christi</strong></span> 
     </span>
    </p>
   </div>
   <div class='ocr_carea' id='block_1_5' title="bbox 126 396 1859 466">
    <p class='ocr_par' dir='ltr' id='par_1_5' title="bbox 126 396 1859 466">
     <span class='ocr_line' id='line_1_5' title="bbox 126 396 1859 466; baseline 0.001 -15"><span class='ocrx_word' id='word_1_26' title='bbox 126 404 265 463; x_wconf 82' lang='lat' dir='ltr'><strong>tua,</strong></span> <span class='ocrx_word' id='word_1_27' title='bbox 329 410 511 466; x_wconf 92' lang='lat' dir='ltr'><strong>quam</strong></span> <span class='ocrx_word' id='word_1_28' title='bbox 568 396 850 465; x_wconf 85' lang='lat' dir='ltr'><strong>pudendis</strong></span> <span class='ocrx_word' id='word_1_29' title='bbox 898 397 1132 453; x_wconf 91' lang='lat' dir='ltr'><strong>domum</strong></span> <span class='ocrx_word' id='word_1_30' title='bbox 1192 412 1375 452; x_wconf 86' lang='lat' dir='ltr'><strong>meam</strong></span> <span class='ocrx_word' id='word_1_31' title='bbox 1444 398 1498 452; x_wconf 92' lang='lat' dir='ltr'><strong>in</strong></span> <span class='ocrx_word' id='word_1_32' title='bbox 1550 397 1660 453; x_wconf 90' lang='lat' dir='ltr'><strong>hac</strong></span> <span class='ocrx_word' id='word_1_33' title='bbox 1714 398 1859 454; x_wconf 87' lang='lat' dir='ltr'><strong>urbe</strong></span> 
     </span>
    </p>
   </div>
   <div class='ocr_carea' id='block_1_6' title="bbox 126 484 1858 554">
    <p class='ocr_par' dir='ltr' id='par_1_6' title="bbox 126 484 1858 554">
     <span class='ocr_line' id='line_1_6' title="bbox 126 484 1858 554; baseline 0.002 -16"><span class='ocrx_word' id='word_1_34' title='bbox 126 486 578 540; x_wconf 87' lang='lat' dir='ltr'><strong>attaminarunt</strong></span> <span class='ocrx_word' id='word_1_35' title='bbox 639 484 850 554; x_wconf 84' lang='lat' dir='ltr'><strong>pagani</strong></span> <span class='ocrx_word' id='word_1_36' title='bbox 928 485 1214 551; x_wconf 86' lang='lat' dir='ltr'><strong>sordibus,</strong></span> <span class='ocrx_word' id='word_1_37' title='bbox 1280 485 1566 542; x_wconf 86' lang='lat' dir='ltr'><strong>redundat</strong></span> <span class='ocrx_word' id='word_1_38' title='bbox 1624 486 1697 541; x_wconf 91' lang='lat' dir='ltr'><strong>ad</strong></span> <span class='ocrx_word' id='word_1_39' title='bbox 1743 494 1858 541; x_wconf 76' lang='lat' dir='ltr'><strong>tuae</strong></span> 
     </span>
    </p>
   </div>
   <div class='ocr_carea' id='block_1_7' title="bbox 122 571 1858 644">
    <p class='ocr_par' dir='ltr' id='par_1_7' title="bbox 122 571 1858 644">
     <span class='ocr_line' id='line_1_7' title="bbox 122 571 1858 644; baseline 0.002 -20"><span class='ocrx_word' id='word_1_40' title='bbox 122 571 474 627; x_wconf 82' lang='lat' dir='ltr'><strong>divinitatis</strong></span> <span class='ocrx_word' id='word_1_41' title='bbox 539 571 833 641; x_wconf 88' lang='lat' dir='ltr'><strong>injuriam,</strong></span> <span class='ocrx_word' id='word_1_42' title='bbox 889 572 1045 642; x_wconf 91' lang='lat' dir='ltr'><strong>quod</strong></span> <span class='ocrx_word' id='word_1_43' title='bbox 1133 580 1234 628; x_wconf 89' lang='lat' dir='ltr'><strong>tua</strong></span> <span class='ocrx_word' id='word_1_44' title='bbox 1314 575 1567 628; x_wconf 89' lang='lat' dir='ltr'><strong>sacraria</strong></span> <span class='ocrx_word' id='word_1_45' title='bbox 1624 573 1858 644; x_wconf 88' lang='lat' dir='ltr'><strong>ﬂagitiis</strong></span> 
     </span>
    </p>
   </div>
   <div class='ocr_carea' id='block_1_8' title="bbox 125 660 1853 730">
    <p class='ocr_par' dir='ltr' id='par_1_8' title="bbox 125 660 1853 730">
     <span class='ocr_line' id='line_1_8' title="bbox 125 660 1853 730; baseline 0.001 -17"><span class='ocrx_word' id='word_1_46' title='bbox 125 660 512 727; x_wconf 83' lang='lat' dir='ltr'><strong>complevere</strong></span> <span class='ocrx_word' id='word_1_47' title='bbox 580 668 637 714; x_wconf 89' lang='lat' dir='ltr'><strong>et</strong></span> <span class='ocrx_word' id='word_1_48' title='bbox 697 660 969 715; x_wconf 69' lang='lat' dir='ltr'><strong>caedibus.</strong></span> <span class='ocrx_word' id='word_1_49' title='bbox 1037 660 1181 716; x_wconf 89' lang='lat' dir='ltr'><strong>Cum</strong></span> <span class='ocrx_word' id='word_1_50' title='bbox 1242 674 1379 730; x_wconf 88' lang='lat' dir='ltr'><strong>ergo</strong></span> <span class='ocrx_word' id='word_1_51' title='bbox 1446 675 1542 716; x_wconf 89' lang='lat' dir='ltr'><strong>eos</strong></span> <span class='ocrx_word' id='word_1_52' title='bbox 1602 662 1853 728; x_wconf 81' lang='lat' dir='ltr'><strong>tandem,</strong></span> 
     </span>
    </p>
   </div>
   <div class='ocr_carea' id='block_1_9' title="bbox 133 747 1857 817">
    <p class='ocr_par' dir='ltr' id='par_1_9' title="bbox 133 747 1857 817">
     <span class='ocr_line' id='line_1_9' title="bbox 133 747 1857 817; baseline 0.001 -15"><span class='ocrx_word' id='word_1_53' title='bbox 133 747 487 814; x_wconf 85' lang='lat' dir='ltr'><strong>miseratus,</strong></span> <span class='ocrx_word' id='word_1_54' title='bbox 516 747 831 816; x_wconf 81' lang='lat' dir='ltr'><strong>expuleris,</strong></span> <span class='ocrx_word' id='word_1_55' title='bbox 868 748 1265 817; x_wconf 83' lang='lat' dir='ltr'><strong>gaudiumque</strong></span> <span class='ocrx_word' id='word_1_56' title='bbox 1291 762 1465 817; x_wconf 89' lang='lat' dir='ltr'><strong>super</strong></span> <span class='ocrx_word' id='word_1_57' title='bbox 1493 748 1599 803; x_wconf 84' lang='lat' dir='ltr'><strong>hac</strong></span> <span class='ocrx_word' id='word_1_58' title='bbox 1630 762 1689 803; x_wconf 93' lang='lat' dir='ltr'><strong>re</strong></span> <span class='ocrx_word' id='word_1_59' title='bbox 1717 749 1857 804; x_wconf 75' lang='lat' dir='ltr'><strong>coelo</strong></span> 
     </span>
    </p>
   </div>
   <div class='ocr_carea' id='block_1_10' title="bbox 129 834 1856 905">
    <p class='ocr_par' dir='ltr' id='par_1_10' title="bbox 129 834 1856 905">
     <span class='ocr_line' id='line_1_10' title="bbox 129 834 1856 905; baseline 0.001 -15"><span class='ocrx_word' id='word_1_60' title='bbox 129 835 442 901; x_wconf 88' lang='lat' dir='ltr'><strong>intuleris,</strong></span> <span class='ocrx_word' id='word_1_61' title='bbox 491 843 553 890; x_wconf 91' lang='lat' dir='ltr'><strong>tu</strong></span> <span class='ocrx_word' id='word_1_62' title='bbox 584 842 699 890; x_wconf 91' lang='lat' dir='ltr'><strong>tam</strong></span> <span class='ocrx_word' id='word_1_63' title='bbox 756 836 830 903; x_wconf 85' lang='lat' dir='ltr'><strong>pii</strong></span> <span class='ocrx_word' id='word_1_64' title='bbox 880 834 1011 890; x_wconf 88' lang='lat' dir='ltr'><strong>facti</strong></span> <span class='ocrx_word' id='word_1_65' title='bbox 1070 835 1371 904; x_wconf 64' lang='lat' dir='ltr'><strong>paenitens,</strong></span> <span class='ocrx_word' id='word_1_66' title='bbox 1409 848 1612 891; x_wconf 91' lang='lat' dir='ltr'><strong>eorum</strong></span> <span class='ocrx_word' id='word_1_67' title='bbox 1649 850 1856 905; x_wconf 85' lang='lat' dir='ltr'><strong>super-</strong></span> 
     </span>
    </p>
   </div>
   <div class='ocr_carea' id='block_1_11' title="bbox 135 922 1858 993">
    <p class='ocr_par' dir='ltr' id='par_1_11' title="bbox 135 922 1858 993">
     <span class='ocr_line' id='line_1_11' title="bbox 135 922 1858 993; baseline 0.001 -15"><span class='ocrx_word' id='word_1_68' title='bbox 135 923 308 978; x_wconf 89' lang='lat' dir='ltr'><strong>biam</strong></span> <span class='ocrx_word' id='word_1_69' title='bbox 354 923 578 993; x_wconf 82' lang='lat' dir='ltr'><strong>regredi</strong></span> <span class='ocrx_word' id='word_1_70' title='bbox 622 922 679 978; x_wconf 92' lang='lat' dir='ltr'><strong>in</strong></span> <span class='ocrx_word' id='word_1_71' title='bbox 727 926 942 978; x_wconf 88' lang='lat' dir='ltr'><strong>statum</strong></span> <span class='ocrx_word' id='word_1_72' title='bbox 996 923 1301 992; x_wconf 86' lang='lat' dir='ltr'><strong>pristinum</strong></span> <span class='ocrx_word' id='word_1_73' title='bbox 1336 923 1612 980; x_wconf 89' lang='lat' dir='ltr'><strong>adversus</strong></span> <span class='ocrx_word' id='word_1_74' title='bbox 1666 932 1858 981; x_wconf 88' lang='lat' dir='ltr'><strong>temet-</strong></span> 
     </span>
    </p>
   </div>
   <div class='ocr_carea' id='block_1_12' title="bbox 134 1010 649 1081">
    <p class='ocr_par' dir='ltr' id='par_1_12' title="bbox 134 1010 649 1081">
     <span class='ocr_line' id='line_1_12' title="bbox 134 1010 649 1081; baseline 0 -16"><span class='ocrx_word' id='word_1_75' title='bbox 134 1010 345 1080; x_wconf 88' lang='lat' dir='ltr'><strong>ipsum</strong></span> <span class='ocrx_word' id='word_1_76' title='bbox 377 1010 649 1081; x_wconf 86' lang='lat' dir='ltr'><strong>patieris?</strong></span> 
     </span>
    </p>
   </div>
   <div class='ocr_carea' id='block_1_13' title="bbox 221 1097 1856 1168">
    <p class='ocr_par' dir='ltr' id='par_1_13' title="bbox 221 1097 1856 1168">
     <span class='ocr_line' id='line_1_13' title="bbox 221 1097 1856 1168; baseline 0.001 -15"><span class='ocrx_word' id='word_1_77' title='bbox 221 1119 246 1148; x_wconf 76' lang='grc' dir='ltr'>ι</span> <span class='ocrx_word' id='word_1_78' title='bbox 283 1098 475 1153; x_wconf 86' lang='lat' dir='ltr'><strong>Motus</strong></span> <span class='ocrx_word' id='word_1_79' title='bbox 497 1112 635 1168; x_wconf 89' lang='lat' dir='ltr'><strong>ergo</strong></span> <span class='ocrx_word' id='word_1_80' title='bbox 654 1097 742 1153; x_wconf 86' lang='lat' dir='ltr'><strong>his</strong></span> <span class='ocrx_word' id='word_1_81' title='bbox 769 1097 954 1163; x_wconf 86' lang='lat' dir='ltr'><strong>dictis,</strong></span> <span class='ocrx_word' id='word_1_82' title='bbox 978 1097 1258 1154; x_wconf 90' lang='lat' dir='ltr'><strong>Dominus</strong></span> <span class='ocrx_word' id='word_1_83' title='bbox 1284 1099 1422 1154; x_wconf 91' lang='lat' dir='ltr'><strong>mihi</strong></span> <span class='ocrx_word' id='word_1_84' title='bbox 1453 1099 1599 1155; x_wconf 83' lang='lat' dir='ltr'><strong>dixit</strong></span> <span class='ocrx_word' id='word_1_85' title='bbox 1628 1115 1640 1155; x_wconf 92' lang='lat'><strong>:</strong></span> <span class='ocrx_word' id='word_1_86' title='bbox 1680 1122 1701 1148; x_wconf 74' lang='grc' dir='ltr'>ι</span> <span class='ocrx_word' id='word_1_87' title='bbox 1735 1100 1856 1156; x_wconf 83' lang='lat' dir='ltr'><strong>Va—</strong></span> 
     </span>
    </p>
   </div>
   <div class='ocr_carea' id='block_1_14' title="bbox 136 1185 1857 1256">
    <p class='ocr_par' dir='ltr' id='par_1_14' title="bbox 136 1185 1857 1256">
     <span class='ocr_line' id='line_1_14' title="bbox 136 1185 1857 1256; baseline 0.001 -16"><span class='ocrx_word' id='word_1_88' title='bbox 136 1185 237 1253; x_wconf 87' lang='lat' dir='ltr'><strong>de,</strong></span> <span class='ocrx_word' id='word_1_89' title='bbox 275 1193 335 1241; x_wconf 92' lang='lat' dir='ltr'><strong>et</strong></span> <span class='ocrx_word' id='word_1_90' title='bbox 366 1186 458 1242; x_wconf 89' lang='lat' dir='ltr'><strong>dic</strong></span> <span class='ocrx_word' id='word_1_91' title='bbox 488 1185 700 1255; x_wconf 87' lang='lat' dir='ltr'><strong>populo</strong></span> <span class='ocrx_word' id='word_1_92' title='bbox 734 1200 877 1251; x_wconf 92' lang='lat' dir='ltr'><strong>meo,</strong></span> <span class='ocrx_word' id='word_1_93' title='bbox 915 1193 976 1241; x_wconf 91' lang='lat' dir='ltr'><strong>ut</strong></span> <span class='ocrx_word' id='word_1_94' title='bbox 1004 1186 1076 1241; x_wconf 90' lang='lat' dir='ltr'><strong>ad</strong></span> <span class='ocrx_word' id='word_1_95' title='bbox 1128 1200 1217 1242; x_wconf 91' lang='lat' dir='ltr'><strong>me</strong></span> <span class='ocrx_word' id='word_1_96' title='bbox 1240 1188 1685 1256; x_wconf 65' lang='lat' dir='ltr'><strong>prmeordialiter</strong></span> <span class='ocrx_word' id='word_1_97' title='bbox 1711 1202 1857 1243; x_wconf 93' lang='lat' dir='ltr'><strong>con-</strong></span> 
     </span>
    </p>
   </div>
   <div class='ocr_carea' id='block_1_15' title="bbox 135 1273 1853 1346">
    <p class='ocr_par' dir='ltr' id='par_1_15' title="bbox 135 1273 1853 1346">
     <span class='ocr_line' id='line_1_15' title="bbox 135 1273 1853 1346; baseline 0.001 -17"><span class='ocrx_word' id='word_1_98' title='bbox 135 1281 441 1339; x_wconf 89' lang='lat' dir='ltr'><strong>vertatur,</strong></span> <span class='ocrx_word' id='word_1_99' title='bbox 485 1283 541 1331; x_wconf 89' lang='lat' dir='ltr'><strong>et</strong></span> <span class='ocrx_word' id='word_1_100' title='bbox 582 1288 688 1346; x_wconf 85' lang='lat' dir='ltr'><strong>ego</strong></span> <span class='ocrx_word' id='word_1_101' title='bbox 736 1289 826 1330; x_wconf 92' lang='lat' dir='ltr'><strong>me</strong></span> <span class='ocrx_word' id='word_1_102' title='bbox 871 1274 940 1329; x_wconf 92' lang='lat' dir='ltr'><strong>ad</strong></span> <span class='ocrx_word' id='word_1_103' title='bbox 990 1273 1143 1342; x_wconf 91' lang='lat' dir='ltr'><strong>ipsos</strong></span> <span class='ocrx_word' id='word_1_104' title='bbox 1195 1276 1324 1331; x_wconf 91' lang='lat' dir='ltr'><strong>totis</strong></span> <span class='ocrx_word' id='word_1_105' title='bbox 1369 1275 1638 1345; x_wconf 88' lang='lat' dir='ltr'><strong>polliceor</strong></span> <span class='ocrx_word' id='word_1_106' title='bbox 1674 1276 1853 1331; x_wconf 91' lang='lat' dir='ltr'><strong>visce-</strong></span> 
     </span>
    </p>
   </div>
   <div class='ocr_carea' id='block_1_16' title="bbox 141 1362 1854 1433">
    <p class='ocr_par' dir='ltr' id='par_1_16' title="bbox 141 1362 1854 1433">
     <span class='ocr_line' id='line_1_16' title="bbox 141 1362 1854 1433; baseline 0.001 -16"><span class='ocrx_word' id='word_1_107' title='bbox 141 1362 320 1418; x_wconf 88' lang='lat' dir='ltr'><strong>ribus</strong></span> <span class='ocrx_word' id='word_1_108' title='bbox 369 1377 761 1429; x_wconf 86' lang='lat' dir='ltr'><strong>reversurum,</strong></span> <span class='ocrx_word' id='word_1_109' title='bbox 811 1370 866 1417; x_wconf 91' lang='lat' dir='ltr'><strong>et</strong></span> <span class='ocrx_word' id='word_1_110' title='bbox 897 1362 1051 1417; x_wconf 90' lang='lat' dir='ltr'><strong>intra</strong></span> <span class='ocrx_word' id='word_1_111' title='bbox 1090 1363 1351 1433; x_wconf 83' lang='lat' dir='ltr'><strong>quinque</strong></span> <span class='ocrx_word' id='word_1_112' title='bbox 1383 1364 1504 1419; x_wconf 91' lang='lat' dir='ltr'><strong>dies</strong></span> <span class='ocrx_word' id='word_1_113' title='bbox 1533 1364 1854 1420; x_wconf 86' lang='lat' dir='ltr'><strong>maximum</strong></span> 
     </span>
    </p>
   </div>
   <div class='ocr_carea' id='block_1_17' title="bbox 139 1450 1853 1522">
    <p class='ocr_par' dir='ltr' id='par_1_17' title="bbox 139 1450 1853 1522">
     <span class='ocr_line' id='line_1_17' title="bbox 139 1450 1853 1522; baseline 0.001 -17"><span class='ocrx_word' id='word_1_114' title='bbox 139 1450 319 1506; x_wconf 81' lang='lat' dir='ltr'><strong>vobis</strong></span> <span class='ocrx_word' id='word_1_115' title='bbox 394 1451 657 1520; x_wconf 69' lang='lat' dir='ltr'><strong>praebebo</strong></span> <span class='ocrx_word' id='word_1_116' title='bbox 722 1450 1069 1509; x_wconf 88' lang='lat' dir='ltr'><strong>subsidium.</strong></span> <span class='ocrx_word' id='word_1_117' title='bbox 1130 1451 1384 1507; x_wconf 88' lang='lat' dir='ltr'><strong>Litanias</strong></span> <span class='ocrx_word' id='word_1_118' title='bbox 1441 1453 1636 1522; x_wconf 86' lang='lat' dir='ltr'><strong>itaque</strong></span> <span class='ocrx_word' id='word_1_119' title='bbox 1694 1453 1853 1508; x_wconf 90' lang='lat' dir='ltr'><strong>insti-</strong></span> 
     </span>
    </p>
   </div>
   <div class='ocr_carea' id='block_1_18' title="bbox 140 1538 1854 1610">
    <p class='ocr_par' dir='ltr' id='par_1_18' title="bbox 140 1538 1854 1610">
     <span class='ocr_line' id='line_1_18' title="bbox 140 1538 1854 1610; baseline 0.001 -17"><span class='ocrx_word' id='word_1_120' title='bbox 140 1542 347 1606; x_wconf 87' lang='lat' dir='ltr'><strong>tuant,</strong></span> <span class='ocrx_word' id='word_1_121' title='bbox 400 1539 671 1609; x_wconf 89' lang='lat' dir='ltr'><strong>istudque</strong></span> <span class='ocrx_word' id='word_1_122' title='bbox 712 1539 1159 1607; x_wconf 82' lang='lat' dir='ltr'><strong>Responsorium</strong></span> <span class='ocrx_word' id='word_1_123' title='bbox 1208 1538 1585 1596; x_wconf 88' lang='lat' dir='ltr'><strong>Ecclesiastici</strong></span> <span class='ocrx_word' id='word_1_124' title='bbox 1632 1540 1854 1610; x_wconf 89' lang='lat' dir='ltr'><strong>quique</strong></span> 
     </span>
    </p>
   </div>
   <div class='ocr_carea' id='block_1_19' title="bbox 136 1624 1856 1697">
    <p class='ocr_par' dir='ltr' id='par_1_19' title="bbox 136 1624 1856 1697">
     <span class='ocr_line' id='line_1_19' title="bbox 136 1624 1856 1697; baseline 0.002 -17"><span class='ocrx_word' id='word_1_125' title='bbox 136 1624 496 1682; x_wconf 88' lang='lat' dir='ltr'><strong>decantent:</strong></span> <span class='ocrx_word' id='word_1_126' title='bbox 560 1647 581 1675; x_wconf 78' lang='grc' dir='ltr'>ι</span> <span class='ocrx_word' id='word_1_127' title='bbox 646 1625 987 1697; x_wconf 85' lang='lat' dir='ltr'><strong>Congregati</strong></span> <span class='ocrx_word' id='word_1_128' title='bbox 1061 1632 1198 1681; x_wconf 89' lang='lat' dir='ltr'><strong>sunt</strong></span> <span class='ocrx_word' id='word_1_129' title='bbox 1258 1627 1473 1682; x_wconf 88' lang='lat' dir='ltr'><strong>inimici</strong></span> <span class='ocrx_word' id='word_1_130' title='bbox 1532 1628 1733 1694; x_wconf 91' lang='lat' dir='ltr'><strong>nostri,</strong></span> <span class='ocrx_word' id='word_1_131' title='bbox 1800 1633 1856 1683; x_wconf 92' lang='lat' dir='ltr'><strong>et</strong></span> 
     </span>
    </p>
   </div>
   <div class='ocr_carea' id='block_1_20' title="bbox 141 1713 1853 1784">
    <p class='ocr_par' dir='ltr' id='par_1_20' title="bbox 141 1713 1853 1784">
     <span class='ocr_line' id='line_1_20' title="bbox 141 1713 1853 1784; baseline 0.001 -15"><span class='ocrx_word' id='word_1_132' title='bbox 141 1714 487 1784; x_wconf 87' lang='lat' dir='ltr'><strong>gloriantur</strong></span> <span class='ocrx_word' id='word_1_133' title='bbox 517 1715 575 1770; x_wconf 89' lang='lat' dir='ltr'><strong>in</strong></span> <span class='ocrx_word' id='word_1_134' title='bbox 607 1715 820 1770; x_wconf 82' lang='lat' dir='ltr'><strong>virtute</strong></span> <span class='ocrx_word' id='word_1_135' title='bbox 848 1728 975 1769; x_wconf 90' lang='lat' dir='ltr'><strong>sua.</strong></span> <span class='ocrx_word' id='word_1_136' title='bbox 1031 1714 1272 1770; x_wconf 90' lang='lat' dir='ltr'><strong>Contere</strong></span> <span class='ocrx_word' id='word_1_137' title='bbox 1304 1713 1696 1771; x_wconf 80' lang='lat' dir='ltr'><strong>fortitudinem</strong></span> <span class='ocrx_word' id='word_1_138' title='bbox 1730 1715 1853 1770; x_wconf 91' lang='lat' dir='ltr'><strong>illo-</strong></span> 
     </span>
    </p>
   </div>
   <div class='ocr_carea' id='block_1_21' title="bbox 141 1799 1855 1871">
    <p class='ocr_par' dir='ltr' id='par_1_21' title="bbox 141 1799 1855 1871">
     <span class='ocr_line' id='line_1_21' title="bbox 141 1799 1855 1871; baseline -0.001 -14"><span class='ocrx_word' id='word_1_139' title='bbox 141 1813 309 1866; x_wconf 86' lang='lat' dir='ltr'><strong>rum,</strong></span> <span class='ocrx_word' id='word_1_140' title='bbox 341 1799 599 1867; x_wconf 91' lang='lat' dir='ltr'><strong>Domine,</strong></span> <span class='ocrx_word' id='word_1_141' title='bbox 651 1808 707 1855; x_wconf 93' lang='lat' dir='ltr'><strong>et</strong></span> <span class='ocrx_word' id='word_1_142' title='bbox 747 1800 1015 1869; x_wconf 84' lang='lat' dir='ltr'><strong>disperge</strong></span> <span class='ocrx_word' id='word_1_143' title='bbox 1047 1800 1192 1868; x_wconf 91' lang='lat' dir='ltr'><strong>illos,</strong></span> <span class='ocrx_word' id='word_1_144' title='bbox 1225 1808 1291 1856; x_wconf 94' lang='lat' dir='ltr'><strong>ut</strong></span> <span class='ocrx_word' id='word_1_145' title='bbox 1315 1809 1682 1871; x_wconf 87' lang='lat' dir='ltr'><strong>cognoscant,</strong></span> <span class='ocrx_word' id='word_1_146' title='bbox 1716 1801 1855 1870; x_wconf 88' lang='lat' dir='ltr'><strong>quia</strong></span> 
     </span>
    </p>
   </div>
   <div class='ocr_carea' id='block_1_22' title="bbox 142 1887 1853 1957">
    <p class='ocr_par' dir='ltr' id='par_1_22' title="bbox 142 1887 1853 1957">
     <span class='ocr_line' id='line_1_22' title="bbox 142 1887 1853 1957; baseline 0.001 -14"><span class='ocrx_word' id='word_1_147' title='bbox 142 1902 271 1944; x_wconf 88' lang='lat' dir='ltr'><strong>non</strong></span> <span class='ocrx_word' id='word_1_148' title='bbox 312 1895 399 1943; x_wconf 91' lang='lat' dir='ltr'><strong>est</strong></span> <span class='ocrx_word' id='word_1_149' title='bbox 450 1887 601 1942; x_wconf 90' lang='lat' dir='ltr'><strong>alius</strong></span> <span class='ocrx_word' id='word_1_150' title='bbox 630 1889 731 1957; x_wconf 92' lang='lat' dir='ltr'><strong>qui</strong></span> <span class='ocrx_word' id='word_1_151' title='bbox 768 1895 983 1957; x_wconf 82' lang='lat' dir='ltr'><strong>pugnet</strong></span> <span class='ocrx_word' id='word_1_152' title='bbox 1040 1901 1142 1957; x_wconf 89' lang='lat' dir='ltr'><strong>pro</strong></span> <span class='ocrx_word' id='word_1_153' title='bbox 1186 1887 1369 1954; x_wconf 90' lang='lat' dir='ltr'><strong>nobis,</strong></span> <span class='ocrx_word' id='word_1_154' title='bbox 1416 1889 1528 1943; x_wconf 89' lang='lat' dir='ltr'><strong>nisi</strong></span> <span class='ocrx_word' id='word_1_155' title='bbox 1580 1896 1643 1944; x_wconf 90' lang='lat' dir='ltr'><strong>tu</strong></span> <span class='ocrx_word' id='word_1_156' title='bbox 1706 1889 1853 1945; x_wconf 88' lang='lat' dir='ltr'><strong>Deus</strong></span> 
     </span>
    </p>
   </div>
   <div class='ocr_carea' id='block_1_23' title="bbox 143 1974 1850 2044">
    <p class='ocr_par' dir='ltr' id='par_1_23' title="bbox 143 1974 1850 2044">
     <span class='ocr_line' id='line_1_23' title="bbox 143 1974 1850 2044; baseline -0.001 -13"><span class='ocrx_word' id='word_1_157' title='bbox 143 1983 373 2031; x_wconf 88' lang='lat' dir='ltr'><strong>noster.</strong></span> <span class='ocrx_word' id='word_1_158' title='bbox 430 1974 699 2044; x_wconf 84' lang='lat' dir='ltr'><strong>Disperge</strong></span> <span class='ocrx_word' id='word_1_159' title='bbox 754 1974 876 2030; x_wconf 89' lang='lat' dir='ltr'><strong>illos</strong></span> <span class='ocrx_word' id='word_1_160' title='bbox 905 1974 966 2030; x_wconf 91' lang='lat' dir='ltr'><strong>in</strong></span> <span class='ocrx_word' id='word_1_161' title='bbox 993 1975 1207 2031; x_wconf 90' lang='lat' dir='ltr'><strong>virtute</strong></span> <span class='ocrx_word' id='word_1_162' title='bbox 1238 1984 1354 2040; x_wconf 90' lang='lat' dir='ltr'><strong>tua,</strong></span> <span class='ocrx_word' id='word_1_163' title='bbox 1384 1983 1440 2031; x_wconf 91' lang='lat' dir='ltr'><strong>et</strong></span> <span class='ocrx_word' id='word_1_164' title='bbox 1468 1977 1698 2032; x_wconf 93' lang='lat' dir='ltr'><strong>destrue</strong></span> <span class='ocrx_word' id='word_1_165' title='bbox 1733 1991 1850 2043; x_wconf 88' lang='lat' dir='ltr'><strong>eos,</strong></span> 
     </span>
    </p>
   </div>
   <div class='ocr_carea' id='block_1_24' title="bbox 144 2063 1854 2134">
    <p class='ocr_par' dir='ltr' id='par_1_24' title="bbox 144 2063 1854 2134">
     <span class='ocr_line' id='line_1_24' title="bbox 144 2063 1854 2134; baseline 0.001 -16"><span class='ocrx_word' id='word_1_166' title='bbox 144 2071 442 2133; x_wconf 87' lang='lat' dir='ltr'><strong>protector</strong></span> <span class='ocrx_word' id='word_1_167' title='bbox 498 2071 691 2119; x_wconf 91' lang='lat' dir='ltr'><strong>noster</strong></span> <span class='ocrx_word' id='word_1_168' title='bbox 718 2063 975 2119; x_wconf 91' lang='lat' dir='ltr'><strong>Domine.</strong></span> <span class='ocrx_word' id='word_1_169' title='bbox 1014 2084 1035 2112; x_wconf 74' lang='grc' dir='ltr'><strong><em>ι</em></strong></span> <span class='ocrx_word' id='word_1_170' title='bbox 1088 2064 1308 2128; x_wconf 88' lang='lat' dir='ltr'><strong>Quibus</strong></span> <span class='ocrx_word' id='word_1_171' title='bbox 1335 2066 1611 2133; x_wconf 89' lang='lat' dir='ltr'><strong>peroratis</strong></span> <span class='ocrx_word' id='word_1_172' title='bbox 1648 2064 1854 2134; x_wconf 88' lang='lat' dir='ltr'><strong>adjecit</strong></span> 
     </span>
    </p>
   </div>
   <div class='ocr_carea' id='block_1_25' title="bbox 147 2150 1854 2222">
    <p class='ocr_par' dir='ltr' id='par_1_25' title="bbox 147 2150 1854 2222">
     <span class='ocr_line' id='line_1_25' title="bbox 147 2150 1854 2222; baseline 0.001 -15"><span class='ocrx_word' id='word_1_173' title='bbox 147 2151 457 2222; x_wconf 87' lang='lat' dir='ltr'><strong>presbyter</strong></span> <span class='ocrx_word' id='word_1_174' title='bbox 483 2167 496 2205; x_wconf 91' lang='lat'><strong>:</strong></span> <span class='ocrx_word' id='word_1_175' title='bbox 528 2172 556 2200; x_wconf 89' lang='grc'>‹‹</span> <span class='ocrx_word' id='word_1_176' title='bbox 590 2150 645 2206; x_wconf 90' lang='lat' dir='ltr'><strong>Si</strong></span> <span class='ocrx_word' id='word_1_177' title='bbox 675 2150 744 2206; x_wconf 89' lang='lat' dir='ltr'><strong>de</strong></span> <span class='ocrx_word' id='word_1_178' title='bbox 778 2152 866 2206; x_wconf 92' lang='lat' dir='ltr'><strong>his</strong></span> <span class='ocrx_word' id='word_1_179' title='bbox 891 2165 1023 2221; x_wconf 71' lang='lat' dir='ltr'><strong>quae</strong></span> <span class='ocrx_word' id='word_1_180' title='bbox 1054 2152 1206 2207; x_wconf 91' lang='lat' dir='ltr'><strong>dicta</strong></span> <span class='ocrx_word' id='word_1_181' title='bbox 1225 2159 1380 2219; x_wconf 91' lang='lat' dir='ltr'><strong>sunt,</strong></span> <span class='ocrx_word' id='word_1_182' title='bbox 1414 2151 1612 2222; x_wconf 87' lang='lat' dir='ltr'><strong>aliqua</strong></span> <span class='ocrx_word' id='word_1_183' title='bbox 1653 2153 1854 2208; x_wconf 85' lang='lat' dir='ltr'><strong>vestris</strong></span> 
     </span>
    </p>
   </div>
   <div class='ocr_carea' id='block_1_26' title="bbox 148 2238 1852 2310">
    <p class='ocr_par' dir='ltr' id='par_1_26' title="bbox 148 2238 1852 2310">
     <span class='ocr_line' id='line_1_26' title="bbox 148 2238 1852 2310; baseline 0.001 -14"><span class='ocrx_word' id='word_1_184' title='bbox 148 2238 367 2296; x_wconf 84' lang='lat' dir='ltr'><strong>animis</strong></span> <span class='ocrx_word' id='word_1_185' title='bbox 394 2239 592 2309; x_wconf 89' lang='lat' dir='ltr'><strong>irrepit</strong></span> <span class='ocrx_word' id='word_1_186' title='bbox 612 2239 981 2310; x_wconf 88' lang='lat' dir='ltr'><strong>ambiguitas,</strong></span> <span class='ocrx_word' id='word_1_187' title='bbox 1009 2254 1149 2310; x_wconf 89' lang='lat' dir='ltr'><strong>ergo</strong></span> <span class='ocrx_word' id='word_1_188' title='bbox 1165 2240 1225 2295; x_wconf 91' lang='lat' dir='ltr'><strong>in</strong></span> <span class='ocrx_word' id='word_1_189' title='bbox 1254 2241 1428 2310; x_wconf 87' lang='lat' dir='ltr'><strong>hujus</strong></span> <span class='ocrx_word' id='word_1_190' title='bbox 1450 2241 1678 2296; x_wconf 91' lang='lat' dir='ltr'><strong>nomine</strong></span> <span class='ocrx_word' id='word_1_191' title='bbox 1705 2241 1852 2297; x_wconf 88' lang='lat' dir='ltr'><strong>veri-</strong></span> 
     </span>
    </p>
   </div>
   <div class='ocr_carea' id='block_1_27' title="bbox 149 2326 1850 2397">
    <p class='ocr_par' dir='ltr' id='par_1_27' title="bbox 149 2326 1850 2397">
     <span class='ocr_line' id='line_1_27' title="bbox 149 2326 1850 2397; baseline -0.003 -13"><span class='ocrx_word' id='word_1_192' title='bbox 149 2327 310 2393; x_wconf 91' lang='lat' dir='ltr'><strong>tatis,</strong></span> <span class='ocrx_word' id='word_1_193' title='bbox 355 2326 687 2396; x_wconf 90' lang='lat' dir='ltr'><strong>cuicunque</strong></span> <span class='ocrx_word' id='word_1_194' title='bbox 744 2326 1039 2382; x_wconf 84' lang='lat' dir='ltr'><strong>volueritis</strong></span> <span class='ocrx_word' id='word_1_195' title='bbox 1092 2339 1181 2382; x_wconf 91' lang='lat' dir='ltr'><strong>me</strong></span> <span class='ocrx_word' id='word_1_196' title='bbox 1209 2326 1463 2382; x_wconf 80' lang='lat' dir='ltr'><strong>examini</strong></span> <span class='ocrx_word' id='word_1_197' title='bbox 1497 2326 1587 2382; x_wconf 87' lang='lat' dir='ltr'><strong>vel</strong></span> <span class='ocrx_word' id='word_1_198' title='bbox 1613 2328 1850 2397; x_wconf 85' lang='lat' dir='ltr'><strong>judicio,</strong></span> 
     </span>
    </p>
   </div>
   <div class='ocr_carea' id='block_1_28' title="bbox 151 2413 1853 2487">
    <p class='ocr_par' dir='ltr' id='par_1_28' title="bbox 151 2413 1853 2487">
     <span class='ocr_line' id='line_1_28' title="bbox 151 2413 1853 2487; baseline -0.002 -15"><span class='ocrx_word' id='word_1_199' title='bbox 151 2431 258 2472; x_wconf 88' lang='lat' dir='ltr'><strong>seu</strong></span> <span class='ocrx_word' id='word_1_200' title='bbox 292 2415 441 2487; x_wconf 86' lang='lat' dir='ltr'><strong>ignis</strong></span> <span class='ocrx_word' id='word_1_201' title='bbox 469 2429 571 2470; x_wconf 91' lang='lat' dir='ltr'><strong>seu</strong></span> <span class='ocrx_word' id='word_1_202' title='bbox 620 2413 941 2484; x_wconf 79' lang='lat' dir='ltr'><strong>praecipitii,</strong></span> <span class='ocrx_word' id='word_1_203' title='bbox 992 2413 1157 2483; x_wconf 90' lang='lat' dir='ltr'><strong>plena</strong></span> <span class='ocrx_word' id='word_1_204' title='bbox 1190 2413 1299 2469; x_wconf 86' lang='lat' dir='ltr'><strong>fide</strong></span> <span class='ocrx_word' id='word_1_205' title='bbox 1336 2413 1695 2480; x_wconf 91' lang='lat' dir='ltr'><strong>submittam,</strong></span> <span class='ocrx_word' id='word_1_206' title='bbox 1722 2422 1777 2470; x_wconf 91' lang='lat' dir='ltr'><strong>et</strong></span> <span class='ocrx_word' id='word_1_207' title='bbox 1807 2414 1853 2469; x_wconf 90' lang='lat' dir='ltr'><strong>si</strong></span> 
     </span>
    </p>
   </div>
   <div class='ocr_carea' id='block_1_29' title="bbox 152 2503 1853 2573">
    <p class='ocr_par' dir='ltr' id='par_1_29' title="bbox 152 2503 1853 2573">
     <span class='ocr_line' id='line_1_29' title="bbox 152 2503 1853 2573; baseline -0.001 -14"><span class='ocrx_word' id='word_1_208' title='bbox 152 2504 287 2560; x_wconf 60' lang='lat' dir='ltr'><strong>laedi</strong></span> <span class='ocrx_word' id='word_1_209' title='bbox 345 2518 434 2559; x_wconf 92' lang='lat' dir='ltr'><strong>me</strong></span> <span class='ocrx_word' id='word_1_210' title='bbox 482 2504 805 2573; x_wconf 86' lang='lat' dir='ltr'><strong>contigerit,</strong></span> <span class='ocrx_word' id='word_1_211' title='bbox 847 2503 1075 2557; x_wconf 73' lang='lat' dir='ltr'><strong>laesione</strong></span> <span class='ocrx_word' id='word_1_212' title='bbox 1135 2515 1277 2558; x_wconf 60' lang='lat' dir='ltr'><strong>mea;</strong></span> <span class='ocrx_word' id='word_1_213' title='bbox 1306 2503 1644 2557; x_wconf 88' lang='lat' dir='ltr'><strong>atrociorem</strong></span> <span class='ocrx_word' id='word_1_214' title='bbox 1675 2516 1853 2572; x_wconf 92' lang='lat' dir='ltr'><strong>quam</strong></span> 
     </span>
    </p>
   </div>
   <div class='ocr_carea' id='block_1_30' title="bbox 153 2590 1856 2661">
    <p class='ocr_par' dir='ltr' id='par_1_30' title="bbox 153 2590 1856 2661">
     <span class='ocr_line' id='line_1_30' title="bbox 153 2590 1856 2661; baseline -0.001 -14"><span class='ocrx_word' id='word_1_215' title='bbox 153 2593 386 2660; x_wconf 88' lang='lat' dir='ltr'><strong>potestis</strong></span> <span class='ocrx_word' id='word_1_216' title='bbox 416 2591 617 2646; x_wconf 86' lang='lat' dir='ltr'><strong>addite</strong></span> <span class='ocrx_word' id='word_1_217' title='bbox 630 2604 877 2661; x_wconf 69' lang='lat' dir='ltr'><strong>poenam.</strong></span> <span class='ocrx_word' id='word_1_218' title='bbox 916 2612 936 2638; x_wconf 77' lang='grc' dir='ltr'><strong>ι</strong></span> <span class='ocrx_word' id='word_1_219' title='bbox 982 2593 1054 2646; x_wconf 83' lang='lat' dir='ltr'><strong>At</strong></span> <span class='ocrx_word' id='word_1_220' title='bbox 1086 2590 1176 2645; x_wconf 87' lang='lat' dir='ltr'><strong>vir</strong></span> <span class='ocrx_word' id='word_1_221' title='bbox 1210 2591 1598 2661; x_wconf 90' lang='lat' dir='ltr'><strong>undecunque</strong></span> <span class='ocrx_word' id='word_1_222' title='bbox 1626 2590 1856 2646; x_wconf 89' lang='lat' dir='ltr'><strong>canoni-</strong></span> 
     </span>
    </p>
   </div>
   <div class='ocr_carea' id='block_1_31' title="bbox 152 2678 1855 2750">
    <p class='ocr_par' dir='ltr' id='par_1_31' title="bbox 152 2678 1855 2750">
     <span class='ocr_line' id='line_1_31' title="bbox 152 2678 1855 2750; baseline -0.001 -15"><span class='ocrx_word' id='word_1_223' title='bbox 152 2695 260 2735; x_wconf 90' lang='lat' dir='ltr'><strong>cus</strong></span> <span class='ocrx_word' id='word_1_224' title='bbox 290 2680 580 2735; x_wconf 90' lang='lat' dir='ltr'><strong>Podiensis</strong></span> <span class='ocrx_word' id='word_1_225' title='bbox 621 2679 935 2749; x_wconf 91' lang='lat' dir='ltr'><strong>episcopus,</strong></span> <span class='ocrx_word' id='word_1_226' title='bbox 967 2678 1281 2750; x_wconf 87' lang='lat' dir='ltr'><strong>Evangelia</strong></span> <span class='ocrx_word' id='word_1_227' title='bbox 1305 2679 1469 2749; x_wconf 87' lang='lat' dir='ltr'><strong>jubet</strong></span> <span class='ocrx_word' id='word_1_228' title='bbox 1508 2693 1855 2749; x_wconf 89' lang='lat' dir='ltr'><strong>crucemque</strong></span> 
     </span>
    </p>
   </div>
   <div class='ocr_carea' id='block_1_32' title="bbox 154 2766 1851 2837">
    <p class='ocr_par' dir='ltr' id='par_1_32' title="bbox 154 2766 1851 2837">
     <span class='ocr_line' id='line_1_32' title="bbox 154 2766 1851 2837; baseline 0 -14"><span class='ocrx_word' id='word_1_229' title='bbox 154 2767 387 2831; x_wconf 89' lang='lat' dir='ltr'><strong>deferri,</strong></span> <span class='ocrx_word' id='word_1_230' title='bbox 404 2775 693 2837; x_wconf 89' lang='lat' dir='ltr'><strong>quatenus</strong></span> <span class='ocrx_word' id='word_1_231' title='bbox 705 2766 944 2836; x_wconf 28' lang='lat' dir='ltr'><strong>verhagej</strong></span> <span class='ocrx_word' id='word_1_232' title='bbox 956 2781 1022 2822; x_wconf 91' lang='lat' dir='ltr'><strong>us</strong></span> <span class='ocrx_word' id='word_1_233' title='bbox 1039 2767 1177 2822; x_wconf 84' lang='lat' dir='ltr'><strong>fides</strong></span> <span class='ocrx_word' id='word_1_234' title='bbox 1190 2775 1472 2823; x_wconf 87' lang='lat' dir='ltr'><strong>astrueret</strong></span> <span class='ocrx_word' id='word_1_235' title='bbox 1489 2769 1851 2824; x_wconf 87' lang='lat' dir='ltr'><strong>sacramenti.</strong></span> 
     </span>
    </p>
   </div>
   <div class='ocr_carea' id='block_1_33' title="bbox 1968 398 3655 468">
    <p class='ocr_par' dir='ltr' id='par_1_33' title="bbox 1968 398 3655 468">
     <span class='ocr_line' id='line_1_33' title="bbox 1968 398 3655 468; baseline 0.001 -16"><span class='ocrx_word' id='word_1_236' title='bbox 1968 398 2312 467; x_wconf 65' lang='lat' dir='ltr'><strong>perforatum</strong></span> <span class='ocrx_word' id='word_1_237' title='bbox 2372 399 2584 467; x_wconf 84' lang='lat' dir='ltr'><strong>legitur</strong></span> <span class='ocrx_word' id='word_1_238' title='bbox 2631 398 2801 464; x_wconf 90' lang='lat' dir='ltr'><strong>latus,</strong></span> <span class='ocrx_word' id='word_1_239' title='bbox 2847 398 3105 453; x_wconf 86' lang='lat' dir='ltr'><strong>invenire</strong></span> <span class='ocrx_word' id='word_1_240' title='bbox 3164 399 3448 468; x_wconf 81' lang='lat' dir='ltr'><strong>poteris.»</strong></span> <span class='ocrx_word' id='word_1_241' title='bbox 3480 399 3655 466; x_wconf 86' lang='lat' dir='ltr'><strong>Dixit,</strong></span> 
     </span>
    </p>
   </div>
   <div class='ocr_carea' id='block_1_34' title="bbox 1967 486 3659 556">
    <p class='ocr_par' dir='ltr' id='par_1_34' title="bbox 1967 486 3659 556">
     <span class='ocr_line' id='line_1_34' title="bbox 1967 486 3659 556; baseline 0.001 -15"><span class='ocrx_word' id='word_1_242' title='bbox 1967 500 2073 541; x_wconf 90' lang='lat' dir='ltr'><strong>nec</strong></span> <span class='ocrx_word' id='word_1_243' title='bbox 2098 487 2314 542; x_wconf 89' lang='lat' dir='ltr'><strong>addens</strong></span> <span class='ocrx_word' id='word_1_244' title='bbox 2346 487 2533 556; x_wconf 90' lang='lat' dir='ltr'><strong>plura,</strong></span> <span class='ocrx_word' id='word_1_245' title='bbox 2568 486 2817 542; x_wconf 86' lang='lat' dir='ltr'><strong>recessit.</strong></span> <span class='ocrx_word' id='word_1_246' title='bbox 2851 486 3030 556; x_wconf 84' lang='lat' dir='ltr'><strong>Cujus</strong></span> <span class='ocrx_word' id='word_1_247' title='bbox 3077 486 3323 540; x_wconf 88' lang='lat' dir='ltr'><strong>visiones</strong></span> <span class='ocrx_word' id='word_1_248' title='bbox 3365 486 3659 542; x_wconf 90' lang='lat' dir='ltr'><strong>conscium</strong></span> 
     </span>
    </p>
   </div>
   <div class='ocr_carea' id='block_1_35' title="bbox 1967 574 3660 641">
    <p class='ocr_par' dir='ltr' id='par_1_35' title="bbox 1967 574 3660 641">
     <span class='ocr_line' id='line_1_35' title="bbox 1967 574 3660 641; baseline 0 -12"><span class='ocrx_word' id='word_1_249' title='bbox 1967 574 2253 630; x_wconf 91' lang='lat' dir='ltr'><strong>neminem</strong></span> <span class='ocrx_word' id='word_1_250' title='bbox 2289 574 2456 629; x_wconf 93' lang='lat' dir='ltr'><strong>homo</strong></span> <span class='ocrx_word' id='word_1_251' title='bbox 2510 574 2684 629; x_wconf 91' lang='lat' dir='ltr'><strong>isdem</strong></span> <span class='ocrx_word' id='word_1_252' title='bbox 2732 574 2919 630; x_wconf 84' lang='lat' dir='ltr'><strong>facere</strong></span> <span class='ocrx_word' id='word_1_253' title='bbox 2967 582 3106 628; x_wconf 89' lang='lat' dir='ltr'><strong>tunc</strong></span> <span class='ocrx_word' id='word_1_254' title='bbox 3139 574 3350 641; x_wconf 88' lang='lat' dir='ltr'><strong>voluit;</strong></span> <span class='ocrx_word' id='word_1_255' title='bbox 3392 588 3496 629; x_wconf 92' lang='lat' dir='ltr'><strong>nec</strong></span> <span class='ocrx_word' id='word_1_256' title='bbox 3531 588 3660 630; x_wconf 91' lang='lat' dir='ltr'><strong>eam</strong></span> 
     </span>
    </p>
   </div>
   <div class='ocr_carea' id='block_1_36' title="bbox 1965 661 3662 731">
    <p class='ocr_par' dir='ltr' id='par_1_36' title="bbox 1965 661 3662 731">
     <span class='ocr_line' id='line_1_36' title="bbox 1965 661 3662 731; baseline 0.001 -15"><span class='ocrx_word' id='word_1_257' title='bbox 1965 663 2120 731; x_wconf 90' lang='lat' dir='ltr'><strong>apud</strong></span> <span class='ocrx_word' id='word_1_258' title='bbox 2153 678 2211 718; x_wconf 90' lang='lat' dir='ltr'><strong>se</strong></span> <span class='ocrx_word' id='word_1_259' title='bbox 2244 663 2387 718; x_wconf 90' lang='lat' dir='ltr'><strong>tanti</strong></span> <span class='ocrx_word' id='word_1_260' title='bbox 2420 663 2615 731; x_wconf 88' lang='lat' dir='ltr'><strong>pendit</strong></span> <span class='ocrx_word' id='word_1_261' title='bbox 2646 670 2707 718; x_wconf 90' lang='lat' dir='ltr'><strong>ut</strong></span> <span class='ocrx_word' id='word_1_262' title='bbox 2734 662 3000 718; x_wconf 90' lang='lat' dir='ltr'><strong>ludibriis</strong></span> <span class='ocrx_word' id='word_1_263' title='bbox 3043 661 3421 725; x_wconf 87' lang='lat' dir='ltr'><strong>somniorum,</strong></span> <span class='ocrx_word' id='word_1_264' title='bbox 3445 662 3662 730; x_wconf 90' lang='lat' dir='ltr'><strong>quibus</strong></span> 
     </span>
    </p>
   </div>
   <div class='ocr_carea' id='block_1_37' title="bbox 1966 749 3661 819">
    <p class='ocr_par' dir='ltr' id='par_1_37' title="bbox 1966 749 3661 819">
     <span class='ocr_line' id='line_1_37' title="bbox 1966 749 3661 819; baseline 0.001 -15"><span class='ocrx_word' id='word_1_265' title='bbox 1966 764 2105 819; x_wconf 91' lang='lat' dir='ltr'><strong>pene</strong></span> <span class='ocrx_word' id='word_1_266' title='bbox 2138 750 2523 806; x_wconf 86' lang='lat' dir='ltr'><strong>indesinenter</strong></span> <span class='ocrx_word' id='word_1_267' title='bbox 2551 750 2857 814; x_wconf 82' lang='lat' dir='ltr'><strong>afficimur,</strong></span> <span class='ocrx_word' id='word_1_268' title='bbox 2892 750 3082 819; x_wconf 89' lang='lat' dir='ltr'><strong>majus</strong></span> <span class='ocrx_word' id='word_1_269' title='bbox 3113 749 3171 804; x_wconf 91' lang='lat' dir='ltr'><strong>in</strong></span> <span class='ocrx_word' id='word_1_270' title='bbox 3203 749 3323 804; x_wconf 93' lang='lat' dir='ltr'><strong>ullo</strong></span> <span class='ocrx_word' id='word_1_271' title='bbox 3352 749 3661 805; x_wconf 71' lang='lat' dir='ltr'><strong>aestimaret</strong></span> 
     </span>
    </p>
   </div>
   <div class='ocr_carea' id='block_1_38' title="bbox 1964 836 3660 907">
    <p class='ocr_par' dir='ltr' id='par_1_38' title="bbox 1964 836 3660 907">
     <span class='ocr_line' id='line_1_38' title="bbox 1964 836 3660 907; baseline 0 -16"><span class='ocrx_word' id='word_1_272' title='bbox 1964 838 2157 892; x_wconf 90' lang='lat' dir='ltr'><strong>valere</strong></span> <span class='ocrx_word' id='word_1_273' title='bbox 2182 838 2424 907; x_wconf 92' lang='lat' dir='ltr'><strong>aliquid.</strong></span> <span class='ocrx_word' id='word_1_274' title='bbox 2463 839 2529 892; x_wconf 82' lang='lat' dir='ltr'><strong>Et</strong></span> <span class='ocrx_word' id='word_1_275' title='bbox 2564 845 2753 892; x_wconf 91' lang='lat' dir='ltr'><strong>tamen</strong></span> <span class='ocrx_word' id='word_1_276' title='bbox 2787 852 2899 892; x_wconf 91' lang='lat' dir='ltr'><strong>non</strong></span> <span class='ocrx_word' id='word_1_277' title='bbox 2930 836 3041 901; x_wconf 91' lang='lat' dir='ltr'><strong>sui,</strong></span> <span class='ocrx_word' id='word_1_278' title='bbox 3079 836 3219 891; x_wconf 92' lang='lat' dir='ltr'><strong>dum</strong></span> <span class='ocrx_word' id='word_1_279' title='bbox 3241 851 3375 891; x_wconf 91' lang='lat' dir='ltr'><strong>cum</strong></span> <span class='ocrx_word' id='word_1_280' title='bbox 3407 836 3660 906; x_wconf 89' lang='lat' dir='ltr'><strong>apostolo</strong></span> 
     </span>
    </p>
   </div>
   <div class='ocr_carea' id='block_1_39' title="bbox 1964 924 3660 994">
    <p class='ocr_par' dir='ltr' id='par_1_39' title="bbox 1964 924 3660 994">
     <span class='ocr_line' id='line_1_39' title="bbox 1964 924 3660 994; baseline -0.001 -14"><span class='ocrx_word' id='word_1_281' title='bbox 1964 924 2317 994; x_wconf 89' lang='lat' dir='ltr'><strong>loqueretur,</strong></span> <span class='ocrx_word' id='word_1_282' title='bbox 2366 925 2595 994; x_wconf 83' lang='lat' dir='ltr'><strong>penitus</strong></span> <span class='ocrx_word' id='word_1_283' title='bbox 2634 926 2933 980; x_wconf 91' lang='lat' dir='ltr'><strong>immemor</strong></span> <span class='ocrx_word' id='word_1_284' title='bbox 2956 925 3006 979; x_wconf 92' lang='lat' dir='ltr'><strong>ei</strong></span> <span class='ocrx_word' id='word_1_285' title='bbox 3052 924 3326 980; x_wconf 89' lang='lat' dir='ltr'><strong>intulerat</strong></span> <span class='ocrx_word' id='word_1_286' title='bbox 3360 939 3373 978; x_wconf 88' lang='lat'><strong>:</strong></span> <span class='ocrx_word' id='word_1_287' title='bbox 3407 946 3433 972; x_wconf 92' lang='grc'><strong>‹‹</strong></span> <span class='ocrx_word' id='word_1_288' title='bbox 3470 924 3660 979; x_wconf 91' lang='lat' dir='ltr'><strong>Domi-</strong></span> 
     </span>
    </p>
   </div>
   <div class='ocr_carea' id='block_1_40' title="bbox 1965 1012 3661 1083">
    <p class='ocr_par' dir='ltr' id='par_1_40' title="bbox 1965 1012 3661 1083">
     <span class='ocr_line' id='line_1_40' title="bbox 1965 1012 3661 1083; baseline -0.001 -15"><span class='ocrx_word' id='word_1_289' title='bbox 1965 1027 2055 1080; x_wconf 93' lang='lat' dir='ltr'><strong>ne,</strong></span> <span class='ocrx_word' id='word_1_290' title='bbox 2090 1013 2297 1082; x_wconf 88' lang='lat' dir='ltr'><strong>inquit,</strong></span> <span class='ocrx_word' id='word_1_291' title='bbox 2328 1014 2373 1068; x_wconf 92' lang='lat' dir='ltr'><strong>si</strong></span> <span class='ocrx_word' id='word_1_292' title='bbox 2422 1014 2529 1068; x_wconf 92' lang='lat' dir='ltr'><strong>hoc</strong></span> <span class='ocrx_word' id='word_1_293' title='bbox 2577 1014 2730 1082; x_wconf 87' lang='lat' dir='ltr'><strong>quod</strong></span> <span class='ocrx_word' id='word_1_294' title='bbox 2775 1027 2809 1068; x_wconf 90' lang='lat' dir='ltr'><strong>a</strong></span> <span class='ocrx_word' id='word_1_295' title='bbox 2856 1021 2908 1068; x_wconf 92' lang='lat' dir='ltr'><strong>te</strong></span> <span class='ocrx_word' id='word_1_296' title='bbox 2941 1012 3271 1083; x_wconf 68' lang='lat' dir='ltr'><strong>praecipitur</strong></span> <span class='ocrx_word' id='word_1_297' title='bbox 3302 1013 3508 1068; x_wconf 91' lang='lat' dir='ltr'><strong>nostris</strong></span> <span class='ocrx_word' id='word_1_298' title='bbox 3535 1013 3661 1068; x_wconf 92' lang='lat' dir='ltr'><strong>edi-</strong></span> 
     </span>
    </p>
   </div>
   <div class='ocr_carea' id='block_1_41' title="bbox 1964 1100 3661 1170">
    <p class='ocr_par' dir='ltr' id='par_1_41' title="bbox 1964 1100 3661 1170">
     <span class='ocr_line' id='line_1_41' title="bbox 1964 1100 3661 1170; baseline -0.001 -13"><span class='ocrx_word' id='word_1_299' title='bbox 1964 1115 2146 1157; x_wconf 90' lang='lat' dir='ltr'><strong>cerem</strong></span> <span class='ocrx_word' id='word_1_300' title='bbox 2178 1101 2331 1170; x_wconf 85' lang='lat' dir='ltr'><strong>quod</strong></span> <span class='ocrx_word' id='word_1_301' title='bbox 2380 1101 2508 1155; x_wconf 85' lang='lat' dir='ltr'><strong>ﬁdei</strong></span> <span class='ocrx_word' id='word_1_302' title='bbox 2551 1100 2824 1156; x_wconf 91' lang='lat' dir='ltr'><strong>indicium</strong></span> <span class='ocrx_word' id='word_1_303' title='bbox 2859 1100 3051 1157; x_wconf 91' lang='lat' dir='ltr'><strong>dubiis</strong></span> <span class='ocrx_word' id='word_1_304' title='bbox 3106 1100 3459 1165; x_wconf 87' lang='lat' dir='ltr'><strong>adhiberem,</strong></span> <span class='ocrx_word' id='word_1_305' title='bbox 3506 1101 3661 1156; x_wconf 91' lang='lat' dir='ltr'><strong>unde</strong></span> 
     </span>
    </p>
   </div>
   <div class='ocr_carea' id='block_1_42' title="bbox 1964 1188 3660 1259">
    <p class='ocr_par' dir='ltr' id='par_1_42' title="bbox 1964 1188 3660 1259">
     <span class='ocr_line' id='line_1_42' title="bbox 1964 1188 3660 1259; baseline -0.001 -14"><span class='ocrx_word' id='word_1_306' title='bbox 1964 1189 2033 1245; x_wconf 91' lang='lat' dir='ltr'><strong>ad</strong></span> <span class='ocrx_word' id='word_1_307' title='bbox 2065 1189 2414 1245; x_wconf 91' lang='lat' dir='ltr'><strong>credendum</strong></span> <span class='ocrx_word' id='word_1_308' title='bbox 2462 1189 2583 1259; x_wconf 79' lang='lat' dir='ltr'><strong>cogi</strong></span> <span class='ocrx_word' id='word_1_309' title='bbox 2628 1188 2889 1258; x_wconf 84' lang='lat' dir='ltr'><strong>possent?</strong></span> <span class='ocrx_word' id='word_1_310' title='bbox 2941 1210 2970 1238; x_wconf 83' lang='grc'><strong>››</strong></span> <span class='ocrx_word' id='word_1_311' title='bbox 3017 1189 3102 1244; x_wconf 83' lang='lat' dir='ltr'><strong>Ad</strong></span> <span class='ocrx_word' id='word_1_312' title='bbox 3138 1189 3258 1244; x_wconf 67' lang='lat' dir='ltr'><strong>haec</strong></span> <span class='ocrx_word' id='word_1_313' title='bbox 3307 1188 3485 1243; x_wconf 88' lang='lat' dir='ltr'><strong>verba</strong></span> <span class='ocrx_word' id='word_1_314' title='bbox 3539 1188 3660 1257; x_wconf 82' lang='lat' dir='ltr'><strong>glo-</strong></span> 
     </span>
    </p>
   </div>
   <div class='ocr_carea' id='block_1_43' title="bbox 1965 1273 3660 1345">
    <p class='ocr_par' dir='ltr' id='par_1_43' title="bbox 1965 1273 3660 1345">
     <span class='ocr_line' id='line_1_43' title="bbox 1965 1273 3660 1345; baseline -0.002 -13"><span class='ocrx_word' id='word_1_315' title='bbox 1965 1277 2152 1332; x_wconf 86' lang='lat' dir='ltr'><strong>riosus</strong></span> <span class='ocrx_word' id='word_1_316' title='bbox 2203 1276 2498 1345; x_wconf 89' lang='lat' dir='ltr'><strong>apostolus</strong></span> <span class='ocrx_word' id='word_1_317' title='bbox 2567 1275 2859 1330; x_wconf 88' lang='lat' dir='ltr'><strong>hominem</strong></span> <span class='ocrx_word' id='word_1_318' title='bbox 2912 1274 3209 1343; x_wconf 86' lang='lat' dir='ltr'><strong>corripuit,</strong></span> <span class='ocrx_word' id='word_1_319' title='bbox 3262 1282 3318 1330; x_wconf 90' lang='lat' dir='ltr'><strong>et</strong></span> <span class='ocrx_word' id='word_1_320' title='bbox 3374 1275 3446 1329; x_wconf 90' lang='lat' dir='ltr'><strong>ad</strong></span> <span class='ocrx_word' id='word_1_321' title='bbox 3509 1273 3660 1330; x_wconf 84' lang='lat' dir='ltr'><strong>beati</strong></span> 
     </span>
    </p>
   </div>
   <div class='ocr_carea' id='block_1_44' title="bbox 1964 1363 3660 1433">
    <p class='ocr_par' dir='ltr' id='par_1_44' title="bbox 1964 1363 3660 1433">
     <span class='ocr_line' id='line_1_44' title="bbox 1964 1363 3660 1433; baseline -0.002 -12"><span class='ocrx_word' id='word_1_322' title='bbox 1964 1364 2159 1421; x_wconf 84' lang='lat' dir='ltr'><strong>fratris</strong></span> <span class='ocrx_word' id='word_1_323' title='bbox 2208 1364 2524 1432; x_wconf 87' lang='lat' dir='ltr'><strong>basilicam,</strong></span> <span class='ocrx_word' id='word_1_324' title='bbox 2551 1363 2611 1419; x_wconf 90' lang='lat' dir='ltr'><strong>in</strong></span> <span class='ocrx_word' id='word_1_325' title='bbox 2650 1377 2782 1420; x_wconf 91' lang='lat' dir='ltr'><strong>eum</strong></span> <span class='ocrx_word' id='word_1_326' title='bbox 2829 1379 2944 1433; x_wconf 92' lang='lat' dir='ltr'><strong>quo</strong></span> <span class='ocrx_word' id='word_1_327' title='bbox 3002 1371 3126 1419; x_wconf 91' lang='lat' dir='ltr'><strong>erat</strong></span> <span class='ocrx_word' id='word_1_328' title='bbox 3176 1364 3423 1433; x_wconf 88' lang='lat' dir='ltr'><strong>reposita</strong></span> <span class='ocrx_word' id='word_1_329' title='bbox 3461 1363 3660 1418; x_wconf 88' lang='lat' dir='ltr'><strong>lancea</strong></span> 
     </span>
    </p>
   </div>
   <div class='ocr_carea' id='block_1_45' title="bbox 1961 1452 2864 1523">
    <p class='ocr_par' dir='ltr' id='par_1_45' title="bbox 1961 1452 2864 1523">
     <span class='ocr_line' id='line_1_45' title="bbox 1961 1452 2864 1523; baseline -0.004 -15"><span class='ocrx_word' id='word_1_330' title='bbox 1961 1452 2149 1508; x_wconf 92' lang='lat' dir='ltr'><strong>locum</strong></span> <span class='ocrx_word' id='word_1_331' title='bbox 2172 1452 2506 1523; x_wconf 86' lang='lat' dir='ltr'><strong>spiritaliter</strong></span> <span class='ocrx_word' id='word_1_332' title='bbox 2530 1452 2864 1522; x_wconf 89' lang='lat' dir='ltr'><strong>asportavit.</strong></span> 
     </span>
    </p>
   </div>
   <div class='ocr_carea' id='block_1_46' title="bbox 2031 1537 3659 1609">
    <p class='ocr_par' dir='ltr' id='par_1_46' title="bbox 2031 1537 3659 1609">
     <span class='ocr_line' id='line_1_46' title="bbox 2031 1537 3659 1609; baseline -0.001 -14"><span class='ocrx_word' id='word_1_333' title='bbox 2031 1538 2210 1609; x_wconf 89' lang='lat' dir='ltr'><strong>Capta</strong></span> <span class='ocrx_word' id='word_1_334' title='bbox 2263 1539 2625 1609; x_wconf 88' lang='lat' dir='ltr'><strong>postmodum</strong></span> <span class='ocrx_word' id='word_1_335' title='bbox 2668 1538 2917 1607; x_wconf 88' lang='lat' dir='ltr'><strong>civitate,</strong></span> <span class='ocrx_word' id='word_1_336' title='bbox 2950 1552 3083 1593; x_wconf 90' lang='lat' dir='ltr'><strong>cum</strong></span> <span class='ocrx_word' id='word_1_337' title='bbox 3129 1538 3228 1593; x_wconf 92' lang='lat' dir='ltr'><strong>Dei</strong></span> <span class='ocrx_word' id='word_1_338' title='bbox 3268 1537 3518 1608; x_wconf 91' lang='lat' dir='ltr'><strong>populus</strong></span> <span class='ocrx_word' id='word_1_339' title='bbox 3547 1537 3659 1605; x_wconf 93' lang='lat' dir='ltr'><strong>his,</strong></span> 
     </span>
    </p>
   </div>
   <div class='ocr_carea' id='block_1_47' title="bbox 1964 1625 3663 1696">
    <p class='ocr_par' dir='ltr' id='par_1_47' title="bbox 1964 1625 3663 1696">
     <span class='ocr_line' id='line_1_47' title="bbox 1964 1625 3663 1696; baseline -0.001 -14"><span class='ocrx_word' id='word_1_340' title='bbox 1964 1640 2113 1696; x_wconf 88' lang='lat' dir='ltr'><strong>quas</strong></span> <span class='ocrx_word' id='word_1_341' title='bbox 2165 1626 2619 1696; x_wconf 75' lang='lat' dir='ltr'><strong>praelihavimus,</strong></span> <span class='ocrx_word' id='word_1_342' title='bbox 2677 1625 3062 1696; x_wconf 90' lang='lat' dir='ltr'><strong>subjiceretur</strong></span> <span class='ocrx_word' id='word_1_343' title='bbox 3113 1625 3323 1691; x_wconf 82' lang='lat' dir='ltr'><strong>exitiis,</strong></span> <span class='ocrx_word' id='word_1_344' title='bbox 3367 1626 3516 1681; x_wconf 91' lang='lat' dir='ltr'><strong>idem</strong></span> <span class='ocrx_word' id='word_1_345' title='bbox 3563 1625 3663 1681; x_wconf 87' lang='lat' dir='ltr'><strong>ite-</strong></span> 
     </span>
    </p>
   </div>
   <div class='ocr_carea' id='block_1_48' title="bbox 1961 1713 3664 1784">
    <p class='ocr_par' dir='ltr' id='par_1_48' title="bbox 1961 1713 3664 1784">
     <span class='ocr_line' id='line_1_48' title="bbox 1961 1713 3664 1784; baseline -0.001 -13"><span class='ocrx_word' id='word_1_346' title='bbox 1961 1728 2093 1771; x_wconf 89' lang='lat' dir='ltr'><strong>rum</strong></span> <span class='ocrx_word' id='word_1_347' title='bbox 2145 1715 2535 1771; x_wconf 86' lang='lat' dir='ltr'><strong>memorabilis</strong></span> <span class='ocrx_word' id='word_1_348' title='bbox 2608 1713 2916 1783; x_wconf 89' lang='lat' dir='ltr'><strong>apostolus,</strong></span> <span class='ocrx_word' id='word_1_349' title='bbox 2982 1714 3083 1784; x_wconf 91' lang='lat' dir='ltr'><strong>qui</strong></span> <span class='ocrx_word' id='word_1_350' title='bbox 3124 1713 3276 1784; x_wconf 90' lang='lat' dir='ltr'><strong>juste</strong></span> <span class='ocrx_word' id='word_1_351' title='bbox 3320 1713 3664 1770; x_wconf 90' lang='lat' dir='ltr'><strong>omnimodis</strong></span> 
     </span>
    </p>
   </div>
   <div class='ocr_carea' id='block_1_49' title="bbox 1961 1801 3663 1872">
    <p class='ocr_par' dir='ltr' id='par_1_49' title="bbox 1961 1801 3663 1872">
     <span class='ocr_line' id='line_1_49' title="bbox 1961 1801 3663 1872; baseline -0.001 -14"><span class='ocrx_word' id='word_1_352' title='bbox 1961 1815 2164 1858; x_wconf 90' lang='lat' dir='ltr'><strong>earum</strong></span> <span class='ocrx_word' id='word_1_353' title='bbox 2224 1816 2421 1858; x_wconf 88' lang='lat' dir='ltr'><strong>rerum</strong></span> <span class='ocrx_word' id='word_1_354' title='bbox 2479 1809 2819 1872; x_wconf 89' lang='lat' dir='ltr'><strong>procurator</strong></span> <span class='ocrx_word' id='word_1_355' title='bbox 2870 1802 2988 1856; x_wconf 84' lang='lat' dir='ltr'><strong>fieri</strong></span> <span class='ocrx_word' id='word_1_356' title='bbox 3049 1809 3320 1871; x_wconf 76' lang='lat' dir='ltr'><strong>cmperat,</strong></span> <span class='ocrx_word' id='word_1_357' title='bbox 3374 1815 3524 1872; x_wconf 90' lang='lat' dir='ltr'><strong>quas</strong></span> <span class='ocrx_word' id='word_1_358' title='bbox 3587 1801 3663 1857; x_wconf 90' lang='lat' dir='ltr'><strong>ad</strong></span> 
     </span>
    </p>
   </div>
   <div class='ocr_carea' id='block_1_50' title="bbox 1960 1889 3665 1959">
    <p class='ocr_par' dir='ltr' id='par_1_50' title="bbox 1960 1889 3665 1959">
     <span class='ocr_line' id='line_1_50' title="bbox 1960 1889 3665 1959; baseline -0.001 -13"><span class='ocrx_word' id='word_1_359' title='bbox 1960 1890 2283 1946; x_wconf 89' lang='lat' dir='ltr'><strong>charissimi</strong></span> <span class='ocrx_word' id='word_1_360' title='bbox 2324 1890 2516 1945; x_wconf 81' lang='lat' dir='ltr'><strong>fratris</strong></span> <span class='ocrx_word' id='word_1_361' title='bbox 2556 1897 2827 1945; x_wconf 91' lang='lat' dir='ltr'><strong>ornatum</strong></span> <span class='ocrx_word' id='word_1_362' title='bbox 2876 1889 3083 1944; x_wconf 91' lang='lat' dir='ltr'><strong>domus</strong></span> <span class='ocrx_word' id='word_1_363' title='bbox 3131 1890 3418 1958; x_wconf 90' lang='lat' dir='ltr'><strong>pertinere</strong></span> <span class='ocrx_word' id='word_1_364' title='bbox 3455 1903 3665 1959; x_wconf 89' lang='lat' dir='ltr'><strong>cogno-</strong></span> 
     </span>
    </p>
   </div>
   <div class='ocr_carea' id='block_1_51' title="bbox 1958 1976 3659 2047">
    <p class='ocr_par' dir='ltr' id='par_1_51' title="bbox 1958 1976 3659 2047">
     <span class='ocr_line' id='line_1_51' title="bbox 1958 1976 3659 2047; baseline -0.002 -12"><span class='ocrx_word' id='word_1_365' title='bbox 1958 1987 2139 2047; x_wconf 80' lang='lat' dir='ltr'><strong>verat,</strong></span> <span class='ocrx_word' id='word_1_366' title='bbox 2202 1979 2417 2034; x_wconf 91' lang='lat' dir='ltr'><strong>homini</strong></span> <span class='ocrx_word' id='word_1_367' title='bbox 2471 1977 2550 2032; x_wconf 92' lang='lat' dir='ltr'><strong>illi</strong></span> <span class='ocrx_word' id='word_1_368' title='bbox 2599 1977 2763 2033; x_wconf 89' lang='lat' dir='ltr'><strong>Petro</strong></span> <span class='ocrx_word' id='word_1_369' title='bbox 2801 1990 3009 2033; x_wconf 90' lang='lat' dir='ltr'><strong>rursus</strong></span> <span class='ocrx_word' id='word_1_370' title='bbox 3030 1978 3347 2045; x_wconf 86' lang='lat' dir='ltr'><strong>apparuit:</strong></span> <span class='ocrx_word' id='word_1_371' title='bbox 3403 1976 3659 2045; x_wconf 71' lang='lat' dir='ltr'><strong>«Quare,</strong></span> 
     </span>
    </p>
   </div>
   <div class='ocr_carea' id='block_1_52' title="bbox 1964 2063 3662 2136">
    <p class='ocr_par' dir='ltr' id='par_1_52' title="bbox 1964 2063 3662 2136">
     <span class='ocr_line' id='line_1_52' title="bbox 1964 2063 3662 2136; baseline -0.002 -14"><span class='ocrx_word' id='word_1_372' title='bbox 1964 2067 2171 2136; x_wconf 89' lang='lat' dir='ltr'><strong>inquit,</strong></span> <span class='ocrx_word' id='word_1_373' title='bbox 2231 2065 2499 2122; x_wconf 86' lang='lat' dir='ltr'><strong>distulisti</strong></span> <span class='ocrx_word' id='word_1_374' title='bbox 2543 2064 2910 2121; x_wconf 84' lang='lat' dir='ltr'><strong>manifestare</strong></span> <span class='ocrx_word' id='word_1_375' title='bbox 2952 2063 3108 2134; x_wconf 88' lang='lat' dir='ltr'><strong>quod</strong></span> <span class='ocrx_word' id='word_1_376' title='bbox 3162 2063 3487 2133; x_wconf 90' lang='lat' dir='ltr'><strong>jusseram?</strong></span> <span class='ocrx_word' id='word_1_377' title='bbox 3515 2063 3662 2119; x_wconf 90' lang='lat' dir='ltr'><strong>Cum</strong></span> 
     </span>
    </p>
   </div>
   <div class='ocr_carea' id='block_1_53' title="bbox 1960 2151 3659 2221">
    <p class='ocr_par' dir='ltr' id='par_1_53' title="bbox 1960 2151 3659 2221">
     <span class='ocr_line' id='line_1_53' title="bbox 1960 2151 3659 2221; baseline -0.002 -11"><span class='ocrx_word' id='word_1_378' title='bbox 1960 2153 2157 2210; x_wconf 88' lang='lat' dir='ltr'><strong>videas</strong></span> <span class='ocrx_word' id='word_1_379' title='bbox 2190 2161 2319 2210; x_wconf 91' lang='lat' dir='ltr'><strong>tuos</strong></span> <span class='ocrx_word' id='word_1_380' title='bbox 2349 2153 2486 2208; x_wconf 91' lang='lat' dir='ltr'><strong>hinc</strong></span> <span class='ocrx_word' id='word_1_381' title='bbox 2541 2153 2864 2207; x_wconf 90' lang='lat' dir='ltr'><strong>inediarum</strong></span> <span class='ocrx_word' id='word_1_382' title='bbox 2911 2151 3220 2221; x_wconf 90' lang='lat' dir='ltr'><strong>periclitari</strong></span> <span class='ocrx_word' id='word_1_383' title='bbox 3280 2152 3659 2219; x_wconf 91' lang='lat' dir='ltr'><strong>incommodo,</strong></span> 
     </span>
    </p>
   </div>
   <div class='ocr_carea' id='block_1_54' title="bbox 1961 2239 3663 2309">
    <p class='ocr_par' dir='ltr' id='par_1_54' title="bbox 1961 2239 3663 2309">
     <span class='ocr_line' id='line_1_54' title="bbox 1961 2239 3663 2309; baseline -0.001 -12"><span class='ocrx_word' id='word_1_384' title='bbox 1961 2241 2120 2297; x_wconf 91' lang='lat' dir='ltr'><strong>illinc</strong></span> <span class='ocrx_word' id='word_1_385' title='bbox 2147 2241 2349 2298; x_wconf 89' lang='lat' dir='ltr'><strong>Turcis</strong></span> <span class='ocrx_word' id='word_1_386' title='bbox 2402 2240 2817 2309; x_wconf 88' lang='lat' dir='ltr'><strong>insistentibus,</strong></span> <span class='ocrx_word' id='word_1_387' title='bbox 2870 2239 3045 2296; x_wconf 71' lang='lat' dir='ltr'><strong>fovete</strong></span> <span class='ocrx_word' id='word_1_388' title='bbox 3085 2239 3207 2309; x_wconf 87' lang='lat' dir='ltr'><strong>jam</strong></span> <span class='ocrx_word' id='word_1_389' title='bbox 3246 2239 3663 2309; x_wconf 87' lang='lat' dir='ltr'><strong>propemodum</strong></span> 
     </span>
    </p>
   </div>
   <div class='ocr_carea' id='block_1_55' title="bbox 1961 2328 3660 2399">
    <p class='ocr_par' dir='ltr' id='par_1_55' title="bbox 1961 2328 3660 2399">
     <span class='ocr_line' id='line_1_55' title="bbox 1961 2328 3660 2399; baseline -0.001 -14"><span class='ocrx_word' id='word_1_390' title='bbox 1961 2329 2371 2399; x_wconf 88' lang='lat' dir='ltr'><strong>desperationis</strong></span> <span class='ocrx_word' id='word_1_391' title='bbox 2420 2329 2595 2396; x_wconf 89' lang='lat' dir='ltr'><strong>illabi,</strong></span> <span class='ocrx_word' id='word_1_392' title='bbox 2644 2342 2712 2383; x_wconf 89' lang='lat' dir='ltr'><strong>ea</strong></span> <span class='ocrx_word' id='word_1_393' title='bbox 2741 2343 2873 2398; x_wconf 67' lang='lat' dir='ltr'><strong>quae</strong></span> <span class='ocrx_word' id='word_1_394' title='bbox 2904 2342 2993 2384; x_wconf 91' lang='lat' dir='ltr'><strong>me</strong></span> <span class='ocrx_word' id='word_1_395' title='bbox 3046 2328 3472 2397; x_wconf 65' lang='lat' dir='ltr'><strong>prmnuntiante</strong></span> <span class='ocrx_word' id='word_1_396' title='bbox 3514 2328 3660 2383; x_wconf 89' lang='lat' dir='ltr'><strong>didi-</strong></span> 
     </span>
    </p>
   </div>
   <div class='ocr_carea' id='block_1_56' title="bbox 1960 2414 3662 2487">
    <p class='ocr_par' dir='ltr' id='par_1_56' title="bbox 1960 2414 3662 2487">
     <span class='ocr_line' id='line_1_56' title="bbox 1960 2414 3662 2487; baseline -0.001 -14"><span class='ocrx_word' id='word_1_397' title='bbox 1960 2431 2141 2483; x_wconf 89' lang='lat' dir='ltr'><strong>ceras,</strong></span> <span class='ocrx_word' id='word_1_398' title='bbox 2190 2416 2325 2487; x_wconf 90' lang='lat' dir='ltr'><strong>ipsis</strong></span> <span class='ocrx_word' id='word_1_399' title='bbox 2365 2416 2659 2472; x_wconf 88' lang='lat' dir='ltr'><strong>notilicare</strong></span> <span class='ocrx_word' id='word_1_400' title='bbox 2710 2415 3009 2484; x_wconf 89' lang='lat' dir='ltr'><strong>debueras,</strong></span> <span class='ocrx_word' id='word_1_401' title='bbox 3048 2430 3177 2471; x_wconf 90' lang='lat' dir='ltr'><strong>cum</strong></span> <span class='ocrx_word' id='word_1_402' title='bbox 3232 2414 3435 2484; x_wconf 90' lang='lat' dir='ltr'><strong>procul</strong></span> <span class='ocrx_word' id='word_1_403' title='bbox 3484 2414 3662 2471; x_wconf 92' lang='lat' dir='ltr'><strong>dubio</strong></span> 
     </span>
    </p>
   </div>
   <div class='ocr_carea' id='block_1_57' title="bbox 1959 2503 3661 2574">
    <p class='ocr_par' dir='ltr' id='par_1_57' title="bbox 1959 2503 3661 2574">
     <span class='ocr_line' id='line_1_57' title="bbox 1959 2503 3661 2574; baseline -0.002 -13"><span class='ocrx_word' id='word_1_404' title='bbox 1959 2519 2055 2561; x_wconf 91' lang='lat' dir='ltr'><strong>eos</strong></span> <span class='ocrx_word' id='word_1_405' title='bbox 2084 2505 2229 2560; x_wconf 90' lang='lat' dir='ltr'><strong>scire</strong></span> <span class='ocrx_word' id='word_1_406' title='bbox 2276 2503 2600 2567; x_wconf 88' lang='lat' dir='ltr'><strong>conveniat,</strong></span> <span class='ocrx_word' id='word_1_407' title='bbox 2638 2504 2778 2574; x_wconf 90' lang='lat' dir='ltr'><strong>quia</strong></span> <span class='ocrx_word' id='word_1_408' title='bbox 2832 2517 3187 2574; x_wconf 88' lang='lat' dir='ltr'><strong>quocunque</strong></span> <span class='ocrx_word' id='word_1_409' title='bbox 3210 2503 3468 2559; x_wconf 87' lang='lat' dir='ltr'><strong>lanceam</strong></span> <span class='ocrx_word' id='word_1_410' title='bbox 3494 2517 3661 2559; x_wconf 88' lang='lat' dir='ltr'><strong>eam-</strong></span> 
     </span>
    </p>
   </div>
   <div class='ocr_carea' id='block_1_58' title="bbox 1962 2592 3650 2663">
    <p class='ocr_par' dir='ltr' id='par_1_58' title="bbox 1962 2592 3650 2663">
     <span class='ocr_line' id='line_1_58' title="bbox 1962 2592 3650 2663; baseline -0.005 -15"><span class='ocrx_word' id='word_1_411' title='bbox 1962 2593 2090 2648; x_wconf 89' lang='lat' dir='ltr'><strong>dem</strong></span> <span class='ocrx_word' id='word_1_412' title='bbox 2144 2592 2503 2663; x_wconf 88' lang='lat' dir='ltr'><strong>pertulerint,</strong></span> <span class='ocrx_word' id='word_1_413' title='bbox 2567 2592 2809 2648; x_wconf 84' lang='lat' dir='ltr'><strong>victoria</strong></span> <span class='ocrx_word' id='word_1_414' title='bbox 2867 2593 2977 2648; x_wconf 92' lang='lat' dir='ltr'><strong>sibi</strong></span> <span class='ocrx_word' id='word_1_415' title='bbox 3032 2600 3187 2648; x_wconf 89' lang='lat' dir='ltr'><strong>certa</strong></span> <span class='ocrx_word' id='word_1_416' title='bbox 3249 2592 3570 2662; x_wconf 87' lang='lat' dir='ltr'><strong>proveniat.</strong></span> <span class='ocrx_word' id='word_1_417' title='bbox 3626 2612 3650 2640; x_wconf 78' lang='grc' dir='ltr'>ι</span> 
     </span>
    </p>
   </div>
   <div class='ocr_carea' id='block_1_59' title="bbox 1962 2680 3658 2749">
    <p class='ocr_par' dir='ltr' id='par_1_59' title="bbox 1962 2680 3658 2749">
     <span class='ocr_line' id='line_1_59' title="bbox 1962 2680 3658 2749; baseline 0 -14"><span class='ocrx_word' id='word_1_418' title='bbox 1962 2680 2088 2748; x_wconf 91' lang='lat' dir='ltr'><strong>Qua</strong></span> <span class='ocrx_word' id='word_1_419' title='bbox 2132 2680 2368 2749; x_wconf 90' lang='lat' dir='ltr'><strong>apostoli</strong></span> <span class='ocrx_word' id='word_1_420' title='bbox 2427 2680 2818 2736; x_wconf 90' lang='lat' dir='ltr'><strong>admonitione</strong></span> <span class='ocrx_word' id='word_1_421' title='bbox 2876 2681 3127 2737; x_wconf 91' lang='lat' dir='ltr'><strong>secundo</strong></span> <span class='ocrx_word' id='word_1_422' title='bbox 3193 2681 3412 2747; x_wconf 91' lang='lat' dir='ltr'><strong>habita,</strong></span> <span class='ocrx_word' id='word_1_423' title='bbox 3446 2680 3658 2736; x_wconf 89' lang='lat' dir='ltr'><strong>nostris</strong></span> 
     </span>
    </p>
   </div>
   <div class='ocr_carea' id='block_1_60' title="bbox 1962 2767 3657 2838">
    <p class='ocr_par' dir='ltr' id='par_1_60' title="bbox 1962 2767 3657 2838">
     <span class='ocr_line' id='line_1_60' title="bbox 1962 2767 3657 2838; baseline -0.001 -14"><span class='ocrx_word' id='word_1_424' title='bbox 1962 2769 2133 2838; x_wconf 70' lang='lat' dir='ltr'><strong>coapit</strong></span> <span class='ocrx_word' id='word_1_425' title='bbox 2179 2769 2489 2824; x_wconf 86' lang='lat' dir='ltr'><strong>verborum</strong></span> <span class='ocrx_word' id='word_1_426' title='bbox 2539 2783 2672 2838; x_wconf 57' lang='lat' dir='ltr'><strong>quae</strong></span> <span class='ocrx_word' id='word_1_427' title='bbox 2738 2769 2795 2823; x_wconf 92' lang='lat' dir='ltr'><strong>in</strong></span> <span class='ocrx_word' id='word_1_428' title='bbox 2852 2768 3071 2824; x_wconf 89' lang='lat' dir='ltr'><strong>visione</strong></span> <span class='ocrx_word' id='word_1_429' title='bbox 3130 2768 3396 2823; x_wconf 88' lang='lat' dir='ltr'><strong>audierat</strong></span> <span class='ocrx_word' id='word_1_430' title='bbox 3451 2767 3657 2823; x_wconf 90' lang='lat' dir='ltr'><strong>seriem</strong></span> 
     </span>
    </p>
   </div>
   <div class='ocr_carea' id='block_1_61' title="bbox 233 2854 3654 2933">
    <p class='ocr_par' dir='ltr' id='par_1_61' title="bbox 233 2854 3654 2933">
     <span class='ocr_line' id='line_1_61' title="bbox 233 2854 3654 2933; baseline -0.001 -22"><span class='ocrx_word' id='word_1_431' title='bbox 233 2855 466 2925; x_wconf 82' lang='lat' dir='ltr'><strong>[XVIIL]</strong></span> <span class='ocrx_word' id='word_1_432' title='bbox 496 2855 828 2909; x_wconf 73' lang='lat' dir='ltr'><strong>Obsessione</strong></span> <span class='ocrx_word' id='word_1_433' title='bbox 855 2855 1033 2909; x_wconf 78' lang='lat' dir='ltr'><strong>cincti</strong></span> <span class='ocrx_word' id='word_1_434' title='bbox 1062 2855 1206 2916; x_wconf 78' lang='lat' dir='ltr'><strong>forti</strong></span> <span class='ocrx_word' id='word_1_435' title='bbox 1255 2855 1452 2911; x_wconf 84' lang='lat' dir='ltr'><strong>animo</strong></span> <span class='ocrx_word' id='word_1_436' title='bbox 1456 2856 1699 2925; x_wconf 81' lang='lat' dir='ltr'><strong>futuros</strong></span> <span class='ocrx_word' id='word_1_437' title='bbox 1721 2871 1852 2911; x_wconf 86' lang='lat' dir='ltr'><strong>mu—</strong></span> <span class='ocrx_word' id='word_1_438' title='bbox 1893 2876 1934 2933; x_wconf 72' lang='grc' dir='ltr'><strong>ρ</strong></span> <span class='ocrx_word' id='word_1_439' title='bbox 1964 2856 2297 2928; x_wconf 73' lang='lat' dir='ltr'><strong>praedicare.</strong></span> <span class='ocrx_word' id='word_1_440' title='bbox 2354 2856 2610 2926; x_wconf 91' lang='lat' dir='ltr'><strong>Populus</strong></span> <span class='ocrx_word' id='word_1_441' title='bbox 2664 2864 2858 2912; x_wconf 88' lang='lat' dir='ltr'><strong>autem</strong></span> <span class='ocrx_word' id='word_1_442' title='bbox 2912 2855 3164 2911; x_wconf 90' lang='lat' dir='ltr'><strong>hominis</strong></span> <span class='ocrx_word' id='word_1_443' title='bbox 3206 2855 3359 2910; x_wconf 90' lang='lat' dir='ltr'><strong>dicta</strong></span> <span class='ocrx_word' id='word_1_444' title='bbox 3388 2854 3654 2910; x_wconf 89' lang='lat' dir='ltr'><strong>reverbe-</strong></span> 
     </span>
    </p>
   </div>
   <div class='ocr_carea' id='block_1_62' title="bbox 158 2943 1849 3013">
    <p class='ocr_par' dir='ltr' id='par_1_62' title="bbox 158 2943 1849 3013">
     <span class='ocr_line' id='line_1_62' title="bbox 158 2943 1849 3013; baseline 0 -15"><span class='ocrx_word' id='word_1_445' title='bbox 158 2946 257 2998; x_wconf 81' lang='lat' dir='ltr'><strong>tuo</strong></span> <span class='ocrx_word' id='word_1_446' title='bbox 280 2944 485 3013; x_wconf 79' lang='lat' dir='ltr'><strong>jurant</strong></span> <span class='ocrx_word' id='word_1_447' title='bbox 513 2944 703 2998; x_wconf 78' lang='lat' dir='ltr'><strong>duces.</strong></span> <span class='ocrx_word' id='word_1_448' title='bbox 746 2971 807 2982; x_wconf 89' lang='lat'><strong>—-</strong></span> <span class='ocrx_word' id='word_1_449' title='bbox 860 2943 961 2998; x_wconf 85' lang='lat' dir='ltr'><strong>His</strong></span> <span class='ocrx_word' id='word_1_450' title='bbox 1004 2943 1248 3012; x_wconf 89' lang='lat' dir='ltr'><strong>peractis</strong></span> <span class='ocrx_word' id='word_1_451' title='bbox 1300 2944 1585 3013; x_wconf 86' lang='lat' dir='ltr'><strong>extemplo</strong></span> <span class='ocrx_word' id='word_1_452' title='bbox 1638 2943 1849 3013; x_wconf 89' lang='lat' dir='ltr'><strong>princi-</strong></span> 
     </span>
    </p>
   </div>
   <div class='ocr_carea' id='block_1_63' title="bbox 155 3030 1853 3102">
    <p class='ocr_par' dir='ltr' id='par_1_63' title="bbox 155 3030 1853 3102">
     <span class='ocr_line' id='line_1_63' title="bbox 155 3030 1853 3102; baseline 0.001 -17"><span class='ocrx_word' id='word_1_453' title='bbox 155 3046 280 3102; x_wconf 84' lang='lat' dir='ltr'><strong>pes,</strong></span> <span class='ocrx_word' id='word_1_454' title='bbox 330 3032 753 3087; x_wconf 89' lang='lat' dir='ltr'><strong>communicato</strong></span> <span class='ocrx_word' id='word_1_455' title='bbox 793 3030 1049 3098; x_wconf 91' lang='lat' dir='ltr'><strong>consilio,</strong></span> <span class='ocrx_word' id='word_1_456' title='bbox 1100 3038 1303 3087; x_wconf 91' lang='lat' dir='ltr'><strong>mutuo</strong></span> <span class='ocrx_word' id='word_1_457' title='bbox 1348 3030 1455 3087; x_wconf 88' lang='lat' dir='ltr'><strong>sibi</strong></span> <span class='ocrx_word' id='word_1_458' title='bbox 1493 3040 1853 3087; x_wconf 82' lang='lat' dir='ltr'><strong>sacramenta</strong></span> 
     </span>
    </p>
   </div>
   <div class='ocr_carea' id='block_1_64' title="bbox 154 3119 1854 3191">
    <p class='ocr_par' dir='ltr' id='par_1_64' title="bbox 154 3119 1854 3191">
     <span class='ocr_line' id='line_1_64' title="bbox 154 3119 1854 3191; baseline 0 -15"><span class='ocrx_word' id='word_1_459' title='bbox 154 3120 456 3185; x_wconf 87' lang='lat' dir='ltr'><strong>dederunt,</strong></span> <span class='ocrx_word' id='word_1_460' title='bbox 489 3120 647 3189; x_wconf 88' lang='lat' dir='ltr'><strong>quod</strong></span> <span class='ocrx_word' id='word_1_461' title='bbox 687 3119 903 3176; x_wconf 91' lang='lat' dir='ltr'><strong>scilicet</strong></span> <span class='ocrx_word' id='word_1_462' title='bbox 935 3134 948 3174; x_wconf 91' lang='lat'>:</span> <span class='ocrx_word' id='word_1_463' title='bbox 998 3140 1026 3169; x_wconf 89' lang='grc'><strong>‹‹</strong></span> <span class='ocrx_word' id='word_1_464' title='bbox 1057 3120 1257 3190; x_wconf 89' lang='lat' dir='ltr'><strong>Neque</strong></span> <span class='ocrx_word' id='word_1_465' title='bbox 1288 3133 1459 3187; x_wconf 90' lang='lat' dir='ltr'><strong>mors,</strong></span> <span class='ocrx_word' id='word_1_466' title='bbox 1502 3134 1690 3191; x_wconf 89' lang='lat' dir='ltr'><strong>neque</strong></span> <span class='ocrx_word' id='word_1_467' title='bbox 1735 3121 1854 3177; x_wconf 89' lang='lat' dir='ltr'><strong>vita</strong></span> 
     </span>
    </p>
   </div>
   <div class='ocr_carea' id='block_1_65' title="bbox 154 3206 1853 3280">
    <p class='ocr_par' dir='ltr' id='par_1_65' title="bbox 154 3206 1853 3280">
     <span class='ocr_line' id='line_1_65' title="bbox 154 3206 1853 3280; baseline 0.001 -17"><span class='ocrx_word' id='word_1_468' title='bbox 154 3221 192 3263; x_wconf 89' lang='lat' dir='ltr'><strong>a</strong></span> <span class='ocrx_word' id='word_1_469' title='bbox 220 3216 405 3277; x_wconf 72' lang='lat' dir='ltr'><strong>empta</strong></span> <span class='ocrx_word' id='word_1_470' title='bbox 452 3223 547 3263; x_wconf 93' lang='lat' dir='ltr'><strong>eos</strong></span> <span class='ocrx_word' id='word_1_471' title='bbox 581 3208 907 3263; x_wconf 84' lang='lat' dir='ltr'><strong>defensione</strong></span> <span class='ocrx_word' id='word_1_472' title='bbox 954 3206 1246 3277; x_wconf 78' lang='lat' dir='ltr'><strong>suffugere</strong></span> <span class='ocrx_word' id='word_1_473' title='bbox 1289 3215 1532 3280; x_wconf 89' lang='lat' dir='ltr'><strong>cogeret,</strong></span> <span class='ocrx_word' id='word_1_474' title='bbox 1595 3216 1853 3279; x_wconf 89' lang='lat' dir='ltr'><strong>quanta-</strong></span> 
     </span>
    </p>
   </div>
   <div class='ocr_carea' id='block_1_66' title="bbox 155 3295 1848 3368">
    <p class='ocr_par' dir='ltr' id='par_1_66' title="bbox 155 3295 1848 3368">
     <span class='ocr_line' id='line_1_66' title="bbox 155 3295 1848 3368; baseline -0.001 -17"><span class='ocrx_word' id='word_1_475' title='bbox 155 3311 389 3366; x_wconf 88' lang='lat' dir='ltr'><strong>cunque</strong></span> <span class='ocrx_word' id='word_1_476' title='bbox 436 3296 525 3352; x_wconf 88' lang='lat' dir='ltr'><strong>vel</strong></span> <span class='ocrx_word' id='word_1_477' title='bbox 577 3297 727 3365; x_wconf 91' lang='lat' dir='ltr'><strong>ipsos</strong></span> <span class='ocrx_word' id='word_1_478' title='bbox 786 3295 983 3365; x_wconf 87' lang='lat' dir='ltr'><strong>urgeri</strong></span> <span class='ocrx_word' id='word_1_479' title='bbox 1029 3295 1363 3352; x_wconf 87' lang='lat' dir='ltr'><strong>necessitate</strong></span> <span class='ocrx_word' id='word_1_480' title='bbox 1413 3296 1786 3368; x_wconf 89' lang='lat' dir='ltr'><strong>contingeret.</strong></span> <span class='ocrx_word' id='word_1_481' title='bbox 1820 3315 1848 3349; x_wconf 72' lang='grc' dir='ltr'><strong><em>ιο</em></strong></span> 
     </span>
    </p>
   </div>
   <div class='ocr_carea' id='block_1_67' title="bbox 154 3382 1853 3456">
    <p class='ocr_par' dir='ltr' id='par_1_67' title="bbox 154 3382 1853 3456">
     <span class='ocr_line' id='line_1_67' title="bbox 154 3382 1853 3456; baseline -0.001 -15"><span class='ocrx_word' id='word_1_482' title='bbox 154 3382 345 3441; x_wconf 89' lang='lat' dir='ltr'><strong>Primo</strong></span> <span class='ocrx_word' id='word_1_483' title='bbox 396 3384 577 3456; x_wconf 86' lang='lat' dir='ltr'><strong>igitur</strong></span> <span class='ocrx_word' id='word_1_484' title='bbox 646 3384 1030 3450; x_wconf 89' lang='lat' dir='ltr'><strong>Boemundus,</strong></span> <span class='ocrx_word' id='word_1_485' title='bbox 1085 3384 1337 3440; x_wconf 89' lang='lat' dir='ltr'><strong>secundo</strong></span> <span class='ocrx_word' id='word_1_486' title='bbox 1391 3384 1581 3440; x_wconf 90' lang='lat' dir='ltr'><strong>Sancti</strong></span> <span class='ocrx_word' id='word_1_487' title='bbox 1661 3384 1853 3455; x_wconf 90' lang='lat' dir='ltr'><strong>Egidii</strong></span> 
     </span>
    </p>
   </div>
   <div class='ocr_carea' id='block_1_68' title="bbox 155 3470 1850 3543">
    <p class='ocr_par' dir='ltr' id='par_1_68' title="bbox 155 3470 1850 3543">
     <span class='ocr_line' id='line_1_68' title="bbox 155 3470 1850 3543; baseline -0.001 -14"><span class='ocrx_word' id='word_1_488' title='bbox 155 3485 365 3539; x_wconf 89' lang='lat' dir='ltr'><strong>comes,</strong></span> <span class='ocrx_word' id='word_1_489' title='bbox 426 3474 588 3543; x_wconf 84' lang='lat' dir='ltr'><strong>Hugo</strong></span> <span class='ocrx_word' id='word_1_490' title='bbox 642 3473 906 3543; x_wconf 88' lang='lat' dir='ltr'><strong>Magnus,</strong></span> <span class='ocrx_word' id='word_1_491' title='bbox 983 3470 1266 3528; x_wconf 82' lang='lat' dir='ltr'><strong>Rohertus</strong></span> <span class='ocrx_word' id='word_1_492' title='bbox 1338 3471 1850 3542; x_wconf 89' lang='lat' dir='ltr'><strong>Northmannicus,</strong></span> 
     </span>
    </p>
   </div>
   <div class='ocr_carea' id='block_1_69' title="bbox 156 3558 1853 3629">
    <p class='ocr_par' dir='ltr' id='par_1_69' title="bbox 156 3558 1853 3629">
     <span class='ocr_line' id='line_1_69' title="bbox 156 3558 1853 3629; baseline -0.001 -12"><span class='ocrx_word' id='word_1_493' title='bbox 156 3561 281 3617; x_wconf 86' lang='lat' dir='ltr'><strong>dux</strong></span> <span class='ocrx_word' id='word_1_494' title='bbox 346 3559 704 3623; x_wconf 87' lang='lat' dir='ltr'><strong>Godefridns,</strong></span> <span class='ocrx_word' id='word_1_495' title='bbox 775 3573 1081 3628; x_wconf 89' lang='lat' dir='ltr'><strong>comesque</strong></span> <span class='ocrx_word' id='word_1_496' title='bbox 1141 3558 1527 3625; x_wconf 87' lang='lat' dir='ltr'><strong>Flandrensis,</strong></span> <span class='ocrx_word' id='word_1_497' title='bbox 1586 3559 1709 3629; x_wconf 91' lang='lat' dir='ltr'><strong>pari</strong></span> <span class='ocrx_word' id='word_1_498' title='bbox 1793 3573 1853 3616; x_wconf 91' lang='lat' dir='ltr'><strong>se</strong></span> 
     </span>
    </p>
   </div>
   <div class='ocr_carea' id='block_1_70' title="bbox 157 3647 1852 3719">
    <p class='ocr_par' dir='ltr' id='par_1_70' title="bbox 157 3647 1852 3719">
     <span class='ocr_line' id='line_1_70' title="bbox 157 3647 1852 3719; baseline 0.001 -16"><span class='ocrx_word' id='word_1_499' title='bbox 157 3662 460 3719; x_wconf 87' lang='lat' dir='ltr'><strong>nunquam</strong></span> <span class='ocrx_word' id='word_1_500' title='bbox 513 3648 669 3718; x_wconf 92' lang='lat' dir='ltr'><strong>quod</strong></span> <span class='ocrx_word' id='word_1_501' title='bbox 728 3654 1021 3717; x_wconf 85' lang='lat' dir='ltr'><strong>coeperant</strong></span> <span class='ocrx_word' id='word_1_502' title='bbox 1075 3647 1422 3712; x_wconf 87' lang='lat' dir='ltr'><strong>deserturos,</strong></span> <span class='ocrx_word' id='word_1_503' title='bbox 1490 3648 1852 3704; x_wconf 91' lang='lat' dir='ltr'><strong>animositate</strong></span> 
     </span>
    </p>
   </div>
   <div class='ocr_carea' id='block_1_71' title="bbox 150 3734 1849 3807">
    <p class='ocr_par' dir='ltr' id='par_1_71' title="bbox 150 3734 1849 3807">
     <span class='ocr_line' id='line_1_71' title="bbox 150 3734 1849 3807; baseline -0.001 -15"><span class='ocrx_word' id='word_1_504' title='bbox 150 3737 448 3807; x_wconf 87' lang='lat' dir='ltr'><strong>jurarunt.</strong></span> <span class='ocrx_word' id='word_1_505' title='bbox 513 3739 585 3792; x_wconf 87' lang='lat' dir='ltr'><strong>At</strong></span> <span class='ocrx_word' id='word_1_506' title='bbox 631 3736 963 3791; x_wconf 86' lang='lat' dir='ltr'><strong>Tancredus</strong></span> <span class='ocrx_word' id='word_1_507' title='bbox 986 3748 1056 3790; x_wconf 92' lang='lat' dir='ltr'><strong>ea</strong></span> <span class='ocrx_word' id='word_1_508' title='bbox 1093 3734 1417 3790; x_wconf 91' lang='lat' dir='ltr'><strong>conditione</strong></span> <span class='ocrx_word' id='word_1_509' title='bbox 1440 3736 1661 3805; x_wconf 89' lang='lat' dir='ltr'><strong>juravit</strong></span> <span class='ocrx_word' id='word_1_510' title='bbox 1692 3737 1849 3806; x_wconf 88' lang='lat' dir='ltr'><strong>quia,</strong></span> 
     </span>
    </p>
   </div>
   <div class='ocr_carea' id='block_1_72' title="bbox 160 3822 1849 3896">
    <p class='ocr_par' dir='ltr' id='par_1_72' title="bbox 160 3822 1849 3896">
     <span class='ocr_line' id='line_1_72' title="bbox 160 3822 1849 3896; baseline -0.001 -15"><span class='ocrx_word' id='word_1_511' title='bbox 160 3824 422 3896; x_wconf 86' lang='lat' dir='ltr'><strong>quandiu</strong></span> <span class='ocrx_word' id='word_1_512' title='bbox 460 3824 855 3895; x_wconf 89' lang='lat' dir='ltr'><strong>quadraginta</strong></span> <span class='ocrx_word' id='word_1_513' title='bbox 906 3823 1153 3878; x_wconf 90' lang='lat' dir='ltr'><strong>militum</strong></span> <span class='ocrx_word' id='word_1_514' title='bbox 1195 3822 1474 3894; x_wconf 76' lang='lat' dir='ltr'><strong>suﬁragio</strong></span> <span class='ocrx_word' id='word_1_515' title='bbox 1504 3824 1609 3879; x_wconf 90' lang='lat' dir='ltr'><strong>niti</strong></span> <span class='ocrx_word' id='word_1_516' title='bbox 1645 3830 1849 3893; x_wconf 88' lang='lat' dir='ltr'><strong>posset,</strong></span> 
     </span>
    </p>
   </div>
   <div class='ocr_carea' id='block_1_73' title="bbox 159 3911 1862 3982">
    <p class='ocr_par' dir='ltr' id='par_1_73' title="bbox 159 3911 1862 3982">
     <span class='ocr_line' id='line_1_73' title="bbox 159 3911 1862 3982; baseline -0.002 -12"><span class='ocrx_word' id='word_1_517' title='bbox 159 3928 273 3970; x_wconf 89' lang='lat' dir='ltr'><strong>non</strong></span> <span class='ocrx_word' id='word_1_518' title='bbox 297 3912 507 3969; x_wconf 90' lang='lat' dir='ltr'><strong>solum-</strong></span> <span class='ocrx_word' id='word_1_519' title='bbox 532 3926 605 3967; x_wconf 91' lang='lat' dir='ltr'><strong>ex</strong></span> <span class='ocrx_word' id='word_1_520' title='bbox 636 3926 705 3967; x_wconf 90' lang='lat' dir='ltr'><strong>ea</strong></span> <span class='ocrx_word' id='word_1_521' title='bbox 735 3924 915 3982; x_wconf 90' lang='lat' dir='ltr'><strong>quam</strong></span> <span class='ocrx_word' id='word_1_522' title='bbox 967 3912 1339 3981; x_wconf 89' lang='lat' dir='ltr'><strong>patiebantur</strong></span> <span class='ocrx_word' id='word_1_523' title='bbox 1367 3920 1529 3979; x_wconf 90' lang='lat' dir='ltr'><strong>tunc,</strong></span> <span class='ocrx_word' id='word_1_524' title='bbox 1560 3911 1862 3967; x_wconf 80' lang='lat' dir='ltr'><strong>obsidione</strong></span> 
     </span>
    </p>
   </div>
   <div class='ocr_carea' id='block_1_74' title="bbox 160 3998 1854 4070">
    <p class='ocr_par' dir='ltr' id='par_1_74' title="bbox 160 3998 1854 4070">
     <span class='ocr_line' id='line_1_74' title="bbox 160 3998 1854 4070; baseline -0.001 -14"><span class='ocrx_word' id='word_1_525' title='bbox 160 4005 309 4056; x_wconf 75' lang='lat' dir='ltr'><strong>4l3</strong></span> <span class='ocrx_word' id='word_1_526' title='bbox 339 4015 457 4056; x_wconf 88' lang='lat' dir='ltr'><strong>sese</strong></span> <span class='ocrx_word' id='word_1_527' title='bbox 495 4013 869 4070; x_wconf 87' lang='lat' dir='ltr'><strong>nequaquam</strong></span> <span class='ocrx_word' id='word_1_528' title='bbox 898 3999 1268 4067; x_wconf 89' lang='lat' dir='ltr'><strong>subduceret,</strong></span> <span class='ocrx_word' id='word_1_529' title='bbox 1317 3999 1413 4054; x_wconf 89' lang='lat' dir='ltr'><strong>sed</strong></span> <span class='ocrx_word' id='word_1_530' title='bbox 1445 4013 1550 4055; x_wconf 88' lang='lat' dir='ltr'><strong>nec</strong></span> <span class='ocrx_word' id='word_1_531' title='bbox 1606 3998 1679 4054; x_wconf 91' lang='lat' dir='ltr'><strong>ah</strong></span> <span class='ocrx_word' id='word_1_532' title='bbox 1724 3999 1854 4055; x_wconf 84' lang='lat' dir='ltr'><strong>Hie-</strong></span> 
     </span>
    </p>
   </div>
   <div class='ocr_carea' id='block_1_75' title="bbox 163 4087 1853 4157">
    <p class='ocr_par' dir='ltr' id='par_1_75' title="bbox 163 4087 1853 4157">
     <span class='ocr_line' id='line_1_75' title="bbox 163 4087 1853 4157; baseline -0.001 -12"><span class='ocrx_word' id='word_1_533' title='bbox 163 4088 571 4157; x_wconf 87' lang='lat' dir='ltr'><strong>rosolymorum</strong></span> <span class='ocrx_word' id='word_1_534' title='bbox 611 4088 814 4144; x_wconf 89' lang='lat' dir='ltr'><strong>itinere</strong></span> <span class='ocrx_word' id='word_1_535' title='bbox 858 4087 1088 4154; x_wconf 89' lang='lat' dir='ltr'><strong>abduci,</strong></span> <span class='ocrx_word' id='word_1_536' title='bbox 1139 4087 1250 4144; x_wconf 90' lang='lat' dir='ltr'><strong>nisi</strong></span> <span class='ocrx_word' id='word_1_537' title='bbox 1282 4088 1453 4143; x_wconf 89' lang='lat' dir='ltr'><strong>obvia</strong></span> <span class='ocrx_word' id='word_1_538' title='bbox 1479 4095 1659 4143; x_wconf 91' lang='lat' dir='ltr'><strong>morte</strong></span> <span class='ocrx_word' id='word_1_539' title='bbox 1698 4087 1853 4143; x_wconf 89' lang='lat' dir='ltr'><strong>vale-</strong></span> 
     </span>
    </p>
   </div>
   <div class='ocr_carea' id='block_1_76' title="bbox 1960 2941 3661 3014">
    <p class='ocr_par' dir='ltr' id='par_1_76' title="bbox 1960 2941 3661 3014">
     <span class='ocr_line' id='line_1_76' title="bbox 1960 2941 3661 3014; baseline -0.003 -12"><span class='ocrx_word' id='word_1_540' title='bbox 1960 2959 2113 3011; x_wconf 91' lang='lat' dir='ltr'><strong>rans,</strong></span> <span class='ocrx_word' id='word_1_541' title='bbox 2141 2944 2418 3001; x_wconf 90' lang='lat' dir='ltr'><strong>mendacii</strong></span> <span class='ocrx_word' id='word_1_542' title='bbox 2467 2943 2654 3000; x_wconf 89' lang='lat' dir='ltr'><strong>simile</strong></span> <span class='ocrx_word' id='word_1_543' title='bbox 2699 2943 2839 3014; x_wconf 89' lang='lat' dir='ltr'><strong>quid</strong></span> <span class='ocrx_word' id='word_1_544' title='bbox 2877 2943 3177 3013; x_wconf 87' lang='lat' dir='ltr'><strong>putabant,</strong></span> <span class='ocrx_word' id='word_1_545' title='bbox 3212 2942 3474 3012; x_wconf 91' lang='lat' dir='ltr'><strong>undique</strong></span> <span class='ocrx_word' id='word_1_546' title='bbox 3505 2941 3661 2998; x_wconf 88' lang='lat' dir='ltr'><strong>enim</strong></span> 
     </span>
    </p>
   </div>
   <div class='ocr_carea' id='block_1_77' title="bbox 1960 3030 3663 3105">
    <p class='ocr_par' dir='ltr' id='par_1_77' title="bbox 1960 3030 3663 3105">
     <span class='ocr_line' id='line_1_77' title="bbox 1960 3030 3663 3105; baseline -0.003 -15"><span class='ocrx_word' id='word_1_547' title='bbox 1960 3048 2056 3091; x_wconf 92' lang='lat' dir='ltr'><strong>eos</strong></span> <span class='ocrx_word' id='word_1_548' title='bbox 2111 3032 2708 3105; x_wconf 89' lang='lat' dir='ltr'><strong>circumcingentibus</strong></span> <span class='ocrx_word' id='word_1_549' title='bbox 2752 3032 2935 3096; x_wconf 91' lang='lat' dir='ltr'><strong>malis,</strong></span> <span class='ocrx_word' id='word_1_550' title='bbox 2992 3044 3152 3101; x_wconf 88' lang='lat' dir='ltr'><strong>spem</strong></span> <span class='ocrx_word' id='word_1_551' title='bbox 3210 3030 3471 3100; x_wconf 88' lang='lat' dir='ltr'><strong>aliquam</strong></span> <span class='ocrx_word' id='word_1_552' title='bbox 3533 3030 3663 3099; x_wconf 90' lang='lat' dir='ltr'><strong>ejus</strong></span> 
     </span>
    </p>
   </div>
   <div class='ocr_carea' id='block_1_78' title="bbox 1960 3116 3659 3191">
    <p class='ocr_par' dir='ltr' id='par_1_78' title="bbox 1960 3116 3659 3191">
     <span class='ocr_line' id='line_1_78' title="bbox 1960 3116 3659 3191; baseline -0.003 -14"><span class='ocrx_word' id='word_1_553' title='bbox 1960 3122 2259 3191; x_wconf 90' lang='lat' dir='ltr'><strong>concipere</strong></span> <span class='ocrx_word' id='word_1_554' title='bbox 2289 3121 2371 3178; x_wconf 91' lang='lat' dir='ltr'><strong>rei</strong></span> <span class='ocrx_word' id='word_1_555' title='bbox 2422 3120 2755 3177; x_wconf 90' lang='lat' dir='ltr'><strong>nullatenus</strong></span> <span class='ocrx_word' id='word_1_556' title='bbox 2802 3126 3084 3190; x_wconf 89' lang='lat' dir='ltr'><strong>poterant.</strong></span> <span class='ocrx_word' id='word_1_557' title='bbox 3119 3121 3194 3175; x_wconf 84' lang='lat' dir='ltr'><strong>At</strong></span> <span class='ocrx_word' id='word_1_558' title='bbox 3246 3118 3338 3174; x_wconf 92' lang='lat' dir='ltr'><strong>ille</strong></span> <span class='ocrx_word' id='word_1_559' title='bbox 3369 3116 3659 3187; x_wconf 88' lang='lat' dir='ltr'><strong>pertinax,</strong></span> 
     </span>
    </p>
   </div>
   <div class='ocr_carea' id='block_1_79' title="bbox 1963 3205 3659 3279">
    <p class='ocr_par' dir='ltr' id='par_1_79' title="bbox 1963 3205 3659 3279">
     <span class='ocr_line' id='line_1_79' title="bbox 1963 3205 3659 3279; baseline -0.003 -14"><span class='ocrx_word' id='word_1_560' title='bbox 1963 3217 2020 3266; x_wconf 91' lang='lat' dir='ltr'><strong>et</strong></span> <span class='ocrx_word' id='word_1_561' title='bbox 2101 3224 2173 3265; x_wconf 83' lang='lat' dir='ltr'><strong>ex</strong></span> <span class='ocrx_word' id='word_1_562' title='bbox 2264 3208 2558 3279; x_wconf 86' lang='lat' dir='ltr'><strong>apostolici</strong></span> <span class='ocrx_word' id='word_1_563' title='bbox 2641 3207 2922 3264; x_wconf 89' lang='lat' dir='ltr'><strong>sermonis</strong></span> <span class='ocrx_word' id='word_1_564' title='bbox 2996 3207 3336 3263; x_wconf 87' lang='lat' dir='ltr'><strong>auctoritate</strong></span> <span class='ocrx_word' id='word_1_565' title='bbox 3409 3205 3659 3273; x_wconf 89' lang='lat' dir='ltr'><strong>solidior,</strong></span> 
     </span>
    </p>
   </div>
   <div class='ocr_carea' id='block_1_80' title="bbox 1960 3292 3662 3365">
    <p class='ocr_par' dir='ltr' id='par_1_80' title="bbox 1960 3292 3662 3365">
     <span class='ocr_line' id='line_1_80' title="bbox 1960 3292 3662 3365; baseline -0.003 -12"><span class='ocrx_word' id='word_1_566' title='bbox 1960 3298 2324 3353; x_wconf 89' lang='lat' dir='ltr'><strong>asseverabat</strong></span> <span class='ocrx_word' id='word_1_567' title='bbox 2403 3296 2509 3353; x_wconf 91' lang='lat' dir='ltr'><strong>sibi</strong></span> <span class='ocrx_word' id='word_1_568' title='bbox 2578 3296 2917 3365; x_wconf 87' lang='lat' dir='ltr'><strong>apparuisse</strong></span> <span class='ocrx_word' id='word_1_569' title='bbox 2987 3293 3310 3364; x_wconf 89' lang='lat' dir='ltr'><strong>apostolum</strong></span> <span class='ocrx_word' id='word_1_570' title='bbox 3361 3301 3415 3350; x_wconf 92' lang='lat' dir='ltr'><strong>et</strong></span> <span class='ocrx_word' id='word_1_571' title='bbox 3462 3293 3550 3349; x_wconf 90' lang='lat' dir='ltr'><strong>bis</strong></span> <span class='ocrx_word' id='word_1_572' title='bbox 3603 3292 3662 3348; x_wconf 92' lang='lat' dir='ltr'><strong>in</strong></span> 
     </span>
    </p>
   </div>
   <div class='ocr_carea' id='block_1_81' title="bbox 1958 3379 3665 3452">
    <p class='ocr_par' dir='ltr' id='par_1_81' title="bbox 1958 3379 3665 3452">
     <span class='ocr_line' id='line_1_81' title="bbox 1958 3379 3665 3452; baseline -0.004 -11"><span class='ocrx_word' id='word_1_573' title='bbox 1958 3385 2179 3441; x_wconf 87' lang='lat' dir='ltr'><strong>visione</strong></span> <span class='ocrx_word' id='word_1_574' title='bbox 2234 3384 2448 3440; x_wconf 88' lang='lat' dir='ltr'><strong>dixisse</strong></span> <span class='ocrx_word' id='word_1_575' title='bbox 2490 3398 2503 3438; x_wconf 90' lang='lat'><strong>:</strong></span> <span class='ocrx_word' id='word_1_576' title='bbox 2558 3405 2580 3432; x_wconf 84' lang='grc'><strong>«</strong></span> <span class='ocrx_word' id='word_1_577' title='bbox 2632 3384 2899 3452; x_wconf 90' lang='lat' dir='ltr'><strong>Propera,</strong></span> <span class='ocrx_word' id='word_1_578' title='bbox 2958 3388 3015 3437; x_wconf 90' lang='lat' dir='ltr'><strong>et</strong></span> <span class='ocrx_word' id='word_1_579' title='bbox 3069 3381 3259 3438; x_wconf 88' lang='lat' dir='ltr'><strong>dicere</strong></span> <span class='ocrx_word' id='word_1_580' title='bbox 3311 3379 3665 3450; x_wconf 89' lang='lat' dir='ltr'><strong>quantocius</strong></span> 
     </span>
    </p>
   </div>
   <div class='ocr_carea' id='block_1_82' title="bbox 1959 3468 3665 3540">
    <p class='ocr_par' dir='ltr' id='par_1_82' title="bbox 1959 3468 3665 3540">
     <span class='ocr_line' id='line_1_82' title="bbox 1959 3468 3665 3540; baseline -0.004 -11"><span class='ocrx_word' id='word_1_581' title='bbox 1959 3473 2183 3529; x_wconf 78' lang='lat' dir='ltr'><strong>militiae</strong></span> <span class='ocrx_word' id='word_1_582' title='bbox 2249 3472 2475 3528; x_wconf 90' lang='lat' dir='ltr'><strong>Domini</strong></span> <span class='ocrx_word' id='word_1_583' title='bbox 2532 3470 2870 3540; x_wconf 89' lang='lat' dir='ltr'><strong>periclitanti</strong></span> <span class='ocrx_word' id='word_1_584' title='bbox 2923 3484 2996 3526; x_wconf 92' lang='lat' dir='ltr'><strong>ne</strong></span> <span class='ocrx_word' id='word_1_585' title='bbox 3064 3468 3312 3535; x_wconf 79' lang='lat' dir='ltr'><strong>differas,</strong></span> <span class='ocrx_word' id='word_1_586' title='bbox 3373 3475 3665 3538; x_wconf 88' lang='lat' dir='ltr'><strong>quatenus</strong></span> 
     </span>
    </p>
   </div>
   <div class='ocr_carea' id='block_1_83' title="bbox 1962 3554 3666 3627">
    <p class='ocr_par' dir='ltr' id='par_1_83' title="bbox 1962 3554 3666 3627">
     <span class='ocr_line' id='line_1_83' title="bbox 1962 3554 3666 3627; baseline -0.005 -10"><span class='ocrx_word' id='word_1_587' title='bbox 1962 3561 2163 3618; x_wconf 90' lang='lat' dir='ltr'><strong>timore</strong></span> <span class='ocrx_word' id='word_1_588' title='bbox 2215 3573 2448 3616; x_wconf 89' lang='lat' dir='ltr'><strong>recusso</strong></span> <span class='ocrx_word' id='word_1_589' title='bbox 2511 3559 2626 3614; x_wconf 90' lang='lat' dir='ltr'><strong>Deo</strong></span> <span class='ocrx_word' id='word_1_590' title='bbox 2670 3557 3029 3627; x_wconf 90' lang='lat' dir='ltr'><strong>adjutorium</strong></span> <span class='ocrx_word' id='word_1_591' title='bbox 3078 3555 3365 3626; x_wconf 89' lang='lat' dir='ltr'><strong>pollicenti</strong></span> <span class='ocrx_word' id='word_1_592' title='bbox 3419 3554 3666 3610; x_wconf 90' lang='lat' dir='ltr'><strong>indubia</strong></span> 
     </span>
    </p>
   </div>
   <div class='ocr_carea' id='block_1_84' title="bbox 1960 3642 3664 3715">
    <p class='ocr_par' dir='ltr' id='par_1_84' title="bbox 1960 3642 3664 3715">
     <span class='ocr_line' id='line_1_84' title="bbox 1960 3642 3664 3715; baseline -0.004 -12"><span class='ocrx_word' id='word_1_593' title='bbox 1960 3648 2071 3703; x_wconf 87' lang='lat' dir='ltr'><strong>ﬁde</strong></span> <span class='ocrx_word' id='word_1_594' title='bbox 2115 3648 2431 3713; x_wconf 65' lang='lat' dir='ltr'><strong>cohaereat;</strong></span> <span class='ocrx_word' id='word_1_595' title='bbox 2486 3647 2630 3701; x_wconf 89' lang='lat' dir='ltr'><strong>citra</strong></span> <span class='ocrx_word' id='word_1_596' title='bbox 2657 3646 2812 3700; x_wconf 90' lang='lat' dir='ltr'><strong>enim</strong></span> <span class='ocrx_word' id='word_1_597' title='bbox 2858 3644 3122 3715; x_wconf 90' lang='lat' dir='ltr'><strong>quinque</strong></span> <span class='ocrx_word' id='word_1_598' title='bbox 3150 3643 3376 3699; x_wconf 89' lang='lat' dir='ltr'><strong>dierum</strong></span> <span class='ocrx_word' id='word_1_599' title='bbox 3408 3642 3664 3712; x_wconf 90' lang='lat' dir='ltr'><strong>spatium</strong></span> 
     </span>
    </p>
   </div>
   <div class='ocr_carea' id='block_1_85' title="bbox 1958 3729 3663 3806">
    <p class='ocr_par' dir='ltr' id='par_1_85' title="bbox 1958 3729 3663 3806">
     <span class='ocr_line' id='line_1_85' title="bbox 1958 3729 3663 3806; baseline -0.004 -14"><span class='ocrx_word' id='word_1_600' title='bbox 1958 3736 2073 3792; x_wconf 86' lang='lat' dir='ltr'><strong>tale</strong></span> <span class='ocrx_word' id='word_1_601' title='bbox 2103 3735 2245 3806; x_wconf 91' lang='lat' dir='ltr'><strong>quid</strong></span> <span class='ocrx_word' id='word_1_602' title='bbox 2279 3734 2555 3791; x_wconf 91' lang='lat' dir='ltr'><strong>Dominus</strong></span> <span class='ocrx_word' id='word_1_603' title='bbox 2585 3732 2877 3799; x_wconf 89' lang='lat' dir='ltr'><strong>revelabit,</strong></span> <span class='ocrx_word' id='word_1_604' title='bbox 2924 3746 3025 3802; x_wconf 92' lang='lat' dir='ltr'><strong>per</strong></span> <span class='ocrx_word' id='word_1_605' title='bbox 3054 3731 3206 3802; x_wconf 85' lang='lat' dir='ltr'><strong>quod</strong></span> <span class='ocrx_word' id='word_1_606' title='bbox 3242 3731 3422 3787; x_wconf 89' lang='lat' dir='ltr'><strong>multo</strong></span> <span class='ocrx_word' id='word_1_607' title='bbox 3449 3729 3663 3801; x_wconf 91' lang='lat' dir='ltr'><strong>gaudio</strong></span> 
     </span>
    </p>
   </div>
   <div class='ocr_carea' id='block_1_86' title="bbox 1961 3819 3660 3893">
    <p class='ocr_par' dir='ltr' id='par_1_86' title="bbox 1961 3819 3660 3893">
     <span class='ocr_line' id='line_1_86' title="bbox 1961 3819 3660 3893; baseline -0.004 -15"><span class='ocrx_word' id='word_1_608' title='bbox 1961 3837 2068 3879; x_wconf 90' lang='lat' dir='ltr'><strong>sua</strong></span> <span class='ocrx_word' id='word_1_609' title='bbox 2113 3830 2343 3893; x_wconf 90' lang='lat' dir='ltr'><strong>pectora</strong></span> <span class='ocrx_word' id='word_1_610' title='bbox 2399 3821 2707 3891; x_wconf 87' lang='lat' dir='ltr'><strong>revelabit;</strong></span> <span class='ocrx_word' id='word_1_611' title='bbox 2753 3829 2808 3877; x_wconf 92' lang='lat' dir='ltr'><strong>et</strong></span> <span class='ocrx_word' id='word_1_612' title='bbox 2837 3822 2881 3876; x_wconf 92' lang='lat' dir='ltr'><strong>si</strong></span> <span class='ocrx_word' id='word_1_613' title='bbox 2916 3819 3180 3890; x_wconf 60' lang='lat' dir='ltr'><strong>praelium</strong></span> <span class='ocrx_word' id='word_1_614' title='bbox 3214 3820 3296 3874; x_wconf 90' lang='lat' dir='ltr'><strong>eis</strong></span> <span class='ocrx_word' id='word_1_615' title='bbox 3354 3819 3660 3890; x_wconf 90' lang='lat' dir='ltr'><strong>ingruerit,</strong></span> 
     </span>
    </p>
   </div>
   <div class='ocr_carea' id='block_1_87' title="bbox 1962 3906 3666 3981">
    <p class='ocr_par' dir='ltr' id='par_1_87' title="bbox 1962 3906 3666 3981">
     <span class='ocr_line' id='line_1_87' title="bbox 1962 3906 3666 3981; baseline -0.003 -14"><span class='ocrx_word' id='word_1_616' title='bbox 1962 3912 2070 3967; x_wconf 92' lang='lat' dir='ltr'><strong>hoc</strong></span> <span class='ocrx_word' id='word_1_617' title='bbox 2110 3924 2273 3966; x_wconf 90' lang='lat' dir='ltr'><strong>sacro</strong></span> <span class='ocrx_word' id='word_1_618' title='bbox 2323 3918 2617 3981; x_wconf 64' lang='lat' dir='ltr'><strong>praeeunte</strong></span> <span class='ocrx_word' id='word_1_619' title='bbox 2687 3909 2873 3979; x_wconf 88' lang='lat' dir='ltr'><strong>signo,</strong></span> <span class='ocrx_word' id='word_1_620' title='bbox 2932 3908 3120 3965; x_wconf 90' lang='lat' dir='ltr'><strong>omnis</strong></span> <span class='ocrx_word' id='word_1_621' title='bbox 3205 3907 3311 3964; x_wconf 90' lang='lat' dir='ltr'><strong>sibi</strong></span> <span class='ocrx_word' id='word_1_622' title='bbox 3384 3906 3666 3962; x_wconf 90' lang='lat' dir='ltr'><strong>hostilitas</strong></span> 
     </span>
    </p>
   </div>
   <div class='ocr_carea' id='block_1_88' title="bbox 1964 3996 3662 4067">
    <p class='ocr_par' dir='ltr' id='par_1_88' title="bbox 1964 3996 3662 4067">
     <span class='ocr_line' id='line_1_88' title="bbox 1964 3996 3662 4067; baseline -0.003 -12"><span class='ocrx_word' id='word_1_623' title='bbox 1964 3999 2188 4055; x_wconf 90' lang='lat' dir='ltr'><strong>devicta</strong></span> <span class='ocrx_word' id='word_1_624' title='bbox 2228 4013 2364 4055; x_wconf 81' lang='lat' dir='ltr'><strong>mox</strong></span> <span class='ocrx_word' id='word_1_625' title='bbox 2393 3998 2629 4054; x_wconf 88' lang='lat' dir='ltr'><strong>suberit.</strong></span> <span class='ocrx_word' id='word_1_626' title='bbox 2666 4020 2695 4046; x_wconf 85' lang='grc'><strong>››</strong></span> <span class='ocrx_word' id='word_1_627' title='bbox 2745 3998 2974 4067; x_wconf 74' lang='lat' dir='ltr'><strong>Cmpere</strong></span> <span class='ocrx_word' id='word_1_628' title='bbox 3001 3997 3220 4053; x_wconf 88' lang='lat' dir='ltr'><strong>interea</strong></span> <span class='ocrx_word' id='word_1_629' title='bbox 3251 3997 3324 4052; x_wconf 91' lang='lat' dir='ltr'><strong>ad</strong></span> <span class='ocrx_word' id='word_1_630' title='bbox 3373 3996 3662 4051; x_wconf 90' lang='lat' dir='ltr'><strong>dictorum</strong></span> 
     </span>
    </p>
   </div>
   <div class='ocr_carea' id='block_1_89' title="bbox 1964 4084 3666 4144">
    <p class='ocr_par' dir='ltr' id='par_1_89' title="bbox 1964 4084 3666 4144">
     <span class='ocr_line' id='line_1_89' title="bbox 1964 4084 3666 4144; baseline -0.002 -3"><span class='ocrx_word' id='word_1_631' title='bbox 1964 4087 2120 4143; x_wconf 89' lang='lat' dir='ltr'><strong>illius</strong></span> <span class='ocrx_word' id='word_1_632' title='bbox 2174 4087 2577 4144; x_wconf 88' lang='lat' dir='ltr'><strong>credulitatem</strong></span> <span class='ocrx_word' id='word_1_633' title='bbox 2638 4087 2838 4142; x_wconf 91' lang='lat' dir='ltr'><strong>sedula</strong></span> <span class='ocrx_word' id='word_1_634' title='bbox 2893 4085 3144 4141; x_wconf 91' lang='lat' dir='ltr'><strong>hominis</strong></span> <span class='ocrx_word' id='word_1_635' title='bbox 3201 4084 3357 4141; x_wconf 89' lang='lat' dir='ltr'><strong>illius</strong></span> <span class='ocrx_word' id='word_1_636' title='bbox 3396 4084 3666 4140; x_wconf 90' lang='lat' dir='ltr'><strong>suasione</strong></span> 
     </span>
    </p>
   </div>
   <div class='ocr_carea' id='block_1_90' title="bbox 165 4170 3665 4244">
    <p class='ocr_par' dir='ltr' id='par_1_90' title="bbox 165 4170 3665 4244">
     <span class='ocr_line' id='line_1_90' title="bbox 165 4170 3665 4244; baseline -0.002 -13"><span class='ocrx_word' id='word_1_637' title='bbox 165 4185 264 4232; x_wconf 89' lang='lat' dir='ltr'><strong>ret.</strong></span> <span class='ocrx_word' id='word_1_638' title='bbox 292 4176 428 4243; x_wconf 61' lang='lat' dir='ltr'><strong>Quae</strong></span> <span class='ocrx_word' id='word_1_639' title='bbox 460 4190 549 4232; x_wconf 92' lang='lat' dir='ltr'><strong>res</strong></span> <span class='ocrx_word' id='word_1_640' title='bbox 579 4176 778 4231; x_wconf 90' lang='lat' dir='ltr'><strong>audita</strong></span> <span class='ocrx_word' id='word_1_641' title='bbox 803 4175 1123 4231; x_wconf 89' lang='lat' dir='ltr'><strong>minoribus</strong></span> <span class='ocrx_word' id='word_1_642' title='bbox 1144 4189 1414 4244; x_wconf 89' lang='lat' dir='ltr'><strong>magnam</strong></span> <span class='ocrx_word' id='word_1_643' title='bbox 1441 4175 1500 4230; x_wconf 90' lang='lat' dir='ltr'><strong>in</strong></span> <span class='ocrx_word' id='word_1_644' title='bbox 1523 4176 1698 4231; x_wconf 91' lang='lat' dir='ltr'><strong>totius</strong></span> <span class='ocrx_word' id='word_1_645' title='bbox 1715 4175 1852 4231; x_wconf 83' lang='lat' dir='ltr'><strong>sub-</strong></span> <span class='ocrx_word' id='word_1_646' title='bbox 1894 4170 1940 4224; x_wconf 88' lang='grc' dir='ltr'><strong>Ι)</strong></span> <span class='ocrx_word' id='word_1_647' title='bbox 1966 4176 2157 4231; x_wconf 87' lang='lat' dir='ltr'><strong>vocari</strong></span> <span class='ocrx_word' id='word_1_648' title='bbox 2196 4182 2249 4231; x_wconf 91' lang='lat' dir='ltr'><strong>et</strong></span> <span class='ocrx_word' id='word_1_649' title='bbox 2284 4174 2501 4230; x_wconf 88' lang='lat' dir='ltr'><strong>vicaria</strong></span> <span class='ocrx_word' id='word_1_650' title='bbox 2530 4174 2649 4244; x_wconf 89' lang='lat' dir='ltr'><strong>jam</strong></span> <span class='ocrx_word' id='word_1_651' title='bbox 2681 4173 3142 4240; x_wconf 92' lang='lat' dir='ltr'><strong>commonitione,</strong></span> <span class='ocrx_word' id='word_1_652' title='bbox 3177 4173 3299 4243; x_wconf 88' lang='lat' dir='ltr'><strong>spei</strong></span> <span class='ocrx_word' id='word_1_653' title='bbox 3326 4172 3665 4243; x_wconf 88' lang='lat' dir='ltr'><strong>qualiscun-</strong></span> 
     </span>
    </p>
   </div>
   <div class='ocr_carea' id='block_1_91' title="bbox 164 4263 1851 4335">
    <p class='ocr_par' dir='ltr' id='par_1_91' title="bbox 164 4263 1851 4335">
     <span class='ocr_line' id='line_1_91' title="bbox 164 4263 1851 4335; baseline -0.002 -15"><span class='ocrx_word' id='word_1_654' title='bbox 164 4265 320 4335; x_wconf 69' lang='lat' dir='ltr'><strong>jectaa</strong></span> <span class='ocrx_word' id='word_1_655' title='bbox 339 4264 724 4320; x_wconf 88' lang='lat' dir='ltr'><strong>multitudinis</strong></span> <span class='ocrx_word' id='word_1_656' title='bbox 746 4264 1088 4333; x_wconf 88' lang='lat' dir='ltr'><strong>pectoribus,</strong></span> <span class='ocrx_word' id='word_1_657' title='bbox 1116 4263 1505 4320; x_wconf 85' lang='lat' dir='ltr'><strong>fortitudinem</strong></span> <span class='ocrx_word' id='word_1_658' title='bbox 1520 4264 1851 4333; x_wconf 87' lang='lat' dir='ltr'><strong>parturivit.</strong></span> 
     </span>
    </p>
   </div>
   <div class='ocr_carea' id='block_1_92' title="bbox 823 4352 1186 4409">
    <p class='ocr_par' dir='ltr' id='par_1_92' title="bbox 823 4352 1186 4409">
     <span class='ocr_line' id='line_1_92' title="bbox 823 4352 1186 4409; baseline -0.008 -1"><span class='ocrx_word' id='word_1_659' title='bbox 823 4352 1052 4408; x_wconf 80' lang='lat' dir='ltr'><strong>CAPUT</strong></span> <span class='ocrx_word' id='word_1_660' title='bbox 1091 4352 1186 4409; x_wconf 75' lang='grc' dir='ltr'><strong>ιν.</strong></span> 
     </span>
    </p>
   </div>
   <div class='ocr_carea' id='block_1_93' title="bbox 241 4438 1855 4512">
    <p class='ocr_par' dir='ltr' id='par_1_93' title="bbox 241 4438 1855 4512">
     <span class='ocr_line' id='line_1_93' title="bbox 241 4438 1855 4512; baseline -0.001 -16"><span class='ocrx_word' id='word_1_661' title='bbox 241 4438 444 4512; x_wconf 61' lang='lat' dir='ltr'><strong>[XIX]</strong></span> <span class='ocrx_word' id='word_1_662' title='bbox 479 4438 717 4496; x_wconf 86' lang='lat' dir='ltr'><strong>Cuidam</strong></span> <span class='ocrx_word' id='word_1_663' title='bbox 746 4440 1048 4510; x_wconf 78' lang='lat' dir='ltr'><strong>perva</strong></span> <span class='ocrx_word' id='word_1_664' title='bbox 1082 4440 1367 4504; x_wconf 83' lang='lat' dir='ltr'><strong>lanceam,</strong></span> <span class='ocrx_word' id='word_1_665' title='bbox 1391 4456 1507 4510; x_wconf 83' lang='lat' dir='ltr'><strong>qua</strong></span> <span class='ocrx_word' id='word_1_666' title='bbox 1528 4438 1751 4495; x_wconf 66' lang='lat' dir='ltr'><strong>Christi</strong></span> <span class='ocrx_word' id='word_1_667' title='bbox 1765 4440 1855 4495; x_wconf 89' lang='lat' dir='ltr'><strong>la-</strong></span> 
     </span>
    </p>
   </div>
   <div class='ocr_carea' id='block_1_94' title="bbox 102 4526 1854 4599">
    <p class='ocr_par' dir='ltr' id='par_1_94' title="bbox 102 4526 1854 4599">
     <span class='ocr_line' id='line_1_94' title="bbox 102 4526 1854 4599; baseline -0.001 -15"><span class='ocrx_word' id='word_1_668' title='bbox 102 4566 111 4573; x_wconf 83' lang='grc'><strong>-</strong></span> <span class='ocrx_word' id='word_1_669' title='bbox 167 4532 257 4584; x_wconf 74' lang='grc' dir='ltr'><strong>ιω</strong></span> <span class='ocrx_word' id='word_1_670' title='bbox 276 4530 634 4599; x_wconf 73' lang='lat' dir='ltr'><strong>perforatum</strong></span> <span class='ocrx_word' id='word_1_671' title='bbox 663 4531 767 4594; x_wconf 70' lang='lat' dir='ltr'><strong>est,</strong></span> <span class='ocrx_word' id='word_1_672' title='bbox 790 4526 853 4581; x_wconf 87' lang='lat' dir='ltr'><strong>in</strong></span> <span class='ocrx_word' id='word_1_673' title='bbox 875 4529 1235 4583; x_wconf 79' lang='lat' dir='ltr'><strong>Antiochena</strong></span> <span class='ocrx_word' id='word_1_674' title='bbox 1253 4526 1491 4582; x_wconf 70' lang='lat' dir='ltr'><strong>ecclesia</strong></span> <span class='ocrx_word' id='word_1_675' title='bbox 1515 4528 1854 4584; x_wconf 68' lang='lat' dir='ltr'><strong>absconsum</strong></span> 
     </span>
    </p>
   </div>
   <div class='ocr_carea' id='block_1_95' title="bbox 167 4616 1856 4687">
    <p class='ocr_par' dir='ltr' id='par_1_95' title="bbox 167 4616 1856 4687">
     <span class='ocr_line' id='line_1_95' title="bbox 167 4616 1856 4687; baseline 0.001 -15"><span class='ocrx_word' id='word_1_676' title='bbox 167 4617 400 4672; x_wconf 72' lang='lat' dir='ltr'><strong>ostendit</strong></span> <span class='ocrx_word' id='word_1_677' title='bbox 419 4620 480 4672; x_wconf 88' lang='grc' dir='ltr'><strong>Β.</strong></span> <span class='ocrx_word' id='word_1_678' title='bbox 504 4616 775 4671; x_wconf 72' lang='lat' dir='ltr'><strong>Andreas</strong></span> <span class='ocrx_word' id='word_1_679' title='bbox 801 4616 936 4687; x_wconf 71' lang='lat'><strong>(39.).</strong></span> <span class='ocrx_word' id='word_1_680' title='bbox 967 4647 1035 4656; x_wconf 94' lang='lat'><strong><em>—</em></strong></span> <span class='ocrx_word' id='word_1_681' title='bbox 1069 4618 1393 4685; x_wconf 84' lang='lat' dir='ltr'><strong>Antequam</strong></span> <span class='ocrx_word' id='word_1_682' title='bbox 1417 4630 1652 4687; x_wconf 87' lang='lat' dir='ltr'><strong>quoque</strong></span> <span class='ocrx_word' id='word_1_683' title='bbox 1666 4617 1856 4673; x_wconf 84' lang='lat' dir='ltr'><strong>Antio-</strong></span> 
     </span>
    </p>
   </div>
   <div class='ocr_carea' id='block_1_96' title="bbox 166 4702 1852 4773">
    <p class='ocr_par' dir='ltr' id='par_1_96' title="bbox 166 4702 1852 4773">
     <span class='ocr_line' id='line_1_96' title="bbox 166 4702 1852 4773; baseline 0.001 -14"><span class='ocrx_word' id='word_1_684' title='bbox 166 4703 342 4759; x_wconf 89' lang='lat' dir='ltr'><strong>chena</strong></span> <span class='ocrx_word' id='word_1_685' title='bbox 370 4702 575 4759; x_wconf 69' lang='lat' dir='ltr'><strong>civitas</strong></span> <span class='ocrx_word' id='word_1_686' title='bbox 617 4711 939 4773; x_wconf 89' lang='lat' dir='ltr'><strong>caperetur,</strong></span> <span class='ocrx_word' id='word_1_687' title='bbox 976 4704 1207 4760; x_wconf 87' lang='lat' dir='ltr'><strong>cuidam</strong></span> <span class='ocrx_word' id='word_1_688' title='bbox 1247 4703 1317 4759; x_wconf 92' lang='lat' dir='ltr'><strong>de</strong></span> <span class='ocrx_word' id='word_1_689' title='bbox 1360 4704 1640 4770; x_wconf 82' lang='lat' dir='ltr'><strong>exercitu,</strong></span> <span class='ocrx_word' id='word_1_690' title='bbox 1685 4705 1852 4761; x_wconf 91' lang='lat' dir='ltr'><strong>Petro</strong></span> 
     </span>
    </p>
   </div>
   <div class='ocr_carea' id='block_1_97' title="bbox 168 4789 1848 4861">
    <p class='ocr_par' dir='ltr' id='par_1_97' title="bbox 168 4789 1848 4861">
     <span class='ocr_line' id='line_1_97' title="bbox 168 4789 1848 4861; baseline 0.002 -16"><span class='ocrx_word' id='word_1_691' title='bbox 168 4789 410 4856; x_wconf 91' lang='lat' dir='ltr'><strong>nomine,</strong></span> <span class='ocrx_word' id='word_1_692' title='bbox 468 4790 617 4847; x_wconf 88' lang='lat' dir='ltr'><strong>beati</strong></span> <span class='ocrx_word' id='word_1_693' title='bbox 691 4791 932 4846; x_wconf 60' lang='lat' dir='ltr'><strong>Andreas</strong></span> <span class='ocrx_word' id='word_1_694' title='bbox 991 4791 1227 4861; x_wconf 90' lang='lat' dir='ltr'><strong>apostoli</strong></span> <span class='ocrx_word' id='word_1_695' title='bbox 1287 4790 1503 4860; x_wconf 88' lang='lat' dir='ltr'><strong>species</strong></span> <span class='ocrx_word' id='word_1_696' title='bbox 1556 4792 1848 4861; x_wconf 89' lang='lat' dir='ltr'><strong>apparuit,</strong></span> 
     </span>
    </p>
   </div>
   <div class='ocr_carea' id='block_1_98' title="bbox 166 4878 1854 4949">
    <p class='ocr_par' dir='ltr' id='par_1_98' title="bbox 166 4878 1854 4949">
     <span class='ocr_line' id='line_1_98' title="bbox 166 4878 1854 4949; baseline 0.001 -15"><span class='ocrx_word' id='word_1_697' title='bbox 166 4879 397 4934; x_wconf 90' lang='lat' dir='ltr'><strong>dicens:</strong></span> <span class='ocrx_word' id='word_1_698' title='bbox 446 4896 473 4928; x_wconf 77' lang='grc' dir='ltr'><strong>α</strong></span> <span class='ocrx_word' id='word_1_699' title='bbox 530 4878 678 4946; x_wconf 88' lang='lat' dir='ltr'><strong>Quid</strong></span> <span class='ocrx_word' id='word_1_700' title='bbox 736 4886 926 4934; x_wconf 80' lang='lat' dir='ltr'><strong>tecum</strong></span> <span class='ocrx_word' id='word_1_701' title='bbox 974 4879 1210 4949; x_wconf 81' lang='lat' dir='ltr'><strong>agitur?</strong></span> <span class='ocrx_word' id='word_1_702' title='bbox 1257 4900 1279 4928; x_wconf 73' lang='grc' dir='ltr'><strong><em>ι</em></strong></span> <span class='ocrx_word' id='word_1_703' title='bbox 1317 4878 1420 4934; x_wconf 90' lang='lat' dir='ltr'><strong>Cui</strong></span> <span class='ocrx_word' id='word_1_704' title='bbox 1453 4878 1546 4934; x_wconf 91' lang='lat' dir='ltr'><strong>ille</strong></span> <span class='ocrx_word' id='word_1_705' title='bbox 1586 4880 1854 4949; x_wconf 89' lang='lat' dir='ltr'><strong>stupidus</strong></span> 
     </span>
    </p>
   </div>
   <div class='ocr_carea' id='block_1_99' title="bbox 169 4965 1851 5037">
    <p class='ocr_par' dir='ltr' id='par_1_99' title="bbox 169 4965 1851 5037">
     <span class='ocr_line' id='line_1_99' title="bbox 169 4965 1851 5037; baseline 0.001 -15"><span class='ocrx_word' id='word_1_706' title='bbox 169 4980 280 5022; x_wconf 90' lang='lat' dir='ltr'><strong>non</strong></span> <span class='ocrx_word' id='word_1_707' title='bbox 304 4965 368 5020; x_wconf 90' lang='lat' dir='ltr'><strong>ad</strong></span> <span class='ocrx_word' id='word_1_708' title='bbox 433 4967 785 5037; x_wconf 91' lang='lat' dir='ltr'><strong>interrogata</strong></span> <span class='ocrx_word' id='word_1_709' title='bbox 832 4966 1144 5037; x_wconf 89' lang='lat' dir='ltr'><strong>respondit,</strong></span> <span class='ocrx_word' id='word_1_710' title='bbox 1177 4966 1295 5031; x_wconf 87' lang='lat' dir='ltr'><strong>sed,</strong></span> <span class='ocrx_word' id='word_1_711' title='bbox 1328 4966 1464 5036; x_wconf 88' lang='lat' dir='ltr'><strong>quis</strong></span> <span class='ocrx_word' id='word_1_712' title='bbox 1491 4974 1656 5033; x_wconf 91' lang='lat' dir='ltr'><strong>esset,</strong></span> <span class='ocrx_word' id='word_1_713' title='bbox 1692 4982 1851 5037; x_wconf 66' lang='lat' dir='ltr'><strong>quie-</strong></span> 
     </span>
    </p>
   </div>
   <div class='ocr_carea' id='block_1_100' title="bbox 166 5053 1847 5123">
    <p class='ocr_par' dir='ltr' id='par_1_100' title="bbox 166 5053 1847 5123">
     <span class='ocr_line' id='line_1_100' title="bbox 166 5053 1847 5123; baseline 0.001 -15"><span class='ocrx_word' id='word_1_714' title='bbox 166 5053 312 5109; x_wconf 88' lang='lat' dir='ltr'><strong>sivit.</strong></span> <span class='ocrx_word' id='word_1_715' title='bbox 344 5054 441 5108; x_wconf 87' lang='lat' dir='ltr'><strong>Ille</strong></span> <span class='ocrx_word' id='word_1_716' title='bbox 496 5053 783 5109; x_wconf 81' lang='lat' dir='ltr'><strong>Andream</strong></span> <span class='ocrx_word' id='word_1_717' title='bbox 843 5054 1162 5123; x_wconf 87' lang='lat' dir='ltr'><strong>apostolum</strong></span> <span class='ocrx_word' id='word_1_718' title='bbox 1214 5069 1274 5109; x_wconf 91' lang='lat' dir='ltr'><strong>se</strong></span> <span class='ocrx_word' id='word_1_719' title='bbox 1315 5068 1437 5109; x_wconf 91' lang='lat' dir='ltr'><strong>esse</strong></span> <span class='ocrx_word' id='word_1_720' title='bbox 1488 5067 1603 5110; x_wconf 91' lang='lat' dir='ltr'><strong>non</strong></span> <span class='ocrx_word' id='word_1_721' title='bbox 1650 5056 1847 5111; x_wconf 89' lang='lat' dir='ltr'><strong>tacuit.</strong></span> 
     </span>
    </p>
   </div>
   <div class='ocr_carea' id='block_1_101' title="bbox 169 5140 1853 5212">
    <p class='ocr_par' dir='ltr' id='par_1_101' title="bbox 169 5140 1853 5212">
     <span class='ocr_line' id='line_1_101' title="bbox 169 5140 1853 5212; baseline 0 -15"><span class='ocrx_word' id='word_1_722' title='bbox 169 5162 197 5188; x_wconf 83' lang='lat'><strong>«</strong></span> <span class='ocrx_word' id='word_1_723' title='bbox 226 5140 590 5211; x_wconf 84' lang='lat' dir='ltr'><strong>Noverisque,</strong></span> <span class='ocrx_word' id='word_1_724' title='bbox 621 5141 721 5207; x_wconf 91' lang='lat' dir='ltr'><strong>ait,</strong></span> <span class='ocrx_word' id='word_1_725' title='bbox 757 5141 855 5199; x_wconf 87' lang='lat' dir='ltr'><strong>hli.</strong></span> <span class='ocrx_word' id='word_1_726' title='bbox 879 5142 1021 5212; x_wconf 91' lang='lat' dir='ltr'><strong>quia</strong></span> <span class='ocrx_word' id='word_1_727' title='bbox 1045 5157 1178 5198; x_wconf 90' lang='lat' dir='ltr'><strong>cum</strong></span> <span class='ocrx_word' id='word_1_728' title='bbox 1199 5142 1401 5198; x_wconf 92' lang='lat' dir='ltr'><strong>urbem</strong></span> <span class='ocrx_word' id='word_1_729' title='bbox 1461 5142 1577 5199; x_wconf 90' lang='lat' dir='ltr'><strong>Deo</strong></span> <span class='ocrx_word' id='word_1_730' title='bbox 1606 5142 1853 5212; x_wconf 91' lang='lat' dir='ltr'><strong>aperien-</strong></span> 
     </span>
    </p>
   </div>
   <div class='ocr_carea' id='block_1_102' title="bbox 170 5231 1849 5296">
    <p class='ocr_par' dir='ltr' id='par_1_102' title="bbox 170 5231 1849 5296">
     <span class='ocr_line' id='line_1_102' title="bbox 170 5231 1849 5296; baseline 0.001 -11"><span class='ocrx_word' id='word_1_731' title='bbox 170 5238 240 5294; x_wconf 87' lang='lat' dir='ltr'><strong>te,</strong></span> <span class='ocrx_word' id='word_1_732' title='bbox 290 5231 642 5286; x_wconf 87' lang='lat' dir='ltr'><strong>Francorum</strong></span> <span class='ocrx_word' id='word_1_733' title='bbox 722 5231 909 5286; x_wconf 88' lang='lat' dir='ltr'><strong>virtus</strong></span> <span class='ocrx_word' id='word_1_734' title='bbox 986 5231 1308 5296; x_wconf 91' lang='lat' dir='ltr'><strong>intraverit,</strong></span> <span class='ocrx_word' id='word_1_735' title='bbox 1369 5232 1439 5286; x_wconf 89' lang='lat' dir='ltr'><strong>ad</strong></span> <span class='ocrx_word' id='word_1_736' title='bbox 1494 5231 1643 5287; x_wconf 90' lang='lat' dir='ltr'><strong>beati</strong></span> <span class='ocrx_word' id='word_1_737' title='bbox 1700 5231 1849 5286; x_wconf 88' lang='lat' dir='ltr'><strong>Petri</strong></span> 
     </span>
    </p>
   </div>
   <div class='ocr_carea' id='block_1_103' title="bbox 170 5319 1848 5390">
    <p class='ocr_par' dir='ltr' id='par_1_103' title="bbox 170 5319 1848 5390">
     <span class='ocr_line' id='line_1_103' title="bbox 170 5319 1848 5390; baseline 0.001 -18"><span class='ocrx_word' id='word_1_738' title='bbox 170 5319 468 5387; x_wconf 82' lang='lat' dir='ltr'><strong>coapostoli</strong></span> <span class='ocrx_word' id='word_1_739' title='bbox 524 5320 629 5374; x_wconf 91' lang='lat' dir='ltr'><strong>mei</strong></span> <span class='ocrx_word' id='word_1_740' title='bbox 682 5334 749 5375; x_wconf 88' lang='lat' dir='ltr'><strong>ac</strong></span> <span class='ocrx_word' id='word_1_741' title='bbox 790 5319 983 5375; x_wconf 90' lang='lat' dir='ltr'><strong>fratris</strong></span> <span class='ocrx_word' id='word_1_742' title='bbox 1028 5319 1337 5375; x_wconf 84' lang='lat' dir='ltr'><strong>Ecclesiam</strong></span> <span class='ocrx_word' id='word_1_743' title='bbox 1368 5320 1493 5387; x_wconf 89' lang='lat' dir='ltr'><strong>ibis,</strong></span> <span class='ocrx_word' id='word_1_744' title='bbox 1531 5320 1725 5390; x_wconf 88' lang='lat' dir='ltr'><strong>ibique</strong></span> <span class='ocrx_word' id='word_1_745' title='bbox 1752 5319 1848 5374; x_wconf 92' lang='lat' dir='ltr'><strong>tali</strong></span> 
     </span>
    </p>
   </div>
   <div class='ocr_carea' id='block_1_104' title="bbox 239 5442 1117 5513">
    <p class='ocr_par' dir='ltr' id='par_1_104' title="bbox 239 5442 1117 5513">
     <span class='ocr_line' id='line_1_104' title="bbox 239 5442 1117 5513; baseline -0.003 -15"><span class='ocrx_word' id='word_1_746' title='bbox 239 5442 344 5513; x_wconf 77' lang='lat'><strong>(3&#39;2)</strong></span> <span class='ocrx_word' id='word_1_747' title='bbox 370 5444 432 5498; x_wconf 86' lang='lat' dir='ltr'><strong>V.</strong></span> <span class='ocrx_word' id='word_1_748' title='bbox 475 5442 623 5499; x_wconf 88' lang='lat' dir='ltr'><strong>infra</strong></span> <span class='ocrx_word' id='word_1_749' title='bbox 655 5442 752 5499; x_wconf 90' lang='lat' dir='ltr'><strong>lib.</strong></span> <span class='ocrx_word' id='word_1_750' title='bbox 784 5458 862 5506; x_wconf 76' lang='lat' dir='ltr'><strong>v1,</strong></span> <span class='ocrx_word' id='word_1_751' title='bbox 902 5456 1029 5513; x_wconf 88' lang='lat' dir='ltr'><strong>cap.</strong></span> <span class='ocrx_word' id='word_1_752' title='bbox 1069 5446 1117 5496; x_wconf 79' lang='lat' dir='ltr'><strong>t.</strong></span> 
     </span>
    </p>
   </div>
   <div class='ocr_carea' id='block_1_105' title="bbox 1963 4258 3667 4333">
    <p class='ocr_par' dir='ltr' id='par_1_105' title="bbox 1963 4258 3667 4333">
     <span class='ocr_line' id='line_1_105' title="bbox 1963 4258 3667 4333; baseline -0.002 -16"><span class='ocrx_word' id='word_1_753' title='bbox 1963 4277 2079 4332; x_wconf 90' lang='lat' dir='ltr'><strong>que</strong></span> <span class='ocrx_word' id='word_1_754' title='bbox 2108 4264 2478 4333; x_wconf 89' lang='lat' dir='ltr'><strong>respiratione</strong></span> <span class='ocrx_word' id='word_1_755' title='bbox 2496 4262 2690 4332; x_wconf 90' lang='lat' dir='ltr'><strong>juvari</strong></span> <span class='ocrx_word' id='word_1_756' title='bbox 2726 4276 2739 4316; x_wconf 88' lang='lat'><em>:</em></span> <span class='ocrx_word' id='word_1_757' title='bbox 2777 4283 2804 4310; x_wconf 87' lang='grc'><strong>‹‹</strong></span> <span class='ocrx_word' id='word_1_758' title='bbox 2838 4261 2962 4318; x_wconf 86' lang='grc' dir='ltr'><strong>Νοη</strong></span> <span class='ocrx_word' id='word_1_759' title='bbox 3015 4260 3113 4326; x_wconf 90' lang='lat' dir='ltr'><strong>ita,</strong></span> <span class='ocrx_word' id='word_1_760' title='bbox 3166 4261 3457 4330; x_wconf 89' lang='lat' dir='ltr'><strong>inquiunt,</strong></span> <span class='ocrx_word' id='word_1_761' title='bbox 3500 4258 3667 4314; x_wconf 89' lang='lat' dir='ltr'><strong>nobis</strong></span> 
     </span>
    </p>
   </div>
   <div class='ocr_carea' id='block_1_106' title="bbox 1960 4346 3667 4420">
    <p class='ocr_par' dir='ltr' id='par_1_106' title="bbox 1960 4346 3667 4420">
     <span class='ocr_line' id='line_1_106' title="bbox 1960 4346 3667 4420; baseline -0.003 -15"><span class='ocrx_word' id='word_1_762' title='bbox 1960 4358 2044 4406; x_wconf 91' lang='lat' dir='ltr'><strong>est</strong></span> <span class='ocrx_word' id='word_1_763' title='bbox 2066 4350 2466 4420; x_wconf 91' lang='lat' dir='ltr'><strong>desipiendum</strong></span> <span class='ocrx_word' id='word_1_764' title='bbox 2513 4358 2578 4406; x_wconf 93' lang='lat' dir='ltr'><strong>ut</strong></span> <span class='ocrx_word' id='word_1_765' title='bbox 2622 4364 2727 4405; x_wconf 91' lang='lat' dir='ltr'><strong>nos</strong></span> <span class='ocrx_word' id='word_1_766' title='bbox 2761 4364 2864 4418; x_wconf 92' lang='lat' dir='ltr'><strong>pro</strong></span> <span class='ocrx_word' id='word_1_767' title='bbox 2910 4348 3039 4405; x_wconf 86' lang='lat' dir='ltr'><strong>fidei</strong></span> <span class='ocrx_word' id='word_1_768' title='bbox 3079 4346 3404 4404; x_wconf 86' lang='lat' dir='ltr'><strong>defensione</strong></span> <span class='ocrx_word' id='word_1_769' title='bbox 3437 4346 3667 4401; x_wconf 88' lang='lat' dir='ltr'><strong>conclu-</strong></span> 
     </span>
    </p>
   </div>
   <div class='ocr_carea' id='block_1_107' title="bbox 1962 4433 3664 4505">
    <p class='ocr_par' dir='ltr' id='par_1_107' title="bbox 1962 4433 3664 4505">
     <span class='ocr_line' id='line_1_107' title="bbox 1962 4433 3664 4505; baseline -0.004 -11"><span class='ocrx_word' id='word_1_770' title='bbox 1962 4453 2073 4505; x_wconf 89' lang='lat' dir='ltr'><strong>sos,</strong></span> <span class='ocrx_word' id='word_1_771' title='bbox 2118 4440 2271 4495; x_wconf 87' lang='lat' dir='ltr'><strong>Deus</strong></span> <span class='ocrx_word' id='word_1_772' title='bbox 2306 4447 2386 4495; x_wconf 92' lang='lat' dir='ltr'><strong>tot</strong></span> <span class='ocrx_word' id='word_1_773' title='bbox 2439 4439 2719 4494; x_wconf 88' lang='lat' dir='ltr'><strong>hactenus</strong></span> <span class='ocrx_word' id='word_1_774' title='bbox 2748 4437 3117 4493; x_wconf 88' lang='lat' dir='ltr'><strong>victoriarum</strong></span> <span class='ocrx_word' id='word_1_775' title='bbox 3152 4436 3454 4504; x_wconf 68' lang='lat' dir='ltr'><strong>praestitor,</strong></span> <span class='ocrx_word' id='word_1_776' title='bbox 3487 4433 3557 4488; x_wconf 91' lang='lat' dir='ltr'><strong>de</strong></span> <span class='ocrx_word' id='word_1_777' title='bbox 3604 4445 3664 4487; x_wconf 91' lang='lat' dir='ltr'><strong>se</strong></span> 
     </span>
    </p>
   </div>
   <div class='ocr_carea' id='block_1_108' title="bbox 1962 4519 3662 4596">
    <p class='ocr_par' dir='ltr' id='par_1_108' title="bbox 1962 4519 3662 4596">
     <span class='ocr_line' id='line_1_108' title="bbox 1962 4519 3662 4596; baseline -0.006 -13"><span class='ocrx_word' id='word_1_778' title='bbox 1962 4535 2275 4594; x_wconf 88' lang='lat' dir='ltr'><strong>sperantes,</strong></span> <span class='ocrx_word' id='word_1_779' title='bbox 2320 4535 2375 4583; x_wconf 92' lang='lat' dir='ltr'><strong>et</strong></span> <span class='ocrx_word' id='word_1_780' title='bbox 2434 4527 2505 4582; x_wconf 91' lang='lat' dir='ltr'><strong>ad</strong></span> <span class='ocrx_word' id='word_1_781' title='bbox 2559 4539 2619 4582; x_wconf 90' lang='lat' dir='ltr'><strong>se</strong></span> <span class='ocrx_word' id='word_1_782' title='bbox 2684 4524 3061 4596; x_wconf 85' lang='lat' dir='ltr'><strong>gemebundis</strong></span> <span class='ocrx_word' id='word_1_783' title='bbox 3115 4521 3325 4576; x_wconf 90' lang='lat' dir='ltr'><strong>animis</strong></span> <span class='ocrx_word' id='word_1_784' title='bbox 3352 4519 3662 4587; x_wconf 88' lang='lat' dir='ltr'><strong>inhiantes,</strong></span> 
     </span>
    </p>
   </div>
   <div class='ocr_carea' id='block_1_109' title="bbox 1964 4608 3661 4687">
    <p class='ocr_par' dir='ltr' id='par_1_109' title="bbox 1964 4608 3661 4687">
     <span class='ocr_line' id='line_1_109' title="bbox 1964 4608 3661 4687; baseline -0.005 -16"><span class='ocrx_word' id='word_1_785' title='bbox 1964 4615 2289 4671; x_wconf 90' lang='lat' dir='ltr'><strong>Turcorum</strong></span> <span class='ocrx_word' id='word_1_786' title='bbox 2345 4615 2554 4687; x_wconf 84' lang='lat' dir='ltr'><strong>gladiis</strong></span> <span class='ocrx_word' id='word_1_787' title='bbox 2622 4613 3002 4671; x_wconf 90' lang='lat' dir='ltr'><strong>concidendos</strong></span> <span class='ocrx_word' id='word_1_788' title='bbox 3072 4617 3358 4680; x_wconf 88' lang='lat' dir='ltr'><strong>exponat;</strong></span> <span class='ocrx_word' id='word_1_789' title='bbox 3407 4608 3505 4665; x_wconf 92' lang='lat' dir='ltr'><strong>sed</strong></span> <span class='ocrx_word' id='word_1_790' title='bbox 3556 4621 3661 4677; x_wconf 88' lang='lat' dir='ltr'><strong>pro</strong></span> 
     </span>
    </p>
   </div>
   <div class='ocr_carea' id='block_1_110' title="bbox 1960 4695 3659 4774">
    <p class='ocr_par' dir='ltr' id='par_1_110' title="bbox 1960 4695 3659 4774">
     <span class='ocr_line' id='line_1_110' title="bbox 1960 4695 3659 4774; baseline -0.004 -16"><span class='ocrx_word' id='word_1_791' title='bbox 1960 4710 2116 4759; x_wconf 92' lang='lat' dir='ltr'><strong>certo</strong></span> <span class='ocrx_word' id='word_1_792' title='bbox 2163 4704 2316 4759; x_wconf 90' lang='lat' dir='ltr'><strong>credi</strong></span> <span class='ocrx_word' id='word_1_793' title='bbox 2366 4704 2533 4759; x_wconf 79' lang='lat' dir='ltr'><strong>debet</strong></span> <span class='ocrx_word' id='word_1_794' title='bbox 2562 4702 2704 4774; x_wconf 90' lang='lat' dir='ltr'><strong>quia</strong></span> <span class='ocrx_word' id='word_1_795' title='bbox 2743 4708 2868 4770; x_wconf 89' lang='lat' dir='ltr'><strong>post</strong></span> <span class='ocrx_word' id='word_1_796' title='bbox 2911 4698 3096 4755; x_wconf 89' lang='lat' dir='ltr'><strong>tristia</strong></span> <span class='ocrx_word' id='word_1_797' title='bbox 3127 4706 3406 4767; x_wconf 89' lang='lat' dir='ltr'><strong>tempora,</strong></span> <span class='ocrx_word' id='word_1_798' title='bbox 3467 4695 3659 4753; x_wconf 91' lang='lat' dir='ltr'><strong>lucem</strong></span> 
     </span>
    </p>
   </div>
   <div class='ocr_carea' id='block_1_111' title="bbox 1962 4786 3660 4856">
    <p class='ocr_par' dir='ltr' id='par_1_111' title="bbox 1962 4786 3660 4856">
     <span class='ocr_line' id='line_1_111' title="bbox 1962 4786 3660 4856; baseline -0.004 -10"><span class='ocrx_word' id='word_1_799' title='bbox 1962 4791 2128 4847; x_wconf 91' lang='lat' dir='ltr'><strong>nobis</strong></span> <span class='ocrx_word' id='word_1_800' title='bbox 2156 4805 2276 4848; x_wconf 62' lang='lat' dir='ltr'><strong>sua;</strong></span> <span class='ocrx_word' id='word_1_801' title='bbox 2306 4789 2683 4847; x_wconf 88' lang='lat' dir='ltr'><strong>miserationis</strong></span> <span class='ocrx_word' id='word_1_802' title='bbox 2715 4788 3007 4856; x_wconf 87' lang='lat' dir='ltr'><strong>ostendat;</strong></span> <span class='ocrx_word' id='word_1_803' title='bbox 3057 4786 3437 4856; x_wconf 88' lang='lat' dir='ltr'><strong>timoremque</strong></span> <span class='ocrx_word' id='word_1_804' title='bbox 3487 4798 3660 4841; x_wconf 92' lang='lat' dir='ltr'><strong>suum</strong></span> 
     </span>
    </p>
   </div>
   <div class='ocr_carea' id='block_1_112' title="bbox 1959 4873 3652 4950">
    <p class='ocr_par' dir='ltr' id='par_1_112' title="bbox 1959 4873 3652 4950">
     <span class='ocr_line' id='line_1_112' title="bbox 1959 4873 3652 4950; baseline -0.006 -14"><span class='ocrx_word' id='word_1_805' title='bbox 1959 4893 2134 4950; x_wconf 88' lang='lat' dir='ltr'><strong>super</strong></span> <span class='ocrx_word' id='word_1_806' title='bbox 2151 4893 2248 4935; x_wconf 89' lang='lat' dir='ltr'><strong>eas</strong></span> <span class='ocrx_word' id='word_1_807' title='bbox 2267 4894 2399 4949; x_wconf 70' lang='lat' dir='ltr'><strong>quae</strong></span> <span class='ocrx_word' id='word_1_808' title='bbox 2425 4895 2482 4935; x_wconf 90' lang='lat' dir='ltr'><strong>se</strong></span> <span class='ocrx_word' id='word_1_809' title='bbox 2504 4893 2619 4935; x_wconf 90' lang='lat' dir='ltr'><strong>non</strong></span> <span class='ocrx_word' id='word_1_810' title='bbox 2649 4876 3056 4946; x_wconf 87' lang='lat' dir='ltr'><strong>exquisierunt</strong></span> <span class='ocrx_word' id='word_1_811' title='bbox 3085 4881 3281 4945; x_wconf 88' lang='lat' dir='ltr'><strong>gentes</strong></span> <span class='ocrx_word' id='word_1_812' title='bbox 3310 4873 3600 4929; x_wconf 89' lang='lat' dir='ltr'><strong>immittat.</strong></span> <span class='ocrx_word' id='word_1_813' title='bbox 3630 4894 3652 4920; x_wconf 76' lang='grc' dir='ltr'><strong>ι</strong></span> 
     </span>
    </p>
   </div>
   <div class='ocr_carea' id='block_1_113' title="bbox 2643 4963 2979 5021">
    <p class='ocr_par' dir='ltr' id='par_1_113' title="bbox 2643 4963 2979 5021">
     <span class='ocr_line' id='line_1_113' title="bbox 2643 4963 2979 5021; baseline -0.009 0"><span class='ocrx_word' id='word_1_814' title='bbox 2643 4964 2872 5021; x_wconf 86' lang='lat' dir='ltr'><strong>CAPUT</strong></span> <span class='ocrx_word' id='word_1_815' title='bbox 2912 4963 2979 5019; x_wconf 76' lang='grc' dir='ltr'><strong>ν.</strong></span> 
     </span>
    </p>
   </div>
   <div class='ocr_carea' id='block_1_114' title="bbox 2033 5048 3655 5127">
    <p class='ocr_par' dir='ltr' id='par_1_114' title="bbox 2033 5048 3655 5127">
     <span class='ocr_line' id='line_1_114' title="bbox 2033 5048 3655 5127; baseline -0.004 -16"><span class='ocrx_word' id='word_1_816' title='bbox 2033 5053 2202 5127; x_wconf 83' lang='grc' dir='ltr'><strong>[ΧΧ.]</strong></span> <span class='ocrx_word' id='word_1_817' title='bbox 2234 5054 2417 5124; x_wconf 86' lang='lat' dir='ltr'><strong>Igitur</strong></span> <span class='ocrx_word' id='word_1_818' title='bbox 2459 5053 2562 5123; x_wconf 87' lang='lat' dir='ltr'><strong>qui</strong></span> <span class='ocrx_word' id='word_1_819' title='bbox 2609 5052 2924 5108; x_wconf 89' lang='lat' dir='ltr'><strong>tuebantur</strong></span> <span class='ocrx_word' id='word_1_820' title='bbox 2969 5059 3221 5107; x_wconf 90' lang='lat' dir='ltr'><strong>castrum</strong></span> <span class='ocrx_word' id='word_1_821' title='bbox 3275 5048 3465 5115; x_wconf 87' lang='lat' dir='ltr'><strong>Turci,</strong></span> <span class='ocrx_word' id='word_1_822' title='bbox 3520 5056 3655 5105; x_wconf 90' lang='lat' dir='ltr'><strong>tan-</strong></span> 
     </span>
    </p>
   </div>
   <div class='ocr_carea' id='block_1_115' title="bbox 1959 5138 3661 5208">
    <p class='ocr_par' dir='ltr' id='par_1_115' title="bbox 1959 5138 3661 5208">
     <span class='ocr_line' id='line_1_115' title="bbox 1959 5138 3661 5208; baseline -0.004 -9"><span class='ocrx_word' id='word_1_823' title='bbox 1959 5150 2018 5199; x_wconf 88' lang='lat' dir='ltr'><strong>ta</strong></span> <span class='ocrx_word' id='word_1_824' title='bbox 2049 5142 2540 5200; x_wconf 90' lang='lat' dir='ltr'><strong>circumfuderant</strong></span> <span class='ocrx_word' id='word_1_825' title='bbox 2569 5150 2795 5197; x_wconf 88' lang='lat' dir='ltr'><strong>nostros</strong></span> <span class='ocrx_word' id='word_1_826' title='bbox 2824 5140 3099 5196; x_wconf 90' lang='lat' dir='ltr'><strong>instantia</strong></span> <span class='ocrx_word' id='word_1_827' title='bbox 3140 5146 3202 5194; x_wconf 92' lang='lat' dir='ltr'><strong>ut</strong></span> <span class='ocrx_word' id='word_1_828' title='bbox 3253 5138 3405 5193; x_wconf 89' lang='lat' dir='ltr'><strong>intra</strong></span> <span class='ocrx_word' id='word_1_829' title='bbox 3453 5152 3661 5208; x_wconf 88' lang='lat' dir='ltr'><strong>quam-</strong></span> 
     </span>
    </p>
   </div>
   <div class='ocr_carea' id='block_1_116' title="bbox 1960 5227 3662 5300">
    <p class='ocr_par' dir='ltr' id='par_1_116' title="bbox 1960 5227 3662 5300">
     <span class='ocr_line' id='line_1_116' title="bbox 1960 5227 3662 5300; baseline -0.004 -13"><span class='ocrx_word' id='word_1_830' title='bbox 1960 5231 2117 5292; x_wconf 87' lang='lat' dir='ltr'><strong>dam,</strong></span> <span class='ocrx_word' id='word_1_831' title='bbox 2176 5245 2309 5300; x_wconf 57' lang='lat' dir='ltr'><strong>quae</strong></span> <span class='ocrx_word' id='word_1_832' title='bbox 2368 5231 2423 5285; x_wconf 92' lang='lat' dir='ltr'><strong>in</strong></span> <span class='ocrx_word' id='word_1_833' title='bbox 2474 5236 2777 5298; x_wconf 89' lang='lat' dir='ltr'><strong>prospectu</strong></span> <span class='ocrx_word' id='word_1_834' title='bbox 2821 5227 3038 5284; x_wconf 90' lang='lat' dir='ltr'><strong>castelli</strong></span> <span class='ocrx_word' id='word_1_835' title='bbox 3098 5234 3221 5281; x_wconf 90' lang='lat' dir='ltr'><strong>erat</strong></span> <span class='ocrx_word' id='word_1_836' title='bbox 3276 5240 3489 5292; x_wconf 88' lang='lat' dir='ltr'><strong>arcem,</strong></span> <span class='ocrx_word' id='word_1_837' title='bbox 3545 5234 3662 5283; x_wconf 90' lang='lat' dir='ltr'><strong>tres</strong></span> 
     </span>
    </p>
   </div>
   <div class='ocr_carea' id='block_1_117' title="bbox 1958 5316 3660 5375">
    <p class='ocr_par' dir='ltr' id='par_1_117' title="bbox 1958 5316 3660 5375">
     <span class='ocr_line' id='line_1_117' title="bbox 1958 5316 3660 5375; baseline -0.002 0"><span class='ocrx_word' id='word_1_838' title='bbox 1958 5332 2158 5375; x_wconf 88' lang='lat' dir='ltr'><strong>eorum</strong></span> <span class='ocrx_word' id='word_1_839' title='bbox 2218 5319 2424 5375; x_wconf 88' lang='lat' dir='ltr'><strong>milites</strong></span> <span class='ocrx_word' id='word_1_840' title='bbox 2478 5318 2882 5373; x_wconf 87' lang='lat' dir='ltr'><strong>ohstruserint.</strong></span> <span class='ocrx_word' id='word_1_841' title='bbox 2962 5316 3316 5371; x_wconf 88' lang='lat' dir='ltr'><strong>Prodeuntes</strong></span> <span class='ocrx_word' id='word_1_842' title='bbox 3369 5316 3576 5371; x_wconf 87' lang='lat' dir='ltr'><strong>etenim</strong></span> <span class='ocrx_word' id='word_1_843' title='bbox 3629 5330 3660 5371; x_wconf 92' lang='lat' dir='ltr'><strong>e</strong></span> 
     </span>
    </p>
   </div>
  </div>
