3902 6082
221 139 329 191 763

1107 144 1170 195 ν.
1213 143 1549 201 GUIBERTI
1584 146 1880 202 ABBATIS
1914 147 1971 202 S.
2016 150 2256 206 ΜΑΡιΙιΕ
2296 152 2387 207 DE
2433 153 2831 211 NOVIGENTO

3616 164 3745 217 ’764

219 268 448 325 castello
492 270 702 342 pagani
744 278 901 327 tanto
966 271 1027 327 in
1074 279 1297 329 nostros
1333 273 1768 333 bacchabantur
1815 277 1906 332 in-
1945 282 1993 335 Α
2021 287 2300 349 patenter,
2332 281 2380 337 si
2410 281 2840 352 intellexissent,
2884 287 3191 343 enuntiare
3237 287 3547 347 videbatur
3583 305 3743 347 ext-

224 372 403 415 cursu
432 367 496 414 ut
518 360 746 429 penitus
773 360 1012 416 tolerare
1067 362 1394 431 nequirent.
1456 366 1576 420 Duo
1606 365 1805 436 itaque
1840 380 1913 422 ex

224 445 315 501 his
344 461 490 516 quos
520 447 874 502 incluserant
916 448 1216 515 militibus,
1247 451 1535 507 vulnerati
1558 451 1913 524 aufugiunt;

222 535 429 590 tertius
483 534 631 589 diem
685 535 964 590 adversus
1042 536 1249 603 hostes,
1308 538 1370 594 in
1424 539 1514 595 sui
1566 540 1911 610 defensione,

225 622 544 684 continuat,
566 622 706 677 adeo
738 629 801 678 ut
843 623 988 678 duos
1017 638 1089 679 ex
1120 625 1201 680 eis
1242 640 1419 695 super
1453 627 1603 682 muri
1633 629 1913 685 deambu-

221 706 399 777 lacra,
434 709 599 764 sectis
645 709 905 779 ipsorum
951 712 1273 779 hastilibus,
1317 715 1606 771 occiderit.
1660 717 1776 786 Ipsi
1803 726 1914 774 ete-

223 795 343 849 nim
376 802 489 851 tres
520 797 713 853 hastas
742 799 913 854 Turci
951 814 1069 869 pra
1102 802 1373 857 manibus
1417 804 1770 859 concidendo
1802 805 1913 860 mi-

223 890 491 937 nuerant.
536 884 672 940 Erat
729 894 920 942 autem
965 887 1131 942 militi
1197 888 1274 943 illi
1330 904 1540 947 nomen
1619 892 1805 962 Hugo,
1859 900 1915 948 et

223 971 714 1039 agnominabatur
764 975 1028 1038 Insanus,
1079 977 1148 1031 de
1226 977 1548 1043 domesticis
1608 980 1913 1050 cujusdam

220 1058 479 1201 iosfredi,
557 1061 658 1131 qui
733 1062 802 1118 de
848 1063 1288 1120 Montescahioso
1354 1080 1682 1135 praenomen
1736 1068 1915 1124 habe-

265 1154 342 1201 at.

265 1154 342 1201 at.

294 1279 499 1352 [XXL]
534 1284 657 1351 Qua
691 1283 1061 1340 Boemundus
1117 1292 1245 1342 arte
1315 1286 1532 1342 milites
1574 1287 1786 1343 excitat
1837 1290 1916 1344 ad

218 1383 495 1437 pugnam.
530 1399 597 1409 —
626 1370 1012 1428 Memorabilis
1041 1382 1233 1430 autem
1261 1375 1650 1443 Boemundus,
1684 1393 1816 1434 cum
1839 1379 1912 1434 ad

222 1462 477 1511 castrum
495 1460 953 1528 expugnandum
1000 1461 1102 1516 vix
1137 1462 1363 1532 aliquos
1397 1464 1640 1520 suadere
1671 1465 1907 1533 valeret,

221 1556 356 1598 nam
388 1544 491 1614 qui
535 1545 687 1601 domi
739 1547 1162 1616 delitescebant,
1222 1551 1387 1619 panis
1441 1551 1624 1622 aliqui
1671 1554 1912 1621 penuria
1949 1576 1991 1630 Β

221 1633 615 1701 arctabantur,
651 1635 747 1691 alii
800 1636 1102 1707 gentilium
1150 1638 1309 1694 rabie
1351 1653 1419 1695 ac
1447 1654 1689 1696 numero
1734 1649 1913 1697 terre-

222 1720 456 1785 bantur,
488 1723 651 1792 gravi
681 1723 1181 1781 animadversione
1211 1727 1437 1794 citatus,
1488 1742 1562 1782 ex
1607 1741 1676 1783 ea
1704 1728 1914 1785 civita-

220 1809 293 1864 tis
342 1810 509 1880 jubet
562 1811 751 1880 ignem
810 1820 970 1881 parte
1016 1815 1258 1882 supponi
1323 1828 1442 1884 qua
1498 1815 1674 1871 situm
1725 1816 1913 1872 fuerat

219 1911 410 1967 nuper
454 1897 707 1955 defuncti
746 1900 1026 1968 palatium
1062 1902 1338 1957 Cassiani.
1375 1902 1535 1969 Quod
1566 1903 1787 1975 quique
1832 1905 1916 1960 vi-

221 1995 435 2063 dentes,
484 1995 767 2051 derelictis
803 2010 934 2066 quze
994 1998 1405 2054 cremabantur
1447 2000 1736 2067 omnibus,
1811 2001 1911 2057 alii

219 2083 290 2139 ab
363 2083 624 2140 incendio
694 2084 1103 2156 confugiebant
1179 2086 1253 2142 ad
1336 2095 1625 2157 castrum;
1689 2088 1786 2143 alii
1839 2089 1913 2144 ad

218 2171 443 2227 comitis
474 2171 663 2228 Sancti
692 2172 879 2243 Egidii
911 2173 1245 2230 conﬂuxere
1275 2182 1514 2244 portam,
1550 2175 1789 2246 quidam
1839 2177 1913 2233 ad

217 2255 587 2314 Godefridum
642 2260 825 2315 coiere
879 2260 1108 2328 ducem,
1163 2261 1412 2331 quisque
1458 2263 1531 2317 ad
1578 2276 1706 2318 eam
1744 2262 1914 2333 cujus

216 2343 490 2416 indigena
520 2348 836 2415 putabatur
860 2356 1109 2417 gentem.
1158 2350 1283 2404 Mox
1331 2350 1403 2404 ad
1442 2358 1638 2419 coepta;
1667 2350 1911 2408 destitu-

217 2433 386 2488 tionis
437 2443 821 2505 augmentum
882 2437 1399 2493 vehementissimae
1446 2438 1712 2493 nimietas
1769 2447 1907 2495 tem-

221 2522 457 2591 pestatis
490 2523 739 2591 incessit,
782 2524 861 2579 ita
895 2533 957 2579 ut
984 2524 1144 2580 ﬁeret
1186 2532 1345 2580 tanta
1407 2526 1664 2581 valitudo
1712 2536 1910 2584 vento-

218 2622 370 2677 rum,
401 2625 517 2680 quo
537 2611 821 2666 neminem
850 2625 993 2681 pene
1014 2612 1204 2667 liceret
1228 2612 1487 2669 incedere
1506 2621 1745 2670 rectum.
1776 2616 1911 2671 Boe-

219 2698 476 2753 mundus
506 2697 743 2763 interea,
775 2700 912 2754 dum
937 2699 1384 2771 conﬂagratione
1418 2701 1677 2758 horribili
1708 2703 1910 2759 abradi

223 2785 485 2840 funditus
518 2786 793 2855 conspicit
822 2786 1048 2853 urbem,
1093 2788 1262 2858 cmpit
1311 2803 1418 2859 pro
1469 2790 1709 2846 ecclesia
1754 2791 1908 2848 Beati

217 2872 374 2928 Petri
447 2880 503 2929 et
555 2873 777 2930 Sanctae
829 2874 1039 2942 Mariae,
1111 2876 1355 2947 aliisque
1420 2877 1670 2934 ecclesiis
1737 2879 1911 2936 anxie
1948 2867 1988 2923 C

215 2966 366 3015 4l4
428 2961 601 3017 nimis
668 2971 935 3019 aestuare.
984 2963 1074 3020 Ab
1124 2964 1263 3020 hora
1294 2973 1489 3022 tamen
1529 2966 1694 3022 tertia
1726 2981 1911 3039 usque

214 3050 285 3103 ad
317 3050 501 3106 noctis
532 3051 805 3119 medium,
861 3052 1094 3107 ﬂamma
1144 3053 1477 3119 desaeviens,
1537 3055 1907 3112 ecclesiarum

212 3134 634 3206 domorumque
689 3137 804 3192 duo
844 3137 1024 3193 millia
1079 3138 1297 3210 redegit
1352 3139 1410 3194 in
1443 3140 1712 3196 cinerem.
1746 3140 1911 3197 Circa

211 3222 597 3279 meditullium
628 3239 765 3296 ergo
794 3224 995 3293 noctis,
1047 3240 1236 3296 pyrraa
1286 3226 1530 3283 furentis
1579 3228 1911 3299 conquievit

217 3312 518 3368 acerbitas.
1180 3334 1185 3341 ι

283 3444 509 3517 [XXIL]
546 3446 707 3529 Ignis
757 3446 828 3501 de
876 3447 1009 3502 caelo
1055 3447 1269 3502 cadens
1322 3449 1641 3504 Turcorum
1669 3449 1907 3533 exitium

207 3534 577 3605 praenuntiat.
608 3565 682 3577 —
728 3536 1009 3592 Praeterea
1063 3537 1356 3593 castellani
1410 3538 1761 3595 atrocissime
1805 3553 1910 3595 ve-

142 3694 147 3701 ,
210 3623 432 3680 xabant
477 3631 723 3694 nostros,
769 3624 869 3694 qui
917 3625 1303 3681 versabantur
1343 3626 1402 3681 in
1461 3627 1626 3694 urbe,
1678 3627 1911 3683 assiduo

214 3712 366 3781 ipsos
396 3712 693 3769 molimine
754 3713 945 3769 inedia
983 3713 1270 3784 fatigatos,
1333 3713 1582 3771 interdiu
1632 3728 1699 3771 ac
1745 3724 1911 3773 nocte

213 3800 525 3870 pulsantes,
559 3801 824 3871 nihilque
846 3809 1230 3872 utrorumque
1282 3803 1573 3859 exercitus
1612 3804 1721 3859 nisi
1776 3802 1909 3859 lan-

122 3932 129 3937 .
210 3902 325 3944 ceaa
386 3895 443 3945 et
489 3888 662 3960 gladii
709 3889 1103 3958 disparabaut.
1170 3890 1436 3946 Videntes
1467 3891 1662 3960 itaque
1724 3891 1908 3947 nostri

213 3974 558 4032 indesinenti
623 3990 683 4032 se
727 3976 1014 4032 duellione
1057 3979 1258 4044 teneri,
1307 3993 1412 4034 nec
1462 3979 1572 4035 sibi
1637 3979 1684 4034 si
1722 3980 1910 4035 omnis

212 4064 557 4120 victualium
585 4064 748 4133 copia
777 4073 1122 4135 suppeteret,
1157 4074 1259 4122 aut
1287 4067 1511 4135 edendi,
1546 4074 1647 4122 aut
1676 4067 1908 4123 bibendi

2025 368 2191 424 tium.

2097 457 2270 513 Porro
2294 459 2585 529 oppidani,
2620 460 2721 530 qui
2750 461 2968 517 crebris
3015 471 3208 521 nostro
3240 465 3520 521 exercitui
3563 466 3740 522 irru-

2024 543 2318 614 ptionibus
2366 547 2797 612 incumbebant,
2866 564 3009 618 pene
3077 551 3199 607 sine
3280 552 3398 608 ullo
3441 555 3739 622 temporis

2025 633 2324 689 interstitio
2374 635 2610 691 intentis
2672 637 2945 702 arcubus,
3001 646 3328 695 nostrorum
3376 640 3745 697 vulneribus

2023 728 2125 776 aut
2154 722 2389 779 necibus
2441 724 2794 780 insistebant.
2844 725 2953 791 Qui
2984 735 3175 782 autem
3215 728 3473 784 exterius
3522 729 3746 784 civita-

2024 816 2137 865 tem
2162 810 2539 879 vallaverant,
2592 820 2648 867 et
2703 814 2991 869 mmnibus
3039 814 3309 885 adiacens
3366 816 3739 872 territorium

2021 895 2190 967 longe
2231 897 2456 968 lateque
2506 907 2895 966 contexerant,
2939 902 3198 957 custodia
3250 903 3394 958 adeo
3449 904 3731 974 vigilanti

2023 985 2308 1040 universa:
2357 986 2623 1042 introitus
2649 988 2809 1043 urbis
2850 989 3263 1055 obstruserant,
3307 998 3374 1046 ut
3420 1005 3733 1061 nusquam

2021 1074 2181 1129 exire
2210 1074 2299 1130 vel
2339 1074 2581 1145 ingredi,
2616 1075 2727 1130 nisi
2778 1085 2972 1143 noctu,
3012 1083 3068 1132 et
3116 1077 3224 1133 hoc
3279 1078 3423 1133 clam
3477 1078 3733 1133 omnino

2021 1162 2296 1217 valerent.
2346 1162 2488 1218 Cum
2535 1171 2693 1219 tanto
2746 1178 3001 1235 namque
3031 1180 3274 1221 numero
3318 1166 3467 1222 idem
3527 1167 3735 1221 hostes

2022 1248 2380 1318 luxuriaque
2409 1258 2800 1305 convenerant
2831 1259 2894 1305 ut
2920 1251 3131 1319 passim
3158 1251 3304 1306 nihil
3335 1251 3493 1307 aliud
3535 1265 3732 1320 quam

2025 1336 2279 1391 homines
2317 1350 2385 1391 ac
2433 1339 2676 1392 tentoria
2725 1337 3078 1405 viderentur,
3134 1340 3385 1408 pretiosa
3430 1339 3726 1409 supellex,

2020 1424 2318 1480 variarum
2347 1424 2592 1480 vestium
2624 1425 2929 1491 claritates,
2975 1435 3368 1482 armentorum
3399 1442 3468 1482 ac
3504 1441 3731 1497 pecua-

2021 1512 2239 1567 riorum
2292 1511 2364 1566 ad
2413 1511 2688 1568 victualia
2733 1527 2953 1584 greges.
2989 1514 3077 1569 Ad
3132 1515 3253 1570 haec
3282 1514 3341 1569 in
3392 1513 3733 1571 similitudi-

2022 1609 2171 1661 nem,
2205 1604 2269 1651 ut
2298 1595 2377 1650 ita
2405 1596 2613 1663 dicam,
2648 1596 2868 1666 templi,
2898 1605 3117 1652 ornatas
3147 1610 3382 1662 uxores,
3425 1604 3548 1653 tum
3577 1611 3735 1666 pra:-

2020 1690 2171 1738 terea
2205 1684 2277 1739 ad
2324 1682 2580 1739 libidinis
2620 1683 2948 1753 cumulum,
2997 1685 3339 1754 pharetratae
3369 1699 3504 1740 cum
3547 1698 3732 1740 arcu-

2020 1772 2131 1827 bus
2171 1773 2455 1829 advenere
2492 1774 2773 1843 virgines,
2804 1781 2870 1828 ut
2899 1772 3107 1829 veteris
3136 1772 3197 1828 in
3224 1772 3306 1827 eis
3330 1773 3529 1828 Dianae
3568 1786 3734 1829 nova

2019 1867 2352 1917 cerneretur
2378 1860 2614 1930 species,
2648 1869 2711 1916 ut
2742 1874 2857 1916 non
2898 1874 3074 1916 causa
3106 1860 3374 1928 bellandi,
3403 1861 3499 1916 sed
3530 1861 3733 1931 potius

2018 1947 2127 2004 sub
2165 1949 2405 2004 obtentu
2426 1956 2776 2018 putarentur
2805 1948 3143 2004 convenisse
3174 1948 3471 2019 gestiendi.
3514 1948 3730 2004 Praalio

2020 2035 2182 2105 plene
2213 2037 2416 2106 majori
2448 2046 2669 2104 exacto,
2707 2038 2778 2093 ab
2808 2037 2917 2105 his,
2951 2037 3054 2107 qui
3086 2037 3398 2093 interfuere
3417 2037 3724 2104 asseritur,

2016 2123 2175 2194 quod
2206 2125 2381 2180 etiam
2429 2140 2629 2181 recens
2673 2126 2790 2181 nati
2815 2125 3106 2190 infantuli,
3142 2139 3289 2195 quos
3318 2124 3377 2180 in
3416 2126 3539 2194 ipso
3577 2139 3727 2195 pro—

2018 2212 2212 2268 cinctu
2260 2213 2638 2283 expeditionis
2684 2215 2872 2270 enixa:
2928 2214 3199 2270 mulieres
3275 2213 3528 2278 fuerant,
3573 2214 3725 2269 dum

2018 2315 2121 2369 pro
2178 2301 2511 2371 urgentium
2573 2303 2926 2358 Francorum
2974 2300 3331 2357 insecutione
3380 2315 3725 2371 praeprope-

2018 2396 2167 2457 rant,
2200 2403 2374 2459 seque
2399 2404 2694 2446 morarum
2727 2405 2794 2446 ac
2834 2389 3026 2446 oneris
3055 2390 3417 2459 impatientes
3459 2404 3724 2445 exoccu—

2018 2486 2178 2547 pant,
2233 2478 2417 2534 medio
2474 2478 2706 2548 projecti
2755 2479 3144 2548 reperirentur
3199 2479 3256 2533 in
3296 2477 3575 2549 gramine,
3633 2479 3720 2533 uti

2016 2579 2130 2632 eos,
2165 2565 2305 2621 dum
2330 2566 2439 2621 sibi
2473 2581 2652 2636 quam
2688 2566 2801 2621 illis
2849 2567 2977 2635 plus
3006 2573 3294 2632 metuunt,
3354 2565 3723 2637 negligenter

2016 2651 2361 2711 effuderant.

2091 2742 2351 2814 [XXIIL]
2393 2745 2575 2810 Quam
2613 2745 2929 2798 maximam
2969 2742 3221 2798 ciborum
3259 2741 3570 2814 penuriam
3594 2759 3721 2812 pa-

2019 2829 2239 2885 tiuntur
2265 2831 2497 2885 obsessi.
2524 2862 2591 2870 —
2624 2833 2686 2887 In
2717 2834 2875 2888 hunc
2898 2832 3115 2902 itaque,
3145 2846 3264 2901 quo
3288 2831 3567 2897 diximus,
3590 2845 3723 2886 mo-

2019 2919 2181 2985 dum,
2229 2919 2432 2975 Turcis
2490 2920 2750 2990 undique
2792 2928 3018 2976 nostros
3078 2920 3305 2990 prodire
3361 2919 3720 2986 vetantibus,

2017 3014 2072 3062 et
2100 3007 2368 3062 exteriori
2399 3021 2603 3075 prosus
2640 3008 2750 3063 sibi
2798 3008 3253 3064 necessariorum
3312 3006 3725 3077 procuratione

2018 3103 2244 3165 negata,
2285 3096 2452 3153 famis
2496 3110 2595 3165 per
2640 3110 2869 3152 omnem
2920 3110 3061 3166 pene
3106 3095 3424 3152 exercitum
3482 3109 3723 3151 succes-

2016 3197 2140 3239 sere
2191 3183 2465 3253 pericula,
2494 3192 2550 3239 et
2596 3183 2772 3240 atroci
2823 3184 3152 3240 inediarum
3205 3184 3527 3251 insolentia,
3564 3198 3721 3254 pau-

2019 3272 2311 3341 periorum
2341 3286 2711 3342 quorumque
2740 3273 3056 3341 praecordia
3109 3273 3512 3342 pulsabantur.
3565 3271 3715 3328 Cum

2015 3360 2170 3416 enim
2244 3361 2468 3428 Franci,
2545 3360 2904 3417 Antiochiam
2970 3362 3314 3427 obsidentes,
3382 3360 3717 3416 universam

2015 3447 2240 3504 civibus
2259 3449 2789 3506 contrahendarum
2810 3463 3073 3506 escarum
3096 3450 3319 3519 copiam
3342 3448 3714 3515 ademissent,

2014 3543 2174 3592 tanto
2196 3537 2256 3592 in
2285 3536 2430 3593 urbe
2454 3544 2623 3607 capta
2651 3538 2953 3594 arctiorem
3007 3551 3265 3608 reperere
3302 3537 3714 3603 substantiam,

2013 3631 2231 3694 quanto
2286 3623 2729 3695 diligentiorem,
2792 3639 2864 3681 ne
2939 3633 3141 3682 contra
3182 3639 3241 3681 se
3288 3624 3619 3681 muniretur
3681 3638 3718 3679 a

2016 3711 2238 3778 Turcis,
2287 3712 2395 3782 ipsi
2466 3712 2791 3769 obsessores
2846 3713 3100 3770 habuere
3154 3713 3494 3769 custodiam.
3532 3713 3718 3779 lExte-

2015 3799 2209 3856 nuatis
2235 3800 2488 3871 denique
2534 3815 2667 3871 quae
2693 3801 2765 3857 ad
2799 3815 2972 3858 usum
3024 3801 3389 3871 pertinebant
3418 3801 3713 3868 omnibus,

2015 3888 2179 3957 panis
2236 3889 2488 3959 exiguus
2553 3903 2671 3945 uno
2727 3890 3009 3961 Byzanteo
3059 3889 3380 3946 emebatur.
3453 3891 3716 3946 Annona

2014 3990 2152 4048 ergo
2183 3976 2392 4032 raritas
2424 3985 2478 4032 et
2517 3978 2865 4035 condimenti
2911 3978 3179 4048 parcitas,
3224 3993 3357 4034 cum
3402 3978 3715 4048 plurimam

2018 4062 2237 4133 ubique
2307 4064 2615 4133 peperisset
2648 4066 3000 4136 angustiam,
3059 4065 3276 4131 multis,
3346 4080 3465 4136 prae
3518 4066 3717 4135 inopia

211 4152 698 4221 opportunitatem
753 4152 872 4208 ulla
919 4168 993 4209 ex
1056 4162 1217 4224 parte
1265 4154 1517 4221 concedi,
1576 4155 1726 4210 inter
1762 4168 1822 4211 se
1850 4163 1907 4212 et
1943 4157 1988 4210 D
2018 4151 2496 4221 tumescentibus,
2548 4154 2787 4210 extorsit
2847 4155 3124 4210 animam.
3186 4155 3265 4210 De
3308 4155 3430 4209 vini
3489 4154 3716 4223 potione

216 4240 424 4303 hostes,
461 4249 735 4297 caemento
777 4255 845 4298 ac
887 4242 1076 4312 lapide
1121 4251 1377 4299 castrum
1436 4242 1743 4307 aediﬁcant,
1774 4257 1906 4299 ma-

212 4328 398 4386 chinis
472 4328 875 4399 frequentibus
930 4331 1151 4387 ambire
1207 4331 1494 4395 festinant,
1576 4334 1642 4387 ut
1692 4331 1779 4387 vel
1834 4332 1905 4388 de

214 4424 418 4473 caetero
466 4417 884 4489 aliquantisper
930 4418 1250 4475 securiores
1294 4420 1565 4475 existant.
1612 4419 1753 4474 Pars
1799 4420 1906 4475 ali-

212 4520 331 4577 qua
353 4507 671 4563 Turcorum
694 4507 1092 4563 commanebat
1117 4508 1175 4562 in
1207 4515 1411 4574 castro,
1444 4522 1577 4577 quae
1602 4509 1908 4565 momentis

212 4609 388 4665 prope
438 4595 684 4666 singulis
735 4604 961 4652 nostros
1009 4604 1388 4652 consueverat
1435 4595 1680 4658 irritare
1735 4596 1904 4663 bello,

211 4684 324 4740 alia
403 4692 638 4754 propter
709 4684 1008 4740 castellum
1089 4684 1340 4754 quodam
1390 4684 1786 4755 hospitabatur
1846 4685 1907 4739 in

210 4786 433 4842 campo.
494 4772 670 4829 Nocte
722 4786 861 4841 ergo
915 4771 1179 4841 sequenti
1235 4772 1384 4842 ignis
1421 4772 1694 4841 speciesa
1735 4772 1908 4842 plaga

214 4859 553 4916 'occidentali
604 4859 672 4915 de
727 4859 869 4915 cmlo
939 4858 1282 4928 prolabitur,
1337 4874 1405 4916 ac
1456 4860 1608 4916 intra
1678 4859 1908 4916 hostilia

211 4955 399 5004 castra
462 4948 718 5004 cadendo
772 4946 1111 5004 demittitur.
1149 4948 1418 5019 Utrisque
1476 4948 1737 5019 partibus
1773 4960 1905 5016 spe-

211 5035 417 5092 ctabile
445 5036 762 5105 plurimum
794 5035 1043 5105 praebuit
1093 5050 1264 5092 casus
1302 5036 1406 5093 iste
1429 5035 1800 5092 miraculum.
1828 5034 1906 5091 At

213 5124 313 5179 ubi
343 5137 511 5180 mane
545 5124 834 5191 inclaruit,
867 5139 984 5194 quo
1015 5125 1184 5181 citius
1210 5132 1446 5194 potuere
1480 5124 1652 5179 Turci
1695 5137 1731 5178 a
1760 5122 1901 5190 loco,

212 5212 270 5265 in
304 5226 421 5281 quo
452 5212 745 5268 desederat
774 5212 1016 5269 caelestis
1059 5214 1314 5277 ﬂamma,
1352 5213 1625 5268 recedunt
1661 5218 1717 5265 et
1771 5218 1904 5267 ante

218 5299 557 5366 Boemundj,
589 5316 764 5370 quam
821 5310 1206 5372 occupaverat
1241 5310 1484 5372 portam,
1518 5307 1708 5355 castra
1742 5313 1901 5368 repo-

218 5393 384 5446 nunt.
420 5387 582 5454 Quod
616 5398 963 5461 portentum,
1024 5391 1164 5448 illud
1223 5390 1376 5463 quod
1407 5389 1514 5446 sibi
1572 5387 1907 5445 imminebat

2011 4239 2340 4306 tacendum,
2369 4240 2525 4310 quod
2553 4241 2626 4297 ab
2654 4241 2916 4298 omnium
2950 4242 3293 4313 generaliter
3322 4256 3421 4299 ore
3444 4241 3711 4311 perierat.

2016 4329 2086 4383 Et
2141 4328 2311 4397 plane
2371 4329 2593 4385 malum
2641 4330 2877 4399 biberet,
2929 4332 3022 4387 cui
3067 4331 3214 4387 nihil
3257 4332 3596 4401 suppetebat
3648 4341 3715 4388 ut

2012 4415 2225 4471 ederet.
2300 4417 2428 4473 Iam
2494 4416 2793 4475 deﬁciente
2862 4418 3103 4491 legitimi
3188 4419 3376 4475 victus
3448 4419 3708 4486 obsonio,

2013 4503 2241 4573 equinae
2283 4505 2476 4561 carnis
2505 4507 2820 4577 quisquam
2849 4508 2949 4565 vix
3004 4508 3378 4564 reverebatur
3428 4508 3711 4575 edulium,

2013 4592 2506 4664 contristabatque
2553 4595 2833 4665 plurimos
2854 4596 3254 4666 frequentibus
3299 4596 3543 4665 qumsita
3570 4597 3710 4663 fma-

2013 4680 2192 4745 cellis,
2240 4688 2295 4741 et
2346 4682 2540 4738 carius
2571 4691 2762 4753 empta
2818 4684 3079 4753 paucitas
3130 4684 3447 4740 asinorum.
3512 4684 3712 4741 Pullus

2014 4768 2348 4838 quindecim
2423 4771 2618 4828 solidis
2680 4772 3069 4830 vendebature
3101 4780 3155 4828 et
3212 4772 3442 4828 duobus
3505 4787 3707 4839 ovum,

2013 4870 2257 4926 nuxque
2308 4858 2568 4915 denario.
2618 4860 2724 4916 Ubi
2784 4860 2939 4916 enim
2990 4861 3291 4916 hominum
3365 4861 3708 4930 frequentia,

2013 4944 2243 5014 cibique
2269 4946 2448 5003 totius
2473 4948 2735 5017 penuria,
2769 4963 2996 5005 necesse
3033 4949 3286 5004 constitit
3325 4962 3463 5004 cara
3500 4948 3711 5007 ibidem

2013 5031 2212 5088 haberi
2266 5035 2480 5090 omnia.
2538 5036 2825 5105 Ficorum,
2858 5036 3228 5103 carduorum,
3287 5044 3463 5106 atque
3503 5037 3708 5095 vitium

2013 5122 2242 5178 frondes
2273 5123 2330 5178 in
2366 5123 2661 5193 pulmenta
2700 5125 3070 5180 transierant.
3115 5124 3361 5194 Jamque
3392 5124 3453 5179 in
3482 5124 3709 5180 arbori-

2013 5210 2123 5265 bus
2169 5210 2394 5266 fructus
2443 5213 2625 5281 quaeri
2666 5219 3008 5270 cessaverat.
3071 5212 3305 5269 Olerum
3356 5211 3531 5279 vices,
3567 5226 3705 5282 quo-

2014 5298 2287 5356 rumlibet
2361 5299 2625 5356 foliorum
2683 5308 2968 5357 concoctae
3041 5300 3401 5356 diversitates
3438 5299 3703 5370 agebant.

2017 5389 2335 5458 Equorum,
2395 5388 2768 5457 camelorum,
2825 5389 3142 5456 asinorum,
3216 5388 3412 5456 boum,
3464 5388 3706 5445 bubalo—
