3902 6082
186 196 290 249 765

1292 199 1508 255 GESTA
1546 198 1663 254 DEI
1704 201 1842 254 PER
1883 200 2213 257 FRANCOS.
2240 229 2309 242 --
2336 200 2470 255 LIB.
2520 201 2579 254 V.

3576 208 3680 261 766

180 345 435 402 rumque
489 345 709 399 carnes,
759 346 1136 402 personarum
1183 334 1611 404 opulentiorum
1658 335 1870 390 defere-
1909 337 1956 390 A
1985 350 2110 391 cere
2154 343 2338 406 putat,
2373 337 2512 394 dum
2558 350 2619 393 se
2666 337 3064 406 opportuniori
3103 338 3344 409 tempori
3395 348 3671 396 reservat.

180 419 401 475 bantur
441 420 515 475 ad
561 435 759 487 esum;
792 422 890 476 sed
935 422 1085 477 sicca
1127 422 1460 477 eorumdem
1514 430 1761 493 tergora,
1818 423 1878 479 in

180 522 398 564 morem
434 508 727 577 sepiarum
760 510 1008 574 concisa,
1042 509 1179 566 dum
1203 511 1481 567 diuturno
1513 511 1647 579 igne
1675 526 1880 581 coque-

180 602 385 651 rentur
441 596 612 662 elixa,
684 597 1175 652 accuratissimam
1240 599 1685 668 pauperioribus
1741 612 1880 669 pra-

179 681 356 737 buere
382 682 710 752 coquinam.

249 770 487 839 [XX[V.]
536 772 828 842 Legantur
888 772 1104 842 ubique
1157 774 1414 843 gentium
1470 774 1643 831 urbes
1693 775 1880 831 obses-

179 872 276 923 sa,
331 858 821 930 historiarumque
864 868 1120 916 veterum
1165 861 1510 917 universitas
1561 870 1876 930 retexatur,

180 961 465 1016 quosnam
494 951 734 1018 populos
764 949 1090 1005 valebimus
1132 951 1414 1017 invenire,
1449 952 1608 1021 quia
1641 961 1879 1021 paterna

178 1033 413 1105 regione
467 1036 717 1101 exsules,
768 1052 906 1107 erga
935 1045 1126 1095 tantas
1159 1039 1505 1109 indigentias
1559 1041 1881 1110 pertinaces

179 1132 359 1191 atque
388 1124 541 1191 duri,
573 1125 716 1179 adeo
759 1125 1050 1194 potuerint
1107 1136 1542 1196 perseveranter
1587 1128 1881 1185 existere?

178 1209 354 1266 Plane
402 1212 449 1267 si
494 1213 745 1282 Trojana
800 1213 1075 1269 decennio
1126 1229 1231 1270 suo
1276 1214 1516 1271 illustris
1571 1216 1882 1286 objiciatur

176 1298 417 1363 obsidio,
447 1300 608 1356 datas
661 1301 910 1371 profecto
954 1302 1183 1358 vicaria
1229 1304 1555 1359 securitatis
1609 1318 1881 1373 saepenu-

177 1399 339 1444 mero
380 1388 517 1444 hinc
572 1389 819 1459 indeque
876 1389 1213 1458 profitemur
1260 1390 1541 1458 inducias,
1576 1392 1634 1446 in
1665 1391 1882 1461 quibus

176 1484 236 1532 et
270 1476 665 1533 hebetatarum
696 1478 909 1533 virium
943 1477 1351 1534 reficiebantur
1379 1480 1667 1546 acumina,
1694 1488 1748 1535 et
1774 1479 1881 1535 sti-

172 1564 518 1633 pendiorum
570 1564 871 1620 afﬂuentia
926 1575 1093 1621 terra
1149 1579 1216 1621 ac
1246 1566 1431 1637 pelagi
1479 1568 1880 1636 cooperatione

176 1653 473 1708 successit.
508 1653 575 1708 Et
629 1652 677 1707 si
731 1653 958 1722 aliquos
1001 1652 1314 1723 aliquando
1360 1654 1639 1722 obsessos,
1682 1655 1880 1725 aliqua

175 1741 405 1810 uspiam
434 1740 635 1797 inedia
663 1742 903 1811 contigit
951 1742 1251 1811 pertulisse
1297 1743 1649 1810 discrimina,
1702 1743 1881 1799 nimi-

175 1843 311 1885 rum
348 1828 403 1883 id
450 1828 710 1885 tulerunt
758 1844 859 1899 pro
888 1830 1148 1886 libertate
1194 1831 1433 1900 tuenda,
1462 1846 1595 1888 cum
1624 1853 1645 1880 ι
1682 1846 1879 1901 corpo-

58 1932 75 1939 ‘
177 1931 313 1973 rum
373 1923 429 1973 et
488 1917 690 1987 patria
731 1918 982 1974 defensio
1025 1933 1144 1988 pra
1201 1920 1472 1976 omnibus
1527 1921 1762 1976 omnino
1807 1920 1880 1976 sit

174 2005 354 2061 rebus
401 2005 684 2060 habenda.
743 2028 762 2055 ι
809 2006 876 2061 Hi
935 2008 1097 2062 nulla
1155 2007 1391 2064 libidine
1434 2008 1563 2078 plus
1609 2009 1874 2075 habendi,

173 2092 292 2149 imo
338 2097 490 2147 4l5
541 2093 652 2149 sub
697 2093 937 2150 obtentu
986 2109 1087 2164 pro
1133 2096 1248 2150 Deo
1287 2096 1513 2165 egendi,
1557 2109 1587 2150 a
1624 2097 1877 2152 naturali

170 2180 395 2236 diducti
424 2187 561 2236 sunt
592 2181 731 2247 solo,
766 2181 825 2235 hi
871 2189 934 2237 ut
983 2182 1212 2237 divinas
1241 2182 1314 2237 ab
1366 2182 1633 2238 Ecclesiis
1669 2183 1879 2239 amoli—

171 2275 379 2324 rentur
411 2268 675 2338 injurias,
708 2282 806 2324 eas
838 2269 1122 2335 ciborum,
1154 2268 1551 2337 accubituum,
1591 2270 1872 2326 excubia-

172 2370 329 2422 rum,
383 2356 685 2427 frigorum,
739 2356 1193 2427 pluviarumque
1244 2356 1572 2414 sustinuere
1620 2358 1879 2416 miserias

172 2443 667 2514 indel'icientisque
722 2445 943 2500 timoris
999 2446 1320 2515 angustias,
1380 2459 1529 2516 quas
1570 2446 1616 2500 ‘a
1667 2447 1876 2503 saculo

172 2545 552 2602 nequaquam
612 2546 811 2601 passas
852 2532 985 2602 quis
1036 2532 1286 2589 audierit
1334 2533 1421 2590 vel
1455 2533 1656 2604 legerit
1682 2541 1877 2605 gentes

173 2619 350 2675 ullas.
398 2620 467 2674 Et
496 2619 650 2689 quod
694 2620 884 2689 majus
930 2620 1286 2691 dignoscitur
1314 2629 1587 2690 prastare
1622 2623 1873 2679 miracu-

173 2705 320 2774 lum,
372 2721 506 2762 cum
562 2707 714 2762 intra
776 2708 1031 2777 proprios
1081 2708 1275 2764 adhuc
1321 2716 1654 2765 tenerentur
1710 2710 1872 2776 ﬁnes,

173 2796 279 2852 vix
307 2796 367 2850 in
424 2795 517 2851 sui
560 2796 713 2866 regis
757 2796 1015 2852 exercitu
1048 2796 1223 2852 tridui
1268 2796 1451 2866 spatio
1505 2798 1874 2867 patiebantur

2058 424 2128 479 Et
2178 433 2329 481 certe
2378 425 2557 481 multo
2624 425 2917 482 meliorem
2978 427 3104 495 ejus
3153 427 3347 497 fugam
3402 427 3671 494 arbitror,

1987 525 2119 579 qua
2150 511 2419 568 indecens
2456 512 2669 568 factum
2723 514 2984 583 martyrii
3025 515 3361 583 repensione
3403 515 3672 583 correxit,

1986 613 2163 669 quam
2193 614 2394 657 eorum
2446 602 2951 670 perseverantiam,
2997 616 3245 671 quorum
3279 604 3497 659 reditus
3526 617 3587 658 se
3616 603 3676 658 in

1986 688 2162 744 totius
2220 689 2507 759 spurcitia
2561 696 2617 743 et
2675 689 2900 745 sceleris
2962 690 3250 759 profunda
3307 691 3578 759 deﬂexit;
3627 691 3676 746 si

1987 783 2179 831 tamen
2211 776 2351 847 fuga
2376 777 2486 831 dici
2518 776 2715 832 debuit
2765 776 2861 831 ubi
2899 785 3070 843 certa,
3127 786 3191 833 ut
3222 779 3452 845 dicitur,
3504 780 3675 849 agri-

1988 865 2126 920 tudo
2167 865 2443 934 pratendi
2494 866 2696 933 potuit.
2738 863 2877 930 Quis
2924 866 3185 921 comitem
3236 867 3590 936 Stephanum
3621 873 3679 923 et

1988 953 2285 1021 Hugonem
2321 952 2982 1022 magnum,quibusdam
3004 967 3203 1008 eorum
3237 954 3338 1023 qui
3359 968 3681 1024 persevera-

1987 1055 2141 1106 vere,
2173 1040 2244 1095 ob
2276 1040 2383 1095 hoc
2416 1040 2615 1109 utique
2644 1040 2784 1108 quia
2835 1040 3047 1094 redisse
3078 1040 3182 1094 visi
3227 1050 3382 1107 sunt,
3443 1055 3677 1110 compa-

1987 1129 2196 1184 rabiles
2225 1128 2456 1193 dixerit,
2507 1141 2759 1196 quorum
2807 1135 2963 1183 tanta
3003 1128 3269 1184 honestas
3313 1144 3537 1199 semper
3576 1145 3676 1185 ex-

1987 1216 2173 1272 stitit?
2206 1216 2362 1271 Finis
2391 1216 2461 1270 ad
2490 1216 2668 1285 hujus
2710 1216 2810 1280 rei,
2856 1216 2925 1271 de
2977 1229 3096 1285 qua
3152 1216 3552 1284 criminantur,
3585 1232 3681 1273 ex-

1987 1302 2336 1359 secutionem
2365 1302 2503 1358 adeo
2556 1302 2765 1358 claruit
2797 1310 2861 1357 ut
2903 1303 2971 1358 de
3020 1303 3107 1358 his
3142 1304 3261 1374 jam
3302 1318 3504 1359 secura
3552 1305 3681 1361 laus

1988 1390 2209 1445 cantari
2240 1391 2452 1459 possit;
2483 1389 2711 1444 illorum
2745 1404 2881 1444 vero
2912 1391 3052 1452 vita,
3098 1391 3357 1446 omnium
3399 1392 3681 1448 bonorum

1987 1478 2175 1548 pudor
2203 1478 2294 1533 sit.
2327 1478 2706 1533 Attendamus
2735 1476 2879 1542 illos,
2912 1479 3013 1547 qui
3045 1479 3114 1534 de
3146 1479 3677 1549 Hierosolymitana,

1989 1565 2130 1634 quia
2157 1565 2233 1621 ibi
2277 1566 2686 1632 interfuerunt,
2718 1566 3049 1634 captivitate
3102 1567 3464 1635 superbiunt,
3516 1575 3571 1622 et
3599 1566 3682 1622 vi-

1986 1653 2250 1709 debimus
2280 1653 2421 1723 quia
2470 1655 2527 1708 in
2580 1653 2834 1723 ﬂagitiis,
2896 1654 3338 1723 proditionibus,
3389 1655 3679 1724 perjuriis,

1986 1755 2153 1797 nemo
2181 1755 2381 1797 eorum
2409 1741 2581 1796 alicui
2611 1755 2670 1797 se
2700 1741 2918 1810 patitur
2936 1755 3059 1797 esse
3081 1742 3419 1798 secundum.
3459 1743 3681 1798 Horum

1987 1826 2273 1882 anteriora
2321 1841 2388 1882 ac
2442 1829 2755 1897 posteriora
2813 1828 3066 1885 redolere
3123 1829 3443 1897 probantur
3497 1829 3678 1886 hone-

1985 1921 2157 1969 stum.
2193 1914 2301 1982 Illi,
2331 1937 2352 1963 ‹
2388 1915 2528 1985 quia
2562 1916 2919 1973 Hierusalem
2963 1916 3214 1972 viderint
3242 1916 3681 1986 et?sepulcrum,

1985 2010 2188 2070 putant
2242 2004 2312 2058 de
2361 2012 2566 2059 catero
2617 2004 2727 2060 sibi
2770 2018 2969 2060 secure
3015 2004 3357 2060 criminibus
3406 2004 3679 2061 insisten-

1984 2089 2144 2156 dum,
2188 2112 2217 2140 »
2242 2098 2298 2147 et
2321 2092 2531 2147 sanctis
2578 2092 2648 2147 ad
2672 2093 2761 2148 sui
2814 2092 3292 2160 comparationem
3351 2093 3682 2150 hominibus

1983 2177 2375 2247 improperant
2405 2179 2673 2244 reditum,
2723 2193 2848 2246 nec,
2900 2194 3022 2236 sese
3061 2194 3162 2249 per
3196 2179 3411 2236 scelera
3457 2181 3682 2237 infinita

1985 2266 2340 2334 putentibus,
2374 2281 2574 2322 eorum
2606 2268 2775 2324 linem
2816 2268 3179 2324 considerant
3225 2268 3677 2337 pradicandum.

1984 2353 2089 2409 Sed
2147 2354 2237 2410 his
2289 2355 2532 2422 omissis,
2593 2364 2787 2425 capta
2866 2355 3031 2412 seriei
3101 2356 3467 2413 intendamus
3535 2358 3679 2414 arti-

1983 2442 2203 2517 culum.

2054 2529 2294 2599 [XXVL]
2330 2530 2664 2601 Digrediens
2693 2544 2830 2602 ergo
2880 2531 2955 2587 ab
2982 2531 3395 2588 Alexandriola
3422 2532 3679 2589 munici-

1983 2617 2076 2686 pio
2106 2632 2228 2684 suo,
2264 2632 2453 2674 comes
2483 2619 2684 2685 isdem,
2728 2619 2800 2675 ad
2830 2633 2957 2675 eam
2993 2620 3217 2687 urbem,
3254 2635 3386 2690 qua
3416 2620 3677 2691 appella—

1981 2712 2078 2760 tur
2104 2704 2458 2771 Philomena,
2495 2706 2774 2775 pervenit.
2830 2708 2955 2762 Jam
3006 2707 3335 2777 imperatori
3375 2708 3676 2779 tyrannico

1980 2800 2207 2863 captam
2234 2794 2595 2849 Antiochiam
2630 2794 2817 2850 fuerat
2840 2793 3195 2860 nuntiatum,
3228 2810 3346 2865 quo
3375 2797 3493 2866 ipse
3536 2811 3671 2853 cum

172 2883 438 2949 tentoria,
466 2884 639 2939 etiam
668 2898 801 2939 cum
824 2898 938 2940 non
981 2885 1256 2941 excedere
1285 2894 1632 2955 cogerentur
1666 2901 1701 2941 a
1731 2901 1869 2956 pro-
1909 2896 1950 2953 C
1982 2881 2178 2937 multis
2209 2881 2382 2951 οοβίίε
2419 2882 2773 2939 “celerabat
2818 2884 2945 2951 ile!"
2992 2885 3286 2939 εὲεῑίωόῐιε
3325 2899 3385 2940 se
3421 2899 3456 2940 ὃ
3495 2886 3677 2942 Fran-

168 2971 383 3026 vincia.
415 2971 640 3037 Nullus,
673 2979 735 3027 ut
772 2971 1009 3037 astimo,
1040 2985 1244 3027 eorum
1283 2974 1383 3042 qui
1408 2973 1489 3028 illi
1523 2974 1877 3045 subjacuere

169 3058 426 3128 periculo
481 3060 718 3125 exstitit,
780 3059 881 3129 qui
933 3060 1255 3115 anxietates
1298 3060 1487 3117 valeat
1547 3063 1875 3119 animorum

172 3161 601 3217 corporumque
663 3154 945 3203 tormenta
1005 3149 1251 3204 recolere
1308 3164 1440 3220 qua
1503 3165 1596 3206 eos
1664 3150 1872 3207 ibidem

171 3235 478 3305 contigerit
527 3235 787 3291 tolerare.
845 3236 977 3292 Hac
1023 3235 1467 3306 animadversio,
1512 3238 1718 3310 viginti
1775 3254 1874 3296 sex

171 3323 378 3379 diebus
404 3324 695 3379 continuis
726 3323 1084 3393 perduravit.

827 3410 1059 3467 CAPUT
1093 3412 1188 3468 VI.

243 3497 468 3570 [XXV.]
517 3498 844 3569 Stephanus
889 3515 1078 3554 comes
1129 3499 1423 3555 Blesensis
1467 3504 1632 3556 extra
1679 3502 1874 3557 urbem

165 3586 593 3641 Antiochenam
642 3586 781 3656 quid
802 3589 1065 3658 gesserit.
1094 3617 1165 3627 —-
1204 3588 1284 3643 Eo
1326 3595 1579 3658 tempore
1634 3589 1873 3660 Stepha-

169 3689 288 3731 nus
320 3674 601 3731 Blesensis
633 3690 841 3743 comes,
870 3676 963 3732 vir
1006 3676 1200 3733 multa
1238 3677 1530 3747 quondam
1565 3679 1870 3745 modestia,

169 3763 493 3835 magnique
541 3764 782 3831 consilii,
842 3778 1017 3834 quem
1058 3765 1367 3821 universus
1426 3765 1536 3821 sibi
1586 3768 1875 3824 exercitus

168 3852 460 3923 delegerat
518 3860 948 3922 praeceptorem,
1011 3854 1129 3909 acri
1192 3868 1253 3909 se
1308 3854 1619 3923 perhibens
1674 3856 1873 3913 morbo

167 3940 489 4007 detentum,
552 3949 867 4011 antequam
928 3941 1243 3998 Antiochia
1310 3943 1522 3998 nostris
1597 3944 1873 4013 patuisset

168 4028 456 4091 introitus,
487 4028 545 4082 in
577 4029 869 4098 quoddam
898 4037 1260 4086 concesserat
1304 4031 1669 4100 oppidulum,
1715 4034 1871 4102 quod

171 4123 399 4172 constat
419 4116 892 4173 Alexandriolam
935 4117 1271 4174 vocitatum.
1309 4119 1489 4189 Capta
1538 4134 1675 4177 vero
1707 4122 1868 4189 urbe,

1982 2970 2064 3024 cis
2093 2984 2218 3025 eam
2244 2970 2367 3025 sine
2400 2971 2578 3027 dubio
2609 2979 2994 3041 recepturum.

2053 3060 2378 3130 Imperator
2421 3057 2549 3113 odio
2600 3060 2858 3113 Francos
2892 3060 3163 3131 persequi
3188 3059 3561 3132 dignoscitur.
3607 3093 3674 3100 —

1983 3147 2183 3202 Comes
2206 3148 2399 3217 itaque
2429 3162 2563 3203 cum
2595 3148 2911 3218 principem
2958 3149 3398 3219 cupidissimum
3443 3149 3675 3205 obviam

1983 3234 2294 3302 habuisset,
2336 3242 2391 3291 et
2440 3234 2531 3290 ille
2572 3236 2641 3290 de
2688 3242 2841 3291 statu
2885 3236 3225 3292 Christiana
3255 3237 3471 3293 militia
3505 3250 3574 3293 ac
3602 3237 3677 3292 ci-

1982 3322 2177 3378 vitatis
2222 3323 2459 3392 prodita
2501 3338 2634 3379 eum
2685 3324 3031 3394 requisisset,
3072 3339 3262 3380 comes
3304 3326 3506 3395 utique
3552 3339 3678 3394 cap-

1980 3418 2098 3466 tam
2134 3412 2331 3467 urbem
2382 3411 2619 3467 minime
2660 3411 2905 3477 reticuit,
2956 3420 3210 3468 castrum
3272 3427 3408 3469 vero
3461 3413 3676 3468 Turcos

1982 3499 2175 3555 adhuc
2222 3500 2466 3556 retinere
2504 3499 2818 3569 perhibuit.
2877 3522 2906 3547 «
2945 3500 3070 3568 Sed,
3126 3501 3269 3571 proh
3322 3499 3518 3556 dolorl
3573 3501 3670 3567 ait,

1982 3587 2261 3656 gaudium
2292 3586 2540 3642 civitatis
2581 3587 2846 3653 obtenta,
2885 3588 3088 3643 iterata
3128 3588 3387 3644 turbavit
3431 3588 3670 3654 obsidio,

1981 3675 2120 3730 dum
2160 3675 2262 3744 qui
2304 3674 2520 3730 Turcos
2558 3674 2773 3744 pridem
2815 3676 3175 3739 obsederant,
3220 3676 3345 3731 vice
3376 3675 3671 3730 miserabi-

1979 3762 2108 3819 liter
2127 3770 2498 3829 commutata,
2532 3762 3073 3833 circumcinguntur
3098 3776 3132 3818 a
3160 3762 3378 3818 Turcis.
3420 3763 3677 3829 Qualiter

1978 3859 2170 3908 autem
2213 3858 2518 3920 postquam
2552 3850 2682 3906 inde
2711 3851 3043 3907 recesserim
3090 3865 3149 3907 se
3186 3861 3447 3922 egerunt,
3481 3851 3674 3908 incer-

1979 3948 2100 3997 tum
2126 3940 2327 3995 habeo.
2364 3961 2391 3987 ››
2416 3939 2549 3994 Hac
2577 3938 2811 4009 quidem
2859 3947 3073 3996 secreto
3109 3940 3356 4010 principi
3401 3954 3434 3995 a
3472 3941 3675 3996 comite

1978 4036 2115 4084 sunt
2142 4034 2435 4097 suggesta.
2470 4031 2537 4082 At
2564 4028 2878 4096 imperator
2923 4028 3047 4083 hac
3076 4028 3338 4095 audiens,
3374 4038 3429 4084 et
3459 4028 3532 4084 ab
3573 4042 3676 4098 spe

1980 4117 2074 4171 cui
2099 4115 2455 4170 innitebatur
2487 4114 2773 4182 decidens,
2817 4114 3134 4171 Guidonem
3191 4115 3504 4172 Boemundi
3544 4130 3676 4187 ger-

168 4212 226 4260 et
279 4218 483 4260 rursus
530 4205 777 4272 obsessa,
835 4221 967 4262 cum
1029 4208 1263 4263 comites
1317 4208 1672 4265 Christianos

2134 4217 2247 4269 um,
2270 4202 2463 4258 virum
2487 4201 2718 4257 militari
2741 4202 3047 4259 vivacitate
3079 4205 3475 4273 conspicuum,
3506 4219 3675 4275 quos-

169 4292 376 4349 urbem
433 4292 572 4348 diris
620 4293 1047 4349 calamitatibus
1089 4296 1452 4363 comperisset
1508 4297 1723 4365 urgeri,
1762 4311 1870 4351 ne-

162 4381 427 4436 cessitate
448 4380 637 4436 nescio
666 4394 743 4436 an
774 4381 1072 4438 voluntate
1094 4382 1210 4438 huc
1241 4397 1428 4454 usque
1447 4384 1671 4440 distulit
1692 4385 1871 4440 auxi-

168 4467 317 4524 lium
378 4466 560 4537 ipsius
612 4468 1023 4536 prastolantes.
1085 4470 1210 4539 lpse
1261 4484 1419 4538 vero,
1490 4472 1588 4527 ubi
1642 4472 1873 4527 edidicit

172 4557 498 4612 Turcorum
544 4556 816 4611 examina
874 4556 1121 4614 civitatis
1179 4572 1279 4627 pro
1335 4560 1624 4616 manibus
1669 4574 1872 4615 conse—

168 4645 342 4711 disse,
374 4643 577 4700 callide
608 4644 680 4699 ad
710 4652 985 4701 montana
1034 4646 1325 4715 processit,
1369 4655 1425 4703 et
1454 4662 1723 4717 quanam
1764 4647 1872 4703 ho-

170 4732 350 4788 stium
381 4731 558 4801 copia
593 4732 945 4789 haberentur
992 4734 1253 4791 attendit.
1284 4736 1426 4791 Cum
1474 4749 1610 4805 ergo
1641 4736 1874 4805 papilio-

169 4821 347 4876 nibus
372 4833 513 4875 rura
540 4827 737 4889 operta
792 4822 1181 4891 conspexisset
1230 4823 1569 4891 innumeris,
1613 4824 1872 4880 humana

166 4916 357 4965 tactus
404 4907 766 4977 cogitatione,
819 4910 1066 4975 recessit,
1115 4911 1255 4966 dum
1305 4911 1551 4967 astimat
1599 4912 1755 4981 quod
1810 4912 1870 4968 in

166 4995 318 5052 urbe
345 4994 631 5050 conclusis
652 5009 993 5052 succurrere
1014 4997 1105 5051 vis
1125 4997 1455 5053 mortalium
1487 4997 1653 5055 nulla
1678 4999 1869 5066 possit.

169 5083 272 5139 Vir
302 5096 556 5152 namque
585 5097 794 5152 expers
844 5084 1018 5140 totius
1050 5084 1336 5150 levitatis,
1383 5086 1562 5157 fugax
1602 5086 1867 5157 ignavia,

166 5179 223 5227 et
248 5184 448 5226 amore
500 5171 1009 5239 prastantissimus
1062 5174 1341 5237 veritatis,
1374 5174 1514 5230 dum
1546 5188 1604 5230 se
1643 5188 1872 5244 nequa-

169 5272 350 5328 quam
379 5257 462 5313 eis
480 5258 791 5314 subvenire
819 5273 980 5329 posse
1008 5261 1273 5328 astimat,
1300 5269 1355 5317 et
1383 5261 1511 5318 illos
1537 5261 1866 5329 morituros,

169 5348 322 5404 sicut
358 5347 790 5403 circumstantia
839 5347 1173 5416 testabatur,
1215 5363 1331 5405 non
1372 5349 1616 5415 dubitat,
1665 5349 1712 5404 si
1757 5349 1867 5405 sibi

171 5435 401 5494 interim
464 5435 777 5505 provideat,
835 5436 978 5493 nihil
1045 5436 1285 5494 infamia
1335 5438 1580 5509 dignum
1642 5453 1701 5494 se
1777 5438 1868 5495 fa-

1980 4291 2229 4361 damque
2258 4290 2398 4345 alios
2433 4297 2652 4358 evocat,
2700 4304 2941 4361 remque
2987 4292 3167 4348 multo
3215 4292 3467 4349 deterius
3494 4308 3674 4363 quam

1979 4393 2169 4434 comes
2195 4379 2247 4434 ei
2276 4379 2522 4445 dixerat,
2570 4379 2917 4435 manifestat.
2974 4401 3001 4427 «
3049 4379 3216 4447 Quid,
3272 4381 3481 4451 inquit,
3526 4380 3673 4437 facto

1978 4481 2125 4536 opus
2151 4481 2274 4523 esse
2310 4467 2661 4523 decernitis?
2695 4468 2901 4523 Franci
2946 4469 3304 4524 atrocissima
3353 4469 3672 4524 Turcorum

1978 4555 2269 4611 obsidione
2307 4562 2672 4623 premuntur,
2724 4564 2828 4612 aut
2873 4555 3131 4623 fortasse,
3169 4557 3289 4626 jam
3339 4570 3536 4612 eorum
3570 4571 3672 4612 oc-

1978 4643 2231 4699 cubuere
2278 4642 2671 4704 mucronibus,
2725 4657 2828 4699 seu
2874 4643 3047 4699 etiam
3095 4657 3195 4712 per
3240 4644 3498 4700 diversas
3535 4650 3672 4699 sunt

1979 4729 2305 4801 provincias
2349 4731 2494 4801 jugo
2545 4738 2777 4786 aterna
2825 4731 3175 4801 captivitatis
3237 4731 3470 4787 addicti.
3525 4730 3673 4798 Quia

1977 4833 2114 4889 ergo
2164 4817 2466 4874 deferendo
2508 4816 2589 4873 eis
2644 4818 2908 4887 prasidio
2969 4818 3111 4873 nihil
3168 4818 3332 4874 nobis
3383 4819 3667 4887 potentia,

1978 4915 2080 4964 aut
2125 4906 2573 4977 opportunitatis
2619 4907 2852 4974 arridet,
2907 4907 3219 4976 prasertim
3265 4921 3399 4963 cum
3441 4907 3489 4962 si
3538 4921 3669 4977 pro-

1980 4997 2230 5068 gressius
2264 5010 2485 5063 eamus,
2538 4995 2853 5052 verendum
2894 4996 3059 5052 nobis
3100 4997 3191 5063 sit,
3223 5010 3295 5052 ne
3339 5010 3443 5053 nos
3470 4996 3672 5051 Turcis

1978 5083 2415 5140 occurrentibus
2462 5096 2788 5152 pereamus,
2821 5083 2864 5137 si
2911 5091 3114 5138 vestra
3160 5082 3480 5152 prudentia
3511 5082 3666 5138 vide-

1979 5180 2074 5229 tur
2096 5172 2386 5235 idoneum,
2431 5178 2810 5227 revertamur.
2857 5193 2884 5219 »
2935 5172 3064 5227 Hac
3103 5171 3316 5238 dicens,
3360 5170 3669 5241 perﬁdissi-

1977 5275 2109 5317 mus
2138 5261 2276 5330 ipse,
2307 5260 2431 5315 sine
2455 5259 2634 5315 dubio
2657 5258 3117 5329 jucundabatur,
3154 5258 3294 5330 quia
3320 5260 3534 5328 perisse
3562 5270 3669 5315 au-
3725 5294 3736 5305 -

1976 5348 2178 5415 dierat,
2237 5361 2384 5416 quos
2437 5361 2552 5403 non
2594 5346 2804 5404 minori
2855 5360 3032 5419 quam
3091 5348 3307 5407 Turcos
3355 5347 3671 5407 invidentia

1975 5436 2403 5495 exsecrabatur.
