3902 6082
251 194 355 248 767

1138 195 1195 247 V.
1238 193 1572 251 GUIBERTI
1610 192 1902 248 ABBATIS
1940 193 1996 248 S.
2039 192 2284 248 MARl/E
2325 192 2412 246 DE
2452 192 2844 249 NOVIGENTO

3640 192 3760 244 768

328 293 595 398 [XXVIL]
633 326 704 381 At
731 325 917 381 Guido
955 323 1150 380 audito
1180 323 1374 378 fratris
1407 323 1717 379 Boemundi
1751 324 1933 378 Fran-
1976 328 2022 380 A
2053 330 2107 377 et
2133 322 2276 378 alias
2309 325 2367 378 in
2399 324 2480 379 eis
2510 324 2817 380 anxietatis
2859 331 2916 379 et
2960 323 3099 378 dirae
3129 323 3521 394 quaerimouiaa
3559 337 3760 379 voces.

256 429 572 484 carumque
600 414 947 479 discrimine,
987 418 1100 466 tam
1149 411 1264 481 ipse
1311 426 1487 481 quam
1529 411 1840 467 familiares
1881 426 1947 466 ac

257 503 558 559 necessarii
606 502 732 572 ejus
775 500 1286 556 vehementissimis
1322 501 1636 570 ejulatibus
1696 501 1948 570 complo-

259 600 466 657 rantes,
517 591 685 646 etiam
753 589 1030 644 adversus
1084 590 1271 657 ipsum
1327 590 1654 654 Dominum,
1716 597 1948 658 sumpta

251 679 371 744 jam
405 678 622 743 merito,
659 685 724 732 ut
754 677 1057 746 putabant,
1082 677 1356 746 jurgandi
1387 678 1651 744 audacia,
1686 691 1948 746 conque-

255 765 550 828 rebantur,
609 765 903 820 dicentes:
939 786 965 811 ‹‹
1017 765 1166 819 Deus
1221 765 1597 834 omnipotens,
1658 766 1944 834 judicium

252 853 422 922 cujus
469 857 617 906 alo
661 867 694 907 a
741 861 892 908 recto
939 865 1240 921 nunquam
1276 852 1582 917 exorbitat,
1633 853 1732 921 qui
1773 867 1947 921 super

252 947 459 996 sortem
513 941 801 1009 justorum
861 939 1020 994 nullo
1079 939 1244 993 modo
1308 948 1669 1008 peccatorum
1723 949 1947 1010 sceptra

253 1027 552 1097 relinquis,
587 1041 691 1082 cur
721 1027 1023 1097 populum,
1055 1027 1154 1096 qui
1184 1035 1464 1096 parentes,
1507 1042 1736 1092 uxores,
1778 1029 1940 1096 filios,

254 1117 496 1171 honores
551 1116 809 1183 eximios,
870 1115 1056 1171 solum
1115 1115 1378 1170 naturale
1439 1115 1769 1186 reliquerat,
1833 1117 1945 1173 imo

253 1215 354 1270 pro
383 1203 465 1258 tui
494 1202 774 1258 desiderio
803 1216 922 1258 sese
948 1201 1302 1271 quotidianis
1347 1202 1620 1258 crucibus
1660 1203 1947 1273 mortique

251 1290 583 1356 tradiderat,
622 1291 1003 1345 nefandorum
1040 1290 1339 1344 hominum
1370 1289 1576 1360 gladiis
1601 1290 1942 1357 feriendum,

251 1378 470 1448 absque
526 1379 783 1434 subsidio
833 1387 944 1433 tute
1004 1377 1368 1445 profectionis
1419 1378 1737 1448 objeceris?
1771 1378 1946 1434 Plane

250 1465 296 1520 si
338 1479 542 1521 verum
586 1467 702 1521 fore
749 1465 1065 1521 constiterit
1105 1473 1168 1520 ut
1216 1465 1294 1520 ita
1342 1479 1435 1520 eos
1468 1466 1670 1521 siveris
1696 1466 1947 1534 profanis

249 1553 518 1609 manibus
561 1553 961 1609 internecionis
1010 1552 1186 1608 exitio
1236 1553 1403 1618 tradi,
1455 1567 1625 1622 quem
1677 1553 1942 1622 deinceps

250 1640 495 1709 reperies
519 1641 648 1696 tuis
689 1641 974 1696 mandatis
1019 1641 1407 1710 obtemperare
1452 1642 1755 1710 volentem,
1807 1657 1940 1698 cum

253 1736 304 1785 te
348 1729 420 1784 ad
472 1736 599 1784 tuos
646 1729 1070 1785 defendendum
1123 1730 1381 1785 universi
1438 1730 1639 1785 amodo
1678 1730 1941 1800 judicare

251 1817 493 1872 debeant
543 1817 907 1886 impotentem
934 1818 962 1870 ?
1006 1817 1110 1872 Sed
1154 1825 1292 1873 esto.
1341 1818 1448 1872 Pro
1489 1825 1542 1873 te
1597 1817 1774 1872 occidi
1833 1832 1943 1874 vo-

251 1906 444 1972 lueris,
487 1905 669 1976 gloria
705 1912 761 1960 et
804 1905 1017 1960 honore
1059 1919 1154 1960 eos
1199 1906 1583 1961 coronaveris.
1631 1905 1791 1962 Certe
1837 1906 1943 1962 etsi

251 1993 363 2047 illis
409 2006 590 2062 regna
631 1993 1014 2061 centuplicata
1051 1993 1381 2060 contuleris,
1431 1994 1558 2049 fidei
1592 2002 1782 2048 tamen
1832 2000 1944 2049 tute

249 2081 558 2147 hominem,
611 2088 666 2136 et
711 2082 914 2150 capitis
957 2081 1398 2137 commotionem
1453 2081 1946 2151 opprobriumque

247 2170 656 2238 sempiternum
689 2169 745 2224 in
771 2169 1039 2238 gentibus
1089 2169 1306 2224 feceris.
1369 2170 1715 2226 Universum
1770 2169 1943 2225 Chri-

249 2257 419 2312 stiani
474 2258 719 2312 nominis
783 2258 978 2313 orbem
1055 2266 1328 2312 extremae
1400 2257 1812 2325 desperationis
1865 2256 1944 2326 {ac

248 2345 666 2402 incredulitatis
749 2346 925 2402 foveae
995 2346 1300 2412 intrusisti,
1377 2345 1746 2415 nequissimis
1810 2359 1944 2400 vero

249 2435 546 2490 hominum
582 2434 1033 2506 irrefragabiletn
1067 2441 1270 2489 contra
1307 2441 1435 2488 tuos
1477 2433 1782 2488 audaciam
1818 2447 1942 2502 pcr-

246 2531 417 2592 petuo
456 2523 767 2579 contulisti.
818 2525 944 2579 Non
978 2522 1087 2577 erit
1116 2521 1367 2590 denique
1395 2522 1635 2577 ulterius
1663 2522 1804 2591 jam,
1840 2522 1942 2591 qui

247 2625 524 2682 magnum
553 2611 693 2681 quid
727 2612 796 2666 de
828 2618 880 2666 te
905 2617 1237 2680 praesumat,
1274 2623 1405 2664 cum
1441 2624 1554 2676 eos,
1588 2609 1690 2679 qui
1718 2609 1940 2664 cunctis

246 2699 584 2755 mortalibus
637 2699 944 2769 specialius
994 2697 1093 2753 tibi
1155 2697 1394 2767 obsequi
1453 2697 1754 2766 putabant,
1826 2705 1939 2752 tam

247 2787 481 2859 indigno
533 2787 736 2844 subrui
789 2787 900 2842 fine
936 2788 1264 2855 conspiciat.
1312 2785 1411 2840 Dic
1455 2799 1611 2856 ergo,
1668 2787 1934 2855 piissime,

245 2890 362 2947 qua
393 2884 444 2932 te
470 2876 739 2945 deinceps
763 2877 842 2930 tui
871 2874 1056 2930 fronte
1073 2874 1361 2929 vocabunt
1385 2873 1510 2944 [al.,
1537 2874 1932 2944 invocabunt],

245 2979 377 3020 cum
423 2963 506 3019 tui
549 2963 684 3018 tales
730 2970 967 3019 tuorum
1019 2963 1212 3018 exitus
1259 2961 1772 3032 exspectabunt?»
1824 2963 1936 3018 Has

2055 409 2439 466 ferocissimus
2484 411 2648 467 dolor
2675 420 3033 481 expresserat
3061 413 3118 466 in
3148 419 3394 477 tantum,
3440 419 3503 467 ut
3535 410 3590 464 in
3638 419 3765 466 toto

2055 513 2225 569 quem
2261 508 2543 568 tyrannus
2601 500 2693 554 ille
2741 500 3015 555 ductabat
3059 500 3336 566 exercitu,
3407 498 3550 554 nulli
3608 513 3766 568 pene

2054 587 2473 656 episcoporum,
2527 589 2824 652 abbatum,
2888 588 3248 653 clericorum,
3298 587 3593 652 laicorum,
3659 587 3766 641 ni-

2057 674 2282 729 mietate
2352 676 2602 744 stuporis
2666 676 2942 744 absorpti,
3006 675 3287 729 auderent
3351 689 3453 744 per
3523 675 3768 744 aliquos

2058 763 2238 817 Deum
2268 764 2534 819 invocare
2573 765 2711 818 dies.
2764 764 2947 819 Guido
2987 773 3177 818 autem
3213 763 3407 818 fratris
3456 764 3762 818 unanimi-

2056 856 2251 916 tatem,
2291 853 2560 920 tantique
2618 852 2855 920 principi
2917 851 3452 921 magnanimitatem
3500 851 3571 904 ad
3632 865 3760 905 me-

2056 939 2296 993 moriam
2352 939 2654 1004 reducens,
2712 939 3002 1009 replicatis
3071 939 3470 994 miserabiliter
3523 939 3766 1008 optimis

2052 1026 2161 1080 viri
2193 1026 2592 1095 qualitatibus,
2630 1041 2934 1083 maerorem
2980 1027 3248 1082 intimum
3272 1027 3466 1082 multis
3498 1027 3764 1082 ululati-

2056 1113 2164 1168 bus
2190 1117 2551 1183 personabat.

2128 1204 2407 1259 Praeterea
2441 1205 2495 1258 in
2527 1205 2712 1259 reditu
2752 1205 2974 1274 positus
3018 1204 3348 1271 imperator,
3385 1203 3542 1270 dum,
3576 1211 3762 1272 rupto

2057 1292 2408 1346 Francorum
2444 1292 2764 1358 obstaculo,
2812 1293 3028 1346 Turcos
3067 1291 3302 1347 liberius
3342 1293 3550 1360 passim
3589 1292 3762 1347 ober-

2054 1387 2283 1435 raturos
2299 1379 2419 1449 jam
2435 1381 2674 1449 jamque
2715 1379 3002 1444 formidat,
3035 1379 3122 1433 his
3153 1378 3255 1448 qui
3291 1379 3397 1433 sibi
3427 1379 3760 1436 militabant

2056 1467 2383 1523 hominibus
2408 1468 2683 1536 imperat:
2719 1489 2746 1514 ‹‹
2784 1467 3120 1536 1ιθ,“ίη(ιυίῐ,
3160 1472 3215 1521 et
3248 1468 3526 1536 imperiali
3565 1467 3758 1522 edicto

2053 1555 2228 1611 totius
2257 1556 2506 1626 regionis
2538 1555 2713 1626 hujus
2746 1555 3004 1610 homines
3039 1556 3240 1624 cogite,
3283 1555 3557 1610 universa
3605 1556 3758 1610 Bul-

2053 1643 2228 1714 garize
2264 1643 2388 1699 loca
2417 1651 2656 1708 vastate,
2691 1652 2754 1699 ut
2803 1657 2936 1699 cum
2966 1643 3139 1698 Turci
3168 1641 3495 1711 provincias
3522 1651 3758 1698 nostras

2049 1731 2450 1801 depopulaturi
2502 1733 2900 1798 discurrerint,
2957 1731 3100 1786 nihil
3133 1731 3205 1785 ad
3236 1745 3408 1786 usum
3458 1731 3758 1800 pertinens

2050 1819 2175 1874 istic
2229 1819 2460 1876 valeant
2508 1820 2776 1890 reperire.
2827 1843 2854 1868 »
2913 1820 3129 1874 Vellent
3189 1819 3383 1888 itaque
3436 1818 3676 1886 nollent,
3719 1819 3756 1874 ii

2049 1910 2148 1979 qui
2183 1909 2388 1964 nostris
2426 1923 2774 1964 concurrere
2829 1907 3194 1973 festinabant,
3255 1906 3560 1963 Christiani
3599 1909 3760 1963 vide-

2049 1997 2196 2063 licet,
2233 1998 2440 2053 reverti
2485 2012 2615 2052 cum
2669 1997 3012 2067 imperatore
3052 2003 3362 2066 coguntur.
3418 1996 3490 2050 Et
3545 1997 3759 2053 milites

2051 2086 2286 2156 quidem
2351 2094 2698 2156 praceptum
2761 2085 3146 2155 properabant
3191 2083 3424 2153 implere
3481 2086 3758 2154 tyranni-

2050 2188 2204 2240 cum,
2239 2173 2456 2242 pedites
2501 2187 2599 2242 per
2637 2175 2935 2243 angariam
2977 2172 3374 2240 sequebantur
3409 2174 3756 2242 exercitum,

2048 2269 2104 2316 et
2141 2262 2283 2316 dum
2328 2261 2669 2317 celeritatem
2703 2261 2966 2330 equitum
3008 2260 3235 2329 assequi
3265 2259 3553 2326 affectant,
3589 2263 3755 2317 inex-

2050 2349 2294 2404 tricabili
2340 2365 2461 2404 sese
2520 2349 2871 2404 infirmitatis
2921 2349 3324 2418 impedimento
3364 2348 3753 2418 praecipitant.

2051 2437 2262 2493 Passim
2311 2452 2447 2508 ergo
2494 2438 2636 2492 tanti
2696 2438 3055 2506 impatientes
3099 2437 3310 2492 laboris
3349 2436 3649 2504 deficiunt,
3701 2447 3757 2494 et

2051 2527 2198 2581 inter
2226 2526 2484 2582 eundum
2521 2525 2810 2580 innumeri
2855 2539 3055 2580 eorum
3106 2523 3491 2594 languoribus
3538 2538 3756 2593 appre-

2049 2613 2209 2668 hensi
2239 2613 2612 2668 occumbunt.
2647 2614 2708 2667 In
2761 2613 2960 2668 urbem
2995 2612 3247 2682 denique
3277 2611 3755 2682 Constantinopo-

2046 2703 2280 2758 litanam
2332 2702 2639 2770 repedante
2682 2709 2948 2770 tyranno,
3000 2700 3220 2770 quique
3252 2713 3352 2769 per
3387 2699 3660 2765 Graecias,
3696 2702 3757 2756 in

2047 2805 2152 2845 sua
2185 2790 2336 2845 unde
2374 2798 2671 2855 venerant,
2723 2797 3073 2844 remearunt.
3123 2788 3226 2843 Hic
3257 2787 3455 2856 itaque
3503 2789 3645 2844 huic
3694 2789 3757 2842 li-

1976 2907 2016 2961 ρ
2049 2879 2194 2934 bello
2226 2877 2356 2934 finis
2381 2879 2630 2934 accedat.

1467 3306 1472 3308 _
1569 3217 1906 3302 LIBER
1973 3217 2441 3307 SEXTUS.

802 3531 1030 3589 CAPUT
1078 3532 1376 3588 PRIMUM.

314 3673 457 3730 Cum
507 3674 561 3728 in
601 3674 947 3730 authenticis
1000 3674 1250 3730 historiis
1297 3681 1626 3730 sanctorum
1681 3675 1934 3742 Patrum,

244 3763 356 3816 Deo
384 3769 633 3829 auctore,
669 3769 896 3832 patrata
930 3762 1076 3818 bella
1112 3761 1439 3832 relegimus,
1485 3769 1540 3817 et
1587 3777 1687 3831 pro
1733 3765 1934 3819 tantil-

243 3849 430 3905 lorum
498 3850 801 3906 hominum
855 3863 996 3919 pene
1051 3849 1213 3906 nulla
1286 3851 1391 3905 fide
1464 3858 1623 3905 tanta
1679 3853 1934 3908 evenisse

241 3938 668 4007 perpendimus,
704 3940 843 4005 (non
892 3939 1046 4007 quod
1089 3938 1447 3993 beatissimos
1492 3939 1682 4002 .losue,
1735 3941 1934 4005 David,

242 4026 583 4091 Samuelem,
627 4025 878 4080 tantillos
932 4025 1306 4095 appellemus,
1357 4027 1452 4081 sed
1502 4028 1656 4096 quod
1697 4037 1936 4098 excepto

237 4125 439 4167 eorum
482 4112 703 4177 merito,
747 4120 1202 4181 caaterorumque
1252 4128 1501 4182 quorum
1555 4129 1710 4170 nunc
1746 4130 1934 4185 usque

2045 3493 2233 3565 rigore
2277 3495 2566 3562 subducit,
2633 3495 2722 3551 bis
2765 3495 3088 3564 spiritualia
3133 3494 3488 3564 sempiterna:
3539 3494 3744 3550 dulce-

2044 3583 2195 3638 dinis
2220 3583 2516 3648 affectione
2555 3584 2822 3654 disponit.

2117 3671 2224 3744 [1.]
2284 3674 2532 3738 Lancea,
2566 3673 2636 3726 de
2660 3689 2774 3743 qua
2801 3671 3017 3743 prioris
3045 3671 3178 3727 libri
3196 3688 3321 3743 cap.
3361 3673 3394 3725 4
3433 3669 3747 3743 reperitur.

2043 3761 2256 3814 Petrus
2285 3759 2553 3815 Eremila
2597 3759 2874 3832 dirigitur
2912 3761 2990 3814 ad
3035 3765 3264 3815 Turcos.
3299 3791 3368 3800 —
3401 3760 3585 3830 Igitur
3623 3769 3752 3828 post

2043 3849 2223 3904 verba
2249 3848 2396 3904 Petri
2440 3849 2612 3915 illius,
2648 3849 2741 3904 cui
2773 3850 2940 3905 beato
2971 3851 3199 3904 Andrea
3235 3850 3546 3918 interprete
3581 3863 3753 3904 reve-

2045 3937 2310 3992 lationem
2364 3938 2670 3993 Dominicze
2717 3938 2927 3993 lanceae
2979 3937 3235 3993 diximus
3281 3936 3509 4002 factam,
3563 3937 3753 3992 multa

2044 4025 2293 4095 populus
2321 4026 2703 4082 exsultatione
2749 4026 3113 4081 Christianus
3171 4025 3438 4088 invaluit,
3490 4033 3544 4080 et
3601 4025 3749 4080 tanti

2047 4127 2218 4183 quem
2253 4114 2692 4182 praestolabatur
2719 4122 2961 4169 eventus
3003 4113 3319 4183 spectatulo
3359 4112 3434 4168 de‘
3459 4113 3750 4183 profundo

241 4200 339 4254 Dei
397 4200 647 4255 Ecclesia
714 4201 983 4268 praedicat
1042 4201 1403 4269 claritatem),
1455 4202 1634 4271 plebis
1684 4183 1932 4259 Judaicae
1970 4183 2014 4237 Ῑ)
2049 4201 2459 4270 desperationis
2511 4204 2759 4257 emersit.
2798 4201 2986 4256 Indice
3033 4201 3225 4270 itaque
3273 4200 3384 4266 illo,
3427 4201 3498 4255 ad
3532 4201 3746 4268 locum,

239 4287 656 4357 despiciendam
711 4287 978 4344 ducimus
1031 4291 1341 4345 vanitatem
1383 4289 1768 4345 infelicissimo
1826 4291 1934 4346 bo-

243 4377 487 4443 minum,
516 4391 615 4446 pro
644 4377 776 4433 solis
824 4379 936 4434 Deo
984 4379 1284 4434 ventribus
1329 4379 1660 4439 servientes,
1695 4379 1803 4434 nisi
1834 4395 1934 4435 ra-

240 4466 316 4521 tio
377 4465 655 4532 obviaret,
718 4466 1094 4535 placentiores
1175 4468 1289 4521 Deo
1351 4475 1551 4536 putare
1641 4482 1936 4536 possemus

239 4567 417 4623 quam
476 4553 613 4609 istos
643 4569 892 4623 quorum
939 4562 1055 4610 tota
1086 4555 1402 4624 spiritualis
1450 4555 1636 4610 fuerat
1662 4557 1929 4612 servitus.

239 4641 356 4696 Illis
384 4655 638 4711 namque
695 4656 729 4696 a
767 4641 885 4698 sola
937 4642 1264 4698 idololatria
1311 4643 1468 4709 tutis,
1507 4657 1773 4713 prospere
1805 4659 1938 4714 pro-

238 4729 545 4785 veniebant
601 4731 814 4796 omnia,
881 4731 1096 4786 crebra;
1152 4731 1422 4799 victoriae,
1503 4732 1685 4787 multa
1751 4736 1932 4803 copia,

241 4819 362 4873 istis
383 4832 519 4872 vero
549 4818 860 4874 difficulter
891 4820 1142 4884 vincere,
1173 4819 1322 4874 inter
1351 4820 1698 4876 vincendum
1723 4821 1936 4878 damna

239 4907 584 4976 frequentia,
649 4920 794 4962 rara:
853 4908 1178 4976 opulentiae,
1239 4909 1526 4963 continua
1578 4910 1834 4979 quidem,
1881 4919 1937 4968 et

242 5002 380 5049 tunc
408 4993 818 5050 crudelissimae
873 5004 1171 5064 egestates,
1213 5011 1343 5051 cum
1375 4995 1414 5051 ii
1464 5010 1578 5051 non
1609 4995 1932 5067 militarem,

243 5081 337 5136 sed
370 5081 766 5135 monachalem
821 5090 1104 5150 quantum
1139 5083 1208 5137 ad
1256 5083 1671 5151 parcimoniam
1725 5085 1934 5139 sancti-

243 5169 616 5236 moniamque
647 5169 910 5238 pertinet,
961 5169 1137 5225 vitam
1194 5171 1486 5227 ducerent.
1541 5170 1700 5236 Quod
1753 5178 1932 5226 totum

247 5255 391 5310 ratio
446 5258 773 5324 gratissima
830 5259 994 5314 nobis
1051 5260 1305 5328 exponit,
1366 5260 1503 5314 dum
1565 5259 1932 5324 attendimus,

247 5343 440 5413 quia:
477 5343 624 5397 Deus
683 5345 932 5414 flagellat
998 5361 1223 5400 omnem
1291 5347 1470 5402 filium
1535 5361 1706 5416 quem
1751 5347 1937 5416 diligit

249 5431 456 5502 (Hebr.
502 5445 596 5496 xu,
657 5436 726 5498 6),
784 5456 809 5478 ››
856 5441 911 5488 et
967 5436 1182 5503 quibus
1239 5435 1575 5505 temporalia
1620 5435 1934 5504 disciplinas

2045 4303 2215 4358 quem
2251 4290 2676 4360 designaverat,
2726 4289 2799 4344 ab
2846 4289 3117 4344 omnibus
3147 4289 3422 4353 curritur,
3455 4296 3508 4343 et
3556 4289 3614 4343 in
3640 4289 3749 4343 Ec-

2043 4376 2214 4432 clesia
2283 4377 2437 4432 Beati
2508 4377 2658 4432 Petri
2723 4391 2886 4432 secus
2953 4377 3133 4432 altare
3191 4377 3552 4431 Dominicum
3621 4376 3748 4431 fieri

2045 4465 2193 4520 fossa
2247 4466 2503 4535 jubetur.
2559 4465 2848 4521 Tredecim
2920 4479 3054 4535 ergo
3122 4465 3472 4526 hominibus,
3523 4479 3560 4519 a
3618 4463 3748 4520 luce

2047 4553 2232 4621 prima
2286 4554 2343 4607 in
2387 4567 2710 4622 vesperum,
2769 4554 3034 4608 haustam
3085 4552 3456 4608 efferentibus
3507 4561 3744 4620 terram,

2047 4642 2214 4697 homo
2246 4642 2362 4711 ipse
2388 4641 2607 4696 invenit
2657 4641 2934 4697 lanceam.
2977 4641 3247 4696 Videntes
3296 4647 3486 4696 autem
3531 4641 3748 4696 auditae

2043 4730 2251 4784 visioni
2282 4730 2626 4784 omnimodis
2653 4729 3011 4784 concinuisse
3037 4743 3155 4784 rem
3191 4736 3431 4799 gestam,
3471 4743 3747 4799 magnam

2045 4818 2239 4873 cuncti
2297 4832 2606 4887 concepere
2665 4817 2938 4878 laetitiam,
3022 4832 3125 4872 nec
3185 4817 3464 4873 minorem
3523 4817 3744 4885 laetitia,

2041 4906 2158 4977 jam
2198 4915 2398 4962 contra
2447 4907 2633 4961 omnis
2688 4907 2862 4961 hostis
2906 4906 3229 4961 audaciam.
3281 4911 3586 4975 Acceptam
3642 4907 3748 4962 hoc

2042 4994 2208 5048 modo
2237 4999 2384 5047 4η
2428 4993 2686 5049 lanceam
2719 5007 2853 5048 cum
2907 4994 3118 5064 ingenti
3160 4992 3419 5049 extulere
3451 4993 3657 5064 gloria,
3691 5003 3744 5050 et

2044 5081 2117 5136 ab
2164 5081 2261 5135 illa
2313 5081 2425 5146 die,
2465 5081 2534 5135 de
2579 5081 2724 5136 bello
2764 5081 2986 5151 agendo
3035 5095 3255 5150 erepere
3307 5081 3546 5136 fidenter
3596 5082 3744 5138 inire

2041 5170 2299 5224 consilia.
2333 5170 2592 5238 Denique
2643 5169 2782 5224 dum
2827 5169 3106 5238 primores
3127 5169 3432 5225 Christiani
3467 5171 3740 5240 agminis,

2045 5266 2240 5314 coacto
2292 5257 2546 5323 consilio,
2601 5257 2741 5326 quid
2782 5258 2930 5312 facto
2982 5272 3128 5327 opus
3187 5265 3334 5313 esset
3385 5259 3511 5327 pari
3571 5273 3744 5313 sensu

2043 5347 2376 5412 eventilant,
2413 5346 2466 5399 id
2497 5355 2810 5416 antequam
2870 5346 3203 5414 praelientur
3243 5346 3568 5401 faciendum
3610 5362 3740 5402 cen-

2045 5444 2169 5490 sent
2217 5443 2506 5504 quatenus
2577 5435 2793 5490 Turcos
2858 5436 3107 5504 primum
3182 5435 3396 5490 directa
3459 5434 3740 5506 legatione
