3902 6082
133 273 240 323 769

1240 266 1456 322 GESTA
1497 266 1609 354 DEI
1651 266 1786 322 PER
1829 267 2160 322 FRANCOS.
2187 297 2253 304 —-
2279 266 2406 320 LIB.
2451 267 2535 321 VI.

3532 275 3634 325 7'70

130 401 502 465 conveniant,
552 397 1158 453 utaChristianorum
1222 397 1423 452 ﬁnium
1457 396 2127 466 occupationeAlentiae
2195 404 2249 451 et
2317 395 2716 465 amplitudinis
2786 395 3054 451 dabimus
3131 404 3364 460 terram,
3423 399 3634 470 hisque

132 489 434 555 desistant,
485 502 589 542 nec
647 486 856 542 Christi
915 485 1102 541 facere
1158 499 1354 541 servos
1395 493 1676 551 extorres,
1731 492 1833 540 aut

131 576 421 632 mortibus
479 575 742 631 addicere
771 575 967 639 velint,
1021 574 1116 628 sed
1165 589 1240 641 se,
1299 588 1403 630 suo
1433 574 1682 628 contenti
1717 583 1833 628 ter-

129 666 312 731 mino,
345 665 454 720 sub
491 663 721 733 propria
755 663 984 733 regione
1033 664 1384 716 contineant.
1420 662 1615 716 Accito
1655 661 1834 731 igitur

131 753 230 808 illo
280 754 462 819 Petro,
513 752 688 822 hujus
732 753 921 820 operis
976 749 1154 805 initiis
1200 764 1314 805 non
1358 750 1647 820 incognito
1706 763 1834 804 ere-

132 842 296 905 mita,
347 850 402 896 et
450 840 707 895 adhibito
764 839 841 894 illi
882 839 1134 908 quodam
1185 838 1482 903 Herluino,
1531 838 1835 906 utriusque

133 929 354 998 linguae
388 929 568 998 perito
609 928 934 996 interprete,
960 926 1174 996 pariter
1199 926 1396 981 ambos
1424 925 1495 980 ad
1529 926 1834 994 profanum

131 1018 456 1086 principem
496 1017 774 1086 dirigunt,
818 1017 1018 1084 eisque
1066 1015 1365 1070 materiam
1413 1014 1692 1069 sermonis
1737 1015 1836 1067 im-

134 1112 382 1174 ponunt.
427 1103 534 1171 Qui
605 1119 738 1160 cum
791 1104 862 1160 ad
904 1103 1132 1174 gentilis
1183 1103 1336 1159 illius
1393 1103 1834 1158 tabernaculum

133 1193 521 1260 devenissent,
582 1201 637 1248 et
699 1192 932 1248 admissi
999 1192 1283 1246 horrendo
1332 1192 1599 1247 diabolici
1652 1192 1834 1246 homi-

135 1282 230 1336 nis
259 1283 589 1351 conspectui
633 1280 963 1347 astitissent,
1008 1281 1186 1350 hujus
1230 1280 1380 1335 modi
1434 1280 1579 1335 serie
1606 1293 1835 1349 perora-

139 1377 301 1424 runt.

212 1456 328 1528 [11.]
395 1477 420 1507 α
476 1456 796 1512 Plurimum
864 1455 1191 1526 principum
1254 1464 1581 1511 nostrorum
1629 1457 1839 1512 animis

134 1545 486 1600 miraculum
507 1544 767 1600 intulisse
789 1544 1062 1600 noveritis
1091 1545 1244 1613 quod
1269 1553 1477 1598 terram
1502 1544 1721 1599 nomini
1742 1559 1841 1600 an-

135 1635 386 1703 tiquitus
411 1633 756 1698 Christiano,
791 1633 972 1688 solida
1013 1633 1288 1698 libertate,
1318 1647 1651 1702 possessam,
1696 1633 1835 1688 adeo

138 1722 523 1777 irreverenter
565 1731 619 1777 et
649 1721 908 1791 improbe
942 1721 1178 1776 introire
1225 1736 1292 1775 ac
1325 1735 1608 1790 usurpare
1645 1735 1836 1790 coepe—
1876 1690 1914 1742 Β

131 1810 280 1864 ritis.
309 1810 451 1865 Cum
505 1809 660 1865 enim
719 1808 956 1864 indubie
1007 1808 1308 1873 sciveritis,
1357 1823 1430 1864 ex
1481 1817 1834 1876 nostrarum,

135 1911 288 1966 quas
335 1898 597 1963 audistis,
667 1897 1002 1952 assiduitate
1043 1904 1242 1950 contra
1276 1911 1378 1950 vos
1433 1895 1832 1958 victoriarum,

137 1985 348 2040 Christi
381 1985 714 2041 nullatenus
744 1985 1048 2040 descivisse
1091 1985 1421 2053 potentiam,
1471 1991 1838 2052 vestramque

136 2074 424 2128 adversus
452 2076 637 2143 ipsum
670 2074 893 2143 experti
920 2073 1042 2128 sitis
1073 2087 1278 2142 parum
1306 2086 1467 2141 posse
1499 2071 1832 2134 valentiam,

135 2161 300 2217 nullo
341 2163 504 2216 modo
541 2163 828 2218 aestimant
857 2161 1010 2231 quod
1067 2161 1228 2216 toties
1267 2160 1410 2216 bello
1463 2159 1630 2228 pulsi,
1685 2173 1834 2227 prie-

138 2250 320 2305 liandi
354 2259 552 2305 contra
583 2252 762 2306 Deum
797 2249 1057 2305 audeatis
1093 2248 1332 2304 ulterius
1363 2250 1569 2303 iterare
1600 2248 1836 2302 demen-

141 2340 299 2394 tiam.
347 2339 507 2394 Unde
549 2339 668 2408 jam
708 2339 1064 2394 unanimiter
1105 2337 1462 2392 arbitramur
1507 2335 1658 2405 quod
1692 2349 1836 2404 pru-

139 2427 334 2482 dentia
379 2435 568 2482 vestra
620 2441 735 2481 non
786 2426 858 2481 ob
907 2425 1063 2480 aliud
1125 2425 1428 2492 hucusque
1481 2421 1835 2485 convenerit,

140 2514 252 2569 nisi
309 2522 373 2569 ut
426 2528 527 2583 per
581 2513 957 2579 Christianos,
1019 2511 1119 2580 qui
1165 2511 1466 2565 nobiscum
1530 2517 1838 2564 versantur

142 2601 458 2671 pontiﬁces,
503 2601 631 2656 ﬁdei
671 2608 878 2655 nostrae
922 2600 1188 2668 dogmate
1234 2597 1413 2652 imbui
1457 2597 1648 2666 possit.
1693 2597 1836 2653 Pro-

141 2690 235 2744 cul
267 2689 440 2743 dubio
470 2702 724 2758 namque
767 2689 1000 2754 scimus,
1047 2688 1188 2756 quia
1230 2699 1603 2755 nequaquam
1639 2686 1708 2740 de
1734 2700 1834 2740 ve-

145 2785 262 2831 stra
299 2775 482 2831 salute
528 2775 766 2841 curatis,
815 2775 912 2830 sed
961 2772 1080 2845 lal.,
1131 2775 1204 2840 si}
1246 2779 1447 2828 contra
1489 2772 1830 2828 catholicam

141 2862 535 2919 credulitatem
593 2862 740 2917 bella
788 2860 1034 2918 tentatis.
1100 2861 1352 2915 Petimus
1400 2874 1538 2929 ergo
1601 2861 1832 2928 pariter,

1938 485 2183 540 castellis
2231 499 2298 539 ac
2345 485 2586 540 urbibus
2633 485 2884 554 gratuito
2911 484 3211 555 dilargitis,
3249 487 3438 542 nullos
3485 489 3632 557 ipso-

1941 585 2073 627 rum
2131 573 2413 642 patiemur
2453 572 2683 642 pedites,
2736 573 2832 628 sed
2886 575 3231 642 generaliter
3273 585 3512 631 cunctos
3553 577 3634 630 in-

1943 663 2246 716 stituemus
2303 662 2548 730 equites,
2605 669 2660 715 et
2693 660 2790 716 ubi
2823 661 2970 716 ritus
3010 663 3225 731 pariter
3254 663 3636 720 indiﬂerentes

1943 748 2304 814 habebimus,
2346 751 2415 804 de
2458 757 2663 805 mutua
2698 750 2910 818 pariter
2959 751 3232 815 amicitia,
3259 759 3313 806 et
3345 751 3635 821 contigui-

1943 844 2056 892 tate
2085 838 2487 907 gaudebimus.
2531 837 2688 903 Quod
2717 838 2764 892 si
2809 851 2843 892 a
2873 839 3158 907 proposita
3191 839 3637 895 deliberaverint

1942 925 2265 979 exorbitare
2313 925 2616 991 sententia,
2680 925 2952 989 incident,
3001 926 3122 981 sine
3183 927 3380 993 dubio,
3438 927 3636 982 invisas

1941 1012 2112 1068 citius
2142 1011 2339 1067 mortis
2361 1013 2557 1078 exilia,
2591 1021 2692 1069 aut
2712 1021 2939 1069 aaternae
2969 1014 3250 1070 subibunt
3290 1015 3638 1083 captivitatis

1941 1099 2163 1166 exsilia,
2211 1101 2483 1155 servituri
2524 1102 2724 1170 utique
2765 1110 2880 1156 tam
2926 1101 3091 1156 nobis
3121 1117 3298 1172 quam
3326 1102 3637 1171 posteritati

1943 1196 2153 1243 nostra;
2185 1202 2282 1257 per
2308 1189 2536 1244 saecula.
2595 1211 2622 1237 ‹‹
2653 1189 2908 1255 Dixerat,
2949 1204 3012 1244 ac
3073 1190 3329 1245 celeriter
3356 1190 3639 1261 legatione

1944 1289 2190 1342 reversa,
2240 1275 2457 1331 militiae
2497 1275 2834 1331 Christianae
2877 1277 3123 1333 ducibus
3162 1278 3455 1333 notiﬁcata
3501 1285 3638 1333 sunt

1944 1363 2157 1419 omnia.

2620 1452 2850 1506 CAPUT
2891 1453 2960 1506 II.

2023 1538 2157 1611 [[V.]
2185 1540 2279 1593 Ad
2309 1543 2480 1594 Deum
2501 1538 2618 1610 piis
2643 1540 2934 1595 exercitiis
2951 1541 3287 1613 confugiunt
3303 1541 3634 1598 Christiani.

1945 1658 2014 1666 —
2046 1627 2345 1682 Exercitus
2379 1628 2590 1696 itaque,
2627 1627 2683 1681 in
2725 1637 2881 1682 arcto
2917 1629 3226 1684 admodum
3271 1630 3634 1695 constitutus,

1945 1715 2085 1770 dum
2141 1715 2305 1770 istinc
2376 1715 2595 1770 crudeli
2653 1725 2966 1771 vexaretur
3035 1717 3241 1784 inedia,
3303 1717 3460 1771 illinc
3513 1717 3639 1771 dira

1947 1803 2270 1873 gentilium,
2305 1803 2408 1873 qui
2452 1818 2511 1858 se
2557 1818 2794 1872 prorsus
2826 1805 3169 1868 ambierant,
3208 1805 3508 1860 formidine
3547 1805 3638 1860 rb-

1943 1893 2195 1958 deretur,
2222 1892 2448 1946 tandem
2481 1892 2551 1945 ad
2583 1892 2781 1946 divma
2810 1907 2927 1947 sese
2958 1892 3217 1947 subsidia
3247 1893 3634 1960 refundentes,

1937 1980 2162 2050 jejunia
2194 1979 2464 2035 triduana
2487 1979 2744 2034 Podiensi
2787 1981 3092 2049 magniﬁco
3138 1981 3461 2036 institutore
3491 1996 3636 2036 con-

1945 2068 2251 2124 celebrant.
2309 2067 2563 2122 Litanias
2618 2067 2906 2136 supplices
2955 2068 3028 2122 ab
3071 2067 3306 2123 ecclesia
3355 2068 3412 2123 in
3454 2069 3636 2123 eccle—

1945 2156 2088 2210 siam
2135 2155 2444 2225 explicant,
2511 2155 2862 2210 confessione
2904 2164 3264 2224 peccatorum
3316 2157 3542 2211 sincera
3577 2169 3634 2211 se

1945 2244 2250 2308 mundant,
2283 2250 2337 2298 et
2379 2242 2687 2312 episcopali
2736 2244 2822 2297 vel
2858 2243 3189 2298 sacerdotali
3223 2251 3638 2313 consequenter.

1944 2331 2302 2387 absolutione
2362 2340 2690 2400 promerita,
2755 2332 3006 2400 corporis
3049 2345 3113 2386 ac
3164 2333 3468 2400 sanguinis
3523 2333 3633 2388 Do-

1945 2419 2088 2473 mini
2139 2426 2494 2474 sacramento
2531 2419 2698 2487 plena
2738 2418 2847 2472 ﬁde
2893 2419 3342 2484 communicant,
3390 2420 3636 2474 eleemo—

1944 2519 2135 2574 synas,
2209 2513 2377 2574 prout
2449 2513 2646 2575 potest,
2707 2506 2954 2574 quisque
3030 2507 3296 2576 largitur,
3356 2507 3637 2562 sacrificia

1948 2592 2162 2662 ubique
2201 2593 2398 2648 divina
2429 2607 2530 2664 pro
2559 2608 2618 2648 se
2659 2592 2846 2648 ollerri
2883 2601 3146 2648 exorant.
3183 2594 3442 2663 Denique
3470 2608 3637 2650 sum-

1946 2689 2041 2749 pta
2083 2683 2205 2751 jam
2247 2695 2318 2736 ex
2370 2681 2457 2736 his
2487 2685 2814 2747 securitate,
2863 2682 2931 2736 de
2978 2681 3126 2737 bello
3181 2683 3540 2751 proponitur,
3569 2697 3635 2737 ac

1945 2769 2095 2824 intra
2124 2770 2412 2825 civitatem
2444 2784 2581 2825 sena
2613 2769 2759 2824 illico
2783 2772 2932 2825 acies
2960 2770 3278 2826 ordinatur.

2015 2855 2128 2928 [V.]
2187 2856 2542 2911 Ordinantur
2573 2857 2726 2911 acies
2775 2857 2852 2911 ad
2905 2874 3179 2929 pugnam.
3215 2889 3284 2898 ——
3331 2860 3395 2913 In
3455 2858 3640 2928 prima

139 2959 344 3007 vestrae
397 2950 758 3005 consulentes
809 2950 1139 3015 inscientiae,
1196 2956 1260 3003 ut
1290 2948 1363 3002 ab
1413 2949 1523 3002 hac
1553 2961 1832 3018 praesum-
1874 2976 1914 3032 ρ
1948 2948 2066 3001 acie
2136 2947 2196 3000 in
2255 2947 2342 3001 his
2382 2947 2664 3015 videlicet,
2739 2947 2842 3016 qui
2903 2949 3116 3016 primas
3171 2948 3322 3003 vires
3372 2948 3638 3018 ictusque

141 3038 334 3108 ptione
380 3037 609 3092 cessetis
655 3038 897 3093 scientes
945 3041 1084 3106 quia
1125 3037 1326 3092 beatus
1373 3037 1574 3091 Petrus
1604 3045 1835 3104 aposto-

141 3127 251 3194 lus,
284 3128 394 3181 Deo
422 3127 730 3196 praebente,
761 3141 888 3181 eam
933 3126 1042 3181 sibi
1070 3133 1322 3195 arrogat,
1369 3126 1536 3194 cujus
1585 3126 1836 3194 primum

141 3216 376 3271 minime
422 3216 733 3270 antistitem
774 3229 832 3270 se
875 3215 1120 3284 ignorat,
1157 3222 1213 3269 et
1253 3229 1427 3284 quam
1461 3221 1674 3280 nostro,
1711 3214 1838 3269 licet

142 3312 528 3374 peccatorum,
575 3304 779 3369 ofﬁcio,
841 3304 1135 3358 restituere
1170 3303 1240 3357 ad
1288 3303 1382 3357 Dei
1428 3302 1670 3368 cultum,
1719 3316 1838 3372 qua

143 3392 302 3446 illam
365 3391 591 3456 imbuit,
665 3393 895 3461 cogitat.
944 3395 990 3446 A
1054 3390 1411 3460 principibus
1447 3391 1615 3444 etiam
1676 3390 1840 3444 vobis

140 3479 545 3544 substantiam,
605 3493 782 3548 quam
841 3479 1144 3542 detulistis,
1211 3479 1542 3532 universam
1605 3477 1834 3544 referre,

139 3580 371 3622 summa
419 3567 756 3622 liberalitate
803 3567 1167 3634 conceditur;
1217 3580 1321 3621 nec
1364 3566 1411 3620 si
1461 3564 1694 3634 paciﬁce
1744 3579 1838 3620 re-

139 3655 374 3717 cedatis,
417 3655 630 3724 aliquis
672 3664 1001 3712 nostrorum
1055 3655 1217 3710 vobis
1267 3655 1554 3710 laesionem
1583 3653 1838 3722 quamli-

139 3743 235 3798 bet
260 3742 542 3798 molietur.
584 3764 603 3791 ι

209 3835 280 3885 At
345 3830 646 3885 Curbaran
697 3829 985 3886 dictorum
1023 3830 1176 3886 Petri
1226 3828 1652 3900 magniﬁcentia
1685 3843 1840 3898 prae-

139 3918 466 3974 cordialiter
524 3918 712 3984 laesus,
768 3919 890 3987 jam
949 3919 1293 3986 Turcorum,
1365 3917 1468 3987 qui
1515 3918 1836 3983 astiterant,

138 4006 232 4062 his
265 4007 496 4073 auditis,
531 4007 859 4062 immaniter
886 4006 1185 4062 ferociente
1218 4005 1507 4074 superbia,
1544 4005 1622 4060 ait
1652 4019 1664 4058 :

214 4093 357 4165 [111.]
405 4117 426 4143 ι
476 4096 730 4160 Terram,
783 4107 960 4163 quam
1006 4093 1192 4149 dicitis
1233 4101 1436 4148 vestrae
1488 4093 1560 4147 ab
1601 4091 1840 4161 antiquo

142 4182 559 4238 Christianitati
613 4183 894 4237 exstitisse
926 4182 1268 4250 subjectam,
1316 4189 1593 4247 nostram,
1645 4180 1841 4236 nobis-

141 4286 257 4341 que
286 4271 614 4326 omnimodo
649 4272 779 4340 jure
809 4270 1058 4326 debitam
1093 4271 1485 4340 probabimus,
1521 4271 1834 4339 praasertim
1873 4267 1916 4320 D

139 4373 276 4414 cum
306 4373 430 4414 eam
460 4359 696 4426 nationi,
732 4361 830 4413 vix
877 4358 1116 4413 feminas
1145 4359 1544 4427 aequiparanti,
1597 4357 1838 4412 miriﬁca

140 4447 356 4502 virtute
405 4447 725 4501 tulerimus.
784 4447 959 4501 Porro
1011 4446 1225 4515 ingenti
1266 4447 1614 4515 desipientia)
1652 4446 1836 4514 depu-

140 4543 336 4591 tamus
365 4535 519 4604 quod
538 4549 658 4601 vos,
688 4536 984 4590 venientes
1013 4549 1048 4589 a
1107 4535 1318 4590 ﬁnibus
1346 4544 1511 4590 terra:
1551 4535 1837 4603 supremis

139 4623 210 4679 de
266 4623 478 4678 nostris
545 4637 649 4679 nos
698 4623 1018 4687 minamini,
1072 4623 1184 4678 imo
1242 4630 1361 4678 tota
1408 4623 1623 4677 virium
1672 4622 1839 4678 colla-

138 4718 298 4766 tione
351 4711 638 4766 conamini
671 4710 1006 4780 propulsare
1038 4709 1288 4777 sedibus,
1323 4725 1455 4767 cum
1487 4712 1647 4765 vobis
1675 4711 1744 4765 ad
1779 4710 1836 4766 id

135 4798 489 4868 explendum
536 4806 846 4868 suppetant
893 4814 1003 4853 non
1038 4813 1190 4867 opes,
1224 4814 1337 4854 non
1368 4813 1549 4866 arma,
1575 4813 1691 4854 non
1724 4813 1836 4854 nu-

139 4901 358 4943 merus.
392 4886 791 4944 Christianum
837 4901 972 4942 vero
1029 4901 1262 4952 nomen,
1320 4901 1433 4942 non
1488 4887 1656 4942 modo
1723 4901 1834 4942 non

135 4974 482 5043 excipimus,
560 4976 652 5029 sed
713 4974 1125 5044 abruptissima
1195 4975 1550 5043 despectione
1618 4975 1834 5044 respui-

136 5077 291 5117 mus.
321 5063 409 5128 Et,
439 5071 504 5118 ut
552 5075 619 5118 ea
648 5077 779 5132 quae
820 5062 1094 5117 intulistis
1143 5062 1300 5117 brevi
1355 5062 1616 5118 clausula
1665 5062 1836 5117 ﬁnia-

136 5165 294 5212 mus,
325 5165 425 5205 vos
454 5151 554 5220 qui
603 5151 885 5222 legatione
932 5150 1267 5220 fungimini,
1318 5151 1388 5206 ad
1429 5158 1645 5206 vestros
1674 5151 1836 5219 prin-

137 5238 296 5307 cipes
353 5239 514 5294 ocius
578 5239 968 5308 revertimini;
1049 5238 1249 5308 eisque
1306 5238 1517 5293 dicite:
1597 5238 1743 5301 Quia
1789 5239 1837 5293 si

139 5333 356 5381 nostra:
413 5327 724 5382 conditioni
781 5327 900 5382 ﬁeri
973 5326 1300 5382 desiderant
1375 5326 1720 5392 consimiles,
1782 5333 1837 5381 et

138 5414 435 5471 Christum
486 5415 738 5480 difliteri,
766 5417 860 5470 cui
918 5415 1187 5470 videntur
1234 5414 1499 5479 acclines,
1557 5429 1662 5470 nos
1720 5429 1834 5470 non

141 5502 296 5557 hanc
323 5502 404 5556 eis
441 5510 669 5558 tantum
723 5502 1104 5571 provinciam,
1153 5504 1250 5559 sed
1307 5511 1362 5559 et
1417 5503 1654 5575 majoris
1698 5517 1836 5573 opu-

1945 3035 2264 3089 Turcorum
2293 3035 2640 3103 exciperent,
2692 3035 2908 3090 exstitit
2956 3036 3141 3105 Hugo,
3181 3036 3354 3106 juxta
3405 3036 3494 3090 sui
3529 3050 3637 3090 no-

1945 3121 2112 3176 minis
2162 3121 2496 3190 qualitatem
2565 3135 2696 3176 vere
2763 3136 3030 3191 magnus,
3093 3122 3368 3192 adjuncto
3438 3122 3636 3176 manui

1943 3209 2068 3278 ejus
2115 3210 2382 3265 universo
2436 3210 2782 3264 Francorum
2816 3211 3067 3280 agmine,
3091 3219 3146 3265 et
3173 3219 3376 3279 praeter
3406 3215 3639 3266 czeteros

1946 3298 2283 3352 Flandrensi
2315 3298 2537 3352 comite.
2571 3298 2781 3352 Audivi
2813 3299 2881 3353 de
2908 3299 3015 3353 hoc
3047 3300 3165 3368 ipso
3197 3300 3353 3369 regio
3387 3299 3638 3366 homine,

1945 3386 2103 3455 quia,
2167 3394 2479 3455 antequam
2535 3386 2604 3440 de
2663 3387 2857 3455 prmlio
2912 3395 3198 3457 ageretur,
3258 3403 3403 3443 suus
3456 3388 3640 3442 eidem

1945 3471 2323 3540 dispensator,
2370 3487 2486 3526 non
2535 3487 2712 3541 parvo
2764 3476 2942 3542 pretio
2999 3475 3196 3543 pedem
3232 3476 3431 3530 cameli
3488 3489 3640 3530 eme-

1945 3569 2056 3625 rat,
2110 3559 2214 3614 hoc
2247 3573 2452 3628 nempe
2499 3561 2685 3631 magis
2715 3562 2840 3630 ejus
2878 3563 3002 3617 esui
3040 3571 3363 3630 competens
3394 3562 3642 3631 reperire

1946 3661 2060 3701 non
2119 3654 2399 3716 potuerat.
2447 3647 2624 3713 Quem
2667 3648 3017 3704 dominicum
3078 3649 3367 3705 hominem
3421 3651 3640 3705 victua-

1945 3734 2088 3790 lium
2135 3734 2434 3789 insolentia
2473 3735 2616 3791 adeo
2656 3743 3074 3792 extenuaverat
3129 3745 3190 3792 ut
3243 3738 3340 3794 vix
3380 3737 3641 3806 equitare

1945 3822 2250 3889 sufﬁceret,
2307 3830 2362 3878 et
2392 3837 2523 3878 cum
2571 3832 2982 3895 suggereretur
3009 3825 3372 3894 eiquatenus
3395 3839 3509 3880 non
3561 3826 3634 3881 ad

1949 3909 2095 3966 bella
2143 3911 2489 3979 procederet,
2531 3911 2627 3967 sed
2673 3911 2762 3966 vel
2815 3926 2945 3967 cum
2995 3912 3209 3968 castelli
3243 3912 3638 3968 obsessoribus

1947 3999 2005 4054 in
2051 3999 2195 4054 urbe
2235 4007 2536 4055 maneret:
2591 4020 2618 4047 «
2660 3999 2844 4064 Absit,
2895 4001 3084 4070 inquit
3139 4001 3429 4066 alacriter,
3469 4000 3639 4071 plane

1947 4088 2176 4154 vadam,
2227 4096 2282 4143 et
2314 4088 2538 4143 utinam
2580 4103 2713 4144 cum
2741 4088 3038 4144 morituris
3090 4090 3296 4145 funera
3328 4089 3442 4145 illic
3475 4089 3642 4146 beata

1947 4177 2307 4246 contingam!
2351 4198 2379 4225 »

2015 4264 2169 4334 [VL]
2219 4264 2394 4320 Porro
2441 4264 2500 4319 in
2547 4265 2799 4320 secunda
2849 4264 2989 4330 acie,
3021 4266 3142 4322 dux
3186 4267 3438 4323 eximius
3465 4267 3641 4323 Gode-

1944 4353 2128 4408 fridus
2201 4357 2350 4406 4l8
2405 4366 2536 4408 cum
2597 4367 2701 4407 suo
2754 4353 2975 4409 locatur
3048 4356 3322 4410 exercitu.
3391 4355 3638 4411 Tertiam

1944 4440 2473 4496 Northmannorum
2529 4455 2718 4496 comes
2767 4442 3049 4497 Robertus
3105 4457 3237 4498 cum
3293 4457 3396 4498 suo
3455 4456 3639 4498 cuneo

1945 4527 2090 4584 fecit.
2138 4529 2367 4594 Quartae
2419 4529 2645 4598 praefuit
2698 4530 2786 4585 vir
2817 4531 3141 4600 spectabilis
3185 4530 3475 4584 Podiensis
3527 4530 3642 4599 epi-

1944 4630 2137 4685 copus,
2199 4618 2384 4672 ferens
2437 4632 2631 4673 secum
2677 4617 2932 4673 lanceam
2983 4632 3113 4688 quae
3169 4632 3367 4672 recens
3408 4618 3642 4674 inventa

1944 4702 2132 4758 fuerat
2179 4702 2508 4759 Salvatoris.
2562 4705 2694 4760 Hac
2740 4705 2990 4761 constitit
3051 4719 3123 4759 ex
3191 4718 3295 4760 suo
3343 4706 3524 4774 ipsius
3586 4713 3644 4762 et

1942 4791 2253 4847 Raimundi
2301 4791 2490 4848 Sancti
2548 4793 2750 4863 .Egidii
2809 4793 3030 4848 comitis
3080 4793 3377 4849 comitatu.
3452 4795 3643 4864 Ipsius

1945 4889 2137 4936 autem
2173 4879 2242 4934 ad
2291 4881 2753 4951 expugnandum
2791 4889 3063 4946 castrum,
3128 4895 3196 4934 ne
3247 4880 3304 4935 in
3349 4881 3638 4937 civitatem

1944 4969 2212 5038 oppidani
2301 4968 2616 5036 desilirent,
2676 4971 2978 5038 praesentia
3053 4970 3267 5024 desedit
3347 4971 3405 5025 in
3477 4971 3636 5026 urbe.

1947 5058 2010 5111 1n
2059 5057 2266 5127 quinta
2331 5059 2452 5112 acie
2500 5057 2606 5113 fuit
2669 5056 3000 5111 Tancredus
3056 5071 3188 5112 cum
3241 5072 3348 5113 suo
3388 5058 3636 5128 agmine.

1947 5147 2011 5201 1n
2059 5153 2241 5213 sexta,
2302 5146 2668 5202 Boemundus
2712 5160 2844 5200 cum
2901 5159 3007 5200 sua
3031 5153 3357 5214 postremus
3407 5146 3642 5200 incessit

1944 5235 2166 5290 militia.

2022 5327 2182 5400 [νη]
2217 5329 2553 5383 Przcedunt
2594 5327 2706 5382 viri
2744 5324 3116 5382 ecclesiastici
3168 5326 3353 5383 sacris
3399 5327 3642 5383 vestibus

1943 5415 2150 5470 induti.
2199 5446 2270 5456 —
2318 5421 2388 5472 At
2445 5417 2714 5487 episcopi,
2767 5415 3101 5486 presbyteri,
3154 5415 3364 5482 clerici,
3417 5429 3484 5471 ac
3523 5431 3641 5473 mo-

1947 5504 2137 5571 nachi,
2171 5505 2566 5561 ecclesiasticis
2595 5506 2790 5562 ornati
2831 5503 3107 5571 induviis,
3148 5504 3457 5575 priemissis
3490 5504 3642 5573 pari-
