3902 6082
270 260 365 311 771
1161 256 1197 307 V
1211 294 1224 307 .
1273 254 1598 310 GUIBERTI
1631 257 1810 311 ABBA

1320 254 1598 310 UIBERTI
1631 255 1918 311 ABBATIS
1955 257 2012 310 S.
2054 256 2292 312 ΜΑΗῐιιΕ
2334 258 2424 314 DE
2466 258 2860 313 NOVIGENTO

3658 263 3774 313 772

271 395 356 444 ter
383 401 702 457 processere
731 385 1021 452 crucibus,
1067 384 1620 452 decertaturosvotis
1661 387 1955 443 studentes
1990 388 2037 440 Α
2061 400 2194 442 cum
2219 388 2569 458 quibusdam
2626 388 2754 444 aliis
2803 389 3025 444 exstitit
3057 388 3294 459 quidam
3350 398 3589 459 nostras,
3635 391 3772 445 Cla-

272 477 553 546 adjuvare
593 474 901 540 ﬂebilibus,
951 481 1006 528 et
1061 473 1167 543 ipsi
1213 489 1445 544 quoque
1475 475 1885 544 prastolantes,
1914 475 1962 530 si

271 578 406 619 suos
460 563 599 618 caedi
650 561 1022 631 contingeret,
1099 561 1357 631 martyrii
1429 577 1662 618 munus.
1721 562 1960 627 Quidam

271 650 598 706 certaminis
653 649 871 704 exitum
923 650 993 705 de
1057 651 1399 705 mmniorum
1465 651 1776 706 eminentia
1825 665 1960 720 pm-

269 738 619 806 spectabant,
685 737 994 793 Dominicm
1060 737 1250 794 crucis
1288 738 1455 808 signa
1514 753 1631 807 pm
1691 739 1962 794 manibus

268 826 622 892 exhibentes,
666 833 722 880 et
768 825 980 881 exinde
1028 826 1420 895 procedentem
1469 827 1785 883 exercitum
1834 840 1963 882 con-

267 913 580 983 signantes.
633 914 714 968 Eo
764 927 902 984 ergo
939 928 1112 984 quem
1147 914 1528 983 praemisimus
1580 915 1802 980 ordine,
1862 927 1964 983 per

266 1014 414 1068 eam,
448 1015 578 1070 quae
626 1009 748 1058 erat
783 1009 915 1056 ante
940 1015 1137 1057 eorum
1187 1000 1406 1068 fanum,
1455 1001 1608 1070 quod
1639 1002 1960 1057 Mathema-

267 1089 434 1155 riam,
465 1088 644 1144 nostri
674 1089 893 1154 dicunt,
945 1097 1188 1157 portam,
1241 1089 1380 1144 adeo
1419 1090 1760 1158 pedetentim
1794 1090 1963 1145 lente-

268 1192 384 1248 que
415 1177 716 1246 prodeunt,
769 1185 834 1232 ut
860 1179 1031 1233 etiam
1083 1177 1314 1232 cuilibet
1345 1178 1589 1232 aniculae
1620 1177 1956 1243 infirmanti,

268 1279 496 1320 necesse
527 1264 860 1320 nullatenus
909 1265 1202 1320 videretur
1250 1266 1701 1334 temperatiorem
1753 1266 1963 1321 habere

268 1351 533 1420 gradum.
582 1351 734 1405 Deus
785 1351 1164 1420 omnipotens,
1217 1352 1451 1420 quantis
1483 1351 1594 1405 illic
1632 1352 1960 1407 animorum

269 1437 560 1507 rugitibus
605 1439 970 1504 clamabaris,
1001 1447 1056 1494 et
1103 1441 1250 1494 fame
1283 1440 1508 1495 diutina
1565 1439 1962 1495 fatiscentibus

267 1539 640 1595 quorumque
689 1527 1066 1596 corpusculis,
1129 1527 1544 1596 rapidissimus,
1611 1542 1683 1582 ex
1742 1528 1962 1583 timoris

269 1614 562 1676 instantia,
604 1615 660 1668 in
694 1623 823 1670 tuas
843 1615 1117 1670 altissime
1145 1629 1316 1670 aures
1339 1617 1673 1670 miserorum
1703 1615 1960 1670 cordium

266 1701 424 1756 dolor
471 1703 829 1758 ascenderat!
884 1703 1124 1769 Quantis
1177 1703 1572 1759 anxietatibus
1627 1718 1788 1758 mens
1827 1719 1960 1759 cor-

268 1789 388 1858 pori
421 1795 560 1845 tunc
607 1791 838 1846 residua
884 1791 1192 1861 agebatur!
1239 1793 1304 1846 Et
1357 1806 1488 1845 cum
1530 1799 1754 1861 cogeret
1794 1791 1961 1850 imbe-

267 1878 472 1933 cillitas
502 1878 805 1947 desperare
859 1879 1180 1942 victoriam,
1229 1878 1347 1934 sola
1396 1880 1544 1934 Deus
1577 1880 1634 1932 in
1673 1881 1960 1935 mentibus

267 1967 547 2032 omnium,
585 1967 678 2036 pia
711 1980 812 2036 pro
844 1975 898 2022 te
946 1966 1278 2022 sufferentia
1305 1966 1682 2020 tractabatur.
1723 1969 1958 2021 Mcerore

265 2054 578 2122 praeordia
622 2053 989 2123 quatiuntur,
1037 2061 1089 2109 et
1129 2061 1503 2108 exsuccatum
1556 2053 1730 2122 longa
1755 2053 1960 2121 ginedia

265 2149 439 2210 caput
478 2141 865 2210 lacrymarum
919 2142 1280 2197 concutiebat
1321 2141 1575 2197 ariditas.
1623 2143 1750 2196 Jam
1790 2150 1958 2197 exte—

264 2229 432 2284 rioris
485 2229 734 2283 hominis
777 2230 1070 2284 deficiente
1129 2230 1384 2296 materie,
1437 2230 1822 2299 spiritualium
1868 2231 1961 2285 de-

265 2317 609 2373 sideriorum
691 2317 977 2373 violentize
1034 2318 1476 2387 concrepabant.
1563 2318 1714 2372 Bone
1784 2319 1955 2384 Deus,

263 2404 544 2476 quidnam
584 2406 661 2460 rei
688 2406 1022 2476 hujusmodi
1071 2407 1472 2462 devotionibus
1508 2412 1731 2475 poteras
1781 2406 1958 2461 dene-

265 2509 419 2564 gare,
457 2509 605 2564 quos
635 2494 806 2549 tantis
829 2495 1066 2550 aestibus
1115 2493 1520 2562 conspiciebas,
1569 2494 1681 2548 imo
1713 2494 1958 2549 faciebas

264 2579 503 2634 ardere?
554 2579 704 2633 Dum
760 2591 1015 2648 namque
1070 2579 1363 2634 considero
1420 2579 1478 2633 in
1538 2579 1662 2642 illis,
1713 2594 1746 2633 a
1794 2579 1953 2644 facie,

264 2666 570 2721 militarem
622 2666 911 2732 ferociam,
960 2667 1033 2721 ab
1081 2667 1314 2733 intimis,
1381 2667 1642 2736 martyrii
1693 2682 1955 2737 praepon-

263 2754 462 2808 derare
516 2753 875 2818 modestiam,
929 2768 1056 2809 reor
1112 2763 1166 2809 et
1213 2769 1414 2810 censeo
1461 2769 1496 2809 a
1551 2755 1775 2811 saeculis
1824 2755 1956 2810 ullis

263 2840 613 2895 exercitibus
688 2855 884 2909 parem
952 2841 1010 2894 in
1064 2849 1312 2910 utraque
1369 2850 1526 2911 parte
1585 2857 1696 2897 non
1783 2843 1955 2898 fuisse

2070 475 2402 532 rembaldus
2454 477 2522 532 de
2581 476 2858 533 Vendoilo
2912 477 3163 546 nomine,
3221 476 3324 546 qui
3375 478 3430 532 in
3493 479 3578 534 his
3630 478 3773 548 qui—

2069 561 2201 618 dem
2252 564 2678 632 celeberrimus,
2741 565 2801 618 in
2858 564 2971 619 illis
3049 564 3356 634 provinciis
3387 565 3530 620 nihil
3587 566 3777 637 gessit

2071 651 2231 706 utile.

2141 739 2416 793 Praeiium
2467 739 2831 794 committunt
2859 737 3208 794 Christiani.
3242 770 3305 780 —
3338 741 3561 797 Interea
3587 741 3778 812 septi-

2071 840 2165 881 ma
2199 828 2368 893 acies,
2401 835 2602 883 contra
2633 827 2757 882 illos
2784 826 3119 892 maritimos,
3153 843 3222 883 ex
3250 828 3479 884 duabus
3507 830 3775 893 aciebus,

2069 915 2233 970 ducis
2304 915 2516 971 scilicet
2580 915 2890 982 Godefridi,
2941 923 2996 970 et
3051 916 3273 972 comitis
3324 917 3774 974 Northmanniaa

2069 1012 2318 1072 sumpta,
2376 1003 2722 1069 contexitur,
2781 1011 2837 1058 et
2901 1004 3218 1060 Bainaldus
3275 1005 3511 1074 quidam
3569 1019 3776 1062 comes

2069 1090 2250 1146 eidem
2284 1090 2614 1160 praaficitur.
2659 1091 2743 1147 lbi
2777 1099 2894 1146 tota
2935 1091 3273 1159 acrimonia,
3302 1107 3368 1148 eo
3394 1094 3503 1157 die,
3538 1094 3772 1149 exstitit

2073 1178 2422 1248 praeliorum,
2453 1186 2784 1234 nostrorum
2810 1179 2961 1234 enim
2986 1178 3263 1246 plurimos
3279 1181 3618 1249 sagittarum
3651 1182 3777 1236 icti-

2072 1266 2182 1322 bus
2208 1267 2632 1322 exstinxerunt.
2659 1268 2704 1320 A
2724 1267 3062 1335 Pharphari,
3098 1275 3310 1332 autem,
3336 1268 3570 1324 flumine
3600 1270 3775 1324 scili-

2071 1362 2176 1419 cet,
2214 1354 2459 1409 hostium
2490 1354 2786 1425 equitatus
2816 1369 3002 1423 usque
3028 1355 3097 1408 ad
3122 1365 3395 1410 montana
3424 1358 3769 1426 porrigitur,

2071 1456 2202 1512 quae
2223 1456 2256 1496 a
2282 1455 2339 1497 se
2369 1442 2616 1496 duorum
2650 1441 2894 1497 millium
2919 1443 3102 1511 spatio
3134 1442 3522 1511 disparantur.
3559 1444 3769 1498 Genti-

2072 1530 2212 1584 lium
2233 1544 2369 1599 ergo
2402 1530 2713 1599 phalanges
2743 1538 2904 1599 parte
2949 1531 3021 1585 ab
3051 1538 3301 1600 utraque
3335 1532 3659 1600 prosiliunt,
3709 1543 3768 1588 et

2071 1617 2423 1671 Francorum
2451 1632 2721 1684 cuneum,
2747 1631 2892 1687 quos
2911 1618 3087 1672 nostri
3109 1619 3428 1673 Turcorum
3452 1621 3654 1688 primis
3681 1621 3764 1674 in-

2069 1706 2356 1771 cursibus,
2405 1706 2569 1774 quasi
2630 1706 2891 1761 fortiores
2949 1705 3298 1775 obiecerant,
3331 1707 3554 1776 sagittis
3595 1709 3767 1777 jacu-

2070 1793 2253 1863 lisque
2284 1794 2602 1864 conﬁgunt.
2639 1795 2712 1850 At
2752 1794 2854 1864 qui
2885 1802 3125 1862 praeerat
3158 1796 3331 1865 regiae
3359 1797 3568 1851 mentis
3594 1797 3768 1866 Hugo

2069 1881 2432 1950 magniﬁcus,
2463 1896 2494 1936 a
2541 1890 2780 1951 paterna
2829 1884 3298 1953 magnanimitate
3345 1899 3462 1939 non
3492 1885 3766 1954 degener,

2068 1967 2216 2023 inter
2247 1969 2494 2023 hostium
2525 1970 2717 2038 jactus
2763 1969 2835 2024 ad
2883 1971 3168 2040 subjectos
3196 1971 3484 2026 exclamat
3517 1988 3529 2025 :
3578 1994 3606 2020 ‹‹
3658 1974 3769 2028 Pa-

2067 2056 2271 2122 timini,
2335 2057 2542 2126 inquit,
2600 2064 2656 2112 et
2729 2058 3014 2112 secundos
3070 2072 3138 2112 ac
3224 2058 3417 2114 tertios
3483 2060 3769 2115 audacter

2067 2145 2477 2213 praestolamini
2533 2144 2700 2212 ictus,
2759 2146 2901 2216 quia
2943 2146 3033 2201 isti
3091 2155 3226 2202 sunt
3283 2148 3564 2202 recessuri
3618 2149 3771 2204 dicto

2068 2233 2257 2288 citius.
2289 2256 2316 2282 ›ι

2140 2322 2280 2390 [ΙΧ.]
2310 2323 2424 2376 Pro
2472 2320 2562 2376 his
2588 2325 2810 2394 pugnat
2842 2322 3133 2378 Christus.
3168 2355 3237 2363 —
3268 2326 3339 2380 Et
3383 2338 3534 2388 ecce,
3587 2327 3769 2395 copiae

2065 2410 2514 2466 innumerabiles
2599 2419 2895 2480 coeperunt
2975 2412 3045 2466 de
3115 2413 3400 2467 montanis
3449 2427 3768 2483 emergere,

2065 2513 2316 2568 quorum
2361 2507 2429 2554 et
2472 2499 2607 2568 equi
2658 2507 2713 2554 et
2755 2499 2921 2569 signa
2980 2499 3161 2555 multo
3187 2500 3433 2555 candore
3471 2501 3768 2571 nitebant;

2063 2585 2272 2640 nostris
2303 2593 2495 2640 autem
2536 2587 2829 2641 maximus
2861 2586 2932 2641 ad
2965 2601 3162 2642 eorum
3197 2588 3523 2644 contuitum
3564 2597 3773 2658 stupor

2064 2673 2324 2739 increvit,
2385 2675 2718 2730 verentibus
2764 2675 2969 2744 utique
3020 2689 3093 2730 ne
3151 2677 3452 2731 contrarie
3507 2678 3774 2731 venirent

2063 2760 2483 2817 adminiculum
2508 2761 2654 2818 ferre
2687 2764 2856 2831 parti,
2891 2763 3071 2817 donec
3117 2765 3476 2833 comperiunt
3522 2763 3575 2818 id
3630 2763 3770 2830 fore,

2063 2849 2236 2905 etiam
2269 2849 2590 2917 visibiliter,
2624 2850 2729 2904 sibi
2762 2851 3083 2919 praestitum
3125 2851 3478 2921 adjutorium
3524 2851 3765 2908 Christi.

261 2928 662 2983 constantiam.
736 2928 850 2983 Hos
908 2942 1109 2983 revera
1167 2929 1411 2984 dixerim
1477 2938 1615 2985 tunc
1683 2930 1957 2986 clamasse
1995 2945 2035 2999 c
2067 2939 2322 3002 Quorum
2361 2939 2679 3006 specialiter
2709 2938 2884 2994 fuisse
2911 2939 3087 2994 duces
3127 2941 3342 3009 opinati
3373 2949 3511 2996 sunt
3553 2941 3772 3010 glorio-

260 3017 322 3070 in
370 3015 598 3079 caelum,
651 3015 754 3071 hos
790 3017 969 3071 sacris
1022 3016 1200 3072 fateor
1252 3016 1570 3073 insonuisse
1629 3018 1801 3085 tubis,
1851 3018 1953 3088 qui

261 3118 376 3160 non
404 3105 616 3159 virium
644 3105 864 3170 robore,
894 3105 989 3160 sed
1021 3105 1306 3174 singulari
1350 3105 1772 3162 exercebantur
1804 3121 1952 3162 ausu

263 3193 488 3246 mentis.

332 3278 531 3352 [VIIL]
572 3279 925 3336 Christianos
977 3280 1180 3335 irridet
1225 3281 1531 3336 Curbaran
1563 3300 1580 3335 :
1613 3281 1713 3352 qui
1753 3283 1956 3338 nihilo-

259 3367 451 3422 minus
481 3373 680 3423 timore
702 3368 1002 3438 perculsus
1046 3369 1247 3440 fugam
1269 3369 1598 3425 meditatur.
1631 3400 1699 3410 —
1735 3372 1955 3427 Interea

260 3457 562 3514 Curbaran
597 3457 872 3526 conspicit
902 3465 1200 3524 exeuntes,
1249 3466 1304 3514 et
1347 3459 1486 3513 dum
1517 3459 1762 3514 alterum
1790 3459 1950 3514 alteri

260 3545 566 3602 succedere
610 3544 775 3600 lentis
829 3545 1068 3601 attendit
1098 3546 1445 3616 egressibus,
1503 3560 1706 3601 eorum
1755 3547 1951 3615 pauci-

260 3640 376 3688 tate
431 3647 608 3703 quam
667 3633 906 3702 putabat
954 3634 1167 3689 irrisa:
1217 3635 1477 3702 «Sinite,
1527 3635 1737 3705 inquit,
1792 3649 1951 3706 egre-

261 3721 478 3776 dientes
536 3722 822 3792 progredi,
880 3729 944 3777 ut
1001 3722 1467 3792 magisvaleant
1512 3738 1646 3778 cum
1701 3724 1954 3793 fugerint

262 3823 297 3864 a
348 3823 613 3880 regressu
688 3810 936 3865 civitatis
987 3811 1238 3865 excludi.
1292 3832 1313 3858 ι
1373 3813 1443 3865 At
1495 3812 1592 3866 ubi
1645 3812 1954 3868 universus

261 3899 548 3953 exercitus
594 3905 787 3966 portas
827 3899 1088 3965 excessit,
1132 3899 1432 3954 Curbaran
1477 3899 1719 3955 intuitus
1775 3901 1952 3955 Fran-

261 3999 460 4040 corum
515 3993 741 4053 gentem
799 3985 997 4040 ordine
1053 4000 1415 4056 numeroque
1448 3985 1771 4056 pollentem,
1830 3993 1952 4041 tum

263 4072 496 4128 demum
523 4072 837 4127 intremuit.
881 4073 1036 4128 Illico
1070 4088 1190 4129 suae
1219 4074 1426 4143 majori
1472 4074 1695 4140 domus,
1723 4073 1843 4143 jam
1884 4074 1954 4130 de

263 4159 404 4228 fuga
428 4158 824 4225 nutabundus,
875 4159 1112 4230 imperat
1144 4169 1225 4227 ut,
1258 4162 1301 4214 si
1342 4175 1375 4216 a
1409 4161 1593 4230 prima
1631 4169 1952 4216 castrorum

264 4253 424 4315 parte
477 4245 745 4302 succendi
805 4256 1060 4304 cerneret
1125 4249 1337 4318 ignem,
1406 4248 1610 4303 emisso
1669 4247 1952 4316 przeconio

265 4334 457 4390 statim
511 4334 656 4390 edici
706 4334 933 4403 faceret,
996 4352 1097 4406 per
1139 4337 1417 4393 diffusum
1452 4329 1688 4393 ubilibet
1735 4336 1950 4392 hostem

265 4425 618 4480 Francorum
658 4439 906 4479 cuneum
959 4435 1188 4494 captare
1235 4427 1472 4495 trophea
1502 4426 1797 4482 victorem.
1829 4424 1952 4481 Coe-

265 4512 347 4581 pit
377 4511 604 4567 interim
648 4511 947 4567 Curbaran
999 4513 1207 4568 sensim
1252 4513 1492 4584 vestigia
1545 4513 1690 4568 ferre
1743 4521 1953 4569 retror-

262 4614 415 4664 sum,
471 4600 541 4654 ad
599 4607 872 4655 montana
936 4600 1313 4669 contendens;
1368 4601 1664 4670 nostrique
1721 4601 1954 4657 illorum

264 4687 649 4758 prosecutioni
697 4688 1170 4759 irrefragabiliter
1211 4687 1608 4744 imminebant.
1677 4689 1956 4745 Praeterea

263 4775 456 4841 Turci,
487 4789 852 4844 supervacua
899 4775 1224 4836 calliditate,
1281 4789 1339 4830 se
1369 4775 1658 4842 dividunt,
1702 4791 1952 4847 parsque

262 4878 464 4920 eorum
509 4864 662 4918 circa
717 4863 946 4932 plagam
999 4865 1174 4918 maris
1216 4862 1566 4932 inambulat;
1601 4878 1732 4933 pars
1776 4867 1954 4920 Fran-

263 4966 358 5008 cos
383 4950 693 5006 immobilis
741 4951 1211 5018 supervenientes
1248 4958 1527 5019 expectat,
1580 4952 1679 5006 tali
1726 4961 1955 5009 nostros

262 5040 607 5096 aestimantes
671 5038 892 5094 ambitu
965 5038 1228 5094 concludi
1313 5053 1492 5108 posse.
1567 5039 1728 5105 Quod
1776 5041 1954 5096 nostri

263 5125 639 5190 attendentes,
673 5139 822 5180 ausu
852 5125 1103 5194 quodam
1137 5126 1564 5194 praesumptivo,
1595 5141 1714 5181 sese
1735 5126 1952 5196 itidem,

263 5214 489 5268 intensa
519 5214 577 5267 in
637 5228 733 5268 eos
763 5213 901 5279 acie,
951 5227 984 5268 a
1014 5213 1232 5268 caeteris
1270 5213 1531 5269 divisere.
1577 5212 1683 5268 Sed
1714 5214 1822 5269 hac
1848 5229 1954 5270 sua

264 5300 586 5368 insolentia,
644 5301 751 5370 ipsi
797 5315 865 5356 ea
921 5302 1010 5357 die
1069 5315 1188 5357 sese
1253 5302 1401 5357 solos
1457 5310 1652 5358 nostro
1673 5303 1952 5359 exercitui

264 5387 545 5442 damnum
597 5388 795 5452 fecere,
839 5388 976 5444 dum
1034 5389 1155 5456 vix,
1189 5396 1396 5458 praeter
1428 5389 1654 5459 aliquos
1708 5393 1952 5460 equites,

265 5474 524 5544 peditum
575 5475 679 5534 ulli
705 5475 824 5530 vivi
875 5489 1126 5543 evasere,
1163 5479 1352 5548 Hujus
1386 5478 1723 5534 temeritatis
1749 5488 1951 5547 motor,

2060 3038 2152 3079 sos
2192 3030 2313 3093 post
2368 3024 2630 3080 militiam
2681 3033 2979 3094 martyres,
3031 3027 3358 3096 Georgium,
3409 3027 3774 3082 Mercurium

2060 3120 2236 3181 atque
2267 3113 2639 3168 Demetrium.
2674 3114 2805 3168 Herc
2836 3128 2870 3168 a
2897 3121 3225 3169 nostrorum
3261 3115 3526 3182 plurimis
3548 3115 3698 3180 visa,
3716 3124 3771 3170 et

2061 3214 2192 3255 cum
2211 3200 2338 3254 aliis
2359 3215 2490 3270 quze
2514 3201 2776 3255 viderant
2798 3200 3148 3266 retulissent,
3173 3202 3360 3270 plena,
3384 3209 3448 3257 ut
3473 3217 3581 3271 par
3617 3211 3766 3266 erat,

2061 3287 2170 3342 fide
2194 3295 2328 3343 sunt
2360 3288 2596 3344 credita.
2627 3290 2694 3343 Et
2717 3289 2760 3342 si
2795 3289 3160 3356 Machabazis,
3193 3289 3326 3344 olim
3362 3304 3468 3360 pro
3497 3291 3764 3346 circum-

2060 3374 2272 3430 cisione
2315 3383 2372 3430 et
2403 3390 2575 3431 carne
2616 3376 2851 3446 porcina
2915 3378 3330 3448 pugnantibus,
3380 3379 3624 3433 evidens
3659 3393 3763 3447 ap-

2061 3463 2318 3532 paruisse
2351 3463 2561 3535 legitur
2589 3464 2811 3520 cmleste
2839 3464 3205 3535 suffragium,
3241 3473 3462 3535 quanto
3507 3467 3768 3536 amplius

2060 3551 2150 3606 his
2201 3552 2418 3619 debuit,
2471 3553 2572 3621 qui
2602 3567 2704 3622 pro
2752 3554 3022 3624 repurgio
3089 3553 3354 3610 Ecclesiis
3405 3555 3767 3621 adhibendo,

2060 3648 2114 3695 et
2157 3647 2312 3696 statu
2383 3640 2511 3694 fidei
2561 3641 2952 3710 propagando,
3000 3641 3113 3698 fusi
3183 3644 3490 3712 sanguinis
3539 3643 3770 3699 Christo

2061 3727 2313 3782 detulere
2361 3728 2682 3783 servitium.
2727 3729 2902 3783 Primi
2933 3743 3068 3799 ergo
3096 3729 3175 3785 illi
3206 3731 3414 3797 hostes,
3448 3731 3551 3801 qui
3582 3745 3619 3785 a
3651 3746 3772 3786 ma-

2063 3814 2141 3868 ris
2169 3820 2330 3882 parte
2359 3814 2750 3880 constiterant,
2788 3823 2947 3872 tanto
2982 3824 3190 3872 nostrae
3233 3818 3420 3887 gentis
3461 3819 3768 3874 obstaculo

2061 3914 2210 3956 sese'
2256 3901 2533 3970 repercuti
2609 3908 2760 3957 4I9
2832 3918 2946 3958 non
3013 3903 3293 3972 ferentes,
3361 3905 3512 3961 focos
3571 3907 3772 3962 herbae

2060 3988 2395 4059 subjiciunt,
2433 3991 2537 4044 hoc
2575 3990 2834 4046 videlicet
2871 3990 3071 4062 fugam
3098 3993 3259 4063 signo
3292 3993 3405 4048 illis
3431 3995 3767 4062 innuentes,

2062 4076 2184 4146 qui,
2233 4076 2372 4130 dum
2422 4077 2683 4145 praelium
2735 4077 2910 4144 fieret,
2956 4079 3199 4134 tentoria
3239 4089 3650 4137 servaverunt.
3699 4087 3770 4137 At

2065 4164 2146 4218 illi
2177 4163 2340 4233 signo
2385 4165 2542 4229 moti,
2605 4166 3035 4234 pretiosioribus
3090 4167 3422 4237 quibusque
3501 4170 3766 4240 direptis,

1989 4232 2033 4285 D
2061 4252 2258 4322 fugam
2289 4251 2510 4308 ineunt.
2547 4232 2749 4309 Franci
2792 4269 2947 4322 vero,
2998 4232 3122 4311 ubi
3145 4256 3389 4325 potiores
3417 4232 3650 4314 eorum.
3674 4260 3768 4313 vi-

2063 4353 2151 4394 res
2200 4349 2575 4409 agnoverant,
2627 4341 2698 4396 ad
2730 4356 2930 4398 eorum
2976 4342 3190 4399 scilicet
3239 4347 3481 4400 tentoria
3533 4356 3771 4403 conten-

2061 4426 2289 4482 debant.

2132 4512 2490 4568 Dimicantes
2525 4515 2664 4586 quid
2691 4517 2923 4574 soleant
2967 4519 3156 4574 Turci.
3189 4552 3256 4559 —
3286 4522 3459 4576 Porro
3508 4522 3638 4578 dux
3675 4526 3770 4579 Go-

2061 4599 2337 4668 defridus,
2410 4603 2896 4675 Flandrensisque
2972 4621 3182 4673 comes,
3268 4609 3434 4678 Hugo
3509 4610 3769 4681 denique

2062 4689 2309 4760 Magnus
2353 4689 2443 4745 bis
2506 4693 2610 4760 qui
2685 4693 2963 4762 crepidini
3018 4693 3276 4751 fluminis
3344 4696 3769 4766 adequitabant

2057 4777 2276 4846 junctis
2317 4777 2542 4834 nisibus
2581 4778 2949 4850 ingruebant.
2997 4784 3066 4838 Hi
3098 4784 3268 4853 plane
3307 4792 3424 4840 tres
3457 4800 3591 4841 cum
3624 4789 3765 4846 suis.

2062 4867 2156 4921 Dei
2197 4866 2405 4922 Filium
2437 4882 2538 4936 pro
2569 4882 2628 4923 se
2656 4869 3000 4925 crucifixum
3046 4886 3162 4939 prae
3201 4872 3382 4928 oculis
3431 4875 3766 4942 appenden-

2063 4961 2163 5020 tes,
2198 4954 2483 5010 universa:
2529 4969 2729 5011 eorum
2773 4957 3111 5026 frequentiae
3154 4961 3374 5015 fortiter
3397 4963 3768 5034 immergun-

2063 5050 2178 5098 tur.
2211 5042 2319 5098 Ubi
2349 5057 2485 5098 vero
2515 5052 2569 5098 et
2599 5044 2713 5099 alia
2740 5054 2934 5102 nostra
2981 5048 3214 5117 agmina
3244 5049 3296 5103 id
3337 5049 3636 5116 viderunt,
3674 5051 3766 5105 toti

2063 5129 2122 5185 in
2154 5130 2429 5186 adversas
2450 5131 2598 5186 acies
2622 5133 2982 5188 animositate
3015 5149 3074 5189 se
3100 5135 3393 5204 ingerunt.
3431 5137 3476 5191 E
3508 5140 3765 5208 regione,

2062 5217 2313 5274 hostium
2352 5219 2525 5274 etiam
2578 5221 2910 5288 multitudo,
2944 5221 3106 5277 rabie
3146 5223 3506 5279 intoleranda
3540 5226 3768 5281 concla-

2063 5320 2264 5372 mans,
2298 5314 2353 5363 et
2399 5307 2524 5376 ipsa
2571 5309 2879 5364 concurrit.
2942 5311 3037 5366 Est
3065 5319 3257 5366 autem
3299 5313 3636 5381 hujusmodi
3681 5328 3766 5370 eo-

2063 5409 2191 5450 rum
2217 5410 2338 5450 mos
2371 5397 2426 5450 in
2457 5396 2577 5451 acie
2620 5398 2940 5466 positorum
2971 5407 3035 5454 ut
3077 5401 3282 5456 cannis
3318 5402 3504 5468 aereis,
3549 5403 3764 5471 quibus

2064 5497 2165 5554 pro
2218 5483 2516 5540 hastilibus
2571 5492 2842 5553 utuntur,
2891 5495 2946 5543 et
2995 5489 3392 5557 cymbalorum
3454 5490 3761 5546 tinnitibus
