3902 6082
100 271 210 322 773

1206 274 1427 329 GESTA
1468 274 1579 330 DEI
1620 276 1755 331 PER
1798 277 2131 334 FRANCOS.
2156 309 2224 319 —-
2252 279 2381 334 LIB.
2420 281 2511 334 VI.

3506 287 3609 343 774-

106 402 488 492 terrilicisque
534 404 769 492 vocibus
815 403 1071 461 inﬁnitos
1108 406 1365 478 fragores
1405 409 1688 478 emittant,
1740 418 1805 467 ut
1842 414 1890 465 A
1917 413 2175 482 ferentes,
2237 416 2339 486 qui
2393 430 2491 472 eas
2533 416 2977 474 eliminaverant
3022 435 3152 490 quze
3190 422 3464 492 templum
3509 424 3609 480 Dei

104 489 195 545 vis
235 491 373 561 equi
427 491 801 562 hominesque
834 506 868 548 a
906 494 1050 549 tanti
1098 495 1322 551 sonitus
1360 503 1575 554 terrore
1617 500 1805 555 subsi-

106 586 282 635 stant.
314 578 420 635 Sed
445 580 590 635 nihil
610 594 813 637 eorum
840 588 979 637 tunc
1010 582 1246 639 valuere
1280 593 1542 652 conatus,
1577 588 1808 656 penitus

104 681 311 723 eorum
343 676 479 724 sunt
501 667 800 724 exinanita
830 669 1143 725 molimina.
1178 671 1369 740 (Σωρῐο
1397 674 1604 728 etenim
1628 676 1806 731 nostri

107 756 279 824 bello,
311 757 493 826 primo
524 757 712 813 hostes
741 758 1120 829 proﬂigavere
1145 759 1437 828 conﬂictu,
1468 769 1522 817 et
1553 762 1624 817 ad
1657 778 1804 832 eam,

107 857 291 913 quam
344 858 459 913 prae
491 845 779 901 mentibus
820 844 1042 901 dudum
1074 846 1420 914 habuerant,
1455 849 1675 918 fugam,
1710 863 1806 905 ce—

107 931 216 988 leri
252 932 647 1002 expediuntur
690 931 915 989 ell’ectu.
957 932 1110 999 Quos
1160 942 1354 991 tamen
1409 938 1609 1004 nostri,
1660 938 1805 993 irre-

106 1020 290 1075 missa
348 1020 641 1086 instantia,
695 1034 797 1091 per
858 1029 1180 1078 castrorum
1243 1038 1484 1080 suorum
1554 1025 1806 1081 medium

103 1115 564 1177 prosequuntur.
620 1109 732 1163 Nec
779 1110 1093 1179 spoliorum
1144 1111 1277 1166 hinc
1319 1112 1451 1167 inde
1490 1112 1806 1183 jacentium

104 1196 380 1265 cupidine
432 1196 832 1265 raptabantur,
864 1196 1071 1254 Christi
1105 1198 1473 1257 inimicorum
1504 1201 1623 1258 solo
1653 1202 1807 1272 pasci

103 1298 316 1340 cruore
343 1283 635 1341 malentes.
689 1288 1124 1355 Persequuntur
1152 1286 1278 1343 illos
1325 1289 1522 1360 itaque
1551 1290 1619 1344 ad
1667 1305 1806 1359 pon-

104 1381 220 1429 tem
249 1386 436 1443 usque
467 1373 923 1443 Pharphareum,
959 1382 1013 1430 et
1056 1375 1333 1432 Tancredi
1368 1392 1553 1447 usque
1599 1378 1808 1434 castel-

103 1460 255 1517 lum.
315 1460 709 1529 Occupaverat
738 1476 895 1532 ergo,
950 1462 1064 1518 illis
1092 1465 1509 1532 recedentibus,
1539 1479 1807 1536 campum

104 1550 425 1619 spoliorum
456 1549 638 1620 gloria
668 1551 923 1622 grandis.
960 1550 1199 1608 Stabant
1239 1553 1338 1620 ibi,
1377 1555 1448 1611 ab
1478 1555 1807 1611 hominibus

105 1636 345 1708 quidem
375 1636 590 1704 inania,
640 1638 767 1692 auri
826 1647 1016 1694 autem
1071 1648 1127 1695 et
1174 1642 1399 1710 argenti
1442 1649 1806 1698 ornamento-

105 1738 366 1794 rumque
394 1725 850 1795 quamplurium,
901 1740 1018 1781 non
1055 1741 1237 1797 egena
1278 1730 1541 1797 tentoria,
1586 1730 1805 1798 ovium,

107 1826 446 1883 caprarum,
480 1813 695 1869 bovum
741 1814 869 1870 fusa
920 1815 1139 1885 ubique
1172 1817 1461 1885 pecuaria,
1500 1831 1807 1888 equorum,

106 1901 433 1969 mulorum,
470 1902 766 1958 asinorum
795 1903 1022 1973 copiosa
1047 1904 1323 1971 subsidia,
1356 1904 1654 1976 frumenti,
1686 1908 1806 1964 vini

108 2004 181 2045 ac
213 1989 436 2056 farinae,
469 1989 674 2045 collata
706 1992 828 2047 sine
857 1992 1196 2049 discretione
1217 1994 1474 2049 obsonia.

186 2077 465 2132 Pretium
493 2079 796 2133 adversum
828 2081 1091 2146 fecerunt
1124 2081 1342 2149 Turcis,
1375 2113 1444 2122 -—
1489 2083 1811 2139 Christiani

102 2168 309 2238 grates
337 2167 568 2222 Christo
593 2168 916 2239 rependunt
944 2169 1250 2240 urbemque
1268 2168 1665 2241 ingrediuntur
1680 2188 1810 2226 cum

108 2253 422 2325 triumpho.
466 2283 540 2296 —
583 2259 653 2311 At
684 2255 861 2326 Syriae
905 2258 1308 2328 Armeniaeque
1344 2259 1547 2326 coloni,
1601 2260 1701 2329 qui
1750 2263 1809 2314 in

110 2341 226 2398 illis
247 2343 631 2399 versabantur
677 2343 962 2413 partibus,
1013 2346 1428 2415 comperientes
1458 2347 1692 2402 Francis
1722 2347 1810 2403 in-

107 2438 401 2500 speratam
479 2430 711 2486 cessisse
788 2430 1108 2496 victoriam,
1196 2434 1395 2490 obvios
1458 2435 1813 2505 fugientibus

107 2519 319 2575 Turcis
347 2533 407 2574 se
439 2520 655 2589 ubique
685 2521 1017 2589 praebentes,
1041 2522 1110 2575 ad
1145 2530 1418 2577 montana
1456 2532 1812 2580 concurrunt

108 2615 169 2663 et
210 2621 589 2678 quoscunque
645 2609 1161 2678 comprehendunt,
1213 2610 1568 2666 interimunt.
1622 2612 1811 2667 Nostri

117 2703 392 2764 praeterea
421 2695 743 2761 redeuntes,
784 2703 838 2751 et
896 2696 1174 2752 immenso
1221 2698 1410 2752 cordis
1458 2698 1662 2768 jubilo,
1719 2700 1813 2755 in—

117 2782 658 2851 comprehensibilia
685 2784 972 2852 praeconia
999 2785 1375 2854 rependentes
1399 2800 1504 2842 suo
1541 2801 1812 2856 coopera-

117 2872 226 2926 tori
251 2871 493 2938 Christo,
527 2885 661 2927 cum
697 2872 975 2942 triumphi
1001 2873 1244 2929 caelestis
1273 2874 1488 2930 honore
1526 2874 1810 2932 civitatem

118 2959 429 3016 introeunt.
479 2959 576 3015 Ille
624 2966 837 3025 autem,
889 2961 989 3030 qui
1041 2960 1202 3017 urbis
1236 2970 1474 3030 prmerat
1528 2964 1808 3033 praesidio,

114 3048 320 3104 videns
347 3047 563 3104 militiae
591 3048 926 3118 principem,
980 3049 1191 3104 nostris
1221 3049 1616 3106 insistentibus
1647 3057 1809 3122 terga

112 3145 451 3203 vertentem,
485 3137 1058 3191 omninointremuit.
1110 3137 1180 3192 Et
1212 3139 1569 3207 perpendens
1614 3138 1810 3194 minus

117 3232 303 3280 tutam
341 3225 546 3279 amodo
590 3224 806 3280 castelli
860 3223 976 3279 fore
1031 3225 1136 3280 sibi
1193 3226 1531 3293 custodiam,
1575 3227 1809 3297 signum

113 3314 442 3384 cujuspiam
473 3321 801 3370 nostrorum
846 3315 1198 3385 principum,
1243 3317 1551 3386 postposita
1582 3316 1808 3372 dilatio-

116 3416 210 3467 ne,
245 3403 592 3474 expostulat.
623 3403 821 3457 Comes
851 3402 1044 3457 Sancti
1093 3403 1279 3473 Egidii
1320 3404 1627 3471 contiguus
1668 3404 1812 3473 loco,

116 3489 221 3544 ubi
252 3489 371 3544 haac
401 3490 744 3559 petebantur
771 3491 1038 3557 existens,
1069 3491 1301 3561 signum
1334 3493 1628 3561 proprium
1671 3492 1811 3561 peti-

114 3576 226 3632 tori
268 3577 560 3648 eXporrigi
603 3577 859 3633 celeriter
911 3579 1163 3633 mandat.
1206 3579 1330 3642 Quo
1374 3579 1467 3634 ille
1513 3579 1817 3634 castrensis

116 3674 376 3734 excepto,
434 3665 582 3720 turri
638 3664 906 3733 przeﬁxit.
961 3666 1033 3720 At
1072 3665 1454 3736 Longobardi,
1488 3665 1815 3721 .Boemundi

120 3752 318 3807 favore
346 3752 603 3807 omnium
638 3753 833 3807 aemuli
864 3754 1129 3819 aliorum,
1164 3752 1345 3822 ipsius
1373 3754 1525 3809 enim
1567 3753 1816 3823 patroci-

124 3840 221 3894 nio
279 3840 630 3907 nitebantur,
690 3840 933 3910 principi
991 3841 1160 3896 castri
1221 3841 1377 3897 illius
1434 3841 1812 3897 inclamitant.

131 3950 152 3977 ι
191 3928 308 3984 Hoc
339 3928 591 3998 signum,
653 3929 947 3997 inquiunt,
1000 3942 1112 3983 non
1171 3936 1256 3984 est
1312 3929 1646 3985 Boemundi.
1688 3950 1709 3977 ι
1748 3931 1819 3984 At

130 4017 224 4071 ille
249 4017 418 4085 cujus
445 4023 588 4071 esset
616 4017 891 4086 rogitans,
937 4031 1067 4071 cum
1106 4016 1411 4084 didicisset,
1445 4017 1583 4087 quia
1628 4016 1818 4073 Sancti

129 4104 316 4175 Egidii
366 4104 607 4171 comitis,
670 4104 934 4173 deposuit
981 4102 1144 4170 illud,
1194 4104 1502 4175 comitique
1550 4105 1816 4173 restituit,

128 4192 422 4261 Petitoque
460 4191 772 4246 Boemundi
830 4199 886 4247 et
933 4199 1182 4262 accepto,
1220 4193 1581 4249 securitatem
1608 4192 1820 4263 pariter

126 4279 366 4349 accepit,
398 4287 462 4335 ut
500 4279 679 4335 dehis
708 4280 807 4349 qui
841 4280 899 4334 in
920 4280 1126 4350 oppido
1170 4295 1365 4336 secum
1404 4289 1588 4350 erant,
1632 4282 1679 4337 si
1716 4281 1818 4351 qui

126 4376 338 4424 nostra)
366 4367 492 4422 fidei
515 4368 687 4437 jungi
733 4367 963 4437 vellent,
1014 4383 1145 4423 cum
1173 4368 1292 4438 ipso
1346 4370 1675 4427 Boemundo
1723 4384 1815 4425 co-

124 4456 281 4526 piam
310 4455 642 4511 remanendi
676 4455 950 4511 haberent
975 4471 991 4525 ;
1025 4456 1114 4511 sin
1139 4456 1300 4523 alias,
1334 4458 1553 4527 absque
1583 4457 1698 4513 ullo
1727 4458 1817 4514 sui

126 4544 380 4613 ipsorum
458 4543 817 4599 incommodo
886 4544 1233 4599 recederent.
1292 4544 1379 4599 Ad
1429 4545 1566 4613 jura
1626 4543 1820 4615 itaque

126 4629 443 4686 Boemundi
490 4631 833 4686 concedente
870 4632 1120 4696 castello,
1162 4639 1216 4687 et
1258 4644 1330 4685 ex
1379 4631 1506 4701 ejus
1532 4629 1717 4687 ofﬁcio
1748 4632 1818 4687 ad

123 4718 321 4789 oppidi
362 4719 685 4774 custodiam
739 4720 1072 4775 hominibus
1134 4719 1399 4785 inductis,
1443 4728 1566 4789 post
1610 4732 1824 4789 paucos

124 4807 246 4863 dies
280 4806 565 4877 baptisma
601 4808 846 4877 suscepit
906 4808 970 4875 is,
1022 4807 1125 4878 qui
1172 4814 1423 4862 castrum
1474 4807 1820 4877 reddiderat,

122 4904 341 4951 etcum
387 4908 453 4950 eo
504 4894 551 4949 si
594 4895 726 4965 quis
772 4896 1093 4952 Christiano
1124 4894 1344 4951 nomini
1398 4896 1823 4952 communicare

124 4983 429 5039 maluerat.
462 4985 518 5039 Si
569 4984 672 5053 qui
716 4983 837 5039 suis
884 4985 1100 5040 haerere
1141 4983 1363 5054 legibus
1408 4983 1734 5040 voluerunt.
1767 4991 1823 5040 et

125 5072 361 5142 propria
410 5086 584 5143 super
634 5072 735 5126 isto
788 5071 1050 5127 libertate
1095 5071 1256 5140 potiti
1316 5077 1485 5138 sunt;
1535 5077 1589 5125 et
1636 5085 1823 5141 usque

126 5161 184 5215 in
218 5160 667 5216 Sarracenorum
693 5167 923 5226 terram,
953 5159 1135 5229 ipsius
1151 5158 1817 5227 Boemundicommeatu,

120 5248 315 5305 educti
351 5255 507 5303 sunt.

197 5333 315 5407 [X.]
353 5336 473 5392 Hoc
506 5335 740 5404 bellum,
772 5344 980 5406 quarto
1012 5335 1135 5391 Kal.
1168 5335 1323 5398 Julii.
1361 5334 1419 5389 in
1458 5348 1579 5391 sua:
1605 5333 1820 5405 passio-

121 5427 218 5483 nis
248 5425 449 5496 vigilia
475 5424 678 5481 Petrus
702 5432 757 5481 et
790 5424 1008 5481 Paulus
1039 5433 1299 5496 egerunt,
1341 5425 1468 5496 ejus
1514 5423 1676 5479 urbis
1720 5423 1824 5479 mi-

120 5514 289 5570 seriae
343 5513 726 5581 condolentes,
770 5521 827 5569 et
883 5526 1167 5570 novorum
1210 5512 1424 5568 civium
1479 5511 1657 5568 exitia
1703 5526 1820 5569 non

1917 501 2189 558 Sanctum
2222 505 2709 561 attaminaverant
2757 515 2973 576 gentes.
3022 508 3133 576 Ipsi
3164 524 3418 581 namque
3449 512 3612 568 mise-

1916 603 2133 646 rescere
2170 592 2305 662 jure
2357 592 2675 649 debuerant
2734 609 2911 665 quam
2965 596 3200 666 utrique
3246 599 3610 667 praedicando

1916 678 2250 735 docuerant.
2286 680 2351 734 In
2375 680 2628 737 ecclesiis
2658 682 2826 752 plane
2856 683 3085 739 stabula
3111 686 3613 743 constituebantur

1915 780 2220 836 equorum,
2246 775 2300 824 et
2331 768 2387 823 in
2427 776 2589 838 parte
2633 769 2817 839 ipsius
2868 770 3106 841 majoris
3160 773 3407 829 basilica
3453 775 3611 830 Beati

1916 853 2086 917 Petri,
2121 855 2394 911 Mathomi
2427 856 2518 912 sui
2545 865 2850 914 erexerant
2874 859 3129 916 domum.
3168 861 3319 917 Victi
3362 862 3612 934 denique

1914 940 2106 997 hostes
2133 957 2263 998 cum
2298 944 2405 999 hac
2434 945 2680 1015 illacque
2708 945 3073 1018 diffugerent,
3120 957 3342 1005 montes
3381 963 3449 1006 ac
3483 951 3609 1007 val-

1916 1028 2014 1092 les,
2042 1044 2183 1085 rura
2232 1045 2299 1087 ac
2343 1046 2598 1101 nemora,
2645 1033 2817 1089 calles
2860 1042 2914 1090 et
2961 1036 3094 1091 avia
3121 1036 3474 1107 quibusdam
3520 1052 3609 1095 se-

1914 1118 2165 1185 mivivis,
2222 1120 2347 1175 aliis
2396 1122 2657 1188 mortuis,
2693 1122 2902 1177 sauciis
2950 1123 3271 1180 innumeris
3295 1125 3610 1195 oppleban-

1916 1213 2032 1261 tur.
2076 1207 2391 1276 Repentina
2432 1223 2569 1279 ergo
2612 1210 2709 1264 Dei
2757 1211 3114 1267 miseratione
3163 1214 3424 1283 respecti,
3474 1214 3611 1270 diu-

1916 1301 2104 1350 turnae
2135 1295 2300 1350 famis
2335 1296 2717 1353 calamitatem
2766 1298 2932 1353 celeri
2978 1299 3241 1355 felicitate
3283 1308 3607 1369 mutarunt,

1917 1390 1981 1437 ut
2012 1382 2113 1438 ubi
2136 1384 2363 1439 duobus
2388 1385 2601 1453 pridem
2634 1386 2828 1441 solidis
2875 1401 3047 1442 ovum
3093 1389 3470 1457 vendebatur,
3507 1389 3609 1445 bos

1915 1470 2019 1525 vix
2062 1470 2312 1527 denariis
2363 1472 2661 1527 duodecim
2724 1474 3158 1539 distraheretur,
3218 1485 3271 1531 et
3326 1484 3391 1532 ut
3450 1476 3609 1533 brevi

1917 1558 2111 1613 omnia
2150 1559 2261 1614 iine
2309 1559 2596 1627 claudam,
2646 1561 2744 1617 ubi
2788 1562 2989 1618 inedire
3034 1564 3222 1618 rabies
3278 1564 3605 1632 incesserat,

1917 1646 1996 1700 ibi
2027 1655 2186 1701 tanta
2206 1648 2582 1715 pecuniarum
2605 1649 2984 1720 omniumque
3005 1651 3345 1706 victualium
3377 1652 3611 1707 ubertas

1916 1733 2149 1790 accessit
2180 1742 2243 1790 ut
2284 1735 2474 1791 subita
2523 1737 2839 1793 emersione
2874 1737 3084 1807 passim
3135 1737 3347 1794 exoriri
3380 1739 3609 1794 videre-

1917 1830 2014 1878 tur
2069 1821 2255 1877 omnis
2319 1823 2618 1893 plenitudo
2674 1825 2777 1891 rei,
2842 1835 2897 1881 et
2963 1827 3249 1895 aperuisse
3305 1834 3609 1895 putaretur

1916 1907 2195 1963 Dominus
2230 1916 2548 1965 cataractas
2578 1910 2720 1965 caeli.
2755 1911 2936 1966 Tanta
2986 1913 3361 1967 tentoriorum
3397 1925 3609 1967 nume-

1919 1996 2121 2051 rositas
2168 1996 2404 2063 exstitit,
2444 2005 2504 2052 ut
2552 2012 2684 2053 cum
2717 2000 2935 2069 quique
2979 2007 3304 2053 nostrorum
3345 1999 3612 2053 taberna-

1916 2084 2048 2139 cula
2075 2083 2464 2153 diripuissent,
2518 2085 2712 2141 ditatis
2758 2087 3044 2152 omnibus,
3096 2086 3334 2155 jamque
3388 2086 3614 2155 praeda-

1918 2186 2050 2227 rum
2100 2172 2358 2227 sarcinas
2408 2172 2851 2241 fastidientibus,
2910 2174 3006 2228 vix
3060 2174 3462 2229 invenirentur
3505 2173 3610 2243 qui

1918 2267 2203 2329 raperent.
2261 2260 2375 2316 Nec
2430 2275 2678 2331 paupere
2735 2268 3050 2331 occupante
3122 2276 3241 2316 rem
3293 2261 3613 2331 quamlibet

1918 2347 2090 2403 ditior
2136 2347 2290 2403 ullus
2331 2350 2745 2418 superveniens
2792 2350 3123 2405 violentiam
3171 2349 3468 2417 inferebat,
3512 2349 3611 2405 sed

1918 2436 2063 2491 alter
2099 2435 2263 2491 alteri
2320 2437 2443 2492 sine
2469 2438 2826 2493 contentione
2858 2438 3110 2493 cedebat.

2580 2525 2809 2583 CAPUT
2849 2527 2948 2581 III.

1989 2618 2141 2666 ιιω
2188 2610 2331 2684 [XL]
2368 2613 2735 2669 Antiochiam
2771 2613 3106 2685 imperatori
3147 2615 3399 2685 aferunt
3440 2614 3612 2668 duces

1920 2700 2257 2758 Christiani.
2288 2732 2355 2739 —
2391 2701 2519 2757 Post
2558 2702 2680 2757 haec
2712 2703 2996 2773 principes
3024 2702 3224 2770 nostri,
3265 2702 3387 2757 dux
3425 2701 3612 2757 Gode-

1920 2789 2105 2847 fridus
2138 2789 2329 2844 Sancti
2367 2789 2555 2860 Egidii
2575 2804 2781 2857 comes,
2816 2792 3202 2858 Boemundus,
3256 2790 3612 2847 Northman-

1921 2878 2034 2933 niae
2098 2891 2308 2943 comes,
2378 2877 2777 2948 Robertusque
2833 2879 3217 2947 Flandrensis,
3294 2886 3349 2934 et
3425 2875 3610 2934 caeteri

1851 2977 1890 3033 c
1919 2980 2137 3032 omnes,
2170 2969 2296 3021 acto
2329 2966 2542 3036 pariter
2579 2966 2830 3032 consilio,
2872 2967 3170 3037 Hugonem
3211 2967 3508 3038 Magnum,
3557 2972 3614 3021 et

1920 3054 2266 3109 Balduinum
2319 3053 2582 3109 comitem
2628 3054 2697 3109 de
2743 3054 3051 3121 Montibus,
3104 3055 3413 3124 pluresque
3469 3053 3614 3108 alios

1920 3141 2160 3197 illustris
2190 3141 2439 3196 nominis
2484 3143 2657 3209 viros,
2692 3143 2762 3197 ad
2805 3142 3204 3211 imperatorem
3231 3142 3512 3213 dirigunt,
3545 3147 3612 3195 ut

1919 3229 2121 3284 urbem
2168 3228 2581 3283 Antiochenam
2627 3228 2919 3298 reciperet,
2956 3236 3161 3298 etquae
3182 3229 3390 3283 nostris
3426 3227 3614 3284 fuerat

1922 3324 2124 3385 pactus
2166 3316 2437 3383 expleret.
2480 3315 2600 3371 lere
2640 3316 2944 3386 siquidem,
2996 3317 3092 3370 sed
3137 3315 3498 3384 postmodum
3541 3313 3614 3369 ad

1920 3415 2016 3456 eos
2043 3415 2076 3456 a
2102 3402 2319 3472 quibus
2357 3403 2511 3459 missi
2554 3404 2784 3459 fuerant
2828 3404 3078 3459 reditum
3122 3402 3413 3458 distulere.
3458 3401 3614 3467 Quo-

1922 3488 2054 3543 dam
2080 3486 2235 3543 enim
2262 3488 2319 3544 in
2354 3490 2472 3546 loco
2503 3492 2790 3547 consecuti
2814 3504 2848 3544 a
2875 3491 3096 3557 Turcis,
3126 3490 3343 3559 quibus
3369 3489 3505 3559 equi
3541 3488 3614 3542 ad

1923 3589 2162 3630 manum
2183 3574 2362 3639 fuere.
2394 3578 2571 3648 elapsi
2598 3586 2751 3645 sunt,
2786 3577 3002 3648 quibus
3029 3577 3248 3647 procul,
3278 3584 3379 3632 aut
3404 3573 3617 3644 captivi

1924 3664 2179 3731 abducti,
2205 3671 2305 3719 aut
2334 3664 2487 3721 ferro
2515 3665 2686 3720 tinem
2717 3665 2897 3721 sortiti
2927 3673 3080 3721 sunt.
3115 3665 3313 3721 Comes
3340 3664 3409 3720 de
3450 3663 3616 3719 Mon-

1923 3753 2099 3816 tibus,
2123 3752 2216 3807 cui
2247 3750 2564 3809 infortunio
2595 3754 2988 3820 succubuerit,
3022 3754 3213 3809 adhuc
3238 3753 3404 3808 nobis
3436 3752 3615 3807 mini-

1927 3854 2017 3896 me
2045 3847 2263 3895 certum
2298 3849 2401 3895 est.
2444 3841 2607 3911 Hugo
2652 3849 2842 3897 autem
2874 3842 3132 3911 Magnus,
3163 3854 3344 3911 quare
3369 3839 3618 3896 reditum

1924 3941 2098 3984 suum
2119 3927 2432 3983 detrectare
2454 3928 2698 3984 voluerit
2728 3929 2847 3983 haec
2877 3928 3174 3998 aliquibus
3200 3929 3430 3984 videtur
3457 3940 3617 3984 occa-

1928 4016 2029 4071 sio.
2057 4016 2200 4071 Cum
2232 4023 2376 4071 esset
2416 4015 2558 4071 alias
2614 4017 2967 4072 strenuitatis
3016 4018 3324 4083 immensae,
3372 4016 3430 4070 in
3476 4029 3619 4084 pro-

1930 4104 2204 4161 curandis
2242 4112 2432 4160 tamen
2459 4105 2570 4172 his,
2604 4120 2734 4176 quae
2765 4105 2967 4162 usibus
2994 4105 3135 4161 tanti
3177 4104 3426 4160 hominis
3452 4102 3620 4158 sufﬁ-

1930 4194 2139 4249 cientia
2183 4193 2575 4260 crederentur,
2609 4195 2799 4250 minus
2842 4208 2900 4249 se
2932 4194 3238 4249 sollicitum
3283 4191 3614 4258 exhibebat,

1927 4289 1984 4337 et
2040 4280 2163 4336 ideo
2211 4281 2301 4335 vir
2346 4280 2740 4336 honestissime
2796 4281 3092 4349 delicatus,
3152 4281 3302 4337 inter
3354 4294 3469 4346 eos,
3518 4277 3620 4349 qui

1927 4376 2031 4425 aut
2082 4369 2396 4425 tenaciores
2431 4376 2615 4435 erant,
2668 4378 2770 4426 aut
2824 4370 2881 4425 in
2923 4371 3010 4426 his
3042 4368 3447 4426 contrahendis
3473 4366 3620 4422 acri-

1927 4472 2073 4525 ores,
2108 4458 2324 4528 quibus
2356 4464 2460 4513 aut
2498 4456 2680 4527 major
2713 4466 2835 4514 erat
2874 4459 2963 4514 vel
3014 4459 3070 4513 in
3112 4458 3272 4514 nullo
3309 4455 3619 4521 secundus,

1927 4558 2093 4616 egere
2124 4546 2379 4600 timebat.
2406 4543 2510 4600 Sed
2543 4544 2611 4600 de
2643 4546 2767 4616 ejus
2812 4546 3019 4609 reditu,
3050 4545 3202 4615 juste
3232 4557 3398 4599 nemo
3452 4541 3620 4611 queri

1928 4632 2146 4699 debuit,
2180 4633 2282 4703 qui
2316 4633 2699 4701 postmodum,
2749 4634 2818 4688 ad
2853 4634 2957 4688 hoc
3009 4633 3155 4687 idem
3202 4629 3618 4700 postliminium

1928 4721 2161 4786 faciens,
2218 4719 2489 4790 martyris
2544 4728 2599 4775 et
2650 4720 2844 4791 optimi
2890 4732 3112 4789 semper
3151 4718 3346 4773 militis
3390 4716 3621 4772 nomine

1931 4808 2350 4878 insigniendus,
2381 4808 2671 4864 occubuit.

2002 4892 2173 4965 [XIL]
2209 4901 2411 4965 Agunt
2438 4894 2509 4948 de
2544 4891 3061 4949 Hierosolimitano
3080 4890 3303 4947 itinere.
3328 4922 3396 4932 —
3426 4890 3623 4945 Diver-

1927 5000 2002 5039 εκ
2033 4982 2360 5039 Raimundi
2385 4982 2741 5037 incursiones
2768 4981 2831 5035 in
2866 4982 3094 5036 Turcos.
3126 5012 3191 5020 —
3217 4978 3475 5049 Denique
3504 4992 3621 5033 non

1929 5072 2111 5128 multo
2139 5079 2281 5142 post,
2318 5080 2624 5128 tractatum
2655 5080 2740 5126 est
2788 5069 3074 5141 quomodo
3124 5067 3622 5138 Hierosolymitani

1929 5160 2166 5226 itineris,
2220 5174 2321 5229 pro
2353 5174 2468 5230 quo
2501 5167 2660 5214 tanta
2690 5158 2940 5213 tulerant
2978 5156 3213 5211 intentio
3239 5169 3622 5225 consequere-

1933 5256 2028 5303 tur
2059 5244 2347 5314 eﬂ'ectum,
2382 5247 2646 5315 idemque
2678 5244 2940 5314 populus,
2976 5242 3077 5313 qui
3110 5243 3181 5297 ad
3214 5241 3271 5296 id
3295 5241 3623 5298 desideran-

1928 5333 2146 5390 tissime
2200 5332 2509 5403 aspirabat,
2559 5331 2809 5401 qualiter
2857 5330 3084 5385 interim
3144 5336 3461 5401 regeretur,
3516 5331 3621 5386 do-

1930 5435 2035 5478 nec
2082 5421 2154 5478 ad
2195 5435 2313 5476 rem
2362 5429 2507 5477 esset
2535 5427 2793 5475 ventum.
2842 5417 3262 5487 Perpenderant
3293 5416 3462 5487 plane
3492 5430 3623 5487 pro-

1930 5525 2105 5576 reres,
2162 5509 2305 5579 quia
2362 5510 2510 5565 inter
2566 5506 2817 5563 eundem
2880 5505 3064 5562 multa
3118 5506 3317 5563 aestivo
3370 5512 3627 5574 tempore
