3902 6082
276 279 377 330 ’ῖῖὸ

277 401 634 472 inaquositas
687 399 966 454 habeatur
1011 413 1022 451 :

275 488 613 546 Novembris
664 485 978 540 differenda
1037 483 1304 553 profectio
1358 484 1674 553 judicatur.
1734 484 1966 539 Interim

275 593 412 648 ergo
468 573 910 630 assentientibus
964 572 1098 628 huic
1141 572 1375 627 CODSIIIO
1425 573 1668 638 cunctis,
1719 573 1970 626 seniores

274 664 561 721 exercitus
592 675 690 730 per
724 661 896 716 urbes
915 668 967 716 et
989 660 1218 729 oppida,
1255 659 1357 714 sibi
1381 659 1452 714 ad
1489 660 1733 714 invicem
1766 659 1967 714 distri-

273 753 414 808 buta
439 759 492 806 et
529 749 830 819 acquisita,
882 763 940 804 se
984 749 1272 814 dividunt,
1327 755 1381 802 et
1429 747 1646 816 ubique
1695 761 1796 816 per
1835 747 1968 802 sub-

268 840 448 910 jectos
489 839 596 893 sibi
654 837 912 906 populos,
973 850 1007 891 a
1041 836 1400 906 praeconibus
1445 835 1720 890 celebrari
1765 834 1971 904 praeci-

271 928 457 997 piunt,
505 934 793 996 quatenus
832 924 879 980 si
928 925 1059 994 quis
1090 937 1291 979 eorum
1322 931 1534 992 egeret,
1577 922 1688 977 sub
1714 921 1968 976 donativi

271 1015 535 1086 pactione
587 1012 1004 1084 potentioribus
1058 1013 1396 1066 adlizereret.
1458 1011 1587 1065 Fuit
1649 1010 1796 1065 inter
1832 1009 1972 1065 alios

271 1105 363 1159 vir
383 1118 449 1172 eq
463 1104 667 1158 uestris
693 1102 931 1165 ordinis,
966 1114 1378 1168 armorumque
1407 1098 1678 1153 exercitio
1705 1112 1967 1154 summo-

272 1206 406 1261 pere
449 1189 810 1260 praeminens,
859 1189 926 1244 de
973 1188 1324 1257 primoribus
1354 1187 1577 1242 comitis
1607 1186 1796 1242 Sancti
1843 1186 1974 1255 Egi-

273 1279 352 1334 dii
405 1278 738 1334 necessariis
787 1277 1058 1342 existens,
1098 1274 1459 1330 Raimundus
1490 1275 1739 1339 nomine,
1771 1287 1976 1343 cogno-

272 1375 464 1422 mento
514 1366 738 1431 Pilitus,
797 1365 891 1420 cui
939 1372 994 1419 et
1049 1363 1293 1418 militum
1343 1371 1397 1418 et
1447 1363 1699 1432 peditum
1743 1361 1974 1430 plurimi

271 1468 391 1510 sese
422 1455 735 1509 contulere.
771 1455 914 1508 Huic
957 1453 1170 1522 itaque,
1203 1461 1256 1506 et
1291 1466 1389 1520 pro
1420 1452 1510 1506 sui
1555 1448 1969 1513 munificentia,

271 1548 326 1596 et
357 1554 459 1610 pro
503 1539 760 1610 ingenita
807 1539 1112 1604 industria,
1160 1537 1354 1593 multis
1383 1537 1687 1606 applicitis,
1729 1535 1972 1591 conflato

275 1644 392 1684 non
439 1629 654 1699 exiguo
704 1627 981 1693 exercitu,
1017 1627 1132 1682 itur
1177 1627 1232 1680 in
1265 1627 1709 1681 Sarracenorum
1740 1630 1970 1688 terram,

279 1725 651 1786 castrumque
691 1716 1116 1786 aggrediuntur
1142 1715 1294 1784 quod
1327 1714 1527 1769 dicunt
1557 1711 1972 1767 Talamaniam.

275 1805 561 1875 Oppidani
585 1818 720 1859 vero
751 1805 922 1870 idem,
955 1817 1085 1859 cum
1117 1810 1303 1857 essent
1335 1802 1480 1871 Syri,
1513 1816 1546 1855 a
1577 1800 1809 1869 praefato
1839 1805 1977 1854 sunt

273 1895 399 1950 viro
468 1893 694 1964 propria
759 1893 951 1948 statim
1020 1891 1304 1947 deditione
1357 1890 1585 1959 recepti.
1653 1888 1774 1953 Quo
1825 1887 1976 1942 intra

274 1983 520 2052 idipsum
555 1981 935 2050 municipium
978 1987 1104 2035 octo
1143 1987 1529 2034 commorante
1567 1977 1792 2040 diebus,
1835 1989 1978 2030 nun-

279 2070 456 2125 tiatur
500 2070 683 2124 eidem
729 2069 887 2123 haud
933 2067 1132 2137 procul
1166 2067 1297 2121 inde
1340 2066 1538 2121 haberi
1567 2072 1819 2120 castrum
1852 2061 1979 2116 Sar-

276 2172 641 2225 racenorum,
717 2155 1125 2211 innumerabili
1188 2155 1364 2224 vulgo
1423 2152 1972 2222 frequentissimum.

276 2247 365 2302 Ad
425 2246 530 2301 hoc
584 2244 1019 2314 irrumpendum
1097 2244 1234 2297 dum
1304 2241 1662 2310 rapidissimo
1723 2239 1980 2294 ferentur

277 2334 520 2401 assultu,
589 2334 702 2388 Deo
762 2340 1115 2402 penetrante,
1182 2329 1488 2399 subigitur.
1545 2327 1978 2383 Habitatoribus

274 2437 411 2492 ergo
440 2421 732 2490 correptis,
767 2419 869 2489 qui
919 2417 1245 2473 Christiana
1295 2424 1656 2471 sacramenta
1687 2413 1978 2483 suscipere

275 2507 710 2578 acquieverunt,
743 2508 951 2562 servati
983 2511 1120 2560 sunt
1171 2503 1484 2558 incolumes
1519 2518 1531 2555 :
1564 2503 1665 2573 qui
1691 2503 1977 2558 detrecta-

276 2610 431 2662 vere,
468 2603 768 2650 necantur.

352 2684 452 2738 IIis
511 2681 816 2751 explicitis,
866 2681 977 2736 Deo
1031 2679 1244 2750 gratias
1302 2677 1663 2734 redhibentes
1710 2677 1979 2733 Talama-

278 2772 433 2826 niam
466 2777 857 2835 revertuntur,
905 2775 960 2822 et
1009 2767 1174 2822 tertia
1206 2767 1296 2821 die
1342 2765 1474 2821 inde
1524 2765 1782 2836 digressi,
1831 2765 1980 2821 fero-

277 2858 561 2912 cissimam
612 2855 1008 2917 munimentis.
1068 2868 1134 2909 ac
1188 2856 1484 2909 variarum
1533 2855 1795 2924 gentium
1842 2866 1978 2908 coa-

1215 271 1274 323 V.
1318 268 1641 325 GUIBERTI
1679 268 1968 324 ABBATIS
2006 267 2064 322 S.
2107 266 2344 323 ΜΑΒΙᾸΞ
2385 267 2473 320 DE
2511 265 2905 323 NOVIGENTO

1073 405 1128 452 et
1187 397 1415 459 idcirco,
1463 398 1535 452 ad
1592 397 1713 453 Kal.
1776 411 1963 467 usque
2001 401 2048 452 A
2078 397 2160 452 vit
2200 397 2399 452 nubilo
2432 397 2598 452 Deus.
2635 397 2685 451 Is
2712 396 2865 452 enim
2909 379 3010 465 qui
3049 409 3144 450 eos
3188 403 3438 460 rexerat,
3485 397 3584 464 qui
3623 396 3783 449 inti--

3668 269 3779 318 771'.

2077 487 2200 540 rius
2229 485 2600 554 exteriusque
2647 499 2741 540 eos
2804 485 3054 553 piissime
3108 484 3346 550 foverat,
3398 485 3486 539 vir
3518 486 3631 540 Deo
3664 499 3784 539 saa-

2078 571 2325 640 culoque
2375 571 2721 640 spectabilis,
2778 570 3070 626 Podiensis
3119 571 3422 640 episcopus
3480 571 3784 632 Aimarus,

2079 660 2481 728 aegritudinem
2542 659 2761 726 incidit,
2822 660 3019 729 piique
3070 660 3299 715 sudoris
3356 659 3591 725 labores,
3659 672 3792 727 per-

2081 757 2265 815 petuae
2332 747 2703 816 requietionis
2767 747 3114 802 sabbatismo
3177 747 3468 814 detergere
3523 749 3572 801 ei
3651 747 3792 800 Om-

2079 835 2340 904 nipotens
2398 836 2717 904 largissima
2797 835 3154 890 miseratione
3221 835 3514 904 disposuit.
3588 837 3653 889 In
3710 848 3794 888 ea

2081 923 2295 992 itaque,
2325 938 2456 993 quae
2488 931 2728 979 vocatur
2759 924 2828 979 ad
2858 923 3106 979 Vincula
3137 924 3318 978 sancti
3350 923 3516 989 Petri,
3552 923 3791 978 festivi-

2079 1017 2192 1066 tate
2217 1011 2473 1078 decessit,
2507 1025 2759 1080 eumque
2785 1013 2879 1066 cui
2924 1010 3087 1081 regni
3135 1010 3410 1066 caelorum
3457 1009 3666 1075 claves,
3711 1023 3792 1064 ac

2080 1099 2433 1155 solutionum
2501 1099 2786 1167 pertinent
2863 1106 3196 1168 postestates
3267 1105 3320 1153 et
3385 1098 3788 1153 absolutorem

2081 1188 2330 1256 reperit,
2378 1192 2516 1240 4Q!
2571 1187 3008 1256 januarumque
3059 1186 3373 1242 caelestium
3432 1186 3791 1242 introducto-

2083 1290 2202 1332 rem
2235 1274 2591 1330 commeruit.
2644 1274 2918 1330 Oboritur
2966 1274 3115 1329 illico
3150 1275 3207 1328 in
3258 1273 3467 1329 Christi
3506 1273 3789 1329 universo

2080 1364 2359 1424 exercitu,
2417 1362 2767 1418 acerbissimi
2825 1362 3036 1417 doloris
3085 1361 3444 1428 tristitiaeque
3491 1359 3784 1424 nimietas,

2081 1459 2134 1507 et
2179 1452 2317 1506 dum
2372 1449 2701 1520 frequentes
2753 1449 3261 1504 misericordissimi
3314 1447 3558 1502 hominis
3607 1448 3783 1501 bene.-

2084 1539 2356 1606 ticentias,
2391 1540 2700 1608 cujuslibet
2730 1539 2949 1594 ordinis
2993 1552 3168 1592 sexus
3221 1545 3276 1592 et
3303 1537 3486 1591 aatatis
3533 1537 3788 1605 quisque

2083 1634 2352 1692 recenset,
2406 1626 2904 1689 inconsolabiliter,
2969 1625 3108 1680 dum
3187 1624 3348 1678 nulla
3417 1623 3787 1692 prazstolatur

2084 1715 2356 1781 remedia,
2417 1723 2637 1770 mceret.
2699 1715 2881 1770 Tanta
2955 1713 3027 1768 ad
3095 1715 3220 1783 ejus
3275 1711 3473 1778 funus,
3546 1721 3786 1780 tamque

2085 1801 2472 1871 praecordialis
2531 1802 2785 1870 ipsorum
2846 1801 3174 1870 principum
3230 1798 3607 1855 conclamatio
3677 1799 3785 1853 fuit

2084 1903 2151 1944 ac
2175 1890 2221 1942 si
2253 1889 2535 1960 generalis
2585 1888 2846 1944 interitus
2873 1887 3318 1942 denuntiaretur
3359 1885 3488 1940 illis.
3530 1885 3784 1940 Tantum

2083 1977 2153 2032 ad
2187 1978 2314 2046 ejus
2347 1991 2448 2032 nec
2477 1976 2616 2031 dum
2648 1975 2854 2044 sepulti
2891 1975 3185 2042 feretrum,
3231 1975 3303 2028 ab
3324 1974 3476 2029 omni
3534 1974 3657 2038 illa,
3692 1975 3784 2026 cui

2086 2073 2321 2134 paterne
2351 2065 2677 2134 przefuerat,
2734 2071 2900 2134 gente
2957 2065 3334 2132 pecuniarum
3381 2062 3641 2116 oblatum
3684 2071 3785 2126 est,

2085 2161 2374 2223 quantum
2426 2153 2653 2222 uspiam
2681 2153 2937 2223 gentium
2985 2152 3055 2207 ad
3101 2151 3305 2206 altaria
3347 2152 3641 2221 quaelibet,
3679 2151 3788 2205 sub

2084 2242 2441 2297 tantumdem
2493 2241 2676 2310 spatio
2728 2241 3001 2309 temporis
3056 2239 3284 2303 deferri,
3337 2254 3451 2294 non
3498 2241 3674 2300 vidit,
3728 2249 3788 2294 ut

2085 2330 2352 2396 arbitror,
2402 2330 2575 2386 ullus.
2610 2329 2746 2396 Quae
2777 2330 3008 2399 quidem
3058 2329 3410 2398 pauperibus
3458 2329 3657 2384 statim
3691 2343 3788 2397 pro

2087 2416 2266 2485 ipsius
2313 2416 2505 2470 anima
2554 2424 2669 2471 tota
2713 2424 2848 2470 sunt
2899 2415 3171 2485 dilargiti.
3234 2416 3448 2470 Horum
3503 2429 3786 2485 namque,

2085 2503 2226 2560 dum
2278 2505 2592 2571 adviveret,
2629 2511 2898 2574 gesserat,
2953 2511 3111 2558 tanta
3148 2503 3535 2558 sollicitudine
3581 2518 3789 2559 curam

2085 2600 2150 2649 ut
2179 2593 2454 2649 divitibus
2487 2592 2541 2647 id
2571 2606 2687 2662 pm
2738 2591 3007 2647 omnibus
3045 2591 3103 2646 in
3154 2591 3275 2646 dies
3325 2592 3561 2647 duceret
3594 2592 3792 2648 incul-

2085 2680 2356 2746 candum,
2430 2687 2721 2750 quatenus
2781 2694 2990 2750 egenos
3059 2679 3383 2749 diligerent,
3461 2695 3792 2750 eorumque

2086 2767 2490 2824 misericordiis
2546 2768 2893 2834 insisterent,
2945 2767 3095 2837 ipsos
3161 2781 3422 2822 asserens
3471 2781 3594 2822 suae
3641 2769 3792 2836 ipso-

2088 2871 2218 2913 rum
2250 2856 2380 2910 vitze
2410 2856 2749 2911 custodiam.

277 2946 462 3002 ctione
494 2943 802 3014 superbam
840 2942 1149 3005 civitatem,
1194 2942 1478 2998 vocabulo
1527 2942 1778 2997 Marram
1811 2955 1980 3011 expe-
2018 2969 2057 3023 ρ
2157 2947 2233 2998 De
2251 2959 2554 3015 egenorum
2601 2943 2963 2998 sublevandis
2996 2941 3244 2998 miseriis
3271 2942 3508 3014 egregia
3541 2942 3793 2997 Aimari

278 3041 426 3089 tunt.
491 3033 622 3088 Haec
677 3031 971 3102 praelibato
1037 3031 1312 3101 contigua
1379 3037 1500 3086 erat
1555 3029 1836 3099 praesidio,
1919 3029 1977 3084 in

279 3135 456 3191 quam
489 3134 523 3175 a
570 3119 1116 3190 circumjacentibus
1145 3118 1348 3174 castris
1386 3133 1455 3174 ac
1500 3117 1741 3172 urbibus
1771 3115 1976 3186 przeci-

277 3221 391 3279 pne
434 3209 506 3264 ab
547 3208 750 3276 Aleph,
799 3207 1250 3262 Sarracenorum
1279 3206 1722 3274 Turcorumque
1752 3204 1979 3260 sentina

277 3297 656 3353 confluxerat.
734 3295 958 3362 Quibus
1032 3294 1322 3364 phalanga
1393 3293 1692 3363 gentilium
1747 3292 1978 3348 obviam

277 3386 622 3441 dimicatura
653 3385 962 3454 processit;
999 3383 1295 3452 nostrique
1342 3397 1400 3437 se
1452 3381 1799 3437 aestimantes
1844 3393 1975 3434 cum

276 3474 358 3530 eis
417 3487 572 3543 posse
629 3486 731 3542 pro
780 3486 934 3527 more
969 3471 1128 3532 ,bello
1192 3470 1518 3537 decernere,
1573 3469 1686 3524 cita
1749 3467 1977 3524 illorum

276 3569 415 3618 sunt
471 3560 943 3632 tergiversatione
996 3557 1234 3627 decepti.
1272 3558 1538 3612 Attamen
1572 3556 1763 3611 hostes
1809 3555 1976 3622 idem,

277 3649 622 3704 creberrime
690 3647 1056 3718 prodeuntes,
1118 3659 1234 3702 non
1302 3643 1648 3700 desistebant
1703 3643 1980 3699 lacessere

277 3744 517 3792 nostros.
551 3737 690 3791 Tota
737 3735 932 3805 itaque
984 3733 1126 3798 dies,
1171 3741 1555 3802 utrarumque
1597 3732 1848 3801 partium
1879 3729 1969 3786 vi-

277 3823 449 3880 cariis
480 3823 811 3879 incursibus
836 3820 1205 3889 recursibusq
1217 3834 1285 3875 ue
1305 3826 1584 3888 occupata
1610 3818 1974 3874 subducitur.

281 3912 612 3968 Acerrimus
666 3925 804 3981 ergo
843 3918 1066 3964 nostros
1116 3923 1247 3964 cum
1284 3907 1623 3977 decoqueret
1664 3913 1876 3974 aestus;
1926 3912 1981 3962 et

281 3997 556 4053 inusitata
615 3997 878 4052 ariditate
934 3996 1057 4051 sitis
1104 4010 1475 4065 quorumque
1527 3995 1799 4050 interiora
1851 3993 1980 4048 fati-

279 4093 520 4152 scerent,
575 4084 824 4140 remedio
874 4083 1208 4140 nullatenus
1257 4089 1611 4153 suppetente,
1671 4080 1977 4137 voluerunt

279 4188 346 4229 ea
406 4181 568 4228 nocte
619 4173 792 4243 juxta
845 4171 1104 4228 eamdem
1168 4171 1368 4227 urbem
1439 4170 1686 4226 tentoria
1746 4183 1975 4238 ponere.

279 4260 654 4317 Civitatenses
731 4266 926 4315 autem
989 4274 1120 4316 cum
1183 4258 1711 4315 subintellexissent
1759 4265 1980 4312 nostros
2016 4247 2061 4301 D

281 4348 478 4419 aliqua
526 4363 601 4404 ex
647 4358 808 4418 parte
857 4358 1084 4414 nutare,
1145 4347 1267 4416 Syri
1308 4347 1463 4402 enim
1506 4346 1673 4416 primi
1725 4345 1792 4400 de
1840 4343 1979 4414 fuga

281 4445 580 4507 cmperunt
607 4450 800 4508 agere,
829 4435 1021 4491 acrius
1049 4437 1132 4491 eis
1163 4449 1236 4490 ex
1277 4449 1478 4490 eorum
1512 4434 1646 4490 facti
1698 4446 1979 4502 propensa

282 4526 752 4596 pusillanimitate
786 4524 1020 4589 feroces,
1071 4524 1194 4594 jam
1249 4537 1362 4578 non
1394 4530 1669 4577 verentur
1698 4521 1974 4576 insistere.

282 4615 405 4679 Qua
460 4614 780 4684 irruptione
838 4611 1050 4678 vexati,
1095 4611 1319 4666 animas
1352 4611 1485 4676 Deo,
1518 4609 1706 4665 studio
1756 4609 1981 4678 pietatis

281 4710 547 4757 extrusas
576 4715 752 4771 quam
790 4699 1020 4769 plurimi
1055 4698 1446 4754 reddiderunt.
1499 4697 1630 4753 Haec
1675 4697 1864 4752 finalis
1891 4713 1982 4752 eo-

284 4790 546 4846 rumdem
586 4788 726 4855 dies,
763 4789 967 4858 quinto
1005 4786 1137 4842 Julii
1198 4788 1407 4842 mensis
1453 4785 1543 4841 die
1596 4786 1745 4841 facta
1785 4785 1983 4856 digno-

285 4877 485 4933 scitur.
537 4876 769 4931 Residui
802 4882 992 4930 autem
1029 4873 1232 4929 Franci
1272 4873 1667 4928 Talamaniam
1716 4872 1978 4943 regressi,

286 4979 419 5020 cum
462 4979 565 5020 suo
605 4963 750 5019 duce
779 4961 1104 5018 Baimundo
1139 4961 1407 5031 plurimis
1457 4962 1723 5017 desedere
1780 4960 1984 5016 diebus

289 5053 517 5108 ibidem.
590 5050 909 5106 Antiochiae
962 5063 1100 5104 vero
1170 5057 1613 5115 commanentes,
1678 5047 1861 5103 multa
1925 5062 1984 5102 se

291 5141 707 5210 tranquillitate
733 5137 1148 5208 opulentiaque
1179 5137 1472 5207 gerebant.

363 5224 565 5295 [XIIL]
588 5227 867 5278 Aimarus
901 5221 1198 5278 Podiensis
1227 5223 1530 5294 episc0pus
1555 5219 1770 5293 migrat
1788 5237 1819 5274 e
1843 5219 1982 5274 vita.

291 5342 359 5351 —
390 5313 495 5368 Sed
525 5314 676 5368 hanc
713 5326 912 5369 eorum
943 5311 1325 5378 serenitatem,
1355 5310 1598 5376 occulta,
1641 5324 1759 5378 qua
1805 5308 1985 5364 nesci-

292 5413 444 5465 mus,
503 5399 944 5468 dispensatione,
985 5397 1392 5453 obscurissimo
1442 5395 1733 5452 confestim
1788 5395 1985 5452 turba-

256 5553 288 5567 κ
367 5523 480 5594 (33)
519 5524 738 5580 Desunt
769 5524 826 5579 in
855 5537 961 5578 ms.
986 5521 1247 5578 Remensi
1272 5519 1492 5577 Aimari
1518 5520 1688 5577 dicta.

2083 3031 2259 3088 dicta.
2307 3063 2372 3072 —
2401 3053 2426 3078 ‹‹
2463 3032 2578 3100 (33)
2619 3031 2928 3098 Iudicium,
2973 3031 3261 3102 inquiens,
3319 3033 3441 3086 sine
3463 3033 3793 3086 misericor-

2085 3120 2179 3175 dia
2203 3120 2253 3175 ei
2297 3119 2398 3189 qui
2431 3134 2544 3174 non
2583 3119 2774 3175 fecerit
2818 3119 3286 3175 misericordiam.
3346 3118 3466 3174 Nisi
3500 3119 3661 3174 enim
3700 3120 3796 3174 mi-

2086 3207 2324 3263 noribus
2352 3207 2575 3272 vestris,
2602 3216 2790 3262 tamen
2825 3215 3048 3262 naturze
3099 3207 3386 3262 consortio
3433 3221 3791 3276 comparan-

2085 3296 2191 3361 dis,
2235 3295 2612 3351 humanitatis
2658 3295 2850 3350 sinum
2903 3295 3301 3364 praestiteritis,
3351 3309 3419 3349 ea
3451 3309 3586 3364 quae
3630 3296 3795 3350 vobis

2085 3392 2137 3439 et
2181 3384 2291 3438 illis
2333 3398 2448 3438 non
2501 3383 2801 3452 dispariter
2843 3397 2877 3438 a
2931 3385 3044 3438 Deo
3075 3391 3288 3452 creata,
3329 3398 3363 3438 a
3400 3383 3566 3438 vobis
3597 3391 3793 3438 tamen

2085 3471 2446 3542 inrequaliter
2501 3479 2758 3540 correpta
2799 3479 3142 3537 noscuntur,
3169 3485 3281 3526 non
3326 3471 3410 3526 eis
3455 3472 3793 3527 communi-

2085 3559 2372 3625 caveritis,
2404 3559 2615 3615 divinae
2669 3559 2866 3629 procul
2899 3560 3072 3616 dubio
3104 3559 3268 3614 vobis
3313 3559 3526 3614 ostium
3581 3559 3798 3614 miseri-

2086 3648 2292 3704 cordiae
2321 3647 2683 3717 percludetis.
2719 3648 2852 3714 Hos,
2889 3647 3150 3717 inquam,
3192 3660 3444 3716 quorum
3487 3647 3796 3701 reficimini

2088 3736 2294 3807 gratia,
2358 3735 2656 3808 aliquibus
2729 3736 3013 3791 bonorum
3085 3743 3406 3790 vestrorum
3488 3735 3798 3803 particulis

2089 3823 2355 3888 refovete,
2410 3826 2572 3888 certi,
2617 3823 2758 3892 quia
2821 3823 2968 3877 sicut
3047 3822 3152 3891 ipsi
3219 3821 3608 3890 temporaliter
3673 3823 3797 3877 sine

2087 3911 2272 3978 vobis,
2304 3911 2382 3966 ita
2412 3925 2513 3966 vos
2542 3910 2666 3966 sine
2695 3910 2807 3966 illis
2855 3925 2968 3965 non
3002 3909 3232 3980 potestis
3273 3910 3329 3964 in
3373 3910 3795 3979 sempiternum

2088 3998 2298 4054 vivere.
2345 4018 2371 4047 »

2160 4087 2292 4142 Haec
2319 4086 2526 4156 hisque
2575 4085 2785 4141 similia
2835 4085 2926 4142 vir
2985 4086 3284 4154 mirabilis,
3317 4085 3536 4142 crebris
3583 4085 3796 4141 oratio-

2087 4174 2264 4230 nibus
2293 4174 2375 4230 eis
2395 4174 2680 4245 ingerens,
2706 4174 3079 4231 memorabat.

2752 4313 2975 4370 CAPUT
3024 4315 3116 4370 IV.

2159 4437 2356 4507 [XIV.]
2420 4436 2801 4507 Raymundus
2858 4438 2920 4493 S.
2975 4435 3203 4508 Egidii
3253 4452 3445 4491 comes
3499 4437 3795 4493 Albaram

2085 4524 2281 4578 urbem
2332 4523 2650 4595 occupavit,
2695 4523 2788 4578 cui
2837 4523 3166 4595 episcopum
3195 4523 3406 4595 praeﬁci
3443 4525 3694 4580 curavit.
3730 4556 3792 4566 —

2087 4612 2274 4683 Igitur
2306 4612 2668 4668 Raimundus
2684 4612 2874 4668 Sancti
2904 4611 3090 4683 Egidii
3121 4627 3307 4668 comes
3333 4613 3794 4670 Sarracenorum

2087 4699 2413 4769 provincias
2453 4699 2646 4766 intrat,
2678 4707 2733 4755 et
2763 4700 2836 4755 ad
2858 4701 3174 4770 quamdam
3207 4702 3408 4756 urbem
3436 4716 3571 4770 quae
3603 4704 3799 4771 appel-

2093 4787 2248 4842 latur
2286 4787 2500 4844 Albara
2525 4789 2844 4844 exercitum
2875 4788 3091 4856 ductat,
3129 4803 3328 4859 quam,
3367 4790 3465 4845 ubi
3489 4791 3542 4846 ei
3585 4805 3798 4846 manus

2088 4874 2362 4940 admovit,
2392 4877 2665 4932 continuo
2693 4889 2819 4931 eam
2851 4877 3037 4946 cmpit,
3069 4884 3126 4932 et
3153 4891 3369 4943 omnes,
3403 4892 3553 4947 quos
3582 4879 3794 4935 ibidem

2091 4961 2321 5030 reperit,
2405 4962 2749 5020 Sarracenos
2816 4964 3203 5035 mulieresque
3267 4966 3526 5035 peremit.
3606 4966 3797 5033 Quam

2089 5049 2364 5105 continuo
2421 5049 2742 5115 subactam,
2817 5049 3102 5117 ﬁdelibus,
3160 5058 3223 5107 ut
3301 5052 3504 5122 potuit,
3578 5055 3800 5128 colonis

2092 5136 2400 5204 instaurat,
2433 5139 2824 5208 consultisque
2855 5139 3237 5208 prudentibus
3270 5138 3428 5206 viris,
3460 5142 3799 5209 episcopum

2092 5225 2276 5282 eidem
2305 5226 2435 5280 urbi
2466 5225 2687 5281 censuit
2710 5225 3122 5293 ordinandum,
3155 5226 3256 5296 qui
3291 5227 3574 5296 paulatim
3613 5228 3799 5284 ethni-

2093 5324 2208 5379 cos,
2259 5312 2462 5368 Christi
2493 5312 2619 5368 ﬁdei
2662 5313 3020 5369 documentis
3071 5314 3371 5380 imbueret,
3431 5323 3484 5370 et
3532 5316 3592 5370 in
3647 5315 3798 5370 fanis

2095 5397 2371 5467 ipsorum,
2439 5400 2708 5471 repurgio
2763 5401 3017 5470 primum
3087 5400 3365 5468 adhibito,
3420 5402 3650 5471 pietatis
3705 5404 3797 5459 mi-
