3920 6080
120 340 220 389 777

1181 330 1402 387 GESTA
1440 331 1562 387 DEI
1602 329 1734 386 PER
1779 328 2117 388 FRANCOS.
2163 358 2226 369 —
2261 329 2392 384 LIB.
2438 329 2522 383 Vl.

3504 333 3607 383 778

115 464 350 521 nisteria
429 477 498 519 ac
576 461 1025 533 regenerationis
1104 462 1375 532 mysteria
1438 461 1811 533 dispensaret.
1852 460 2396 533 Avictualibusque
2442 460 2780 517 communit.
2829 459 3028 516 Comes
3075 460 3267 517 itidem
3317 458 3370 516 S.
3427 460 3617 531 Egidii

117 553 323 610 Virum
355 552 535 620 igitur
580 558 744 607 aetate
794 550 1064 617 habflem,
1105 551 1343 607 scientia
1392 550 1812 621 przedicabilem

117 641 371 711 eligunt;
429 653 683 709 eumque
728 639 1093 694 Antiochiam
1135 640 1579 695 consecrationis
1629 638 1817 711 gratia

119 728 359 784 ducunt.
443 728 549 792 Qui
616 726 914 783 institutus
977 727 1233 794 antistes,
1288 727 1815 798 Hierosolymitanae

120 816 481 886 profectionis
558 815 1005 886 persecutionem
1059 830 1175 871 non
1252 815 1458 872 idcirco
1530 816 1814 886 neglexit;

121 904 216 961 sed
250 904 510 961 instituto
537 904 811 974 quodam,
846 903 949 974 qui
978 918 1037 960 se
1067 904 1137 959 ad
1168 903 1225 959 id
1255 903 1425 960 ofﬁcii
1455 904 1607 961 ultro
1641 905 1818 960 obtu-

121 992 286 1059 lerat,
319 992 391 1048 ad
428 992 745 1048 custodiam
809 992 1052 1062 praesidii
1112 992 1275 1048 urbis
1332 992 1617 1063 praefecto,
1684 1006 1819 1048 cum

123 1079 251 1134 aliis
299 1080 569 1149 perrexit.
634 1080 709 1145 Is,
758 1079 927 1135 valde
972 1077 1201 1134 insolita
1244 1078 1323 1134 ibi
1369 1093 1510 1135 usus
1554 1078 1815 1144 audacia,

124 1167 500 1237 paucissimis,
532 1167 671 1235 quia
700 1182 977 1223 censuum
1009 1168 1086 1223 ita
1113 1166 1364 1223 tenuitas
1390 1167 1676 1239 exigebat,
1712 1166 1821 1222 sibi

123 1256 430 1311 comitibus
460 1255 671 1323 ascitis,
707 1256 953 1311 civitatis
983 1269 1278 1311 asservare
1319 1264 1565 1325 cceperat
1609 1270 1816 1311 arcem.

127 1346 197 1400 Et
226 1344 366 1413 quia
395 1342 725 1399 Sarracenis
758 1343 902 1399 idem
926 1343 1083 1399 locus
1108 1344 1230 1413 jam
1264 1343 1434 1399 ﬁebat
1466 1343 1817 1412 infrequens,

125 1433 401 1489 rarissimi
435 1433 537 1503 qui
569 1439 959 1488 remanserant
993 1431 1230 1501 gentiles
1259 1432 1386 1502 ejus
1419 1430 1537 1501 juri
1569 1445 1627 1485 se
1658 1444 1821 1485 man-

127 1524 341 1593 cipant,
384 1524 554 1592 eique
594 1523 829 1586 reditus,
879 1531 1105 1577 tantum
1145 1530 1204 1577 ut
1252 1523 1429 1577 vitam
1470 1520 1577 1576 sibi
1620 1534 1821 1576 conce-

126 1611 305 1674 deret,
334 1609 403 1665 de
433 1608 663 1678 proprio
697 1609 890 1664 labore
924 1607 1275 1663 ministrant.

201 1696 374 1768 [XV.]
424 1696 779 1766 Disceptatio
833 1696 902 1752 de
961 1697 1318 1750 Antiochenae
1354 1694 1512 1749 urbis
1570 1691 1823 1748 dominio

1922 565 2053 605 cum
2085 549 2207 605 suis
2237 550 2539 605 consilium
2567 549 2974 617 communicat,
3009 557 3298 619 quatenus
3340 548 3618 618 palatium

1922 638 2178 696 Cassiani
2208 653 2382 709 quem
2418 639 2601 709 patrio
2641 638 2922 695 vocabulo
2972 638 3403 694 Admiravisum
3455 639 3620 694 voci-

1926 735 2067 795 tant,
2098 734 2153 783 et
2198 727 2404 784 turrim
2435 742 2567 799 quae
2619 736 2794 798 portat
2848 726 3251 798 prteeminebat
3302 726 3507 797 pontis,
3548 740 3620 783 ex

1926 825 2086 887 parte
2137 816 2399 873 videlicet
2457 824 2657 886 portus
2708 815 2901 872 Sancti
2947 813 3266 883 Simeoniis,
3323 815 3620 884 stipendiis

1926 904 2272 977 largioribus
2302 905 2581 961 inferciat.

2614 993 2843 1051 CAPUT
2882 993 2953 1050 V.

1999 1080 2204 1153 [XVL]
2228 1081 2595 1135 Antiochense
2621 1080 2873 1136 civitatis
2889 1079 3211 1152 descriptio.
3234 1079 3507 1148 Pontifex
3526 1097 3627 1152 pa-

1928 1171 2281 1224 triarchatus
2306 1171 2515 1225 honore
2542 1169 2801 1243 insignis.
2836 1170 2954 1227 Sub
2982 1187 3043 1224 se
3070 1172 3297 1223 centum
3347 1168 3627 1241 quinqua-

1924 1257 2090 1329 ginta
2117 1263 2232 1312 tres
2260 1259 2555 1330 episCOpos
2582 1259 2768 1313 habet.
2795 1288 2867 1300 —
2896 1258 3095 1331 Spatia
3118 1264 3242 1314 octo
3260 1258 3547 1313 mensium
3572 1260 3628 1311 et

1927 1345 2043 1400 diei
2061 1346 2237 1402 unius
2265 1348 2493 1401 obsessa
2515 1347 2709 1413 fuerat
2729 1347 3050 1402 Antiochia.
3082 1349 3164 1401 De
3181 1347 3417 1412 infelici
3456 1348 3629 1419 Pyrri

1927 1452 2077 1489 nece.
2139 1466 2208 1475 —
2264 1437 2621 1491 Antiocheua
2685 1434 2887 1491 civitas
2943 1435 3470 1504 incomparabiliter
3546 1443 3630 1491 est

1930 1523 2156 1591 decora,
2216 1525 2359 1579 nulli
2430 1523 2803 1579 aedificiorum
2866 1523 3161 1594 majestate
3183 1524 3457 1589 secunda,
3515 1523 3630 1579 situ

1934 1614 2180 1682 placens,
2234 1626 2364 1668 aere
2414 1612 2773 1681 impassibili,
2828 1613 3134 1667 vinearum
3185 1611 3402 1679 fertilis,
3460 1612 3631 1666 terri-

1932 1701 2060 1757 torii
2100 1701 2361 1756 ubertate
2390 1700 2654 1756 fecunda.
2707 1701 2792 1756 Ab
2835 1702 3070 1767 oriente,
3116 1708 3369 1770 quatuor
3411 1708 3631 1755 monta-

127 1761 527 1840 Boemundum
557 1761 711 1838 inter
737 1787 788 1837 et
827 1782 1255 1854 Ras/mundum.
1288 1812 1355 1821 —
1389 1782 1669 1837 Praeterea
1709 1783 1827 1835 Αη·
1863 1761 1903 1814 Β
1936 1802 2142 1845 norum
2176 1788 2512 1858 proceritate
2540 1789 2918 1860 procingitur,
2949 1789 3019 1845 ab
3057 1761 3392 1845 occidentali
3440 1788 3632 1859 plaga,

128 1875 409 1930 tiochenis
465 1873 717 1943 plurima
762 1873 992 1927 fortuna
1036 1872 1422 1941 undecunque
1470 1870 1824 1936 ﬂorentibus,

130 1963 403 2019 Omnium
451 1960 792 2017 Sanctorum
844 1961 965 2016 dies
1017 1960 1338 2016 festivitatis
1393 1959 1661 2025 instabat,
1711 1973 1828 2027 quo

132 2052 416 2106 terminus
466 2050 738 2105 iterandas
788 2049 1170 2119 expeditionis
1214 2047 1568 2117 praestitutus
1621 2047 1826 2113 fuerat,

131 2155 266 2196 cum
298 2154 426 2195 ecce
479 2140 787 2209 principes,
835 2139 925 2193 sui
959 2152 1071 2192 non
1125 2136 1485 2191 immemores
1532 2132 1826 2204 propositi,

133 2229 287 2299 apud
332 2228 693 2283 Antiochiam
748 2227 960 2297 pariter
1011 2225 1213 2293 coiere,
1277 2224 1697 2293 consiliumque
1758 2221 1830 2277 ab

132 2316 428 2373 alterutris
488 2330 745 2387 quaerere
801 2328 1039 2385 coepere,
1065 2323 1373 2384 quatenus,
1434 2313 1604 2381 cujus
1657 2323 1831 2365 causa

132 2412 435 2471 venerant,
464 2403 567 2459 iter
592 2403 825 2474 quirent
846 2403 1004 2458 ocius
1024 2402 1315 2471 expedire.
1347 2400 1418 2455 At
1442 2399 1829 2464 Boemundus,

133 2501 446 2562 antequam
482 2491 776 2547 Dominica
811 2490 1010 2546 militia
1042 2497 1255 2545 motum
1291 2488 1519 2555 faceret,
1562 2501 1736 2556 super
1766 2500 1834 2542 ea

134 2595 315 2651 quam
348 2580 455 2635 sibi
506 2579 655 2649 pacti
704 2578 930 2635 fuerant
976 2577 1226 2633 civitatis
1267 2576 1471 2632 habuit
1516 2576 1833 2631 redditione

135 2678 480 2737 tractatum;
515 2668 609 2723 sed
638 2666 823 2723 Sancti
856 2665 1039 2737 Egidii
1072 2679 1259 2722 comes
1299 2663 1633 2720 nullatenus
1693 2665 1828 2717 Boe-

138 2758 358 2814 mundo
401 2758 689 2827 praebebat
718 2770 1039 2820 assensum,
1073 2755 1211 2810 dum
1244 2762 1478 2809 veretur
1506 2751 1644 2824 illud
1679 2750 1832 2821 quod

139 2845 469 2916 imperatori
532 2846 736 2901 fecerat
788 2852 1234 2900 sacramentum.
1284 2841 1640 2911 Quapropter
1700 2853 1834 2909 pro-

139 2949 316 3001 ceres,
379 2934 526 2989 inter
584 2942 857 3003 utrosque
925 2932 1094 2987 medii
1146 2931 1489 2997 incedentes,
1553 2929 1607 2984 iu
1680 2928 1834 2983 Beati

141 3023 291 3078 Petri
332 3021 565 3078 ecclesia
618 3020 827 3089 saepius
880 3019 1294 3090 glomerantur.
1348 3015 1641 3072 Referebat
1692 3015 1835 3070 Boe-

140 3111 399 3166 mundus
446 3110 588 3165 urbe
626 3109 730 3163 sibi
764 3121 798 3163 a
829 3108 1007 3178 Pyrro
1052 3106 1293 3176 prodita,
1336 3104 1594 3161 omnium
1645 3118 1718 3160 ex
1771 3117 1839 3159 ea

139 3207 351 3269 partes,
387 3199 638 3267 ipsorum
675 3196 1001 3266 principum
1027 3195 1133 3250 sibi
1166 3193 1485 3265 largitione,
1518 3206 1835 3249 concessas.

138 3287 337 3343 Sancti
381 3282 701 3357 Egidiensis
757 3292 993 3340 econtra
1042 3282 1210 3339 refert
1266 3282 1407 3352 quia
1456 3280 1840 3353 jurejurando

138 3382 473 3431 astruxerat
498 3371 1129 3441 Constantinopolitano
1161 3370 1401 3440 principi
1426 3369 1839 3425 restituendam

138 3464 450 3527 civitatem,
480 3462 641 3517 salva
689 3460 1072 3530 persolutione
1113 3466 1409 3528 pactorum
1460 3456 1588 3523 sibi,
1638 3465 1691 3512 et
1736 3457 1842 3511 hoc

138 3559 327 3608 totum
359 3549 571 3606 factum
596 3564 665 3606 ex
695 3548 930 3605 consilio
978 3547 1316 3603 Boemuudi.
1368 3548 1593 3601 Interea
1649 3545 1842 3615 ponti-

140 3637 296 3703 ﬁces,
339 3638 439 3708 qui
503 3636 855 3693 altercationi
911 3634 1244 3691 dirimenda:
1310 3632 1653 3699 institerant,
1711 3643 1843 3687 cum

142 3725 450 3783 deefrido
506 3726 651 3781 duce
731 3724 1062 3781 Flandrensi
1141 3730 1315 3793 atque
1394 3719 1845 3776 Northmannico

142 3814 454 3871 comitibus
533 3813 844 3879 advocatis,
907 3812 1245 3880 caeterisque
1312 3809 1548 3865 senibus
1615 3807 1841 3874 additis,

142 3917 401 3960 seorsum
434 3902 689 3958 oratione
735 3902 1022 3971 cujusque
1065 3899 1282 3966 audita,
1324 3912 1382 3954 se
1425 3903 1746 3968 segregant,
1784 3902 1849 3951 ut

144 3991 445 4057 ventilata,
491 4004 560 4046 ex
605 3990 903 4045 collatione
942 4000 1270 4054 causarum,
1327 3986 1631 4052 sententia,
1684 3984 1849 4055 judi-

146 4079 305 4136 cium
328 4078 578 4149 proferre
606 4078 895 4134 deberent.
945 4076 1049 4133 Sed
1096 4075 1386 4145 perpensis
1418 4072 1849 4144 lqueritantium

149 4167 338 4233 dictis,
365 4168 533 4237 quasi
566 4165 756 4221 neutri
789 4178 962 4234 super
994 4164 1096 4219 isto
1135 4163 1409 4230 faverent,
1436 4176 1569 4218 cum
1601 4161 1673 4217 ad
1717 4174 1850 4216 con-

150 4264 364 4311 ventus
422 4254 804 4325 frequentiam
854 4252 1242 4317 revertissent,
1288 4251 1428 4306 dum
1484 4250 1555 4305 ad
1602 4249 1848 4306 invicem

152 4353 345 4401 tantos
376 4346 531 4400 viros
560 4344 786 4400 irritare
824 4349 1119 4409 verentur,
1148 4340 1434 4411 judicium
1481 4339 1849 4395 distulerunt.

229 4432 385 4497 Quod
417 4446 489 4487 ex
527 4432 811 4487 industria
845 4431 1058 4486 factum
1089 4443 1278 4484 comes
1314 4428 1432 4499 ipse
1481 4427 1851 4497 comperiens,

159 4542 190 4570 ‹‹
215 4520 318 4582 Ne,
353 4519 562 4590 inquit,
596 4519 881 4575 contentio
932 4532 1179 4588 praesens
1209 4517 1418 4573 Christi
1450 4515 1715 4572 ﬁdelibus
1752 4530 1856 4585 ge-

152 4616 319 4666 neret
362 4609 615 4675 turbam,
662 4607 1030 4678 sepulcrique
1087 4605 1368 4662 Dominici
1408 4604 1676 4661 videatur
1724 4616 1854 4672 pro-

152 4697 331 4755 telata
353 4695 605 4762 libertas,
642 4711 713 4752 ne
743 4695 1073 4766 cupiditatis
1114 4709 1298 4762 nzevo,
1336 4702 1506 4773 parte
1549 4707 1617 4748 ex
1663 4691 1861 4761 aliqua

154 4785 439 4843 notabiles
476 4785 848 4851 aestimemur,
886 4785 1114 4854 parium
1158 4796 1438 4847 meorum,
1490 4780 1861 4851 praesentium

156 4873 511 4946 principum,
563 4872 858 4929 sententiae
891 4886 979 4927 me
1023 4871 1322 4926 fauturum
1366 4867 1662 4939 profiteor;
1705 4867 1863 4922 salvo

154 4979 226 5020 eo
257 4962 409 5033 quod
447 4976 535 5018 me
565 4959 1193 5029 Constantinopolitano
1218 4957 1459 5029 principi
1499 4954 1865 5026 spopondisse

160 5052 414 5109 invitum
449 5065 568 5118 vos,
594 5050 692 5120 qui
724 5048 954 5114 adestis,
990 5047 1192 5103 fratres
1228 5053 1283 5101 et
1327 5043 1565 5110 domini,
1625 5043 1800 5099 scitis.
1837 5064 1865 5091 ››

159 5140 283 5198 Nec
313 5153 493 5195 mora.
526 5137 895 5194 Boemundus
915 5143 969 5191 et
997 5136 1112 5205 ipse
1144 5132 1474 5206 hujusmodi
1494 5131 1659 5188 dictis
1680 5144 1869 5186 assen-

162 5230 259 5284 sit.
312 5228 489 5283 Ambo
538 5240 696 5296 ergo,
738 5224 896 5281 omni
946 5224 1066 5295 jam
1121 5222 1217 5278 lite
1265 5221 1552 5287 submota,
1613 5221 1866 5287 dextras,

166 5316 283 5372 ﬂde
305 5314 510 5380 media,
555 5314 953 5384 episcoporum
1000 5311 1057 5366 in
1089 5309 1358 5366 manibus
1407 5307 1682 5378 praebent,
1733 5321 1871 5362 con-

166 5402 522 5461 stantissime
553 5407 947 5457 asseverantes
977 5399 1130 5469 quod
1163 5397 1324 5453 nullo
1365 5396 1532 5453 modo
1572 5401 1721 5450 420
1778 5394 1871 5451 Dei

168 5490 381 5548 militia
392 5503 590 5546 eorum
613 5489 880 5557 deinceps
896 5486 1107 5558 jurgiis
1129 5485 1481 5541 turbaretur.
1508 5483 1875 5540 Boemundus

169 5581 376 5649 itaque
403 5586 633 5648 sumpto
677 5576 914 5633 consilio
955 5582 1211 5632 castrum
1260 5574 1331 5629 de
1382 5572 1689 5639 montanis,
1735 5571 1878 5628 viris

535 5674 811 5740 PATROL.
866 5672 1070 5739 CLVI.

1936 1878 2192 1933 ﬂuminis
2242 1878 2570 1947 cujusdam,
2639 1891 2816 1933 sacrae
2882 1878 3107 1947 paginae
3181 1892 3297 1932 non
3358 1877 3629 1947 incogniti

1936 1966 2051 2035 (IV
2088 1967 2227 2038 Reg.
2270 1981 2325 2032 v,
2387 1968 2493 2033 l2),
2547 1966 2701 2035 quod
2754 1966 3051 2035 Pharphar
3106 1965 3335 2033 dicitur,
3390 1966 3632 2035 piscium

1938 2054 2298 2110 feracissimis
2330 2053 2502 2109 undis
2529 2062 2763 2123 propter
2807 2068 3004 2108 muros
3034 2053 3293 2109 alluitur.
3340 2055 3402 2108 In
3447 2053 3633 2108 altiori

1938 2141 2240 2208 montium,
2310 2140 2607 2197 castellum
2667 2141 2944 2196 miraculo
2986 2140 3226 2212 dignum
3274 2142 3633 2211 praeeminet;

1938 2229 2030 2284 sed
2085 2228 2499 2298 impenetrabili
2557 2228 2861 2283 securitate
2910 2227 3307 2297 praestantius;
3372 2225 3632 2295 inferius,

1937 2317 2141 2372 civitas
2172 2316 2500 2385 plenissima
2530 2315 2867 2387 gloriarum,
2906 2324 2961 2371 et
2994 2315 3203 2371 veteris
3240 2329 3454 2384 pompae
3504 2329 3633 2370 mo-

1939 2404 2208 2460 nimentis
2235 2404 2426 2460 adhuc
2455 2405 2703 2473 superba
2734 2403 3046 2470 nobilibus,
3071 2411 3353 2458 trecentas
3377 2412 3432 2458 et
3464 2417 3638 2458 sexa-

1939 2492 2100 2563 ginta
2158 2492 2426 2547 ecclesias
2500 2492 2621 2548 suis
2678 2495 2915 2562 cingens
2977 2490 3312 2546 ambitibus.
3376 2489 3637 2546 Pontifex

1939 2580 2123 2646 urbis,
2153 2594 2226 2636 ex
2260 2579 2566 2649 apostolica
2618 2582 2995 2646 successione,
3042 2578 3376 2648 patriarchii
3422 2579 3639 2634 honore

1941 2668 2202 2739 insignis,
2276 2677 2507 2724 centum
2537 2667 2966 2738 quinquaginta
3011 2667 3184 2722 trium
3243 2668 3638 2736 episcoporum

1939 2757 2049 2812 sibi
2123 2757 2525 2826 appendicium
2585 2755 2882 2827 privilegio
2936 2764 3326 2825 promovetur.
3405 2755 3641 2811 Gemino

1940 2852 2024 2900 est
2074 2845 2278 2901 civitas
2332 2844 2690 2899 circumdata
2749 2858 2936 2909 muro,
2982 2844 3160 2899 altero
3208 2843 3442 2914 quidem
3523 2858 3639 2900 me-

1941 2932 2138 3000 diocri,
2188 2932 2367 2988 altero
2421 2941 2612 2988 autem
2671 2932 3084 2989 incredibiliter
3138 2932 3273 2998 lato,
3332 2941 3387 2988 et
3441 2940 3644 3003 praeter

1875 3055 1916 3112 ρ
1944 3021 2172 3076 solitum
2207 3034 2459 3090 procero,
2494 3020 2765 3090 saxisque
2794 3027 3086 3076 exstructo
3131 3020 3424 3090 majestate
3469 3035 3644 3076 enor-

1944 3109 2137 3163 mibus
2169 3107 2587 3176 circumpositis
2621 3108 2804 3163 eidem
2856 3108 3298 3178 quadringentis
3342 3108 3645 3179 quinqua-

1948 3197 2107 3269 ginta
2137 3196 2421 3252 turribus.
2468 3195 2656 3252 Refert
2690 3197 3072 3268 Hieronymus
3117 3198 3175 3252 in
3208 3197 3411 3267 quinto
3449 3197 3645 3268 expla-

1946 3283 2195 3341 nationis
2226 3284 2284 3339 in
2316 3284 2522 3338 Isaiam
2562 3283 2729 3350 libro,
2778 3285 2977 3340 urbem
3012 3284 3268 3349 Reblata,
3306 3285 3361 3340 in
3395 3299 3513 3356 qua
3543 3299 3647 3341 rex

1946 3372 2476 3429 Nabuchodonosor
2538 3372 2689 3443 regis
2756 3372 3040 3429 Sedcchize
3100 3374 3298 3429 oculos
3350 3374 3522 3441 eruit,
3592 3380 3648 3430 et

1950 3461 2095 3517 filios
2152 3460 2279 3531 ejus
2334 3458 2559 3526 occidit,
2613 3461 2762 3515 hanc
2813 3475 2934 3516 esse
2994 3461 3378 3517 Antiochiam.
3442 3462 3649 3517 Fertur

1948 3563 2082 3605 vero
2108 3562 2233 3604 eam
2262 3548 2334 3603 ab
2364 3548 2459 3603 illo
2491 3549 2815 3618 antiquiore
2845 3549 3146 3616 Antiocho,
3176 3548 3346 3619 cujus
3389 3549 3648 3618 potentiae

1952 3636 2202 3706 plurima
2232 3636 2583 3690 monimenta
2627 3644 2957 3705 supersunt,
2992 3636 3346 3704 suscitatam,
3373 3644 3427 3692 et
3474 3636 3648 3707 quin-

1953 3724 2234 3795 quaginta
2271 3723 2660 3793 subjectorum
2715 3738 2939 3794 regum,
2981 3739 3129 3795 quos
3172 3734 3228 3780 et
3276 3725 3653 3794 municipales

1952 3812 2079 3882 ejus
2125 3820 2415 3875 astruunt,
2470 3813 2988 3880 cooperationibus,
3038 3821 3198 3868 tanta
3247 3813 3648 3883 praesidiorum

1953 3900 2283 3965 eminentia,
2308 3907 2468 3955 tanta
2497 3900 2706 3955 aedium
2746 3899 3020 3957 varietate
3053 3902 3446 3971 compositam.
3490 3900 3652 3968 Quod

1956 3988 2189 4060 quidem
2226 3987 2430 4043 falsum
2464 3996 2568 4053 est,
2604 4004 2737 4044 cum
2783 3989 2899 4058 ipse
2928 3989 3232 4059 Pompeius
3269 3991 3495 4061 Trogus
3549 4004 3655 4045 ve-

1956 4076 2177 4132 rissime
2203 4089 2234 4130 a
2264 4075 2539 4131 Seleucho
2569 4076 2776 4132 referat
2803 4091 2955 4148 rege,
2991 4078 3099 4133 sub
3145 4087 3382 4148 paterno
3426 4078 3654 4133 nomine

1956 4164 2281 4221 institutam
2330 4172 2384 4219 et
2430 4164 2502 4220 ab
2545 4164 2667 4233 ipso
2702 4165 2907 4221 deinde
2947 4165 3034 4221 vel
3079 4167 3456 4236 sequentibus
3498 4166 3657 4237 regi-

1960 4252 2070 4307 bus
2094 4258 2346 4315 auctam,
2381 4251 2527 4306 sicut
2557 4252 2666 4307 sub
2700 4254 2898 4307 matris
2930 4252 3199 4309 Laodices
3228 4254 3480 4321 nomine,
3515 4267 3658 4309 con-

1891 4341 2109 4401 Ddidit
2161 4346 2216 4394 et
2267 4338 2610 4407 Laodiciam,
2670 4354 2741 4395 ex
2800 4340 3052 4410 proprio,
3107 4339 3444 4397 Seleuciam.
3512 4342 3662 4396 Huic

1960 4427 2289 4485 obsidenda:
2370 4441 2861 4499 quarumcunque
2937 4429 3338 4485 machinarum
3424 4429 3659 4485 balista-

1964 4530 2166 4573 rumve
2189 4523 2473 4571 tormenta
2504 4515 2583 4570 nil
2614 4524 2896 4585 poterant,
2940 4525 2994 4573 et
3049 4518 3158 4572 nisi
3214 4517 3457 4586 proditio
3499 4516 3659 4586 Pyrri

1964 4603 2359 4661 obsessoribus
2418 4603 2712 4671 adfuisset,
2765 4620 2876 4660 imo
2920 4605 3072 4661 Deus
3130 4618 3231 4674 per
3275 4619 3419 4675 quos
3480 4604 3665 4661 voluit

1966 4693 2302 4764 adjuvisset,
2369 4691 2659 4748 incassum
2718 4693 2994 4747 Francica
3068 4693 3517 4764 magnanimitas
3577 4692 3666 4747 fa—

1969 4795 2118 4837 mem
2158 4787 2617 4850 czeterarumque
2660 4781 3022 4836 miseriarum
3075 4780 3282 4836 ibidem
3325 4781 3668 4836 detrimenta

1971 4870 2212 4926 tulisset.
2276 4867 2407 4923 Istic
2464 4868 2807 4924 desederunt
2864 4868 3045 4925 nostri
3098 4869 3386 4925 civitatem
3446 4882 3668 4939 urgen-

1970 4967 2054 5015 tes
2117 4958 2405 5012 obscssam
2472 4970 2574 5026 per
2627 4966 2752 5012 octo
2814 4971 3036 5013 menses
3120 4971 3424 5028 unumque
3491 4957 3664 5012 diem.

1976 5044 2187 5118 [XVIL]
2244 5044 2610 5100 Postmodum
2661 5058 2796 5099 vero
2832 5053 2886 5100 et
2927 5045 3028 5113 ipsi
3073 5045 3231 5101 fuere
3266 5044 3516 5101 conclusi
3570 5058 3673 5114 per

1974 5141 2088 5189 tres
2140 5132 2544 5198 hebdomadas,
2622 5132 3136 5189 innumerabilium
3186 5132 3484 5205 gentilium
3533 5146 3671 5188 con-

1975 5223 2189 5279 ﬂuente
2217 5221 2561 5291 frequentia,
2612 5228 2667 5276 et
2698 5221 2984 5290 superatis
3024 5221 3253 5278 demum
3315 5222 3472 5291 ipsis,
3537 5222 3670 5276 item

1976 5309 2093 5365 illic
2120 5309 2446 5380 deguerunt
2469 5322 2569 5377 per
2599 5308 2861 5378 quinque
2886 5310 3169 5365 mensium
3191 5318 3434 5379 octoque
3450 5310 3675 5366 dierum

1979 5396 2181 5465 spatia,
2213 5398 2346 5451 cum
2380 5395 2538 5464 plebs
2568 5395 2765 5451 eadem
2803 5409 2836 5451 a
2861 5395 2982 5451 suis
3019 5396 3377 5466 principibus
3412 5396 3676 5452 Hieroso-

1977 5484 2191 5555 lymam
2259 5483 2600 5538 sollicitatur
2650 5484 2820 5539 itura.
2881 5483 2985 5540 Sed
3030 5484 3167 5553 quia
3222 5486 3440 5555 praefati
3516 5486 3678 5556 Pyrri

1984 5571 2258 5627 memoria
2289 5571 2429 5626 mihi
2463 5571 2690 5626 videtur
2714 5572 2982 5642 deinceps
3011 5588 3127 5629 non
3158 5574 3429 5631 habitura
3467 5575 3677 5641 locum,

3244 5675 3325 5733 25
