3902 6082
306 299 410 350 779

1197 295 1254 345 ν.
1295 291 1623 347 GUlBERTI
1661 290 1953 346 ABBATIS
1991 289 2044 343 S.
2089 291 2332 346 ΜΑΒῙᾹΞ
2373 291 2460 343 DE
2500 287 2900 344 NOVIGENTO

3707 286 3820 333 τευ

310 445 482 502 quem
528 431 696 486 finem
735 427 1001 484 habuerit
1053 427 1457 482 intimandum.
1509 426 1995 482 Christianitatem
2037 423 2359 494 Aejusdem
2391 424 2709 480 obtinentes
2738 420 3034 486 solarium,
3066 416 3384 476 Guilelmus
3420 415 3684 472 videlicet
3744 415 3824 470 de

310 522 478 590 plane
525 519 800 587 susceptis
854 516 1226 571 sacramentis
1303 516 1586 586 professus
1629 515 1816 571 fuerat
1866 515 1998 569 Boe-

311 608 582 673 mundus,
639 618 800 660 sacro
853 605 909 658 in
967 603 1215 670 lavacro,
1270 618 1342 658 ex
1397 603 1740 672 suscipiente
1795 615 2002 656 nomen

309 702 620 763 acceperat,
665 692 1191 762 Hierosolymitanae
1224 691 1503 747 obsidioni
1558 705 1746 746 comes
1796 691 2004 745 nostris

307 796 375 837 ac
429 789 763 850 cooperator
805 780 1119 846 exstiterat,
1176 793 1360 848 eaque
1412 787 1578 847 capta
1648 778 2003 833 Antiochiam

309 869 574 924 redierat.
606 868 710 924 Ubi
755 883 889 924 cum
939 867 1288 937 praeconium
1339 867 1638 932 emisisset,
1690 874 1998 936 quatenus,

308 956 648 1028 quicunque
696 956 753 1010 in
809 955 953 1010 urbe
1011 955 1285 1024 urbisque
1342 955 1572 1021 vicinia,
1643 954 2006 1011 Christianus

309 1053 518 1117 egeret,
566 1058 760 1101 secum
811 1044 868 1099 in
911 1044 1157 1114 patriam
1215 1045 1594 1110 remotiorem,
1649 1043 1747 1099 ubi
1797 1043 2008 1099 multas

311 1132 546 1187 haberet
602 1131 1004 1200 possessiones,
1054 1130 1294 1196 veniret,
1345 1129 1616 1198 pollicens
1659 1129 1814 1200 quod
1870 1143 2008 1198 prae-

310 1218 481 1273 claris
527 1217 868 1273 muneribus
906 1231 1198 1287 quemque
1225 1217 1446 1281 ditaret,
1501 1219 1606 1272 hac
1649 1231 1748 1286 spe
1792 1217 2008 1287 vulgus

310 1305 582 1361 conﬂavit
613 1305 718 1361 sibi
750 1304 1138 1367 immodicum,
1180 1311 1234 1359 et
1284 1305 1341 1359 in
1379 1317 1564 1371 suam,
1619 1304 1701 1360 uti
1761 1303 2004 1369 dixerat,

311 1393 603 1463 regionem
645 1392 828 1447 fertur
859 1392 1172 1447 abduxisse
1228 1391 1547 1460 deceptum.
1601 1391 1708 1458 Qui
1751 1405 1880 1446 cum
1937 1390 2008 1445 ad

314 1494 422 1536 sua
469 1481 679 1550 oppida
727 1481 1064 1546 devenisset,
1116 1488 1336 1549 partem
1385 1479 1599 1535 militiae
1657 1493 1776 1535 sese
1826 1478 2009 1535 comi—

317 1569 490 1625 tantis
525 1569 626 1623 hos
670 1568 888 1635 exsilio,
949 1568 1071 1622 illos
1124 1568 1291 1622 morti
1351 1568 1620 1638 prodidit,
1669 1577 1722 1624 et
1770 1567 1883 1622 nisi
1938 1567 2009 1621 ad

316 1658 472 1724 alios,
537 1671 789 1726 quorum
841 1657 1226 1711 numerositas
1271 1665 1438 1712 extra
1502 1665 1751 1712 castrum
1829 1655 2011 1710 fuerat

2111 513 2546 583 Montepislerio,
2579 511 2796 581 aliique
2844 506 3286 579 quamplurimi,
3343 505 3613 560 maximis
3663 504 3823 563 illos,

2110 603 2304 672 quiin
2337 601 2623 656 mmnibus
2669 599 3134 669 propugnabant,
3176 594 3585 650 coneutiebant
3631 591 3828 654 saxis,

2111 690 2169 744 in
2206 697 2432 745 tantum
2467 697 2530 744 ut
2563 689 2764 758 clypeo
2795 687 3136 756 plerumque
3170 697 3456 752 percusso,
3485 686 3540 736 et
3575 681 3834 750 clypeus

2111 778 2294 848 clypei
2348 776 2615 833 dominus
2654 776 2777 846 jam
2828 773 3059 828 inutiles
3105 785 3340 842 prorsus
3368 769 3834 826 devolverentur

2113 881 2147 922 a
2177 880 2362 921 muro.
2393 863 2636 931 Quidam
2680 871 2871 919 autem
2914 861 3116 916 hamos
3147 859 3205 914 in
3255 858 3557 913 hastilibus
3597 856 3831 911 ferreos

2111 954 2405 1021 habentes,
2499 952 2844 1008 Sarracenos
2933 946 3374 1020 propugnacula
3453 946 3834 1002 defensantes

2112 1042 2405 1098 obuncare
2437 1049 2492 1097 et
2523 1041 2593 1097 ad
2641 1055 2700 1096 se
2739 1041 3028 1109 corripere
3070 1036 3424 1092 nitebantur.
3472 1034 3526 1088 Is
3578 1034 3720 1088 hinc
3768 1041 3836 1087 et

2114 1131 2246 1186 inde
2275 1129 2576 1186 conﬂictus
2619 1129 2720 1184 vix
2767 1125 3105 1196 vespertinis
3131 1124 3204 1180 ad
3249 1131 3474 1193 tempus
3527 1123 3830 1178 omittitur

2114 1220 2289 1275 horis.
2341 1221 2383 1273 A
2427 1225 2585 1288 tergo
2637 1219 2831 1287 itaque
2879 1214 3071 1280 castri,
3126 1213 3461 1282 presbyteri,
3509 1211 3706 1268 clerici
3759 1224 3834 1264 ac

2116 1305 2381 1363 monachi
2430 1305 2625 1373 sacris,
2673 1319 2773 1375 pro
2829 1319 2934 1359 suo
2991 1302 3241 1372 quisque
3296 1300 3501 1372 gradu,
3557 1299 3836 1354 vestibus

2117 1394 2398 1459 adornati,
2466 1408 2568 1463 pro
2634 1391 2866 1448 instanti
2920 1390 3148 1461 negotio
3216 1391 3390 1445 Deum
3441 1388 3836 1444 attentissime

2118 1482 2526 1553 precabantur,
2593 1489 2883 1550 quatenus
2948 1477 3255 1549 gentilitati
3307 1478 3458 1533 vires
3517 1475 3831 1541 adimeret,

2120 1571 2247 1627 fidei
2276 1569 2751 1640 propagatoribus
2783 1569 3119 1636 adaugeret.
3154 1566 3510 1622 Altrinsecus
3532 1579 3563 1620 e
3585 1564 3833 1634 regione

2119 1658 2400 1714 machinae
2446 1656 2538 1712 alii
2594 1655 2801 1710 milites
2846 1653 3014 1709 scalis
3053 1651 3256 1722 positis
3293 1651 3576 1707 mmnibus
3625 1649 3830 1704 immi—

317 1721 620 1815 hospitat-a,
658 1745 900 1800 verbum
950 1745 1018 1799 de
1064 1745 1380 1814 proditione
1429 1745 1688 1806 venisset.
1757 1743 2011 1814 fugaque
2050 1721 2091 1774 Β
2122 1747 2355 1802 nebaut.
2387 1743 2502 1800 Nec
2533 1757 2786 1814 paganos
2815 1721 3106 1796 detinebat
3129 1739 3351 1806 inertia,
3377 1739 3520 1807 quin
3547 1752 3644 1794 eos
3675 1737 3832 1792 rabi-

319 1833 626 1889 miserabili
657 1841 756 1888 aut
786 1832 955 1898 elabi,
983 1840 1082 1887 aut
1113 1833 1436 1887 delitescere
1459 1831 1727 1899 licuisset,
1774 1832 2015 1887 univer-

318 1937 513 1978 sorum
556 1921 785 1977 libertas
830 1929 932 1975 aut
976 1920 1165 1990 gladio
1216 1929 1318 1975 aut
1359 1920 1690 1989 captivitate
1732 1919 2012 1988 periisset.

321 2008 402 2064 Ibi
442 2022 694 2077 prorsus,
740 2006 1167 2060 Christianitate
1215 2006 1456 2070 deserta,
1508 2007 1716 2061 veteris
1766 2004 2015 2060 luxuriae

321 2105 375 2151 et
406 2095 737 2167 gentilitatis
785 2094 1224 2163 inquinamenta
1274 2095 1600 2163 resumpsit.
1658 2093 1773 2149 Nec
1817 2093 1870 2148 id
1923 2093 2016 2147 in-

317 2187 494 2255 juria.
541 2182 593 2237 Si
633 2183 786 2238 enim
839 2181 1055 2250 Pyrrus
1104 2181 1316 2245 Graece,
1366 2181 1534 2236 rufus
1569 2189 1652 2235 est
1705 2181 1921 2246 Latine,
1963 2187 2017 2234 et

323 2271 672 2328 infidelitatis
717 2278 851 2325 nota
897 2270 1039 2325 rutis
1086 2270 1368 2335 inuritur;
1413 2269 1589 2324 isdem
1639 2283 1775 2338 ergo
1823 2283 1857 2323 a
1913 2282 2018 2322 sua

323 2358 560 2414 minime
593 2357 743 2414 linea
771 2357 1125 2414 exorbitasse
1150 2356 1444 2427 probatur.

996 2499 1227 2555 CAPUT
1259 2498 1355 2555 Vl.

397 2624 646 2696 [XVIIL]
681 2626 945 2678 Murram
968 2624 1262 2694 Oppugnat
1299 2622 1676 2676 Boemundus.
1720 2653 1786 2661 -—
1836 2622 2020 2693 Igitur

327 2714 687 2770 Raimundus
713 2712 904 2768 Sancti
930 2712 1120 2782 Egidii
1161 2725 1350 2766 comes
1397 2725 1568 2766 suum
1597 2711 1668 2766 ab
1715 2712 2020 2766 Antiochia

325 2803 515 2872 exegit
541 2802 883 2866 exercitum,
917 2814 1048 2856 cum
1075 2802 1193 2870 jam
1227 2808 1558 2869 properaret
1587 2799 1907 2855 November
1947 2803 2018 2856 ad

326 2889 568 2954 exitum,
610 2897 662 2943 et
693 2889 919 2943 duabus
947 2885 1276 2943 civitatibus
1325 2887 1473 2943 inter
1501 2889 1787 2955 eumdem,
1835 2889 2020 2959 Rugia

327 2974 587 3069 videlicet
617 2981 671 3029 et
708 2975 921 3030 Albara
962 2975 1333 3068 transmissis,
1385 2983 1593 3044 quarto
1635 2977 1865 3031 demum
1907 2977 2017 3042 die,
2061 3014 2101 3069 Ο

328 3063 499 3118 ﬁnem
524 3063 760 3118 faciente
790 3061 1118 3129 Novembri,
1139 3064 1388 3118 Marram
1423 3066 1679 3132 pervenit
1701 3064 1771 3119 ad
1796 3065 2018 3121 urbem.

233 3203 236 3209 .
329 3154 395 3206 In
431 3167 605 3222 quam
662 3153 823 3222 copia
893 3153 1095 3222 ingens
1163 3152 1632 3218 Sarracenorum,
1691 3152 2022 3216 iTurcorum

330 3243 706 3312 Arabumque
728 3241 1101 3307 conﬂuxerat,
1128 3255 1305 3312 quam
1324 3256 1510 3296 comes
1543 3241 1812 3310 postridie
1843 3257 2022 3312 quam

329 3337 587 3394 venerat,
635 3330 844 3384 exertis
874 3331 1108 3385 omnino
1153 3329 1376 3385 viribus
1414 3330 1651 3400 aggredi
1695 3339 1878 3400 parat.
1910 3332 2024 3387 Nec

333 3434 512 3487 mora,
538 3419 905 3475 Boemundus
931 3434 1062 3474 eum
1085 3419 1341 3474 exercitu
1373 3417 1636 3473 comitem
1668 3427 2020 3488 persecutus,

331 3509 586 3578 quadam
626 3507 715 3562 die
747 3506 1037 3562 Dominica
1085 3514 1316 3576 propter
1357 3513 1544 3560 castra
1585 3506 1847 3575 deposuit
1895 3507 2020 3576 [al.,

331 3595 565 3667 posuit].
604 3596 668 3650 In
699 3596 1016 3650 crastinum
1051 3602 1210 3649 tanta
1241 3595 1311 3649 ad
1342 3593 1502 3650 urbis
1547 3607 1743 3649 muros
1797 3595 2024 3650 animo-

330 3684 494 3739 sitate
525 3689 902 3749 concurrunt,
937 3689 998 3736 ut
1023 3681 1302 3736 haererent
1335 3681 1652 3750 parietibus
1675 3682 1862 3750 scalae,
1897 3697 2021 3737 mu-

330 3785 541 3840 rosque
571 3770 677 3825 sub
705 3770 853 3838 ipsos
885 3770 1206 3824 niterentur
1223 3768 1518 3838 gradibus.
1539 3769 1612 3822 At
1641 3767 2020 3836 civitatenses,

332 3860 561 3928 penitus
601 3866 863 3927 expertes
918 3856 1183 3927 ignaviae,
1231 3860 1392 3912 tanta
1451 3856 1723 3910 instantia
1772 3858 2026 3913 restitere

331 3954 396 4001 ut
449 3946 592 4002 nihil
631 3954 958 4000 nostrorum
1008 3959 1074 4000 ea
1099 3945 1187 4000 die
1235 3945 1448 4000 valeret
1471 3944 1739 3999 molimen
1779 3945 2020 4002 efficere.

331 4035 477 4088 Tum
509 4034 698 4088 Sancti
733 4033 916 4102 Egidii
951 4047 1156 4100 comes,
1190 4048 1324 4088 suos
1351 4047 1578 4088 cassum
1608 4033 1862 4089 laborem
1902 4049 2022 4090 cer-

331 4136 473 4177 nens
528 4127 680 4175 4‘83
741 4122 1027 4176 insumere
1080 4132 1335 4177 castrum
1401 4121 1690 4191 quoddam
1744 4121 2021 4191 ligneum,

334 4211 497 4266 multi
528 4210 738 4266 laboris
778 4225 844 4265 ac
891 4211 1262 4279 proceritatis,
1307 4210 1427 4265 suis
1485 4211 1716 4266 mandat
1783 4212 2022 4282 erigere,

2123 1833 2359 1888 dissima
2392 1832 2678 1888 ferocitate
2700 1830 3060 1900 depellerent.
3098 1832 3166 1883 At
3194 1827 3507 1883 Guilferius
3555 1826 3826 1896 quidam,

2122 1936 2322 1978 eorum
2368 1920 2695 1976 rebellionis
2738 1920 3062 1988 impatiens,
3126 1930 3362 1972 murum
3409 1915 3633 1986 primus
3689 1928 3824 1969 cum

2123 2024 2303 2065 manu
2367 2009 2620 2080 quidem,
2666 2008 2761 2063 sed
2808 2007 2971 2062 valde
3015 2019 3217 2075 parva,
3266 2003 3613 2060 conscendit.
3671 2003 3830 2057 Illico

2125 2099 2488 2153 civitatenses
2533 2104 2692 2152 tanto
2736 2095 2864 2166 ejus
2915 2101 3358 2164 praesumptores
3407 2090 3670 2147 audaciae
3728 2089 3830 2144 fu-

2127 2199 2254 2242 rore
2301 2184 2644 2255 pervadunt,
2679 2183 2912 2252 spiculis
2941 2196 3035 2238 eos
3071 2195 3138 2237 ac
3176 2181 3401 2250 sagittis
3441 2179 3728 2250 urgendo,
3769 2187 3830 2232 ut

2126 2273 2328 2343 aliqui,
2361 2272 2616 2342 ipsorum
2650 2272 2968 2341 irruptioue
3013 2269 3317 2340 perterriti,
3367 2281 3487 2324 sese
3533 2269 3602 2323 de
3660 2281 3834 2322 muro

2126 2360 2506 2415 demitterent.
2540 2359 2678 2414 Pars
2713 2373 2846 2415 vero
2873 2373 3004 2428 qua
3053 2364 3408 2412 remanserat
3439 2354 3647 2410 tandiu
3681 2354 3836 2408 inter

2128 2446 2379 2503 hostium
2415 2446 2612 2518 jacula
2646 2447 2919 2513 constitit,
2980 2446 3203 2511 tandiu,
3242 2445 3440 2500 cedere
3486 2443 3831 2513 dedignata,

2125 2548 2325 2590 eorum
2356 2534 2656 2590 violentias
2689 2548 2986 2589 armorum
3030 2532 3316 2588 industria
3361 2531 3594 2595 retudit,
3651 2530 3838 2585 donec

2128 2625 2229 2694 qui
2259 2624 2456 2680 subter
2484 2630 2650 2678 erant
2689 2637 2920 2678 murum
2954 2620 3324 2678 suﬂ‘oderent.
3368 2620 3497 2676 Mox
3541 2620 3748 2688 itaque
3777 2626 3838 2673 ut

2129 2713 2340 2768 urbani
2397 2713 2546 2766 muri
2594 2725 2653 2766 se
2709 2713 3070 2780 conspiciunt
3114 2709 3450 2765 suﬂossione
3500 2708 3840 2773 damnatos,

2129 2801 2302 2857 solius
2330 2799 2482 2871 fugas
2507 2801 2627 2870 jam
2669 2800 2930 2868 praesidio
2981 2801 3308 2865 innitentes,
3357 2797 3428 2852 ad
3473 2796 3638 2852 urbis
3693 2796 3839 2850 inte-

2130 2890 2282 2945 riora
2307 2889 2646 2944 concedunt.
2683 2888 2810 2943 Dies
2842 2893 2982 2952 erat,
3023 2901 3139 2956 quo
3171 2887 3291 2940 haec
3321 2883 3442 2955 geri
3481 2882 3840 2953 contigerat,

2131 2977 2466 3043 Sabbatum,
2499 2989 2630 3031 cum
2663 2982 2876 3045 peteret
2913 2977 3033 3046 jam
3079 2973 3159 3029 sol
3204 2973 3438 3028 declivis
3491 2971 3838 3036 occiduum,

2129 3065 2412 3136 explicato
2443 3063 2738 3120 Decembri
2770 3063 3036 3119 undecim
3070 3062 3426 3131 promotione
3452 3061 3711 3115 dierum.
3810 3061 3822 3068 ’

2201 3153 2506 3210 Confestim
2539 3165 2638 3222 per
2665 3152 3030 3220 interpretem
3070 3149 3439 3206 Boemundus
3481 3147 3832 3203 Sarraceno-

2131 3256 2263 3299 rum
2303 3242 2578 3310 primores
2633 3240 2988 3311 aggreditur,
3049 3247 3336 3310 quatenus
3393 3250 3527 3293 cum
3581 3235 3831 3305 propriis

2132 3331 2430 3391 militibus,
2465 3329 2722 3399 parvulis
2742 3342 2810 3383 ac
2840 3329 3198 3394 mulieribus,
3243 3327 3397 3383 omni
3444 3325 3668 3394 pariter
3703 3339 3827 3379 con-

2132 3428 2314 3476 tracta
2343 3419 2686 3486 substantia,
2711 3419 2862 3472 intra
2891 3417 3181 3487 quoddam
3201 3430 3318 3471 sese
3351 3414 3636 3484 palatium
3681 3412 3829 3483 quod

2130 3517 2254 3565 erat
2283 3522 2461 3577 supra
2492 3508 2654 3564 urbis
2681 3517 2925 3577 portam,
2961 3508 3308 3572 cohiberent,
3347 3504 3643 3573 spondens
3678 3501 3828 3572 quod

2131 3599 2214 3656 eis
2241 3599 2419 3653 vitam
2459 3598 2692 3653 omnino
2733 3604 3073 3667 protegeret,
3101 3609 3209 3650 sua
3254 3608 3506 3664 suosque
3556 3593 3834 3648 defende-

2133 3695 2236 3743 ret.
2293 3687 2410 3742 Hoe
2442 3687 2609 3742 modo
2656 3686 2885 3742 civitate
2904 3686 3156 3752 obtenta,
3203 3681 3489 3754 quidquid
3539 3682 3595 3736 in
3659 3680 3835 3737 foveis

2135 3789 2410 3844 reperere,
2443 3773 2531 3830 vel
2581 3774 2866 3841 domibus,
2923 3774 3026 3828 hoc
3071 3773 3192 3828 suis
3240 3773 3459 3842 quique
3514 3772 3838 3840 proprieta-

2134 3865 2288 3920 tibus
2318 3863 2664 3920 asciverunt.
2696 3863 2866 3918 Facto
2915 3861 3182 3931 denique,
3231 3867 3436 3915 exacta
3493 3868 3687 3926 nocte,
3725 3872 3838 3913 ere

2134 3949 2392 4020 pusculo,
2458 3949 2505 4004 si
2570 3963 2740 4020 quem
2819 3948 3120 4018 gentilium
3187 3945 3424 4015 reperiri
3486 3947 3837 4016 contigerat,

2134 4039 2464 4095 discurrens
2492 4037 2711 4107 ubique
2745 4045 3073 4092 nostrorum
3107 4034 3278 4090 turba
3303 4033 3614 4089 mactabat.
3664 4033 3840 4089 Nulla

2135 4126 2383 4182 civitatis
2421 4126 2601 4195 portio
2639 4125 2723 4180 vel
2759 4125 2997 4179 minima
3040 4124 3247 4189 fuerat,
3302 4137 3432 4192 quae
3476 4121 3840 4178 Sarraceno-

2138 4229 2269 4270 rum
2299 4214 2451 4269 caade
2493 4221 2742 4279 vacaret,
2783 4227 2889 4269 nec
2918 4212 3222 4282 angiporta
3254 4211 3415 4266 urbis
3462 4212 3583 4280 jam
3637 4214 3843 4280 pervia

331 4314 461 4369 quae
493 4299 761 4354 machina
793 4308 1045 4368 quatuor
1068 4299 1386 4354 vehebatur
1407 4298 1562 4364 rotis,
1592 4298 1648 4352 in
1680 4299 1848 4368 cujus
1878 4314 2025 4355 sum-
2063 4310 2105 4363 ι)
2133 4319 2254 4361 esse
2319 4303 2582 4374 quibant,
2649 4304 2787 4372 quia
2832 4302 3118 4357 cadavera
3166 4313 3524 4371 paganorum
3571 4300 3844 4368 publicos

332 4388 526 4443 mitate
568 4386 813 4442 militum
868 4387 1177 4442 multitudo
1229 4387 1578 4454 constiterat,
1621 4386 1819 4442 subter
1867 4401 2022 4457 vero,

329 4485 553 4532 armata
586 4475 785 4531 militia
817 4490 985 4530 muro
1015 4488 1138 4529 eam
1192 4473 1459 4539 civitatis,
1493 4474 1665 4542 juxta
1713 4476 2024 4544 quamdam

328 4566 557 4629 turrim,
636 4565 862 4634 magnis
933 4563 1278 4634 impulsibus
1333 4563 1692 4619 admovebat.
1777 4566 2026 4622 Econtra

327 4655 536 4710 urbani
597 4653 823 4709 baleare
881 4653 1138 4708 celeriter
1203 4652 1485 4707 aedificant
1554 4653 2020 4722 instrumentum,

327 4756 443 4810 quo
491 4743 658 4811 jactis
727 4741 1062 4811 ingentibus
1115 4741 1271 4795 saxis
1337 4741 1672 4797 nitebantur
1727 4742 2023 4797 debilitare

325 4830 640 4895 castellum,
668 4831 960 4885 intantum
994 4838 1055 4884 ut
1084 4829 1622 4898 frequenslapidum
1641 4831 1805 4898 ictus,
1823 4839 1876 4886 et
1899 4845 2018 4886 ma-

325 4918 509 4972 chinze
567 4917 868 4984 damnum,
934 4926 988 4972 et
1041 4917 1250 4973 nostris
1307 4917 1627 4974 minaretur
1701 4919 2015 4974 interitum.

324 5006 552 5076 Injectis
589 5020 822 5076 quoque
873 5006 1082 5062 ϐαθεῖς
1127 5007 1375 5077 ignibus,
1405 5021 1578 5075 super
1613 5007 1841 5076 phalam
1894 5021 2015 5060 mo-

321 5095 612 5150 liebantur
669 5095 1030 5162 incendium;
1085 5095 1181 5151 sed
1207 5109 1405 5151 eorum
1445 5096 1622 5151 Deum
1673 5109 1847 5165 super
1912 5094 2017 5150 isto

322 5182 517 5238 fefellit
547 5183 840 5239 annisum.

391 5271 718 5325 Acerrimas
747 5270 1056 5344 conﬂictus.
1091 5302 1158 5311 —
1189 5271 1493 5327 Eminebat
1528 5285 1664 5340 ergo
1707 5270 2014 5327 zediﬂeium

321 5373 486 5414 muro
521 5359 709 5427 urbis;
750 5367 804 5415 et
849 5361 996 5415 inter
1027 5360 1130 5414 has
1177 5360 1428 5428 partium
1481 5359 1818 5426 collisiones,
1882 5361 2013 5415 ani-

318 5460 441 5500 mos
473 5447 861 5517 pugnantium
897 5447 1176 5503 ululantis
1207 5447 1358 5502 tubae
1389 5445 1676 5502 tumultus
1698 5448 2007 5502 exciverat.

316 5542 537 5602 Interea
593 5533 800 5589 milites
837 5549 910 5589 ex
961 5534 1171 5589 nostris
1212 5534 1450 5603 quidam
1503 5533 1771 5604 superius
1824 5534 2010 5603 phalaa

2134 4392 2304 4447 calles
2331 4390 2659 4460 opplebant.
2701 4393 2767 4444 At
2815 4389 3182 4444 Boemundus
3231 4402 3328 4442 eos
3366 4386 3467 4456 qui
3514 4401 3573 4442 se
3628 4402 3843 4442 memo-

2136 4487 2258 4535 rato
2297 4478 2526 4548 palatio,
2571 4477 2653 4533 uti
2710 4477 2826 4546 ipse
2873 4475 3064 4546 jussit,
3129 4476 3499 4538 intruserant,
3555 4475 3839 4543 pervasit,

2135 4581 2265 4636 quae
2322 4566 2609 4622 habebant
2665 4565 2936 4633 abstulit;
2987 4563 3128 4618 alios
3181 4562 3346 4617 morti
3389 4562 3640 4627 addixit,
3699 4563 3841 4618 alios

2133 4655 2494 4710 Antiochiam
2530 4654 2732 4708 ductos
2769 4653 2940 4707 vendi
2977 4651 3166 4722 jussit.
3208 4652 3397 4706 Mense
3435 4659 3638 4706 autem
3692 4653 3841 4708 inte-

2130 4757 2252 4813 gro,
2287 4743 2701 4812 quaternisque
2728 4741 2950 4807 diebus,
2988 4741 3078 4795 hic
3110 4739 3309 4794 Franci
3359 4738 3538 4794 fecere
3582 4755 3834 4796 moram.

2199 4832 2281 4886 Ac
2310 4831 2384 4886 ibi
2418 4829 2704 4885 difficilem
2733 4843 2872 4900 gens
2896 4829 3024 4884 tulit
3055 4829 3324 4884 esuriem.

2198 4918 2276 4974 Ibi
2309 4919 2546 4988 quidam
2578 4932 2650 4972 ex
2682 4917 2907 4982 nostris,
2941 4916 3078 4971 dum
3122 4916 3434 4986 aliquibus.
3489 4916 3606 4972 imo
3657 4920 3836 4974 omni~

2126 5008 2237 5062 bus
2265 5007 2602 5063 necessariis
2636 5006 2914 5076 indigent,
2956 5005 3132 5060 nullis
3178 5020 3310 5075 qua:
3354 5004 3666 5073 direptioni
3718 5021 3835 5062 sum

2124 5095 2310 5151 forent
2338 5102 2472 5164 apta
2511 5093 2927 5165 adjacentibus,
2977 5103 3336 5149 mortuorum
3371 5093 3830 5151 Sarracenorum

2123 5184 2427 5240 ventribus
2500 5183 2808 5250 temeratis,
2860 5183 2986 5239 ausi
3045 5190 3180 5238 sunt
3240 5184 3490 5252 ipsorum
3559 5183 3836 5239 intestina

2124 5270 2348 5338 rimari,
2386 5271 2526 5342 quia
2557 5271 2861 5327 audierant
2909 5285 3120 5328 aurum
3153 5280 3604 5341 argentumque,
3636 5274 3710 5327 ab
3761 5274 3839 5328 eis

2123 5359 2182 5414 in
2229 5367 2383 5415 arcto
2434 5359 2649 5428 positis,
2707 5359 2780 5415 ob
2829 5359 3145 5416 custodiam
3206 5361 3385 5414 solere
3434 5359 3660 5429 glutiri.
3720 5362 3825 5416 Alii

2121 5447 2386 5503 carnium
2411 5447 2593 5503 frusta
2622 5447 2922 5514 caedentes,
2953 5462 3027 5502 ex
3073 5447 3209 5517 ipsis
3255 5447 3476 5503 coxisse
3521 5455 3576 5503 et
3625 5463 3825 5504 come-

2120 5536 2270 5591 disse
2332 5535 2619 5594 feruntur.
2675 5535 2835 5602 Quod
2889 5545 3080 5593 tamen
3138 5543 3256 5592 tam
3312 5549 3514 5592 rarum
3575 5537 3839 5606 adeoque
