3920 6080
66 353 154 401 781

1156 350 1376 405 GESTA
1415 351 1529 406 DEI
1574 351 1709 405 PER
1754 350 2087 406 FBANCOS.
2133 381 2200 388 —
2228 351 2353 405 LIB.
2399 352 2484 404 Vl.

3455 355 3559 406 78?

67 480 243 534 latens
262 478 544 533 exstiterit
589 485 652 534 ut
702 478 972 534 omnibus
1022 485 1218 534 utrum
1254 479 1399 534 idem
1463 479 1579 535 ﬁeri
1629 479 1747 536 ullo
1787 487 1830 538 Α
1859 480 2011 535 circa
2039 479 2192 550 quod
2229 481 2324 536 ubi
2373 481 2706 550 disposuere
2755 481 3021 547 tentoria,
3068 480 3336 538 dominus
3367 483 3561 553 oppidi

67 567 228 622 modo
255 568 530 637 potuisset
558 581 699 636 pene
731 567 974 622 dubium
1001 566 1092 621 sit.

719 656 948 711 CAPUT
992 655 1113 710 VII.

133 741 340 814 [ΜΚ]
375 741 694 797 Boemundi
721 746 777 796 et
806 740 1138 813 Raymundi
1156 741 1426 796 simultas
1438 743 1762 798 recalescet.

65 861 133 869 —
167 831 389 885 Interea
414 831 783 886 Boemundus
811 845 957 898 eam,
988 844 1118 900 quae
1159 829 1309 884 inter
1328 843 1386 885 se
1428 839 1481 885 et
1503 831 1764 886 comitem

66 918 256 974 Saneti
303 918 490 988 Egidii
553 919 738 974 fuerat
784 919 988 974 oborta
1041 917 1323 985 simultas,
1379 919 1608 988 penitus
1651 934 1764 975 non

64 1007 350 1073 omittens,
395 1008 532 1062 dum
566 1007 674 1062 sibi
716 1021 905 1062 comes
945 1007 1275 1062 nullatenus
1327 1007 1521 1074 credit,
1583 1007 1766 1063 iratus

65 1095 427 1150 Antiochiam
455 1095 619 1150 redit.
646 1095 758 1150 Nec
801 1109 979 1155 mora,
1023 1109 1211 1149 comes
1244 1094 1474 1150 directis
1514 1095 1585 1150 ad
1614 1110 1766 1165 prae-

66 1181 242 1237 fatam
292 1183 492 1238 urbem
543 1183 764 1254 legatis,
815 1184 946 1239 duci
993 1183 1317 1251 Godefrido,
1373 1184 1564 1238 comiti
1596 1184 1766 1238 Flan-

66 1270 378 1338 drensium,
420 1272 610 1326 itidem
643 1279 698 1327 et
726 1273 1282 1341 Northmannorum,
1317 1275 1566 1344 denique
1623 1274 1766 1328 Boe-

69 1359 305 1423 mundo,
345 1359 545 1430 Rugize
594 1361 822 1428 (civitas
870 1370 1062 1417 autem
1107 1371 1191 1418 est
1239 1371 1554 1418 memorata
1602 1377 1768 1432 supe-

67 1449 211 1514 rius)
240 1448 591 1517 colloquium
622 1449 841 1504 indicit.
872 1449 1096 1513 Quibus
1121 1465 1290 1505 snum
1311 1451 1767 1506 accelerantibus

67 1535 381 1591 adventum
436 1537 671 1591 consilio
716 1539 969 1607 generali
1015 1547 1315 1606 tractatur,
1366 1549 1656 1609 quatenus
1687 1540 1767 1593 sic

67 1624 177 1679 sibi
208 1625 588 1680 concordibus
643 1626 852 1680 animis
916 1627 1242 1693 unirentur,
1299 1636 1359 1682 ut
1393 1640 1765 1696 nequaquam

68 1713 315 1769 ulterius
335 1714 619 1782 expeditio
645 1715 1157 1784 Hierosolymitana
1205 1723 1547 1770 moraretur.
1583 1715 1766 1785 Repe-

69 1801 220 1856 ritur
249 1802 592 1857 omnimodis
622 1803 936 1858 concordiae
968 1803 1335 1859 Boemundus
1361 1805 1597 1874 agendae
1637 1818 1768 1859 acer

69 1895 123 1943 et
182 1889 450 1957 insolens,
506 1890 613 1944 nisi
655 1905 774 1944 suae
821 1891 1008 1945 faveat
1068 1890 1353 1946 voluntati
1394 1905 1600 1957 comes,
1643 1893 1768 1944 An-

74 1977 301 2032 tiochia
334 1977 483 2046 parti
543 1979 636 2033 cui
693 1978 1105 2032 dominabatur
1160 1978 1401 2047 cedens;
1475 1977 1770 2032 invenitur

68 2079 259 2120 comes
291 2067 360 2120 ad
423 2067 524 2121 ista
575 2066 830 2135 rigidior,
872 2066 1188 2121 obtendens
1239 2065 1393 2135 quod
1443 2064 1767 2133 imperatori

71 2155 398 2222 praebuerat
428 2163 872 2209 sacramentum.
912 2155 1029 2209 Hac
1059 2168 1195 2224 ergo
1225 2154 1505 2208 mentium
1548 2153 1603 2206 in
1652 2167 1771 2207 sese

69 2239 380 2294 acerbitate
424 2240 610 2305 divisi,
661 2239 851 2295 Sancti
894 2240 1213 2310 Egidiensis
1265 2239 1357 2294 ille
1405 2240 1772 2294 Boemundus

69 2340 138 2380 ac
185 2327 309 2382 dux
375 2328 604 2396 pariter,
686 2328 1048 2383 Antiochiam
1108 2335 1246 2383 sunt
1305 2329 1536 2383 reversi.
1589 2328 1770 2382 Isdem

69 2429 279 2470 rursus
302 2416 370 2470 de
413 2416 604 2485 palatii
650 2424 704 2471 et
725 2417 961 2484 castelli,
996 2417 1148 2487 quod
1181 2424 1356 2486 portae
1386 2417 1579 2485 pontis
1621 2421 1769 2470 4'34

69 2503 234 2559 urbis
257 2505 678 2573 praeeminebat,
710 2505 988 2572 custodia,
1018 2506 1295 2561 militibus
1320 2506 1439 2560 suis
1467 2505 1768 2570 mandans,

69 2591 142 2646 ad
174 2592 446 2658 Marratn,
482 2607 658 2662 quam
716 2593 936 2663 pridem
984 2601 1213 2663 ceperat
1261 2593 1554 2648 remeavit.
1607 2595 1772 2647 Atta-

69 2695 227 2745 men,
285 2696 402 2737 non
435 2682 662 2752 penitus
703 2683 941 2737 rationis
987 2697 1211 2752 expers,
1267 2690 1322 2737 et
1362 2682 1418 2737 in
1445 2694 1549 2737 sua
1585 2680 1770 2750 pervi-

69 2769 232 2824 cacia
262 2770 593 2826 communia
625 2771 836 2825 damna
861 2771 1233 2840 perpendens,
1268 2771 1406 2825 dum
1449 2769 1774 2839 pertinaciae

70 2859 204 2927 ejus
235 2872 410 2913 causa
445 2859 726 2914 Dominici
748 2859 992 2927 sepulcri
1024 2859 1249 2929 cogitur
1270 2857 1487 2913 diITerri
1520 2858 1771 2924 libertas,

72 2945 243 3001 tertio
300 2945 518 3001 decimo
568 2946 718 3002 intra
760 2947 1103 3002 Ianuarium
1163 2945 1269 3011 die,
1325 2945 1414 3000 vir
1481 2945 1771 3015 egregius,

71 3034 341 3103 nudipes,
379 3048 412 3089 a
441 3034 632 3090 Marra
687 3035 917 3092 civitate
971 3035 1355 3105 progreditur,
1398 3033 1775 3104 pervenitque

70 3122 464 3192 Caphardam,
488 3122 685 3192 ibique
715 3122 904 3178 triduo
935 3122 1162 3178 mansit.
1200 3122 1321 3177 Illic
1345 3121 1776 3177 Northmanniae

71 3224 287 3276 comes,
322 3211 613 3266 simultate
651 3212 894 3273 deserta,
929 3210 1008 3267 illi
1055 3211 1448 3281 conjungitur.

150 3297 332 3371 [XX]
380 3299 811 3355 Casarienszum
867 3315 969 3354 rex
991 3316 1122 3354 cum
1151 3298 1366 3353 nostris
1413 3297 1558 3354 iniri
1589 3297 1779 3361 foed-us

70 3391 265 3459 rogat.
325 3419 394 3426 —
442 3389 721 3444 Praeterea
772 3402 874 3444 rex
921 3387 1359 3444 Czesariensium
1410 3386 1602 3442 Sancti
1637 3385 1778 3456 Egi-

72 3476 262 3532 diensi
294 3475 408 3531 illic
445 3476 635 3532 comiti
668 3477 954 3546 frequenti
1004 3476 1287 3546 legatione
1317 3482 1597 3541 suaserat,
1632 3487 1777 3544 qua-

71 3573 250 3622 tenus
270 3579 464 3620 secum
495 3564 688 3620 solidae
718 3566 1037 3634 pactionem
1071 3563 1224 3634 pacis
1269 3564 1456 3630 iniret,
1492 3563 1779 3632 spondens

71 3653 236 3724 quod
269 3653 482 3724 ubique
524 3653 744 3722 imperii
774 3654 864 3709 sui
897 3653 1239 3710 Christianis
1268 3651 1603 3722 adjumenta
1637 3665 1779 3720 pra}-

72 3744 259 3809 beret,
310 3741 538 3812 negotia
584 3743 866 3807 ciborum,
923 3742 1171 3796 vestium
1211 3748 1265 3796 et
1302 3754 1611 3810 equorum,
1658 3755 1779 3795 om-

73 3833 366 3900 niumque
400 3829 528 3885 usui
556 3831 965 3900 pertinentium
999 3845 1114 3885 non
1165 3836 1420 3900 negaret.
1457 3830 1574 3884 Hac
1602 3829 1777 3883 nostri

76 3919 490 3990 pollicitatione
515 3919 716 3990 gavisi,
763 3920 937 3990 juxta
989 3919 1193 3974 urbem
1241 3918 1466 3989 eligunt
1508 3917 1781 3972 taberna-

75 4009 352 4065 culorum
394 4007 516 4063 loca
573 4008 786 4074 sortiri,
839 4008 1140 4078 Pharphar
1194 4021 1447 4077 namque
1487 4006 1704 4062 ﬂuvius
1748 4019 1782 4059 a

81 4096 340 4152 civitatis
389 4095 680 4152 mtenibus
734 4096 888 4152 haud
948 4095 1115 4166 longe
1169 4094 1535 4166 praeterﬂuit;
1591 4101 1649 4149 at
1680 4108 1780 4148 rex

81 4185 273 4249 urbis,
307 4193 606 4255 prospecto
631 4192 787 4240 tanto
810 4185 1088 4253 exercitu,
1119 4199 1234 4239 non
1269 4183 1518 4239 multum
1558 4183 1625 4238 de
1656 4182 1785 4238 talis

82 4273 452 4329 contubernii
500 4273 924 4343 propinquitate
981 4273 1223 4336 lmtatus,
1297 4287 1448 4343 aegre
1512 4271 1664 4335 tulit,
1731 4278 1787 4326 et

1872 569 2104 624 obviam
2133 572 2420 640 processit,
2458 585 2589 626 cum
2622 570 2826 625 comite
2860 570 3007 626 facta
3037 571 3366 626 concordia.

1944 657 2142 712 Plures
2162 657 2483 713 Christiani
2507 673 2704 729 cepere
2749 658 2934 712 urbes.
2970 687 3036 698 —
3067 658 3327 728 Denique
3358 674 3568 730 prope-

1872 755 1998 802 rata
2042 747 2307 817 deinceps
2374 746 2623 802 motione
2684 755 3025 812 castrorum,
3086 747 3400 815 quamdam
3457 749 3571 817 pul-

1873 835 2219 892 cherrimam
2251 835 2560 902 civitatem,
2595 837 2874 892 vocabqu
2901 837 3260 907 Kephaliam,
3303 838 3571 894 omnibus

1873 922 2202 991 opulentam
2252 922 2414 978 bonis
2458 923 2772 993 attingunt,
2825 924 2882 978 in
2929 924 3182 993 quadam
3223 923 3374 979 valle
3422 925 3569 994 posi-

1874 1017 2010 1065 tam.
2047 1017 2114 1066 At
2163 1011 2531 1076 habitatores,
2581 1011 2832 1066 Francos
2862 1011 2962 1067 ubi
3004 1011 3300 1068 advenisse
3339 1027 3572 1082 compe-

1873 1099 2052 1165 riunt,
2120 1100 2322 1156 urbem
2395 1100 2684 1166 deserunt,
2759 1100 3166 1155 alimentorum
3215 1101 3572 1170 plenitudine

1877 1187 2092 1244 refertis
2143 1188 2428 1255 domibus,
2478 1203 2608 1243 cum
2649 1195 2702 1243 et
2746 1189 2894 1243 horti
2943 1189 3149 1258 passim
3184 1188 3572 1244 exuberarcnt

1875 1276 2179 1343 fructibus,
2245 1277 2395 1332 solas
2446 1277 2552 1331 sibi
2597 1277 2810 1332 salutes
2860 1277 3220 1347 subterfugio
3269 1277 3416 1332 tueri
3475 1277 3570 1332 eli-

1874 1372 2036 1435 gunt.
2095 1365 2280 1420 Tertio
2335 1378 2368 1419 a
2411 1365 2646 1434 praefata
2693 1364 3076 1420 discesserunt
3120 1365 3262 1421 urbe
3309 1364 3420 1431 die,
3486 1379 3573 1420 ar-

1874 1453 2108 1522 duaque
2150 1453 2338 1519 nimis,
2390 1461 2443 1508 et
2478 1466 2722 1522 scrupea
2765 1461 3042 1508 montana
3071 1453 3484 1519 conscendunt,
3517 1460 3572 1509 et

1875 1545 1946 1598 ad
1981 1544 2150 1598 aliam
2210 1544 2475 1612 deinceps
2521 1543 2749 1608 vallem,
2806 1557 2920 1598 non
2964 1543 3191 1609 minori,
3243 1557 3420 1612 quam
3471 1545 3569 1598 ubi

1877 1630 2157 1700 Kephalia
2206 1638 2348 1698 erat,
2394 1630 2679 1686 fertilitate
2729 1630 3007 1698 vividam,
3083 1629 3284 1686 iterato
3332 1630 3571 1684 descen-

1875 1717 2042 1785 dunt,
2105 1718 2300 1788 ibique
2353 1720 2682 1788 quindecim
2741 1719 2916 1774 ferme
2970 1718 3194 1785 diebus,
3250 1717 3573 1773 substantia

1871 1805 2178 1875 jucundati
2210 1807 2491 1872 uberiore,
2526 1821 2646 1862 sese
2708 1805 2992 1862 reficiunt.
3032 1807 3130 1861 His
3161 1820 3395 1874 quoque
3426 1820 3568 1861 con-

1875 1893 2100 1962 tiguum
2147 1893 2282 1947 locis
2328 1892 2619 1961 quoddam
2671 1893 2902 1947 Francis
2941 1893 3249 1948 nuntiatur
3302 1892 3420 1946 fore
3471 1906 3569 1946 ca—

1877 1979 2134 2046 steilum;
2169 1979 2238 2034 ad
2292 1979 2346 2034 id
2387 1979 2746 2035 conﬂuxerat
2791 1980 2974 2035 multa
3021 1979 3192 2034 nimis
3249 1978 3571 2048 frequentia

1881 2080 2256 2136 paganorum.
2294 2067 2454 2131 Quod
2487 2067 2666 2122 nostri
2707 2082 2839 2123 cum
2881 2067 3238 2136 rapidissima
3277 2067 3571 2122 obsidione

1880 2154 2211 2221 cinxissent,
2269 2163 2476 2224 prmsto
2548 2162 2670 2210 erat
2728 2162 2790 2209 ut
2843 2155 3198 2224 subigerent,
3263 2170 3395 2210 cum
3445 2169 3572 2210 ecce

1879 2239 2147 2308 oppidani
2188 2254 2300 2294 non
2333 2253 2546 2308 paucas
2591 2249 2982 2296 armentorum
3015 2242 3207 2312 copias
3259 2243 3369 2298 illis
3423 2243 3574 2312 obji-

1879 2327 2060 2389 ciunt,
2122 2328 2338 2397 talique
2393 2327 2678 2384 lenocinio
2736 2337 2799 2385 ut
2841 2330 2914 2384 ab
2971 2330 3266 2386 obsidione
3301 2331 3576 2387 desistant

1878 2431 1974 2471 eos
2007 2417 2075 2472 ad
2131 2424 2357 2486 tempus
2417 2417 2681 2472 illiciunt.
2736 2419 2807 2473 At
2846 2432 3072 2474 summo
3095 2419 3349 2475 diluculo
3377 2419 3574 2474 admo-

1883 2513 2079 2560 ventes
2120 2506 2299 2560 nostri
2355 2505 2598 2560 tentoria
2656 2516 2863 2570 castro,
2896 2507 3035 2563 illud
3062 2507 3319 2564 obsidere
3373 2522 3576 2578 propo-

1882 2600 2047 2648 nunt.
2079 2592 2255 2658 Quem
2287 2608 2487 2649 eorum
2521 2603 2790 2650 conatum
2851 2595 2950 2651 ubi
2983 2611 3123 2666 gens
3154 2610 3382 2667 pagana
3443 2610 3577 2666 per-

1881 2681 2074 2744 sensit,
2116 2682 2282 2737 celeri
2347 2682 2484 2752 fuga
2532 2683 2826 2750 recedunt,
2873 2697 3242 2754 vacuumque
3301 2683 3577 2754 oppidum
3619 2757 3624 2761 ἡ

1881 2769 2314 2839 derelinquunt.
2350 2770 2681 2839 Ingreditur
2712 2770 3040 2827 Christiana
3084 2772 3310 2838 militia,
3357 2771 3582 2841 proﬂua

1883 2857 2024 2913 inibi
2057 2857 2349 2925 frumenti,
2394 2858 2534 2925 vini,
2571 2859 2769 2914 farina;
2792 2873 2859 2914 ac
2887 2860 2991 2915 olei
3042 2860 3225 2916 inesse
3256 2860 3580 2930 deprehen-

1882 2946 2041 3001 ditur
2069 2944 2469 3011 exuberantia,
2502 2955 2556 3002 et
2587 2947 2633 3000 si
2665 2961 2782 3016 qua
2810 2947 3048 3003 fuissent
3073 2948 3411 3003 necessaria.

1955 3033 2101 3106 Regi
2129 3034 2483 3105 Tripolitano
2509 3052 2710 3106 pacem
2740 3038 2954 3107 negant
2985 3035 3309 3091 Christiani
3323 3036 3388 3089 m'
3418 3035 3583 3089 Chri-

1883 3122 1971 3173 sto
1998 3120 2091 3175 det
2118 3138 2342 3175 nomen.
2385 3151 2453 3161 ——
2488 3123 2609 3178 Illic
2657 3131 2774 3178 tota
2803 3121 3117 3189 affectione,
3155 3123 3577 3178 Puriﬁcationis

1885 3209 2062 3265 beatae
2117 3210 2308 3265 Marize
2361 3210 2499 3266 festa
2557 3211 2878 3267 coluerunt.
2931 3212 3052 3267 Illic
3109 3212 3282 3267 etiam
3337 3209 3579 3266 Camelaa

1885 3298 2131 3354 civitatis
2180 3299 2328 3370 regis
2372 3299 2584 3369 legatos
2625 3309 2996 3369 exceperunt.
3060 3301 3177 3355 Rex
3215 3299 3384 3370 plane
3432 3299 3582 3356 idem

1884 3388 2072 3443 comiti
2104 3403 2304 3458 equos,
2354 3403 2587 3456 aurum,
2633 3397 3058 3460 argentumque
3091 3396 3388 3458 sequestra
3426 3389 3581 3459 lega-

1882 3477 2036 3532 tione
2068 3477 2393 3546 paciscitur,
2432 3477 2716 3546 pollicitus
2746 3477 2900 3547 quod
2941 3477 3295 3533 Christianos
3335 3479 3389 3530 in
3424 3477 3583 3532 nullo

1884 3563 2212 3632 offenderet,
2256 3566 2350 3620 sed
2391 3565 2640 3620 debitam
2699 3564 2780 3620 eis
2834 3565 3215 3620 reverentiam
3263 3564 3581 3620 exhiberet.

1885 3653 2005 3708 Rex
2065 3653 2234 3708 etiam
2262 3652 2654 3722 Tripolitanus
2701 3652 2893 3708 comiti
2939 3653 3193 3717 mandat,
3247 3653 3401 3722 quod
3450 3666 3581 3723 gra-

1886 3749 2092 3807 tanter,
2151 3740 2194 3795 si
2227 3741 2382 3807 velit,
2417 3754 2549 3796 cum
2599 3755 2664 3796 eo
2708 3749 2936 3809 pactum
2998 3741 3168 3806 ineat,
3231 3741 3460 3795 directis
3501 3742 3581 3796 ei-

1885 3831 2012 3885 dem
2046 3830 2237 3884 decem
2277 3829 2462 3898 equis,
2501 3837 2754 3898 quatuor
2803 3828 2993 3895 mulis,
3027 3835 3082 3884 et
3128 3843 3272 3885 auro
3311 3844 3424 3884 non
3458 3843 3585 3884 mo-

1887 3919 2032 3973 dico.
2066 3919 2264 3974 Comes
2299 3931 2428 3972 vero
2459 3917 2555 3985 ait,
2601 3917 2936 3972 nullatenus
2963 3931 3022 3972 se
3051 3933 3182 3974 cum
3240 3932 3309 3972 eo
3350 3917 3583 3987 paciﬁce

1887 4012 2176 4069 acturum,
2211 4004 2320 4059 nisi
2351 4004 2477 4060 fidei
2510 4012 2717 4060 nostrae
2747 4012 3111 4060 sacramenta
3143 4005 3471 4074 susciperet.

1961 4093 2354 4164 Egrediuntur
2381 4093 2450 4148 de
2481 4093 2646 4160 valle,
2709 4106 2887 4163 quam
2925 4095 3196 4163 superius
3249 4094 3580 4160 memoravi,

1890 4182 2220 4251 uberrima;
2271 4189 2325 4237 et
2378 4182 2450 4237 ad
2501 4182 2830 4251 praesidium
2892 4191 3104 4238 natura
3135 4183 3583 4240 munitissimum

1892 4271 1950 4325 in
2009 4271 2171 4340 rupis
2219 4284 2485 4339 supremo
2537 4271 2803 4340 positum,
2862 4272 3016 4341 quod
3071 4272 3282 4328 dicitur
3346 4273 3583 4338 Archas,

83 4361 201 4416 nisi
258 4361 418 4416 ocius
462 4356 608 4416 inde
674 4361 1021 4428 recederent,
1096 4367 1411 4416 mercatum
1466 4359 1668 4414 vetuit.
1720 4359 1782 4414 In
1823 4363 1866 4417 D
1895 4359 2222 4416 Februariis
2256 4359 2472 4425 Idibus,
2507 4374 2638 4416 cum
2681 4368 2826 4416 esset
2881 4361 3135 4416 secunda
3165 4361 3306 4416 feria
3335 4361 3585 4418 devene-

81 4449 429 4518 crastinum,
470 4449 614 4505 duos
661 4464 793 4504 cum
827 4449 1034 4504 nostris
1065 4463 1138 4504 ex
1169 4449 1289 4504 suis
1341 4448 1516 4514 misit,
1550 4448 1652 4520 qui
1704 4447 1786 4502 eis

82 4538 308 4594 vadum
344 4537 600 4592 fluminis
630 4537 1108 4604 demonstrarent,
1144 4551 1354 4607 eosque
1408 4537 1786 4607 perducerent

81 4640 206 4696 quo
270 4625 474 4694 praadze
514 4625 730 4695 aliquid
791 4625 1038 4694 diripere
1129 4633 1376 4694 possent.
1425 4626 1628 4694 Itaque
1713 4625 1784 4680 ab

78 4714 326 4780 eisdem,
363 4713 629 4783 quaedam
677 4713 876 4768 subter
907 4713 1198 4783 quoddam
1254 4713 1463 4769 nostris
1508 4713 1783 4782 oppidum

77 4802 259 4858 vallis
317 4801 652 4867 ostenditur,
711 4801 812 4856 ubi
851 4802 1192 4858 animalium
1250 4802 1661 4857 numerositate
1699 4816 1785 4857 re-

77 4898 272 4962 perta,
321 4892 582 4960 quinque
645 4890 823 4945 ferme
868 4891 1051 4945 millia
1115 4891 1441 4960 rapiuntur,
1489 4889 1784 4959 frumenti,

77 4987 545 5049 caeterorumque
603 4979 833 5035 utilium
893 4979 1147 5049 plurima
1193 4978 1352 5048 copia
1407 4978 1706 5048 reperitur,
1759 4995 1788 5036 e

81 5067 310 5138 quibus
340 5067 408 5122 ad
443 5066 732 5138 integrum
768 5068 1062 5138 equitatus
1093 5067 1184 5123 ille
1223 5066 1497 5122 reficitur.
1526 5067 1788 5123 Castrum

83 5169 329 5226 quoque
364 5153 507 5210 idem
578 5154 632 5209 in
689 5157 788 5225 jus
818 5155 1061 5224 comitis,
1101 5169 1206 5210 sua
1256 5155 1435 5224 ipsius
1482 5154 1786 5222 deditione,

84 5242 412 5314 trajicitur;
467 5257 676 5299 aurum
713 5258 785 5300 ex
837 5258 903 5300 eo
958 5259 1075 5299 non
1129 5244 1419 5299 modicum
1450 5258 1583 5299 cum
1625 5243 1791 5313 equis

17 5343 22 5382 ε
84 5332 416 5402 praebetur;
477 5333 802 5400 nostrisque
859 5345 954 5400 per
1019 5333 1234 5398 omnia,
1289 5331 1427 5401 quia
1483 5345 1789 5400 nunquam

85 5436 189 5478 eos
224 5420 515 5485 laederent,
562 5420 838 5476 securitas
884 5427 1039 5476 certa
1079 5419 1450 5490 promittitur.
1513 5420 1793 5476 Sederunt

87 5511 360 5583 quinque
406 5509 610 5564 diebus
657 5509 882 5565 ibidem.
944 5509 1078 5564 Inde
1107 5509 1364 5579 digressi,
1398 5509 1467 5563 ad
1501 5508 1656 5564 aliud
1697 5507 1792 5564 de-

18 5613 19 5624 ‘
86 5611 308 5656 venere
336 5597 634 5666 oppidum,
671 5596 824 5667 quod
856 5610 889 5652 a
918 5603 1084 5667 gente
1123 5595 1479 5651 incolebatur
1510 5595 1790 5663 Arabum,

1895 4456 2050 4516 runt,
2103 4448 2409 4518 vicinaque
2470 4447 2768 4517 municipii
2837 4449 3014 4504 tensis
3064 4449 3427 4518 papilonibus
3492 4465 3581 4506 oc-

1894 4543 2270 4606 cupaverunt.
2302 4535 2463 4602 Quod
2495 4536 2727 4606 quidem
2779 4536 3218 4593 innumerabilis
3263 4537 3587 4594 infercierat

1895 4624 2203 4681 multitudo
2252 4637 2634 4694 paganorum,
2694 4623 3012 4680 Turcorum
3063 4625 3340 4692 videlicet,
3389 4624 3586 4681 Sarra-

1895 4727 2167 4769 cenorum
2215 4720 2266 4767 et
2317 4712 2595 4778 Arabum,
2644 4713 2744 4782 qui
2815 4720 3019 4781 praeter
3083 4711 3323 4783 originis
3387 4711 3587 4768 muni-

1896 4809 2177 4865 mentum,
2225 4800 2428 4856 fortius
2495 4800 2636 4856 illud
2682 4799 3025 4856 omnimodis
3079 4814 3184 4856 sua
3262 4799 3591 4869 pluralitate

1896 4889 2282 4946 reddiderant.
2316 4887 2564 4959 Contigit
2592 4888 2821 4954 ibidem,
2857 4888 3294 4958 quatuordecim
3333 4903 3398 4944 ex
3436 4888 3596 4945 Chri-

1897 4979 2081 5034 stiano
2103 4977 2364 5033 exercitu
2388 4977 2534 5032 viros
2563 4977 2787 5046 equites
2831 4985 3031 5032 contra
3066 4976 3336 5046 Tripolim
3378 4977 3586 5032 urbem

1899 5082 2028 5138 quae
2052 5065 2240 5123 fuerat
2290 5065 2369 5121 illi
2398 5065 2728 5136 propinqua
2784 5065 3013 5120 castello
3046 5065 3343 5134 procedere
3379 5079 3491 5121 non
3516 5067 3590 5122 ob

1898 5154 2075 5221 aliud,
2110 5153 2154 5209 si
2194 5169 2309 5208 non
2353 5153 2536 5220 fallor,
2583 5153 2691 5208 nisi
2726 5161 2789 5208 ut
2830 5152 3086 5208 valerent
3133 5152 3430 5222 quidpiam
3469 5154 3594 5210 esui

1899 5242 2259 5298 commodum
2309 5243 2412 5297 sibi
2462 5241 2812 5296 contrahere.
2851 5239 2940 5304 Hi,
2996 5239 3257 5308 inquam,
3309 5248 3596 5310 quatuor-

1901 5331 2080 5386 decim
2137 5345 2268 5386 cum
2317 5338 2524 5396 essent,
2586 5330 2886 5399 sexaginta
2940 5327 3166 5383 circiter
3203 5327 3435 5394 Turcos,
3471 5329 3598 5385 aliis

1899 5419 2068 5475 etiam
2119 5418 2525 5475 comitantibus
2579 5431 2858 5487 reperere.
2903 5415 3007 5482 Qui
3066 5431 3184 5485 pra:
3227 5431 3285 5472 se
3339 5418 3599 5473 homines

1902 5520 1968 5562 ac
1999 5506 2292 5571 animalia,
2327 5521 2457 5576 quae
2479 5505 2715 5575 praedati
2774 5505 3022 5570 fuerant,
3083 5505 3391 5575 plusquam
3445 5505 3600 5562 mille

1905 5593 2336 5664 quinquaginta
2395 5593 2763 5650 deducerent.
2819 5591 2949 5660 Qui,
3009 5593 3328 5662 Sponsionis
3403 5593 3600 5648 Domi—
