3920 6080
367 328 471 381 783

1269 323 1329 376 V.
1372 320 1698 378 GUIBERTI
1740 323 2031 379 ABBATIS
2068 324 2124 379 S.
2168 322 2408 377 ΜΛΒΙΑΞ
2446 320 2538 376 DE
2578 321 2962 378 NOVIGENTO

3774 324 3893 375 784

365 460 508 517 nica
530 458 665 530 ipsis
700 463 1060 512 exsecutores
1104 453 1418 515 effectibus,
1476 455 1631 525 quod
1675 476 1696 503 ι
1739 455 1853 510 duo
1888 454 2050 526 fuga-
2090 458 2136 509 Α
2171 455 2346 522 berto,
2379 460 2680 524 postquam
2712 451 2803 509 sui
2833 466 3116 521 comparis
3164 450 3272 506 fuit
3316 459 3603 519 comperta
3665 466 3894 506 neces-

366 556 492 605 rent
520 549 710 602 decem
742 543 938 610 millia,
986 550 1042 597 et
1069 557 1223 598 unus
1255 542 1405 598 mille
1437 544 1625 610 (Deut.
1664 557 1842 610 xxx",
1885 544 1994 608 30),
2031 563 2052 590 ι

360 635 658 704 exsculpto
694 633 800 702 piis
851 632 907 686 in
962 633 1251 687 mentibus
1280 630 1469 687 crucis
1520 635 1706 702 signo,
1743 632 1853 687 Deo
1884 631 2057 686 anni-

364 732 533 789 tente,
597 718 917 776 incredibili
966 733 1060 774 eos
1111 717 1357 774 audacia
1415 718 1717 789 subigunt,
1765 732 1932 773 senos
1984 731 2057 773 ex

364 810 455 865 his
487 809 794 879 perimunt,
825 820 1005 876 equos
1058 804 1287 860 totidem
1331 804 1844 874 comprehendunt.

439 899 675 954 Torlosa
727 895 865 949 urbe
910 892 1213 965 patiamur
1272 891 1618 947 Christiani.
1677 923 1741 932 —
1779 893 1952 948 Porro
1989 892 2058 949 de

361 986 550 1043 Sancti
585 984 850 1056 Egidiani
908 982 1132 1038 comitis
1171 982 1459 1052 equitatu,
1521 981 1885 1037 Raimundus
1943 981 2054 1049 ille,

360 1076 531 1144 cujus
561 1072 811 1143 probitas
841 1071 896 1125 in
947 1070 1053 1125 hoc
1078 1069 1357 1139 opusculo
1386 1070 1645 1125 crebram
1678 1070 1859 1141 exigit
1898 1081 2057 1124 men-

359 1163 593 1228 tionem,
662 1174 833 1230 quem
890 1158 1124 1215 Pilitum
1197 1157 1590 1230 cognominari
1645 1158 1920 1226 diximus,
1968 1157 2059 1213 vir

361 1251 540 1307 animi
569 1249 883 1306 acrimonia
931 1255 985 1303 et
1032 1260 1326 1302 armorum
1385 1246 1669 1302 industria
1698 1246 2061 1302 vehementer

359 1345 511 1395 425
546 1337 845 1408 egregius,
892 1349 1026 1391 cum
1075 1332 1186 1389 alio
1238 1334 1491 1403 quodam
1537 1333 1861 1403 cognomini
1909 1333 2054 1400 viro,

362 1427 466 1498 qui
534 1433 657 1482 erat
704 1425 1033 1489 vicecomes,
1117 1421 1323 1489 officio,
1404 1422 1696 1477 Tortosam
1768 1423 2055 1478 civitatem

360 1520 667 1584 expetunt;
711 1520 766 1568 et
799 1512 983 1581 primo
1025 1525 1149 1566 eam
1192 1511 1438 1578 assultu,
1483 1525 1654 1580 quem
1715 1510 2059 1567 ferocissime

360 1601 703 1667 intulerunt,
752 1615 866 1655 non
898 1600 1201 1655 minimum
1249 1599 1374 1669 ejus
1443 1598 1552 1654 loci
1602 1598 1902 1669 indigenas
1944 1604 2057 1653 ter-

363 1695 629 1747 ruerunt.
692 1689 813 1755 Hic,
867 1701 968 1757 pro
1016 1687 1104 1743 sui
1142 1687 1518 1754 munimento,
1552 1687 1703 1756 quod
1739 1685 2055 1756 plurimum

361 1778 687 1843 videbatur,
736 1774 1038 1847 gentilium
1106 1773 1459 1830 incredibilis
1508 1774 1879 1844 populositas,
1935 1787 2058 1829 mu-

361 1879 596 1922 scarum
623 1865 691 1920 ad
714 1864 911 1929 instar,
938 1862 1272 1918 inﬂuxerat.
1298 1862 1472 1918 Nocte
1492 1861 1755 1932 sequenti
1779 1863 1834 1917 in
1857 1874 2059 1932 quam-

360 1954 493 2010 dam
574 1952 826 2008 civitatis
893 1951 1119 2021 plagam
1192 1950 1555 2020 hospitaturi,
1638 1950 1750 2005 imo
1813 1949 2058 2006 tentoria

361 2042 534 2098 lixuri
568 2041 893 2106 divertunt;
928 2039 1081 2094 focos
1110 2040 1231 2093 sine
1262 2052 1501 2094 numero
1530 2052 1633 2108 per
1657 2038 1955 2094 excubias.
1991 2052 2059 2093 ac

358 2132 405 2185 si
464 2129 770 2187 universus
816 2129 1172 2183 Francorum
1221 2127 1441 2183 adforet
1480 2128 1681 2194 hostis,
1724 2128 2053 2183 instituunt.

361 2218 610 2287 Expavit
648 2225 703 2272 et
731 2216 976 2272 concidit
1013 2226 1271 2271 extrema
1316 2215 1708 2285 desperatione
1750 2214 2055 2287 gentilitas,

360 2306 836 2377 perpendensque
889 2318 947 2360 se
987 2318 1101 2358 non
1162 2317 1323 2372 posse
1367 2311 1528 2359 scuto
1586 2304 1878 2373 propriam
1910 2302 2055 2358 tueri

358 2394 621 2460 salutem,
678 2400 869 2449 censet
933 2391 1005 2446 ad
1090 2390 1356 2447 ultimum
1418 2393 1746 2447 evitandam
1818 2405 2057 2462 quoquo

357 2483 525 2539 modo
572 2482 660 2538 vel
733 2481 976 2551 pedibus
1046 2488 1304 2535 mortem.
1350 2479 1534 2535 Noctu
1585 2481 1778 2549 itaque
1826 2480 2059 2535 sdenter

356 2571 556 2641 elapsi,
620 2569 928 2636 civitatem,
994 2568 1168 2623 totius
1220 2568 1527 2637 opulentia
1581 2568 1828 2623 fortunis
1879 2567 2056 2623 infer-

356 2666 499 2725 tam,
532 2671 770 2712 vacuam
829 2655 987 2711 omni
1044 2656 1360 2711 habitatore
1416 2655 1771 2725 relinquunt,
1824 2654 1923 2726 pii,
1976 2656 2060 2710 in-

358 2760 557 2817 quam,
620 2744 927 2813 Scriptura
979 2743 1133 2799 illius
1180 2742 1543 2812 impletores:
1586 2764 1614 2791 ‹‹
1653 2743 1799 2807 Quia
1854 2743 2056 2813 pellem

358 2847 461 2904 pro
527 2832 686 2903 pelle,
737 2840 793 2887 et
845 2840 1053 2887 cuncta
1105 2846 1237 2901 qua
1290 2830 1462 2886 habet
1523 2832 1689 2886 homo
1738 2831 1895 2887 dabit
1954 2845 2055 2901 pro

356 2922 550 2977 anima
582 2935 689 2977 sua
714 2920 842 2991 (Job
874 2935 931 2986 ιι,
981 2921 1058 2991 4).
1096 2942 1123 2968 ››
1168 2920 1300 2975 Hac
1324 2920 1527 2975 civitas
1561 2933 1737 2988 quam
1771 2919 2055 2989 optimum

2168 545 2326 609 sitas,
2375 556 2511 599 cum
2557 556 2644 607 eo,
2679 542 2780 611 qui
2836 540 3050 596 Gibello
3081 540 3297 595 civitati
3329 547 3590 609 praerat,
3616 539 3886 609 acceptis

2164 630 2486 702 magnificis
2516 643 2801 701 equorum
2840 642 3087 698 aurique
3139 627 3498 693 muneribus,
3553 627 3736 684 iniere
3775 628 3881 685 [(B-

2163 720 2319 787 dera,
2377 728 2431 776 et
2477 717 2893 775 adminiculum
2957 717 3287 786 prasiituri,
3339 726 3747 772 convenerunt
3809 718 3885 771 ad

2162 806 2447 871 comitem,
2508 818 2686 876 quam
2742 805 3001 861 obsidere
3068 812 3361 874 caperant
3419 805 3560 860 urbe
3608 804 3889 860 dimissa.

2165 893 2657 963 Exspectationem
2691 903 2882 950 autem
2913 893 3246 949 eorumdem
3277 892 3408 949 belli
3460 893 3719 963 gerendi,
3780 907 3882 949 ru-

2165 982 2384 1052 migera
2445 981 2744 1038 frustravit
2800 982 3013 1053 opinio.
3063 981 3223 1038 Unde
3286 982 3500 1051 pariter
3558 982 3879 1050 conspirati

2166 1071 2388 1126 Arcbas
2438 1072 2738 1127 castellum
2792 1079 3042 1140 repetere
3112 1069 3527 1125 deliberarent.
3582 1069 3690 1126 Ubi
3739 1084 3879 1125 cum

2164 1159 2465 1216 obstinatis
2509 1167 2709 1215 contra
2752 1158 2996 1228 idipsum
3055 1158 3263 1214 animis
3323 1158 3696 1222 desedissent,
3760 1172 3882 1212 non

2165 1248 2350 1304 multo
2424 1256 2544 1318 post
2606 1248 2993 1318 Tripolitanos
3058 1256 3206 1302 moto
3283 1248 3541 1302 exercitu
3613 1247 3876 1301 invisere

2167 1337 2503 1408 gestierunt,
2539 1345 3014 1407 repereruntque,
3052 1335 3108 1390 in
3136 1335 3599 1404 suiprovidentia
3630 1334 3876 1405 positos,

2167 1438 2271 1495 pro
2341 1426 2628 1482 manibus
2696 1425 2876 1494 ipsius
2942 1423 3101 1479 urbis
3161 1422 3419 1478 hostilem
3470 1420 3875 1491 manipulum,

2164 1513 2487 1570 Turcorum
2562 1513 2847 1579 videlicet,
2928 1511 3378 1568 Sarracenorum
3451 1524 3518 1566 ac
3581 1510 3873 1566 Arabum.

2168 1600 2394 1667 Quibus
2443 1602 2620 1657 nostri
2670 1601 2860 1657 debita
2922 1602 3423 1655 animadversione
3481 1601 3749 1669 pervasis
3806 1598 3875 1653 ad

2164 1702 2503 1759 supremum
2527 1689 2676 1760 fuga
2711 1687 2857 1743 illico
2882 1701 3090 1757 compu
3115 1702 3208 1742 ere
3240 1686 3575 1742 remedium.

2236 1777 2323 1834 Ibi
2377 1784 2536 1833 tanta
2572 1778 2752 1847 ipsius
2784 1776 2942 1833 urbis
2975 1778 3289 1843 nobilium,
3325 1789 3439 1830 non
3482 1774 3650 1830 modo
3690 1774 3874 1829 cades

2164 1867 2402 1935 exstitit,
2453 1866 2549 1923 sed
2594 1880 2661 1921 ac
2689 1865 2733 1922 si
2766 1881 2797 1921 e
2828 1864 3149 1935 pecoribus,
3183 1862 3565 1929 carniﬁcium,
3600 1871 3670 1919 ut
3698 1871 3870 1918 etiam

2166 1958 2324 2014 unda
2354 1955 2630 2023 ﬂuminis,
2690 1955 2846 2025 quod
2917 1952 3133 2009 civitati
3202 1951 3413 2018 inﬂuit,
3489 1951 3703 2006 mistim
3750 1950 3868 2005 fuin

2165 2059 2371 2102 cruore
2400 2044 2654 2109 ruberet,
2690 2051 2745 2099 et
2775 2043 2876 2098 tali
2907 2041 3325 2097 commaculata
3382 2039 3560 2104 sanie,
3595 2040 3867 2109 qualibet

2164 2146 2362 2189 eorum
2411 2133 2657 2188 cisterna
2710 2132 2983 2186 sorderet.
3036 2131 3122 2184 Ex
3178 2142 3296 2198 quo
3333 2141 3531 2183 eorum
3578 2127 3866 2182 mentibus

2164 2221 2377 2277 oboriri
2427 2234 2561 2276 mox
2611 2219 2850 2290 contigit
2901 2218 3073 2274 ferale
3120 2216 3436 2287 justitium,
3480 2215 3745 2284 tantique
3798 2218 3866 2270 ti-

2166 2308 2341 2365 moris
2396 2308 2578 2364 aculei
2644 2307 2866 2362 animos
2925 2318 3311 2374 compressere
3373 2304 3754 2372 superstitum
3816 2308 3867 2355 nt

2167 2397 2423 2467 ipsorum
2477 2396 2697 2461 nullus,
2758 2392 3084 2463 cuiuspiam
3132 2404 3309 2448 causa
3353 2390 3581 2461 negotii,
3649 2402 3866 2458 prasu-

2166 2494 2343 2541 meret
2392 2493 2557 2541 extra
2604 2483 2855 2539 civitatis
2903 2494 3099 2537 muros
3147 2487 3427 2535 attentare
3476 2477 3564 2533 vel
3614 2487 3861 2532 exitum.

2164 2573 2394 2629 Postero
2438 2572 2528 2628 die
2587 2570 3042 2641 progrediuntur
3088 2570 3265 2623 nostri
3345 2567 3497 2622 ultra
3550 2569 3863 2637 quamdam

2164 2662 2393 2729 vallem,
2430 2675 2560 2733 qua
2604 2668 2843 2716 vocatur
2882 2658 3082 2724 Desen,
3133 2658 3189 2711 in
3219 2670 3398 2726 quam
3460 2662 3513 2711 et
3551 2655 3643 2710 die
3704 2655 3865 2709 tertio

2165 2759 2288 2821 post
2341 2758 2562 2819 captam
2614 2747 2882 2805 Befaliam
2943 2746 3068 2816 [al.,
3123 2741 3479 2816 Cephaliam]
3517 2742 3741 2798 venisse
3780 2755 3865 2797 eos

2164 2839 2433 2907 superius
2491 2836 2765 2901 diximus,
2825 2849 3069 2904 eamque
3139 2833 3490 2889 uberrimam
3567 2831 3860 2900 reperisse,

2164 2934 2219 2982 et
2269 2924 2601 2996 quindecim
2659 2923 2863 2979 diebus
2916 2924 2973 2978 in
3028 2923 3126 2977 illa
3181 2934 3459 2976 mansnsse
3516 2928 3569 2975 et
3613 2920 3861 2975 inventis

357 3024 462 3066 suo
518 3010 577 3064 in
632 3008 931 3073 Sllbllfbio,
967 3015 1164 3077 ιιῐροῐθ
1204 3021 1366 3062 secus
1409 3020 1565 3062 mare
1586 3008 1913 3074 οοηειίῑυῑό,
1952 3008 2054 3063 ha-
2094 3037 2135 3093 C
2168 3014 2282 3069 illic
2313 3012 2514 3080 bobus,
2549 3012 2726 3067 asinis
2776 3019 2832 3067 et
2884 3011 3110 3073 ovibus,
3147 3017 3201 3065 et
3261 3008 3457 3064 multis
3485 3007 3855 3073 animalibus,

358 3099 451 3154 bet
484 3106 732 3168 portum.
777 3095 1056 3152 Postridie
1086 3096 1439 3151 conveniunt
1493 3096 1693 3163 noswi,
1754 3096 1883 3152 totis
1927 3109 2053 3165 per-

357 3187 557 3243 vasuri
591 3187 812 3242 viribus
844 3185 1080 3254 urbem;
1111 3184 1208 3240 sed
1241 3184 1299 3239 in
1343 3185 1465 3253 ipso
1494 3184 1897 3253 congrediendi
1928 3199 2055 3240 mo-

357 3276 555 3332 limine
600 3288 838 3347 prorsus
883 3273 1110 3328 inanem
1162 3280 1501 3341 repererunt
1538 3273 1612 3328 ab
1662 3273 1910 3328 homine.
1957 3273 2047 3327 In-

358 3367 649 3421 troeuntes
700 3362 877 3434 igitur
930 3376 1078 3429 eam,
1139 3360 1342 3416 tandiu
1433 3360 1638 3416 ibidem
1705 3361 2050 3431 deguerunt,

357 3453 537 3509 donec
591 3453 662 3508 ad
715 3451 1095 3508 obsidendum
1163 3448 1564 3519 municipium,
1653 3449 1808 3518 quod
1875 3463 2055 3519 supra

358 3540 685 3606 intulimus,
727 3540 966 3602 Archas.
1019 3538 1228 3595 exinde
1269 3544 1687 3607 processerunt.
1731 3537 1829 3592 Est
1858 3545 2050 3592 autem

356 3629 469 3684 alia
492 3629 757 3699 quadam
799 3627 928 3683 urbi
982 3626 1073 3681 isti
1112 3626 1384 3697 contigua
1426 3625 1649 3691 civitas,
1701 3639 1832 3693 qua
1873 3624 2055 3680 Mara-

356 3717 477 3773 clea
505 3725 764 3773 vocatur.
806 3719 877 3770 At
907 3714 1019 3781 ille,
1071 3713 1174 3784 qui
1222 3722 1481 3782 praerat,
1529 3712 1702 3782 quem
1753 3720 1809 3767 et
1856 3712 2051 3767 Admi-

355 3806 611 3860 ravisum
665 3803 975 3873 appellant,
1040 3815 1147 3857 nec
1195 3815 1377 3866 mora,
1430 3815 1563 3857 cum
1613 3801 1825 3855 nostris
1869 3799 2054 3856 fmdus

356 3893 502 3948 inire
533 3899 718 3961 parat.

358 3980 471 4035 Hos
502 3979 695 4044 simul,
727 3992 794 4033 ac
824 3979 1027 4033 horum
1052 3991 1184 4032 mox
1207 3976 1374 4046 signa
1405 3975 1613 4045 recepit
1644 3976 1699 4030 in
1722 3976 1942 4031 urbem.

995 4064 1225 4121 CAPUT
1264 4064 1414 4121 VIII.
1502 4052 1509 4065 ’

430 4153 629 4228 [XXI].
653 4153 965 4212 Cas/ellum
999 4152 1225 4207 Archo:
1251 4150 1556 4207 obsidetur.
1591 4183 1656 4193 —
1693 4153 1911 4207 [nterea
1930 4152 2053 4208 dux

357 4243 718 4312 Godefridus,
805 4240 1188 4303 Boemundus,
1263 4253 1567 4309 comesque
1662 4238 2050 4306 Flandrensis,

364 4331 684 4388 Laodiciam
744 4329 957 4400 pariter
989 4328 1245 4398 attigere.
1278 4326 1381 4383 Sed
1435 4326 1820 4390 Boemundus,
1854 4325 2052 4381 amica

357 4421 464 4478 sibi
519 4418 838 4475 Antiochia
890 4417 1191 4473 divisionis
1238 4415 1561 4485 impatiens,
1608 4429 1641 4470 a
1686 4415 2051 4484 prafatorum

355 4507 731 4567 contubernio
810 4506 1163 4576 disparatus,
1239 4504 1515 4560 remeavit
1571 4505 1641 4558 ad
1706 4503 1883 4559 illam.
1941 4501 2051 4571 Ipsi

354 4611 491 4654 vero
543 4596 669 4667 pari
724 4594 919 4650 animo
961 4592 1313 4649 contendunt
1373 4591 1662 4647 civitatem
1738 4589 2050 4660 quamdam

354 4684 613 4740 obsidere
659 4682 964 4749 Gibellum,
1024 4680 1104 4735 sic
1141 4681 1294 4735 enim
1348 4680 1684 4735 vocabatur.
1736 4680 1819 4733 Ad
1860 4677 2053 4733 Sancti

356 4781 550 4828 autem
580 4771 761 4843 Egidii
816 4770 1076 4825 comitem
1114 4768 1505 4824 Raimundum
1559 4767 1895 4837 hujusmodi
1941 4779 2049 4821 ru-

356 4872 482 4915 mor
505 4857 739 4914 accessit
770 4856 923 4926 quod
963 4854 1298 4926 gentilitatis
1342 4854 1602 4909 adaucta
1637 4852 1849 4923 vulgus
1879 4864 2052 4907 enor-

357 4948 523 5002 miter
583 4946 805 5018 ingens,
865 4953 1067 4999 contra
1121 4958 1180 4999 se
1228 4942 1428 5013 pralia
1474 4942 1870 4997 destinassent.
1924 4939 2050 5003 Qui,

354 5048 595 5105 propere
644 5032 994 5103 compellatis
1026 5031 1241 5086 militia
1281 5043 1457 5101 quam
1493 5029 1738 5084 habebat
1768 5027 2051 5083 universa

356 5122 709 5191 proceribus,
746 5135 841 5176 eos
870 5120 1148 5191 quidnam
1185 5132 1332 5188 opus
1361 5125 1505 5173 esset
1551 5116 1696 5172 facto
1726 5115 2040 5172 consuluit.

357 5209 462 5266 Cui
529 5218 762 5266 senatus
838 5208 931 5264 ille
993 5207 1185 5263 intulit
1257 5219 1315 5261 se
1381 5204 1577 5261 utilius
1636 5204 1771 5260 huic
1824 5202 2051 5273 negotio

356 5296 640 5353 astimare
680 5310 857 5368 quam
890 5302 1176 5351 consortes
1217 5293 1495 5348 Dominici
1541 5292 1777 5357 itineris,
1819 5300 1873 5347 et
1912 5290 2052 5346 alios

356 5384 465 5441 sibi
511 5385 743 5441 comites
812 5383 872 5439 in
928 5382 1283 5453 adiutorium
1340 5393 1677 5437 convocare.
1748 5378 2051 5435 Consuluit

356 5472 605 5544 denique
648 5471 972 5538 consilium,
1018 5483 1153 5526 mox
1178 5483 1324 5539 opus
1358 5467 1654 5538 explicuit.
1688 5466 2052 5536 Principibus

354 5567 570 5636 itaque,
603 5564 736 5620 duci
757 5563 1018 5620 videlicet
1061 5562 1384 5630 Godefrido,
1428 5560 1885 5630 Flandrensique
1933 5558 2049 5615 Bo-

2164 3102 2514 3157 eamelorum
2553 3100 2723 3157 etiam
2773 3100 2965 3155 tribus
3009 3098 3282 3165 millibus,
3313 3097 3530 3153 rediere
3555 3111 3693 3152 cum
3726 3109 3857 3167 gan-

2162 3191 2278 3258 dio,
2312 3191 2571 3260 copiosas
2614 3190 2682 3245 de
2722 3189 2809 3244 bis
2860 3189 3131 3243 omnibus
3190 3186 3410 3256 pradas
3461 3190 3720 3255 agentes.
3755 3185 3856 3239 Ca-

2162 3287 2347 3335 strum
2381 3280 2575 3349 itaque
2606 3278 2752 3333 idem
2789 3276 2974 3333 tribus
3028 3276 3341 3343 mensibus,
3381 3273 3472 3330 die
3501 3273 3699 3329 minus
3728 3286 3853 3338 una,

2161 3367 2450 3424 continuis
2478 3367 2767 3423 obsedere.
2802 3367 2999 3436 Ibique
3027 3379 3193 3435 egere
3228 3363 3443 3419 Pascha
3501 3361 3855 3417 Dominicum

2163 3464 2375 3527 quarto
2425 3456 2559 3511 Idus
2613 3454 2839 3524 Aprilis.
2898 3453 3131 3508 Interim
3184 3467 3320 3524 ergo
3357 3451 3498 3506 dum
3553 3449 3856 3506 obsidionis

2166 3558 2326 3600 mora
2372 3544 2474 3599 hos
2520 3542 2753 3604 detinet.
2813 3542 3011 3597 classis
3064 3541 3317 3610 ipsorum
3360 3553 3490 3609 qua
3545 3538 3857 3593 deferendis

2160 3637 2540 3688 consueverat
2589 3629 2837 3685 victibus
2894 3629 3193 3694 inservire,
3252 3627 3479 3684 cuidam
3534 3625 3644 3681 sibi
3689 3625 3852 3681 conti-

2163 3734 2278 3791 gno
2313 3718 2501 3789 portui
2525 3718 2820 3781 allabitur,
2855 3730 3216 3786 comportaiis
3261 3715 3488 3785 negotia
3519 3728 3630 3769 non
3682 3727 3851 3783 parva

2161 3788 2436 3863 frumenti
2493 3820 2560 3861 ac
2609 3806 2749 3872 vini,
2810 3805 2999 3861 carnis
3048 3812 3103 3860 et
3157 3805 3323 3870 casei,
3385 3803 3579 3859 hordei
3626 3815 3695 3857 ac
3726 3803 3848 3866 olei,
3872 3788 3875 3881 “

2160 3909 2233 3952 ex
2264 3909 2383 3966 quo
2422 3895 2673 3965 plurima
2703 3892 3123 3963 expeditionem
3168 3890 3523 3947 Dominicam
3565 3884 3873 3959 opulentia

2161 3981 2469 4051 reparavit.
2509 3980 2660 4037 Licet
2696 3991 2888 4037 autem
2921 3981 3139 4037 nullam
3172 3980 3379 4036 ibidem
3415 3982 3714 4049 penuriam
3765 3980 3871 4034 eis

2163 4070 2278 4139 pati
2328 4070 2645 4141 contigerit,
2700 4070 2903 4125 tandiu
2951 4078 3140 4124 tamen
3174 4068 3455 4133 inutilem,
3509 4080 3683 4136 supsr
3732 4062 3869 4141 tan-1‘

2160 4156 2286 4212 tilla
2331 4172 2410 4224 re,
2475 4158 2846 4227 insumpsisse
2931 4157 3205 4222 laborem,
3256 4155 3382 4211 sani
3430 4155 3663 4211 modum
3718 4155 3847 4210 mihi

2162 4247 2391 4301 videtur
2406 4247 2715 4302 excessisse
2746 4245 2989 4301 consilii.

3860 4092 3867 4335 ἐ

2093 4335 2137 4389 D
2236 4330 2462 4405 [XXII]
2508 4335 2733 4389 Lancea
2755 4333 3060 4388 Dominica
3096 4332 3157 4387 in
3182 4331 3419 4387 dubiant
3447 4333 3759 4385 revocatur.
3793 4359 3847 4370 —-

2164 4422 2291 4478 Post
2314 4430 2549 4478 mortem
2578 4421 2745 4493 plane
2765 4422 2874 4478 viri
2904 4421 3259 4477 admirabilis
3277 4420 3562 4476 Podiensis
3589 4420 3842 4489 episcopi,

2163 4509 2261 4577 qui
2296 4521 2487 4563 amore
2514 4508 2788 4579 pastorali
2819 4522 2885 4563 ac
2933 4508 3141 4578 rigore,
3170 4506 3429 4562 omnium
3458 4505 3565 4561 sibi
3610 4504 3839 4561 invicem

2162 4595 2403 4663 animos,
2436 4595 2756 4651 concordia
2806 4608 2873 4651 ac
2924 4594 3323 4650 unanimitatis
3362 4595 3537 4657 visco,
3576 4592 3840 4649 devinxe-

2162 4691 2270 4752 rat,
2311 4698 2529 4753 capere
2571 4683 2715 4739 inter
2761 4682 3047 4752 principes
3074 4683 3393 4737 simultates
3440 4679 3741 4749 aliquoties
3787 4694 3837 4735 ac

2163 4769 2478 4826 insolentia
2506 4771 2735 4834 oboriri,
2780 4771 2934 4840 apud
2979 4770 3291 4825 mediocres
3343 4776 3610 4837 praterea
3640 4776 3696 4823 et
3733 4768 3840 4823 vul—

2162 4870 2348 4928 gares,
2407 4857 2648 4913 licentia
2695 4871 2841 4927 quas
2892 4872 3006 4912 non
3062 4860 3298 4912 omnino
3355 4856 3576 4911 deceret
3629 4856 3838 4919 haberi,

2162 4952 2227 5000 ut
2277 4944 2486 5000 veteris
2543 4944 2791 5001 historia
2843 4950 2995 4999 416
3033 4945 3286 5000 dictum:
3328 4965 3348 4991 ι
3406 4942 3551 5010 Quia
3595 4943 3837 5000 videlicet

2160 5046 2264 5088 rex
2293 5046 2409 5088 non
2439 5042 2584 5089 esset
2630 5035 2689 5088 in
2742 5033 2933 5100 Israel,
2986 5033 3080 5088 sed
3131 5032 3285 5102 quod
3317 5031 3529 5101 cuique
3568 5032 3621 5085 in
3670 5032 3834 5088 oculis

2158 5120 2279 5175 suis
2322 5119 2538 5175 bonum
2569 5120 2862 5176 videretur
2891 5122 3095 5191 agebat
3135 5119 3303 5189 (Jud.
3342 5123 3478 5184 xvii,
3516 5120 3636 5186 l6);
3677 5142 3706 5169 ι
3739 5116 3845 5175 ειυς

2160 5207 2397 5278 quando
2430 5215 2734 5278 putaretur
2765 5207 3008 5278 impleri.
3051 5209 3168 5263 Etsi
3203 5207 3353 5263 enim
3404 5207 3689 5277 pontifices
3738 5208 3836 5264 illic

2158 5295 2275 5362 alii,
2306 5295 2553 5365 glorioso
2584 5295 2677 5350 illo
2700 5296 2947 5361 homine,
3008 5294 3111 5364 qui
3141 5309 3339 5350 eorum
3400 5292 3651 5363 specialis
3694 5306 3840 5387 pateti

2157 5391 2212 5439 et
2240 5383 2361 5438 dux
2394 5382 2580 5439 fuerat
2605 5383 2933 5452 deputatus,
2966 5381 3233 5449 obeunte,
3282 5389 3689 5446 remanserant,
3731 5398 3802 5438 no

2158 5470 2299 5526 tanti
2332 5469 2655 5539 pendebant
2684 5478 2875 5526 tamen
2936 5469 3081 5535 illos,
3117 5470 3426 5541 prasertim
3474 5482 3602 5524 cum
3638 5473 3803 5527 memi

2157 5557 2375 5614 nissent
2402 5571 2463 5613 se
2491 5571 2607 5613 non
2646 5571 2711 5613 eo
2738 5557 2847 5626 his,
2899 5572 3016 5628 quo
3056 5557 3137 5613 illi
3159 5557 3263 5615 uni
3294 5558 3522 5614 fuerant
3546 5557 3671 5627 jure
3691 5573 3813 5615 com

3846 4444 3859 4773 ι
