3902 6082
37 240 156 291 ’785

1164 233 1390 288 GESTA
1426 232 1549 288 DEI
1590 232 1729 287 PER
1771 231 2335 287 FRANCOS.—LIB.
2376 233 2467 287 VI.

3467 234 3570 286 786

38 369 282 425 missus.
338 369 487 423 Dum
534 380 672 437 ergo
728 364 943 421 nemini
1018 364 1390 437 singulariter
1446 372 1669 435 parent,
1701 371 1757 419 et
1793 366 1840 417 Α
1870 363 2075 430 fuerat,
2138 363 2282 431 loco,
2345 363 2418 420 sit
2481 362 2740 434 ejusdem
2808 360 3095 433 pontificis
3158 376 3370 432 corpus
3442 363 3565 433 ipso

43 458 335 513 universa
385 457 531 511 inter
573 469 668 509 eos
713 452 1075 508 mstimantur
1105 452 1373 524 aequalia,
1411 452 1623 509 fiebant
1651 467 1763 508 saa-

46 547 205 615 pius,
240 545 382 600 dum
414 542 575 613 vulgi
620 541 794 597 libido
840 541 1130 609 praevalet,
1178 542 1332 610 apud
1373 541 1525 609 ipsos
1568 541 1763 596 minus

41 640 185 701 apta
210 629 456 700 judicia.
494 628 656 685 Unde
711 627 917 683 accidit
967 636 1028 683 ut
1080 635 1202 697 post
1249 627 1561 683 Dominicae
1594 640 1763 682 reve-

42 722 331 776 lationem
385 719 617 784 lancem,
670 731 849 787 quam
907 717 1215 773 defunctus
1285 718 1522 773 antistes
1576 716 1762 771 omni-

46 808 227 862 moda
256 806 558 861 devotione
601 812 954 872 susceperat,
1006 804 1149 859 foede
1199 804 1445 860 nimium
1496 804 1763 859 incredu-

44 895 235 949 litatis
294 906 562 947 mnrmur
612 900 947 961 emergeret,
1008 891 1331 948 dicentibus
1390 892 1761 962 quibusdam,

50 983 196 1053 quia
231 996 352 1037 non
390 981 691 1048 veraciter,
727 981 823 1036 sed
846 980 1194 1051 praestigiose
1223 987 1529 1050 repererat,
1564 987 1620 1035 et
1652 994 1766 1035 non

52 1070 423 1127 Dominicam
476 1070 570 1125 sed
607 1070 863 1125 lanceam
909 1068 1375 1139 qualemcunque
1421 1069 1763 1138 praebuerat.

53 1157 274 1226 Incipit
325 1157 520 1227 itaque
562 1160 814 1213 enormis
868 1156 1177 1226 plebeculae
1210 1156 1417 1227 passim
1462 1157 1768 1212 mussitare

52 1244 409 1315 frequentia,
438 1253 492 1300 et
519 1259 638 1311 eos,
673 1244 772 1315 qui
824 1245 1204 1311 crediderant,
1258 1252 1313 1300 et
1361 1245 1623 1300 venerari
1669 1244 1767 1299 de-

55 1332 345 1404 legerant,
422 1334 729 1389 verborum
805 1346 1044 1388 suorum
1105 1332 1302 1388 sedulo
1386 1339 1769 1403 corrumpunt

52 1420 312 1476 fallacia.
364 1420 459 1477 Rei
530 1430 768 1490 repertae
830 1420 1191 1490 probationes
1244 1420 1508 1491 exigunt,
1567 1435 1761 1489 reper-

56 1517 248 1564 torem
277 1508 512 1579 judiciis
540 1508 753 1564 divinis
793 1508 1091 1564 addicunt.
1134 1507 1504 1577 Compellitur
1540 1516 1604 1564 ut
1658 1508 1766 1564 du-

53 1596 290 1694 biis-vir
313 1596 405 1652 ille
429 1596 601 1694 tidem
634 1596 869 1665 reddat;
904 1609 1036 1665 quae
1066 1602 1491 1694 extorquentur
1512 1596 1761 1694 ab'ipso,
1806 1640 1847 1694 Β

52 1683 313 1755 cogitur,
362 1684 542 1741 solius
587 1697 786 1740 eorum
837 1696 1014 1738 causa
1069 1684 1343 1739 curandae
1394 1683 1765 1751 infidelitatis,

55 1781 120 1829 ut
151 1773 381 1828 subeat.
418 1773 544 1842 Ipso
577 1772 752 1843 igitur
784 1771 1120 1840 imperante,
1155 1771 1280 1841 rogi
1307 1772 1420 1826 duo
1447 1772 1544 1827 vix
1588 1772 1766 1827 cubiti

54 1860 388 1916 brevissimi
439 1860 618 1929 spatio
658 1874 691 1914 a
739 1874 797 1915 se
837 1859 1114 1914 distantes
1147 1859 1534 1926 instruuntur,
1571 1860 1768 1916 multae

56 1964 90 2004 a
125 1947 380 2019 populis,
416 1962 610 2003 rerum
648 1961 930 2003 novarum
979 1947 1223 2017 cupidis,
1278 1947 1532 2002 materiei
1579 1956 1768 2004 strues

53 2038 371 2106 ingeritur,
402 2049 469 2091 ac
503 2045 888 2105 utrarumque
917 2035 1169 2104 partium
1203 2034 1432 2089 flamine
1466 2035 1767 2091 conﬂuen-

56 2125 218 2181 tibus
259 2124 462 2196 globis,
525 2123 673 2179 inter
703 2125 963 2179 ardentia
1012 2123 1170 2193 ligna
1212 2124 1413 2178 semita
1452 2122 1763 2179 admodum

52 2221 312 2284 angusta
359 2211 729 2282 relinquitur.
784 2211 965 2267 Deum
997 2225 1155 2282 ergo,
1189 2209 1290 2281 qui
1319 2210 1527 2265 veritas
1573 2218 1675 2278 est,
1711 2218 1767 2267 et

57 2313 272 2371 praeter
327 2301 498 2369 cujus
550 2308 760 2355 nutum
826 2313 1001 2368 super
1056 2299 1161 2354 hac
1219 2313 1279 2353 re
1324 2298 1405 2353 nil
1459 2313 1516 2353 se
1582 2299 1766 2370 egisse

52 2392 372 2462 cognoscit,
436 2387 879 2454 misericordem,
938 2388 1263 2454 miserabili,
1328 2394 1394 2443 ut
1460 2401 1563 2457 par
1619 2397 1761 2455 erat,

52 2479 317 2535 oratione
367 2476 691 2547 compellat.
739 2485 794 2531 et
852 2489 952 2544 per
991 2490 1233 2546 opacum
1310 2490 1465 2546 pyras
1524 2476 1765 2532 furentis

57 2566 349 2622 tramitem
410 2573 525 2621 tota
580 2563 881 2619 vivacitate
933 2564 1311 2633 praetervolat,
1370 2571 1425 2619 et
1469 2578 1569 2634 per
1609 2565 1766 2620 hunc

57 2656 256 2725 ipsum
283 2653 482 2711 callem
516 2667 651 2709 mox
677 2653 844 2708 rediit
871 2667 987 2722 quo
1013 2659 1263 2707 venerat.

147 2742 380 2798 Veritas-
412 2741 832 2812 comprobalur.
878 2769 950 2781 —
980 2740 1188 2795 Aderat
1235 2739 1561 2810 spectaculo
1605 2740 1760 2809 huic,

60 2844 198 2902 qua;
224 2830 279 2884 in
313 2830 610 2899 procinctu
643 2829 980 2885 morabatur
1024 2837 1161 2883 tunc
1205 2828 1493 2897 temporis,
1547 2828 1765 2885 militiae

1872 453 2234 522 praecipiente
2264 454 2573 522 sepultum.
2609 452 2687 507 De
2718 450 2808 507 his
2838 451 2917 506 ita
2946 465 3035 506 res
3059 465 3179 506 sese
3212 450 3435 507 habuit.

1950 540 2197 614 [XXIIL]
2239 540 2509 595 Ansellus
2545 540 2616 594 de
2650 539 3067 594 Ribodimonle.
3102 568 3171 578 —
3205 539 3400 605 Porro,
3437 553 3568 595 cum

1874 630 2026 701 apud
2096 630 2316 687 Archas
2376 630 2603 685 diutina
2665 637 2891 684 nostros
2947 627 3240 683 incassum
3295 627 3572 683 detineret

1873 720 2110 786 obsidio,
2164 727 2220 775 et
2258 722 2441 774 castro
2491 719 2549 772 in
2614 717 2920 787 cujusdam
2979 717 3141 785 rupis
3184 716 3571 785 proemiuente

1874 821 2162 877 supremo,
2214 806 2408 876 procul
2453 806 2511 860 in
2560 805 2674 861 imo
2719 803 2887 861 vallis
2931 804 3239 860 obsidentis
3283 803 3572 861 exercitus

1873 897 2116 953 tentoria
2161 895 2536 961 considerent,
2568 894 2860 961 Ansellus,
2902 892 3005 962 qui
3062 892 3131 946 de
3164 891 3563 949 Ribodimonte

1872 982 2390 1054 cognominabatur
2422 980 2570 1051 (ejus
2608 984 2762 1036 enim
2808 981 3002 1044 castri,
3064 985 3118 1035 et
3163 979 3411 1034 aliarum
3447 992 3569 1032 ma-

1875 1085 2121 1143 gnarum
2155 1084 2327 1139 opum
2351 1069 2618 1124 dominus
2640 1068 2981 1138 exstiterat),
3013 1068 3105 1122 vir
3135 1066 3406 1133 liberalis,
3434 1080 3564 1121 om-

1876 1158 2013 1214 nino
2068 1157 2395 1224 muniﬁcus,
2444 1164 2499 1212 et
2544 1156 2603 1211 in
2644 1157 2897 1227 regenda
2956 1155 3160 1210 militia
3208 1154 3350 1209 mire
3401 1152 3571 1208 indu-

1876 1246 2070 1312 strius,
2122 1244 2515 1301 difﬁcultatem
2563 1244 2826 1315 capiendi
2874 1243 3067 1314 oppidi
3126 1242 3391 1309 intuitus,
3443 1255 3572 1296 mo-

1877 1348 2121 1405 ramque
2152 1333 2422 1389 sessionis
2446 1333 2737 1389 diuturnae
2767 1345 2881 1387 non
2913 1345 3135 1401 passus,
3165 1330 3248 1393 ’ad
3276 1328 3572 1400 jaciendos

1877 1424 2093 1493 lapides
2130 1421 2556 1492 phalaricarum
2604 1428 2827 1477 nostros
2869 1433 3149 1489 apparare
3189 1418 3573 1474 instrumenta

1878 1512 2251 1568 commonuit.
2321 1510 2622 1580 (Imperant
2676 1522 2832 1575 sane,
2895 1506 3223 1577 longissimo
3274 1505 3571 1561 cuniculo-

1878 1615 2010 1677 rum
2041 1600 2241 1667 ductu,
2277 1598 2423 1654 turri
2458 1598 2537 1667 inf
2562 1597 2781 1653 excelso
2826 1597 3023 1666 positae
3070 1593 3425 1651 suffossionis
3474 1593 3567 1648 in-

1876 1689 2023 1745 ferre
2069 1687 2387 1753 molimina,
2450 1693 2506 1742 et
2565 1693 2765 1755 aperta
2817 1691 3206 1740 sustentantes
3258 1681 3456 1752 tigillis
3505 1687 3561 1737 et

1877 1776 2134 1848 postibus
2172 1784 2465 1845 tantopere
2504 1773 2810 1844 aperienda
2852 1771 3137 1829 scabendo
3183 1770 3440 1841 quotidie
3486 1770 3574 1825 in-

1875 1865 2150 1922 sistebant
2202 1872 2264 1920 ut
2292 1864 2463 1919 etiam
2512 1862 2778 1919 mulieres
2815 1869 2869 1917 et
2914 1861 3243 1930 optinorum
3289 1872 3569 1929 quorum-

1875 1969 1989 2025 que
2046 1967 2275 2021 uxores,
2341 1952 2495 2008 festis
2559 1951 2762 2007 diebus
2827 1949 3071 2005 sinuatis
3141 1948 3399 2004 vestibus
3452 1946 3573 2002 sive

1875 2042 2137 2113 palliolis,
2196 2040 2418 2097 defossa
2445 2047 2755 2110 egestaque
2783 2038 3188 2094 conveherent.
3247 2035 3348 2091 His
3377 2034 3477 2104 qui
3510 2035 3570 2090 in

1876 2129 2138 2202 praesidio
2212 2130 2371 2185 fuere
2417 2127 2742 2198 compertis,
2792 2133 3121 2181 nostrorum
3185 2123 3337 2179 illico
3403 2135 3571 2179 cona-

1874 2218 2030 2275 tibus
2078 2217 2363 2283 obstitere,
2422 2230 2539 2272 non
2611 2215 2735 2272 sine
2785 2226 2984 2270 eorum
3052 2211 3404 2277 discrimine,
3461 2209 3566 2279 qui

1873 2306 2173 2363 scrobibus
2246 2304 2560 2360 efficiendis
2635 2317 2754 2358 sese
2824 2300 3086 2356 nitebant
3148 2298 3430 2369 ingerere.
3500 2298 3572 2352 Et

1872 2410 2004 2453 cum
2056 2394 2125 2449 de
2174 2401 2333 2449 turre
2378 2392 2715 2449 subruenda
2763 2390 3035 2446 universa
3090 2400 3261 2457 opera
3313 2384 3571 2442 cessisset

1874 2484 2109 2549 frustra,
2164 2489 2288 2538 tum
2351 2480 2619 2536 Ansellus
2674 2479 2743 2534 de
2801 2477 3139 2534 balistarum
3195 2472 3572 2544 apparatibus

1872 2572 2082 2627 nostris
2130 2568 2631 2626 commonitorium
2687 2578 2997 2638 suggerere
3054 2562 3298 2620 curavit.
3346 2560 3570 2628 Quibus

1875 2659 2166 2723 institutis,
2200 2668 2254 2713 et
2279 2658 2482 2714 crebra
2509 2656 2764 2726 lapidum
2798 2662 3018 2710 turrem
3054 2650 3321 2707 missione
3350 2662 3569 2705 vexan-

1876 2748 2044 2809 tibus,
2077 2761 2204 2803 ecce
2230 2754 2285 2802 et
2314 2744 2525 2801 obsessi
2561 2743 2771 2800 similia
2798 2756 2829 2798 e
2852 2742 3083 2812 regione
3115 2740 3461 2794 instaurant.

1940 2839 2007 2892 In
2034 2833 2354 2890 obsessione
2391 2834 2623 2889 Archas
2671 2845 2972 2902 percussu:
3016 2826 3290 2881 Ansellu:
3336 2822 3477 2879 obiit
3506 2823 3570 2877 in

60 2916 431 2974 occidentalis
458 2915 640 2985 copia,
689 2924 744 2972 et
782 2930 882 2986 pro
923 2915 1181 2972 inusitati
1218 2916 1403 2985 operis
1441 2929 1609 2979 ausu,
1652 2916 1759 2973 du-
1805 2933 1846 2989 ο
1878 2922 2144 2979 Domino.
2188 2923 2319 2988 Quae
2352 2923 2515 2993 ges-fa
2546 2920 2796 2989 fuerant
2840 2914 3076 2987 scriptis
3122 2914 3201 2968 ad
3234 2913 3570 2967 Manassen!

60 3007 211 3071 oios,
243 3004 480 3060 diversis
511 3004 732 3075 quique
786 3005 1167 3059 intentionum
1217 3003 1479 3068 statibus,
1527 3013 1760 3074 prtesto-

61 3094 343 3150 labantur
397 3101 657 3149 eventus.
722 3094 887 3147 Facto
938 3093 1207 3161 denique,
1254 3100 1316 3147 ut
1361 3092 1505 3158 dixi,
1558 3092 1763 3157 reditu,

58 3182 439 3252 prodeuntem
499 3181 573 3236 ab
627 3180 859 3252 ignibus
892 3182 1233 3249 populorum
1286 3180 1580 3235 ruentium
1630 3181 1764 3236 infi-

62 3271 203 3327 nita
234 3269 550 3340 phalanges
587 3269 908 3338 excipiunt,
968 3276 1021 3322 et
1053 3268 1192 3322 dum
1224 3268 1569 3323 incolumem
1613 3269 1764 3325 focos

55 3358 372 3417 excessisse
401 3357 761 3426 conspiciunt
813 3355 979 3426 quasi
1011 3357 1078 3410 de
1122 3355 1249 3425 ejus
1286 3355 1504 3426 aliqua,
1541 3370 1644 3426 pro
1673 3371 1761 3413 re-

56 3447 77 3504 l
107 3446 261 3517 quiis
292 3445 588 3511 retenturi,
622 3452 979 3513 autcorpore
1008 3448 1110 3499 aut
1143 3444 1416 3509 vestibus,
1458 3446 1596 3500 dum
1632 3445 1763 3500 hinc

54 3545 117 3592 et
160 3533 287 3589 inde
344 3532 629 3595 vellicant,
699 3534 805 3587 hac
859 3532 1107 3602 illacque
1155 3531 1508 3599 dietendunt,
1568 3532 1639 3599 ei,
1704 3533 1757 3589 in

56 3630 225 3680 tanto
281 3620 674 3691 diripientium
720 3629 775 3676 et
835 3619 1250 3690 impellentium
1308 3620 1615 3676 constituto
1669 3629 1759 3678 tu—

57 3711 275 3775 multu,
310 3712 564 3766 animam
621 3718 1004 3766 extorsernnt.
1061 3708 1203 3763 Cum
1238 3708 1390 3765 enim
1447 3716 1501 3764 et
1557 3709 1760 3766 timore

57 3807 119 3855 et
151 3798 448 3865 miraculo,
500 3796 634 3853 hinc
688 3797 1083 3867 impendentis,
1120 3796 1227 3853 nisi
1288 3797 1439 3852 Deus
1489 3798 1758 3866 propitia-

59 3895 248 3951 retur,
276 3885 455 3953 exitii,
509 3886 667 3941 illinc
695 3885 898 3941 subita;
948 3885 1274 3955 ereptionis,
1326 3893 1391 3940 ut
1418 3885 1498 3940 sic
1528 3884 1755 3955 loquar,

60 3973 414 4030 semianimis
474 3973 785 4043 prosilisset
844 3973 914 4029 ab
968 3973 1215 4043 ignibus.
1275 3980 1330 4028 et
1377 3973 1537 4043 vulgi
1571 3973 1759 4028 unde-

59 4075 297 4131 cunque
348 4061 629 4130 pulsantis
684 4061 1053 4116 clauderetur
1111 4061 1462 4127 incurs.bns,
1513 4062 1630 4131 jam
1683 4074 1758 4117 ex

62 4158 364 4220 praeteritae
405 4148 715 4204 anxietatis
762 4148 1168 4219 defatigatione
1219 4148 1517 4209 tremulus.
1556 4150 1756 4220 praefo-

1872 3009 2370 3083 archiepiscOpum
2416 3008 2594 3063 misit.
2635 3037 2703 3048 —
2748 3006 3013 3062 Machina
3038 3003 3234 3073 itaque
3281 3008 3470 3056 erecta
3514 3006 3570 3055 et

1872 3100 2130 3170 ingentia
2177 3099 2237 3153 in
2286 3106 2511 3154 nostros
2553 3109 2695 3152 saxa
2741 3100 3065 3164 torquente,
3122 3091 3195 3146 ad
3250 3089 3567 3144 maximum

1872 3189 2045 3242 totius
2077 3186 2430 3241 Francorum
2468 3183 2755 3239 exercitus
2787 3182 3064 3237 damnum
3094 3176 3363 3234 Ansellus
3391 3175 3568 3231 isdem

1870 3282 1973 3330 aut
2004 3288 2225 3344 primus
2279 3280 2379 3329 aut
2428 3273 2576 3327 inter
2622 3271 2839 3341 primos
2887 3269 3014 3339 ,ipse
3066 3265 3405 3338 percutitur.
3460 3264 3569 3328 Qui

1869 3377 2001 3418 cum
2061 3362 2119 3417 in
2176 3362 2474 3417 Dominica
2522 3359 2727 3414 militia
2774 3354 3098 3412 fidelissime
3148 3361 3203 3408 et
3238 3352 3568 3407 irretracta—

1868 3450 2058 3506 biliter
2086 3464 2144 3505 se
2174 3458 2389 3521 ageret,
2428 3448 2578 3503 inter
2616 3454 2824 3503 caetera
2869 3457 2988 3499 suae
3028 3439 3356 3512 sagacitatis
3409 3437 3565 3493 ﬁdei-

1868 3550 1983 3607 que
2042 3537 2285 3606 potentis
2327 3534 2594 3605 insignia,
2650 3533 2789 3587 illud
2827 3529 3262 3601 praeclarumet
3298 3523 3567 3579 omnibus

1868 3623 2332 3679 amantissimum
2378 3620 2645 3675 litteratis
2681 3618 2964 3682 exhibuit,
2998 3614 3149 3684 quod
3182 3619 3391 3669 cuncta
3433 3624 3566 3680 quas

1868 3711 1927 3765 in
1964 3710 2259 3769 obsidione
2303 3709 2528 3776 Nicaeae,
2569 3715 2622 3763 et
2662 3719 2793 3776 quas
2842 3703 3176 3759 Romaniam
3208 3700 3567 3755 Armeniam-

1868 3814 1982 3871 que
2031 3798 2409 3870 peragrando,
2465 3810 2597 3866 quae
2648 3794 2899 3864 denique
2950 3788 3311 3845 Antiochiam
3352 3800 3565 3859 aggre-

1866 3886 2093 3952 diendo,
2135 3885 2433 3956 capiendo,
2464 3891 2689 3953 captam
2743 3878 3089 3937 defensando
3145 3875 3321 3933 nostri
3373 3888 3561 3945 egere,

1867 3974 2118 4046 qualiter
2157 3987 2257 4044 per
2303 3972 2453 4029 idem
2519 3980 2745 4042 tempus
2798 3977 2997 4025 contra
3048 3966 3298 4037 Galapize
3347 3977 3560 4035 regem,

1866 4072 2068 4120 contra
2134 4063 2574 4139 Damascenum,
2653 4056 3234 4127 Hierosolymitanum
3307 4065 3558 4123 quoque,

1867 4166 2041 4222 quem
2100 4156 2244 4205 421
2306 4158 2363 4206 et
2419 4149 2748 4205 adulterum
2793 4145 3023 4210 vocitat,
3084 4140 3422 4207 conflixere,
3491 4139 3563 4194 ad

62 4237 188 4294 cari
243 4238 499 4293 valuerat
561 4237 714 4293 haud
774 4236 1081 4291 diftlcnlter
1130 4236 1385 4305 spiritus.
1455 4237 1754 4292 Exstincto
1796 4273 1839 4327 ο
1872 4240 2215 4305 Manassem,
2248 4240 2557 4296 Remorum
2589 4234 3106 4305 archiepiscopum,
3140 4232 3245 4301 pia
3273 4227 3564 4285 memoriae

62 4324 262 4393 itaque
290 4323 536 4385 homine,
593 4324 773 4381 multo
812 4323 1081 4379 deteriori
1137 4324 1396 4395 ambage,
1450 4326 1620 4395 coepit
1670 4329 1763 4382 de-

62 4426 187 4468 nite
217 4409 503 4468 lubricum
530 4420 586 4467 et
619 4413 950 4468 inconstans
996 4412 1202 4484 agitari
1236 4413 1449 4482 vulgus
1478 4431 1491 4479 ;
1528 4414 1617 4470 his
1663 4416 1761 4484 ita,

66 4500 177 4556 illis
225 4499 406 4565 aliter,
458 4500 606 4571 ignis
644 4500 952 4570 judicium,
989 4502 1143 4571 quod
1191 4500 1282 4556 vir
1338 4501 1427 4557 ille
1481 4503 1762 4573 subierat,

65 4587 323 4644 evenisse
346 4587 746 4657 iactantibus:
785 4588 872 4643 his
913 4599 1208 4653 exustum,
1259 4588 1367 4644 illis
1415 4589 1760 4647 incolumem

63 4678 137 4732 dc
197 4674 429 4731 flamma
473 4675 725 4745 prodisse
767 4676 1111 4745 ferentibus;
1163 4677 1251 4732 his
1290 4678 1567 4734 adversus
1622 4680 1764 4735 alios

60 4765 466 4837 jurgantibus,
519 4773 594 4831 et,
656 4763 797 4835 quia
842 4764 1129 4821 hominem
1183 4778 1282 4834 pro
1329 4765 1512 4821 nihilo
1564 4766 1765 4823 intere-

65 4859 321 4915 missent,
353 4851 894 4922 improperantibus.
940 4851 1047 4909 Sed
1095 4866 1450 4922 quocunque
1482 4854 1656 4909 modo
1704 4868 1763 4911 se

66 4939 348 4998 sententia
378 4940 640 5012 vulgaris
668 4941 894 5012 egisset,
955 4939 1114 4995 illum
1174 4939 1489 5010 gloriosum
1544 4956 1761 5012 praesu-

67 5031 202 5097 lem,
252 5029 405 5086 omni
449 5039 869 5087 sacrosanctam
940 5029 1194 5085 lanceam
1260 5028 1474 5085 scimus
1532 5043 1766 5086 venera-

70 5119 224 5176 tione
251 5118 637 5189 complexum,
694 5118 836 5175 adeo
876 5125 941 5173 ut
970 5117 1030 5173 in
1067 5131 1134 5173 eo
1186 5119 1328 5188 ipso,
1372 5131 1491 5188 quo
1540 5125 1764 5187 reperta

1873 4329 2088 4395 virum,
2114 4328 2217 4399 qui
2249 4336 2381 4383 ante
2419 4326 2529 4382 hoc
2554 4325 2792 4382 decessit
2822 4323 3000 4379 ferme
3031 4318 3350 4384 biennium,
3392 4315 3564 4372 semel

1872 4432 1940 4475 ac
1967 4417 2218 4474 secundo
2257 4415 2487 4473 directis
2516 4414 2796 4485 apicibus.
2847 4409 3165 4467 clarissime
3196 4404 3474 4477 patefecit.
3510 4404 3565 4459 Is

1870 4509 2038 4561 etiam
2076 4507 2134 4561 in
2170 4506 2581 4569 testimonium,
2612 4501 2859 4558 nobilem
2890 4511 3028 4570 erga
3055 4504 3365 4565 martyrem
3390 4504 3563 4561 quem

1875 4594 2140 4661 habebat,
2193 4594 2266 4664 pii
2318 4591 2548 4657 amoris,
2598 4590 2748 4646 diem
2798 4587 2948 4644 beati
2984 4583 3242 4653 Quintini
3290 4577 3565 4651 passionis

1871 4695 2156 4749 annuum,
2215 4680 2423 4736 coactis
2473 4678 2861 4747 undecunque
2906 4672 3147 4739 clericis,
3193 4683 3309 4740 quo
3343 4672 3564 4738 poterat

1874 4770 2107 4838 honore,
2160 4768 2369 4826 ibidem
2408 4766 2686 4823 celebrari
2731 4763 2990 4830 faciebat,
3040 4774 3108 4815 ac
3144 4752 3565 4814 celebrantibus

1870 4858 2043 4915 xenia
2112 4856 2290 4927 digna
2356 4854 2667 4926 praebebat.
2740 4850 2988 4921 Contigit
3057 4848 3264 4904 ibidem
3321 4851 3376 4900 et
3424 4841 3566 4898 alios

1870 4943 2330 5018 quamplurimas
2370 4943 2504 4999 felix
2541 4938 2849 5008 sumpsisse
2884 4935 3245 5007 martyrium,
3279 4939 3335 4989 et
3362 4931 3565 4987 mortis

1869 5046 2047 5090 sacrae
2078 5032 2414 5102 compendio
2445 5043 2625 5102 regna
2661 5026 2973 5084 emeruisse
3000 5023 3296 5081 cmlorum.
