3902 6082
1187 179 1245 232 ν.
1286 177 1622 233 GUIBERTI
1659 176 1946 231 ABBATIS
1986 176 2041 230 S.
2085 177 2326 230 ΜΑΒΙΑΞ
2365 177 2458 231 DE
2499 175 2894 232 NOVIGENTO

3714 177 3840 229 788

1558 478 1903 564 LIBER
1961 476 2548 562 SEPTIMUS.

1896 660 2182 670 —-——_

849 852 1080 909 CAPUT
1121 851 1403 907 PRIMUM
1418 891 1430 904 .

373 945 463 1014 [1.]
493 946 718 1014 Quanta
746 941 1208 994 Christianorum
1227 939 1289 991 in
1312 935 1808 1007 Jerosolymitana
1831 954 1998 1008 expe-

300 1035 524 1091 ditione
543 1035 693 1102 ﬁdes
731 1036 785 1086 et
819 1031 1026 1102 pietas.
1063 1028 1365 1084 Obsidione
1394 1029 1612 1082 Archas
1642 1027 1871 1081 deserta
1893 1044 2000 1098 pe—

304 1126 430 1176 tunt
477 1121 931 1191 Jerosolymam.
1001 1117 1327 1172 Pactionem
1393 1132 1521 1170 cum
1572 1131 1702 1186 rege
1752 1113 2000 1184 Tripoli-

306 1214 441 1266 tano
491 1208 818 1282 conﬁciunt.
868 1238 935 1244 —
998 1206 1149 1261 Fidei
1212 1213 1418 1259 nostrae
1481 1203 1830 1258 incentivum
1887 1217 2002 1257 non

306 1299 613 1354 minimum
664 1297 880 1367 praebet
931 1295 1084 1364 quod
1126 1293 1576 1348 Occidentalium
1623 1292 1812 1347 labore
1863 1291 2004 1345 tide—

307 1388 449 1443 lium
489 1385 792 1442 Orientalis
841 1390 1201 1438 restauratur
1237 1381 1506 1436 Ecclesia.
1542 1380 1816 1436 Videmus
1856 1394 2006 1448 prte-

309 1473 404 1540 lia,
469 1473 562 1526 Dei
617 1471 792 1526 solius
850 1470 1160 1525 intentione
1215 1467 1490 1536 piissima,
1564 1481 1815 1536 quorum
1889 1474 2004 1521 tota

309 1559 577 1615 efferbuit
636 1558 895 1626 martyrii
953 1570 1147 1612 amore
1200 1555 1424 1621 militia,
1489 1555 1613 1609 sine
1672 1570 1824 1625 rege,
1885 1555 2005 1609 sine

311 1647 582 1717 principe,
621 1646 740 1702 sola
773 1646 853 1700 eis
895 1645 1112 1700 exstitit
1151 1658 1270 1699 suae
1313 1644 1566 1713 ipsorum
1609 1643 1810 1697 salutis
1841 1643 2006 1696 devo-

312 1735 392 1790 tio
453 1734 684 1804 praevia.
743 1733 1030 1803 Legimus,
1094 1747 1277 1801 usque
1331 1732 1386 1785 in
1439 1731 1686 1786 Orientis
1738 1745 2007 1800 suprema

313 1823 740 1891 commigrasse,
791 1822 864 1876 ob
913 1821 1190 1876 bellorum
1243 1820 1454 1882 studia,
1511 1819 1718 1881 Gallos,
1752 1825 1806 1873 et
1834 1819 2006 1887 Apol-

315 1911 446 1966 linis
509 1910 762 1978 Delphici
811 1916 1025 1964 secreta
1097 1909 1350 1973 rimatus,
1425 1907 1716 1975 sacrisque
1789 1915 2009 1975 ereptos

315 1998 483 2052 aditis
533 1997 833 2052 thesauros
889 1996 1159 2050 novimus
1211 1994 1522 2064 paludibus
1580 1993 1872 2048 Tolosanis
1921 1994 2006 2048 in-

309 2087 506 2156 jectos.
539 2086 826 2141 Conﬂatas
857 2085 960 2140 has
1002 2098 1200 2140 omnes
1251 2084 1459 2152 copias,
1508 2083 1834 2152 principum
1869 2091 2009 2138 tunc

315 2172 586 2242 temporis
641 2186 880 2227 suorum
943 2171 1263 2232 exactione,
1331 2169 1738 2239 comperimus,
1799 2169 1889 2224 hic
1939 2186 2009 2226 ne

316 2275 501 2318 unum
535 2260 768 2330 quidem
799 2274 832 2314 a
865 2259 1119 2330 quolibet
1165 2273 1269 2313 suo
1297 2257 1528 2313 domino
1583 2257 1826 2312 invitum
1854 2258 2011 2313 reni-

319 2357 664 2417 tentemque,
708 2347 1072 2417 compulsum
1107 2346 1267 2401 abire
1297 2345 1649 2400 audivimus.
1696 2345 1818 2412 Hic,
1865 2345 2013 2401 inter

318 2451 480 2492 arma
527 2436 816 2506 lacrymae,
869 2443 1232 2505 peccatorum
1284 2433 1678 2499 confessiones,
1713 2434 2008 2489 abrenun-

319 2526 584 2581 tiationes
639 2524 1078 2594 possessionum,
1146 2536 1400 2578 uxorum
1459 2523 1804 2591 aspernatio,
1865 2522 2014 2578 filio-

320 2628 451 2670 rum
485 2614 644 2684 fuga,
675 2613 1006 2682 prmeminet
1057 2611 1112 2665 in
1145 2610 1433 2666 mentibus
1475 2611 1733 2665 omnium
1781 2625 1882 2680 pro
1919 2611 2015 2666 Dei

321 2717 534 2770 amore,
580 2704 755 2758 solius
804 2703 979 2758 beatae
1039 2701 1234 2755 mortis
1284 2699 1519 2754 ambitio
1551 2715 1563 2753 :
1594 2700 1704 2768 hic,
1751 2700 2010 2770 inquam,

321 2793 457 2848 libet
487 2793 664 2846 Deum
697 2803 936 2860 pensare
976 2787 1316 2854 mirabilem,
1351 2795 1415 2842 ut
1461 2788 1561 2857 qui
1594 2789 1912 2858 quondam,
1944 2789 2016 2844 ad

324 2885 606 2933 tormenta
654 2875 906 2940 ferenda,
959 2875 1181 2928 animos
1219 2882 1540 2942 martyrum
1591 2888 1692 2942 pro
1751 2875 2017 2930 invisibi-

325 2968 467 3022 lium
499 2965 800 3020 dilectione
847 2963 1184 3028 firmaverit,
1238 2961 1354 3031 ipse
1406 2963 1612 3017 nostris
1643 2963 2016 3033 temporibus,

326 3056 479 3125 quod
509 3069 542 3109 a
580 3053 808 3109 nemine
845 3052 1064 3122 sperari
1110 3058 1346 3120 poterat,
1379 3059 1434 3106 et
1480 3051 1697 3107 dictum
1751 3067 1850 3122 pro
1881 3053 2019 3108 ridi-

325 3142 454 3198 culo
512 3142 850 3207 habebatur,
911 3146 1135 3194 tantum
1185 3138 1551 3207 praasentium
1613 3146 2019 3208 comtemptum

326 3243 542 3295 rerum,
577 3231 746 3284 etiam
780 3227 1236 3284 truculentorum
1263 3226 1724 3295 cupidorumque
1753 3227 2022 3283 cordibus

328 3317 650 3384 hominum,
689 3315 911 3382 indidit,
962 3328 1062 3382 per
1113 3313 1487 3382 paucissimos
1543 3314 1803 3370 homines
1862 3323 2022 3370 tanta

2026 853 2074 904 Α
2102 864 2272 919 penso
2307 850 2519 919 pariter
2560 857 2724 906 terrae
2756 851 2977 917 habitu,
3024 854 3370 923 generaliter
3399 855 3508 911 sibi
3543 870 3840 911 commo—

2109 938 2246 992 dum
2296 945 2528 993 censent
2561 946 2622 993 ut
2653 954 3021 1008 quorumque
3067 956 3346 997 novorum
3377 943 3841 1012 suppetentibus

2109 1025 2306 1095 copiis,
2387 1025 2965 1096 Hierosolymitanum
3049 1029 3154 1084 iter
3220 1032 3561 1100 arriperent.
3635 1033 3845 1086 Castri

2111 1127 2245 1183 ergo
2277 1113 2571 1168 obsidione
2615 1115 2857 1181 deserta,
2902 1116 3011 1170 sub
3059 1130 3146 1178 ea,
3181 1130 3356 1185 quam
3401 1116 3686 1184 diximus,
3725 1118 3844 1172 de-

2114 1201 2445 1255 liberatione
2511 1201 2781 1270 Tripolim
2838 1204 3208 1277 perveniunt,
3271 1218 3402 1258 cum
3449 1213 3614 1259 sexta
3669 1213 3837 1259 esset

2114 1289 2274 1354 feria,
2314 1298 2367 1343 et
2400 1289 2623 1344 tertiam
2654 1289 2933 1344 decimam
2975 1299 3169 1360 ageret
3216 1291 3457 1346 Martius
3495 1291 3674 1358 diem,
3717 1293 3837 1346 ibi-

2115 1391 2226 1447 que
2286 1377 2462 1432 ternis
2512 1391 2678 1447 egere
2733 1378 2954 1433 diebus.
3017 1379 3158 1434 Cum
3217 1380 3549 1448 proceribus
3614 1380 3830 1450 itaque

2114 1468 2323 1522 nostris
2364 1467 2754 1536 Tripolitanus
2805 1466 2896 1521 ille
2947 1467 3091 1522 facta
3132 1481 3268 1535 pace
3297 1468 3673 1534 conveniens,
3707 1477 3831 1523 tre-

2113 1565 2307 1611 centos
2363 1562 2419 1609 et
2479 1555 2566 1609 his
2621 1554 2813 1622 plures
2860 1554 3033 1620 viros,
3089 1569 3234 1624 quos
3263 1569 3332 1610 ex
3365 1555 3577 1609 nostris
3626 1566 3835 1626 captos

2115 1644 2173 1698 in
2223 1643 2415 1698 vincla
2479 1643 2818 1712 conjecerat,
2881 1643 3154 1698 continuo
3220 1643 3406 1708 solvit,
3478 1644 3691 1712 hisque
3749 1647 3833 1700 sic

2110 1731 2478 1796 abeuntibus,
2507 1731 2833 1800 quindecim
2869 1731 3282 1800 Byzauteorum
3316 1731 3512 1796 millia,
3547 1732 3622 1787 ob
3651 1747 3825 1787 com-

2117 1820 2537 1874 mendationem
2594 1818 2792 1889 gratiae
2851 1818 3174 1890 dilargitus,
3244 1819 3575 1888 quindecim
3637 1822 3819 1877 etiam

2115 1923 2311 1978 equos,
2355 1907 2516 1976 pretii
2551 1907 2769 1977 optimi,
2805 1907 3019 1976 pariter
3049 1907 3331 1962 attribuit.
3379 1909 3638 1964 Prmbuit
3685 1926 3832 1979 quo-

2117 2011 2232 2066 que
2279 2003 2332 2051 et
2380 1995 2814 2066 celeberrimum
2861 1995 3068 2050 nostris
3115 1997 3430 2066 negotium,
3469 2012 3677 2066 equos,
3712 2000 3827 2053 asi-

2119 2098 2241 2149 nos,
2285 2090 2340 2138 et
2368 2083 2562 2137 omnia
2589 2090 2761 2137 tantae
2810 2082 3024 2137 militize
3055 2083 3238 2138 obiter
3288 2085 3417 2139 usui
3463 2085 3667 2140 futura
3692 2101 3825 2154 pro-

2122 2185 2357 2240 ponens,
2408 2170 2563 2225 unde
2601 2170 2889 2240 expeditio
2939 2171 3233 2226 Dominica
3264 2172 3639 2242 integerrime
3690 2175 3829 2229 reﬁ-

2123 2267 2349 2314 ceretur
2379 2258 2449 2313 ad
2483 2272 2751 2328 praesens.
2799 2259 2860 2312 Id
2911 2258 3180 2328 denique,
3213 2260 3358 2315 facto
3400 2274 3597 2316 secum
3636 2270 3828 2332 pacto,

2121 2347 2417 2418 adjiciens,
2479 2348 2618 2416 quia
2684 2346 2731 2402 si
2775 2346 3134 2416 imperatoris
3200 2348 3514 2403 Babilonici
3583 2348 3829 2412 bellum,

2123 2437 2275 2506 quod
2310 2436 2578 2505 frequens
2627 2443 2681 2490 et
2732 2437 3051 2491 maximum
3082 2437 3272 2506 parari
3309 2437 3625 2502 ferebatur,
3662 2439 3832 2493 evin-

2122 2533 2333 2590 cerent,
2403 2524 2447 2578 si
2500 2524 2909 2592 Jerosolymam
2970 2534 3256 2594 caperent,
3315 2527 3664 2582 Christianae
3714 2542 3834 2583 sese

2123 2613 2416 2669 confestim
2465 2612 2770 2668 conditioni
2817 2613 3146 2682 subjiceret,
3199 2629 3258 2670 se
3299 2629 3585 2684 suamque
3635 2616 3724 2671 eis
3756 2631 3837 2670 re-

2125 2703 2346 2772 gionem
2371 2701 2674 2756 addiceret.

2194 2791 2279 2845 Ab
2311 2804 2378 2845 ea
2397 2804 2533 2860 ergo
2556 2790 2698 2845 urbe
2737 2789 2998 2860 digressi,
3047 2791 3102 2845 in
3160 2791 3415 2846 secunda
3447 2791 3581 2847 Maii
3617 2794 3828 2847 mensis

2126 2879 2214 2934 die
2240 2878 2518 2933 transiere
2563 2891 2664 2946 per
2707 2878 2996 2933 horridam
3044 2887 3099 2934 et
3147 2886 3453 2948 angustam
3507 2889 3681 2935 nocte
3725 2881 3828 2935 die-

2127 2981 2238 3036 que
2293 2967 2486 3035 viam;
2535 2973 2786 3021 castrum
2833 2964 3056 3032 deinde,
3117 2967 3271 3036 quod
3315 2965 3553 3022 Bethlon
3583 2970 3826 3023 vocaba-

2131 3061 2244 3118 tur,
2278 3054 2610 3124 attingunt:
2645 3055 2715 3108 ad
2749 3054 2949 3110 urbem
2982 3054 3438 3123 deincepsjuxta
3465 3069 3630 3110 mare
3679 3057 3824 3125 posi—

2130 3150 2245 3197 tam
2296 3141 2730 3211 pervenientes,
2785 3147 2936 3196 428
2993 3157 3126 3211 quae
3183 3143 3396 3197 dicitur
3442 3143 3662 3209 Jebari,
3715 3145 3824 3200 sitis

2129 3231 2478 3285 anxietatem
2536 3230 2728 3285 nimiae
2791 3231 2945 3300 passi
3006 3237 3159 3298 sunt,
3241 3231 3338 3286 cui
3412 3230 3659 3297 ﬂumen,
3731 3248 3822 3287 nec

2131 3332 2290 3373 mora
2339 3319 2668 3385 succedens,
2719 3327 3110 3388 opportunum
3170 3320 3488 3375 remedium
3547 3322 3820 3388 praestitit,

327 3403 560 3473 perfecit
607 3411 689 3470 ut,
740 3403 911 3458 laude
959 3416 1158 3458 eorum
1229 3400 1331 3471 qui
1387 3415 1607 3472 gessere
1674 3403 2018 3472 posthabita,
2058 3414 2099 3469 α
2131 3407 2223 3462 cui
2257 3406 2606 3462 vocabulum
2638 3414 2759 3462 erat
2800 3408 3010 3462 Braim.
3044 3408 3218 3463 Nocte
3246 3407 3425 3477 igitur
3463 3409 3824 3464 Ascensionis

331 3495 508 3548 Deum
560 3491 915 3548 solummodo
961 3504 1028 3545 ea
1077 3489 1274 3545 fecisse
1325 3497 1541 3544 certum
1587 3490 1678 3544 sit.
1738 3490 1897 3554 Quod
1948 3506 2020 3547 ex

328 3595 416 3649 eo,
453 3579 702 3636 evidenti
753 3579 1105 3648 probatione,
1153 3578 1406 3646 patescit,
1457 3577 1595 3646 quia
1634 3579 1858 3647 quoties
1899 3593 2019 3634 cre-

330 3669 723 3725 brescentibus
772 3666 1027 3722 victoriis
1074 3666 1435 3721 insolentiam
1482 3667 1868 3734 parturibam,
1919 3681 2022 3723 seu

331 3756 612 3811 adversus
649 3756 956 3811 alterutros
1013 3754 1302 3824 principes
1353 3753 1712 3820 inﬂarentur,
1753 3755 1873 3810 sive
1912 3755 2022 3809 ali-

332 3858 451 3914 qua
485 3844 631 3912 ipsos
677 3842 992 3912 petulantia
1030 3841 1441 3896 commaculari
1471 3841 1842 3912 contingeret,
1877 3843 2024 3897 illico

331 3947 426 3988 eos
456 3945 632 4001 prope
678 3930 884 3997 nullos,
919 3937 991 3996 et,
1027 3938 1089 3984 ut
1117 3929 1190 3984 ita
1220 3930 1487 3995 dixerim,
1515 3944 1782 3997 pecorum
1812 3931 2026 3985 similes

333 4020 622 4090 gentilitas
653 4019 955 4084 inveniret,
1006 4018 1050 4072 si
1079 4018 1333 4087 quando,
1385 4017 1474 4072 sui
1512 4032 1808 4084 memores,
1843 4019 2020 4088 ι)ωηί-

333 4108 510 4164 tentia
552 4107 922 4173 ducerentur,
954 4105 1245 4161 confestim
1289 4105 1468 4161 solitis
1515 4105 1761 4160 fortunis
1804 4106 2026 4175 piisque

334 4193 709 4266 proventibus
765 4194 1158 4250 redderentur.
1218 4195 1295 4248 De
1355 4193 1446 4248 his
1492 4193 1687 4262 itaque
1738 4194 2024 4263 spirituali

333 4283 520 4340 solum
552 4283 828 4338 desiderio
873 4282 1072 4352 coeptis
1124 4281 1478 4351 patratisque
1519 4281 1750 4350 praeliis,
1807 4281 2022 4348 divina,

334 4387 465 4443 quae
496 4385 530 4426 a
559 4371 768 4427 saeculo
799 4383 1102 4440 nunquam
1130 4368 1420 4437 acciderit,
1456 4377 1712 4438 tempora
1751 4370 2027 4426 moderna

333 4459 598 4530 insigniri
629 4458 844 4513 virtute
871 4457 1153 4524 laetemur,
1210 4471 1314 4511 nec
1348 4456 1574 4512 Israelis
1625 4455 1873 4511 carnalis
1928 4471 2026 4525 pro

332 4546 621 4601 ventrium
670 4544 1042 4614 plenitudine,
1104 4542 1249 4598 bella
1305 4543 1600 4600 miremur.
1663 4545 1784 4600 Rex
1847 4545 2028 4614 igitur

333 4634 722 4704 Tripolitanus
755 4631 1154 4702 frequentibus
1201 4639 1424 4687 nostros
1466 4631 1750 4702 principes
1795 4632 2027 4702 pulsare

334 4722 721 4794 legationibus
779 4735 891 4775 non
951 4719 1228 4784 cessabat,
1281 4727 1344 4774 ut
1390 4734 1511 4775 sese
1543 4734 1575 4774 a
1605 4729 1790 4776 castro
1820 4721 2026 4775 amoli-

335 4819 556 4875 rentur,
625 4823 693 4863 ac
756 4809 862 4864 sibi
926 4807 1475 4863 confmderarentur.
1558 4808 1682 4873 Quo
1753 4810 2031 4878 primores

334 4899 624 4954 exercitus
710 4903 1018 4966 comperto,
1103 4895 1224 4952 dux
1322 4896 1579 4953 videlicet
1673 4895 2029 4962 Godefridus,

335 4987 526 5043 Sancti
588 4986 777 5056 Egidii
847 4999 1034 5040 comes
1092 4985 1473 5051 Raimundus,
1543 4999 1729 5041 remes
1790 4993 2034 5055 uterque

337 5076 637 5140 Robertus,
699 5073 1066 5129 Flandrensis
1109 5081 1282 5144 atque
1327 5074 1834 5140 Northmannicus,
1895 5088 2032 5129 con-

336 5164 766 5232 siderantesque
795 5162 1118 5231 provincias
1175 5163 1338 5217 novis
1379 5163 1500 5232 jam
1549 5161 1871 5217 exuberare
1903 5161 2032 5217 fru-

337 5251 543 5316 ctibus,
578 5250 775 5305 iduato
809 5249 975 5318 plane
1001 5250 1222 5316 Martio,
1258 5251 1476 5319 pridem
1509 5259 1644 5305 sata“:
1690 5249 1811 5318 jam
1861 5264 2031 5304 man—

337 5337 538 5392 dibiles
591 5345 757 5392 erant
805 5337 968 5402 faba),
1031 5345 1087 5392 et
1145 5337 1244 5393 vix
1322 5339 1390 5393 ad
1462 5338 1714 5393 medium
1775 5345 2031 5406 promoto

339 5424 542 5495 Aprili,
602 5425 856 5494 polentas
907 5433 1126 5494 poterat
1171 5425 1424 5495 praebere
1470 5426 1847 5492 frumentum,
1895 5438 2029 5494 per-

2131 3494 2439 3552 Dominicae
2504 3497 2811 3564 quemdam
2879 3496 3104 3552 subiere
3169 3505 3438 3564 montem,
3513 3508 3826 3568 angustum

2131 3584 2474 3640 omnimodis
2532 3585 2834 3640 habentem
2865 3584 3084 3651 callem,
3139 3585 3233 3640 ubi
3267 3587 3640 3641 vehementer
3683 3588 3829 3642 exti-

2131 3689 2348 3738 muere,
2399 3689 2471 3729 ne
2525 3674 2723 3729 obvios
2779 3674 2963 3728 hostes
3013 3675 3068 3728 in
3134 3673 3362 3729 illarum
3416 3675 3826 3744 angustiarum

2131 3761 2384 3817 exitibus
2431 3762 2725 3827 haberent,
2773 3762 2889 3829 sed,
2950 3763 3063 3818 Deo
3102 3762 3454 3831 providente,
3515 3777 3694 3818 nemo
3747 3780 3830 3819 eo-

2131 3864 2262 3905 rum
2285 3850 2551 3906 occursui
2582 3864 2700 3905 sese
2729 3850 2835 3906 fuit
2865 3864 3044 3905 ausus
3094 3850 3375 3920 ingerere.
3421 3851 3631 3907 Milites
3671 3853 3831 3922 plane

2133 3939 2236 4008 qui
2295 3939 2603 4008 praeierant
2663 3939 2862 4006 nostri,
2910 3938 3146 3994 liberam
3201 3938 3274 3992 ab
3338 3938 3522 3994 hostili
3594 3940 3830 3996 incursu

2135 4027 2310 4082 fecere
2343 4028 2515 4081 viam.
2547 4027 2787 4082 Demum
2841 4027 3034 4096 itaque
3064 4026 3135 4080 ad
3187 4026 3476 4082 civitatem
3503 4028 3832 4096 applicuere

2134 4115 2504 4181 maritimam,
2537 4129 2668 4185 quae
2695 4114 3020 4184 appellatur
3047 4115 3272 4169 Baruch
3306 4130 3317 4168 :
3349 4115 3480 4170 inde
3521 4116 3593 4170 ad
3629 4116 3832 4185 Sarep—

2135 4210 2272 4270 tam,
2294 4203 2588 4272 quondam
2622 4203 3007 4265 Sidoniorum,
3034 4203 3140 4258 sub
3180 4203 3420 4258 muliere
3449 4203 3635 4259 vidua
3671 4207 3831 4260 Heliae

2137 4293 2392 4358 pastione
2449 4290 2729 4346 celebrem
2770 4305 2782 4343 :
2823 4290 3033 4346 dehinc
3079 4291 3152 4346 ad
3193 4290 3388 4354 aliam,
3440 4305 3575 4360 qua!
3624 4293 3832 4348 dicitur

2137 4377 2288 4448 Sur;
2350 4378 2706 4448 postmodum
2764 4379 2836 4433 ad
2891 4380 3172 4445 Accaron,
3231 4377 3674 4436 Palaestinorum
3727 4383 3826 4436 ali-

2138 4467 2374 4536 quando
2406 4466 2785 4536 metropolim,
2819 4467 3118 4522 devenere.

2207 4557 2282 4608 In
2327 4555 2680 4610 Ramatham
2728 4553 3028 4625 episcopus
3071 4553 3450 4609 constituitur.
3479 4584 3551 4594 —-
3577 4555 3830 4625 Denique

2137 4644 2507 4714 procedentes
2560 4644 2846 4713 pervium,
2916 4643 3160 4712 Caiphas
3215 4643 3516 4709 vocabulo,
3581 4643 3828 4699 habuere

2137 4731 2456 4797 castellum,
2481 4731 2662 4786 donec
2692 4731 2762 4785 ad
2797 4730 3079 4800 insignem
3107 4739 3162 4785 et
3183 4731 3361 4799 ipsam
3400 4729 3829 4785 Palaestinorum

2141 4827 2560 4888 consequenter
2628 4819 2903 4888 appulere
2961 4819 3275 4874 Caesaream
3329 4835 3341 4871 :
3397 4818 3598 4887 ibique
3670 4820 3829 4873 ternis

2141 4909 2344 4964 diebus
2395 4908 2539 4962 citra
2587 4907 2801 4962 Maium
2858 4915 3164 4962 exeuntem
3222 4905 3586 4961 celebravere
3643 4909 3828 4962 Pente-

2140 5005 2350 5052 costen.
2377 4995 2507 5051 Post
2542 4995 2663 5050 haec
2688 4995 2760 5049 ad
2796 5009 2946 5054 eam,
2976 5008 3154 5064 quam
3183 4993 3423 5063 quidam
3470 4993 3824 5059 Ramatham,

2139 5085 2360 5156 origine
2415 5083 2694 5139 Samuelis
2753 5083 3055 5148 illustrem,
3106 5081 3287 5152 aliqui
3342 5081 3677 5136 scientiores
3731 5096 3827 5136 cu—

2140 5170 2516 5240 riosioresque
2582 5169 2859 5235 locorum,
2935 5165 3390 5236 Bamothgalaad
3479 5174 3824 5230 asseverant,

2139 5258 2310 5328 cujus
2339 5257 2660 5312 obtinendae
2690 5255 3098 5320 contentiones,
3147 5254 3345 5308 Achab
3375 5253 3823 5309 scelestissimum

2140 5337 2413 5406 Syrorum
2445 5335 2712 5391 Benadab
2749 5347 2882 5405 rege
2929 5342 3254 5402 superante.
3295 5333 3676 5402 praecipitant,
3706 5346 3822 5400 per-

2139 5423 2618 5492 veniuntzcujus
2674 5421 3040 5488 habitatores,
3094 5427 3383 5490 comperto
3414 5421 3818 5490 supervenien-
