3902 6082
107 170 238 223 789
1256 173 1477 229 GESTA
1515 173 1633 228 DEI
1673 173 1811 239 PER
1852 176 2400 232 FRANCOS.—LIB.
2445 177 2552 231 VII.

107 299 284 353 tium
329 299 683 354 Francorum
728 312 974 367 rumore,
1029 309 1326 370 ingerunt.
1370 302 1502 357 Haec
1543 303 1764 369 civitas,
1797 311 1851 359 et
1887 311 1934 362 Α
1964 305 2125 373 feria,
2159 314 2318 363 tanta
2369 307 2448 374 vi,
2479 313 2636 361 tanta
2680 307 3059 364 unanimitate
3090 308 3424 377 pervaditur
3455 325 3661 367 murus

106 387 161 442 si
231 388 383 443 ullis
418 388 814 443 vetustissima;
848 389 1135 443 memoriae
1168 390 1532 446 monitnentis
1560 401 1703 447 esset
1730 393 1852 446 exi-
1964 396 2124 450 urbis
2161 395 2576 462 exterior,utsi
2607 396 2894 451 scalarum
2914 406 3226 466 apparatus
3243 413 3355 452 non
3379 399 3658 462 deessent,

111 477 273 542 mia,
335 477 611 531 universa
654 484 842 531 tamen
905 477 1205 532 clarissimi
1275 481 1545 547 martyris
1603 479 1847 550 Georgii,
1965 484 2319 539 Francorum
2367 485 2640 540 continuo
2695 485 2891 539 ditioni
2954 488 3091 540 urbs
3145 489 3361 556 pariter
3409 502 3474 543 ac
3523 489 3660 543 sub-

111 579 318 633 quem
375 565 491 619 illic
539 565 827 634 sepultum
889 574 1171 632 asserunt,
1230 566 1369 620 mihi
1419 567 1707 621 videretur
1745 568 1852 622 ob-
1960 572 2185 626 urbana
2215 575 2527 628 cessissent.
2585 574 2724 628 Tota
2778 573 2954 642 igitur
2981 576 3354 630 antemuralis
3388 576 3660 632 fortitudo

111 653 416 708 nubilare
464 653 782 722 przesentia.
846 653 1151 721 Reperitur
1191 653 1413 714 ibidem.
1442 655 1656 710 colonis
1695 669 1847 711 rece-
1961 659 2321 730 irrumpitur,
2355 669 2408 716 et
2438 675 2537 730 per
2577 661 2815 717 minoris
2866 663 3083 726 ruinas,
3120 664 3376 731 plenario
3401 665 3520 734 jam
3553 677 3659 732 pa-

111 742 438 806 dentibus,
478 741 819 796 victualium
852 755 1025 809 prope
1060 740 1318 797 omnium
1349 742 1644 810 opulentia
1669 757 1850 812 gran—
1961 753 2109 802 tente
2144 763 2468 819 progressu,
2495 750 2566 804 ad
2598 751 2832 820 majoris
2863 752 3297 820 propugnacula
3334 752 3506 817 muri,
3539 765 3656 804 una

111 829 235 895 dis,
274 837 336 885 et
379 843 493 884 non
554 830 749 897 paucis
796 827 1042 897 praebuit
1089 828 1293 884 diebus
1347 829 1610 898 generale
1659 829 1850 884 subsi-
1959 848 2090 903 quae
2137 834 2382 891 ati‘uerat
2441 837 2594 892 scala
2651 838 2984 907 porrigitur.
3039 838 3161 903 Qua
3213 837 3390 893 nostri
3450 838 3656 892 milites

3553 186 3658 235 7‘90

113 917 300 971 dium
349 916 701 971 exercitibus
740 916 1114 985 hospitandis.
1159 917 1263 972 Ubi
1309 931 1583 985 proceres,
1630 917 1846 972 clerum

113 1014 175 1060 et
243 1005 552 1074 episcopos
618 1006 718 1074 qui
778 1006 1046 1059 interesse
1127 1013 1390 1074 poterant
1463 1006 1844 1071 consulentes,

115 1108 266 1149 cum
307 1094 506 1148 favore
557 1107 756 1148 eorum
809 1093 913 1161 ipsi
957 1092 1174 1147 civitati
1214 1092 1540 1163 eligendum
1575 1102 1846 1149 taxavere

119 1182 492 1250 pontificem.
547 1181 651 1236 Cui
681 1180 899 1236 collatis
930 1194 1169 1235 suarum
1203 1193 1394 1235 rerum
1419 1181 1673 1248 decimis,
1702 1196 1845 1238 auro

113 1270 310 1325 etiam
392 1278 746 1339 argentoque
807 1267 1101 1334 ditarunt;
1148 1268 1314 1337 equis
1381 1269 1846 1340 animalibusque

117 1355 504 1421 suffulciunt,
540 1372 654 1426 quo
684 1357 804 1411 sine
848 1356 1064 1410 difficili
1099 1356 1437 1426 indigentia,
1477 1358 1599 1412 sine
1632 1358 1845 1413 summi

117 1444 358 1514 gradus
391 1445 623 1514 injuria,
657 1457 777 1499 sese
803 1452 998 1513 ageret
1029 1458 1161 1499 cum
1193 1458 1299 1498 sua
1325 1443 1558 1500 familia.
1593 1447 1718 1514 Ipse
1749 1461 1844 1502 re—

117 1532 279 1586 sedit
330 1547 464 1588 cum
513 1533 690 1599 omni,
743 1531 802 1586 in
850 1533 1153 1587 commissa
1201 1533 1307 1587 sibi
1351 1534 1510 1600 urbe,
1571 1535 1840 1604 tripudio,

117 1621 194 1676 de
227 1620 470 1676 civitate
497 1620 727 1688 tuenda,
763 1628 818 1676 et
849 1621 916 1676 de
965 1620 1202 1676 basilica
1229 1622 1585 1689 potissimum
1632 1637 1842 1694 regen-

116 1709 200 1763 da
253 1708 719 1779 ofticialibusque
768 1709 1033 1765 Ecclesiae
1090 1709 1473 1777 instituendis,
1518 1711 1842 1780 principum

117 1797 234 1866 qui
262 1797 378 1852 hoc
406 1797 477 1852 ob
507 1797 729 1853 cultum
769 1810 1144 1869 amoremque
1175 1798 1442 1868 martyris
1470 1798 1682 1854 obnixe
1717 1800 1840 1855 fieri

120 1885 462 1954 petiverant
485 1885 821 1941 obediturus
853 1886 1105 1954 imperio.

816 1974 1047 2030 CAPUT
1088 1975 1160 2029 Il.

199 2061 322 2131 [IL]
353 2061 680 2115 Jerusalem
704 2060 1108 2116 circumsident
1136 2061 1474 2119 Christiani.
1517 2093 1585 2102 —
1616 2063 1680 2118 Et
1710 2079 1840 2120 ecce

122 2148 201 2204 ad
237 2148 398 2204 illam
431 2164 563 2219 quae
596 2157 671 2205 tot
702 2149 973 2219 penurias
1002 2150 1084 2205 eis
1114 2158 1409 2221 genuerat,
1442 2158 1656 2206 tantam
1687 2151 1837 2208 sitim

122 2252 196 2292 ac
228 2237 443 2292 famem
475 2238 676 2294 tandiu
702 2247 756 2294 et
789 2247 904 2294 tam
957 2239 1160 2294 crebro
1211 2248 1522 2309 pepererat,
1554 2253 1728 2296 causa
1761 2248 1841 2297 tot

120 2327 490 2388 nuditatum,
561 2327 889 2398 vigiliarum
962 2342 1028 2383 ac
1098 2329 1405 2397 frigorum;
1469 2328 1840 2384 indesinentis

119 2424 321 2471 metus
351 2417 589 2484 occasio,
626 2417 940 2472 subeundae
980 2417 1222 2472 miseriae
1269 2417 1835 2486 voluptuosissimum

123 2505 528 2571 incentivum;
558 2506 628 2560 ad
679 2506 991 2574 appetitum
1050 2506 1247 2560 mortis
1275 2513 1330 2560 et
1353 2505 1610 2560 vulneris
1653 2506 1788 2562 illex
1820 2522 1831 2560 :

125 2594 200 2647 ad
237 2593 415 2661 illam,
442 2595 701 2664 inquam,
732 2594 884 2648 mille
914 2594 1324 2650 desideriorum
1351 2593 1603 2648 millibus
1619 2592 1837 2648 affecta-

127 2694 271 2747 tam,
306 2682 498 2749 tantis,
533 2683 670 2738 dum
725 2683 1093 2752 prospicitur,
1148 2682 1489 2737 maeroribus
1537 2695 1604 2736 ac
1633 2681 1835 2750 jubilis

128 2771 520 2836 inclamatam,
577 2771 808 2827 tandem
856 2784 1167 2840 pervenere
1209 2771 1543 2826 Jerusalem.
1592 2771 1669 2825 De
1717 2783 1834 2840 qua

128 2861 283 2915 sicut
339 2860 409 2914 de
470 2859 744 2916 Dominici
810 2858 1064 2929 corporis
1142 2859 1507 2914 mansoribus
1561 2857 1827 2928 legitur:

127 2970 157 2996 «
192 2948 337 3013 Quia
380 2949 882 3004 manducaverunt
927 2956 981 3002 et
1029 2947 1454 3017 adoraveruut;
1491 2966 1516 2996 »
1561 2946 1637 3001 ita
1667 2955 1721 3001 et
1759 2946 1828 3001 de

126 3038 220 3091 his
253 3037 360 3091 dici
395 3045 594 3106 potest,
644 3037 1029 3092 adoraverunt
1071 3049 1196 3090 eam
1227 3043 1282 3091 et
1316 3043 1822 3107 eitpugnaverunt.

123 3126 340 3182 Octavo
395 3125 590 3194 itaque
643 3125 798 3180 Junii
839 3126 989 3190 ldus,
1054 3139 1183 3179 cum
1244 3127 1412 3178 tertia
1465 3132 1610 3180 esset
1662 3123 1822 3188 feria,

124 3215 278 3269 mira
306 3214 666 3268 animositate
689 3221 772 3268 est
801 3213 1030 3269 obsessa
1056 3213 1277 3266 civitas.
1310 3215 1354 3267 A
1397 3211 1824 3281 septentrionali

128 3302 308 3373 igitur
353 3302 537 3372 plaga,
578 3316 764 3357 comes
791 3314 919 3356 eam
971 3301 1252 3356 Bobertus
1280 3301 1576 3356 obsederat
1609 3300 1823 3355 North-

127 3404 494 3453 mannorum,
522 3389 694 3460 juxta
725 3403 848 3444 eam
883 3389 1030 3444 beati
1065 3390 1334 3458 Stephani
1368 3389 1683 3453 ecclesiam,
1722 3388 1822 3444 ubi

126 3486 355 3548 propter
401 3477 608 3533 Filium
681 3477 950 3540 hominis,
1021 3491 1191 3546 quem
1247 3491 1280 3530 a
1337 3476 1555 3531 dextris
1616 3476 1711 3530 Dei
1764 3491 1822 3532 se

126 3567 334 3622 vidisse
384 3567 730 3622 clamaverat
785 3573 1053 3630 stantem,
1102 3580 1136 3619 a
1193 3565 1407 3621 Judaeis
1448 3572 1531 3620 est
1578 3564 1822 3620 obrutus

128 3654 308 3709 imbre
333 3669 618 3710 saxorum.
647 3654 753 3709 'Ab
785 3653 1118 3709 occidentali
1150 3656 1339 3731 autem
1368 3652 1678 3721 opponitur
1697 3652 1819 3707 dux

129 3743 460 3798 Godefridus
551 3755 738 3798 comes
800 3743 1188 3805 Flandrensis,
1255 3750 1309 3796 et
1362 3740 1711 3796 Tancredus.
1771 3741 1818 3795 A

131 3831 361 3888 meridie
399 3831 618 3887 obsedit
647 3845 773 3886 eam
805 3844 992 3886 comes
1023 3829 1212 3885 Sancti
1243 3829 1476 3899 ngidii,
1525 3828 1580 3883 in
1628 3835 1818 3884 monte

129 3919 385 3974 videlicet
427 3918 579 3987 Sion,
610 3921 763 3974 circa
816 3918 1111 3974 ecclesiam
1168 3918 1346 3973 beatae
1398 3915 1591 3972 Mariae
1646 3915 1814 3971 Geni-

132 4009 285 4064 tricis
326 4007 571 4072 Domini;
629 4009 727 4063 ubi
789 4007 1065 4062 Dominus
1118 4020 1252 4060 cum
1301 4005 1420 4060 suis
1479 4005 1548 4059 ad
1594 4017 1815 4060 orenam

135 4096 309 4167 pridie
375 4110 550 4165 quam
611 4104 921 4165 pateretur,
984 4094 1167 4150 fertur
1242 4093 1599 4148 discubuisse
1644 4092 1812 4147 disci-

134 4185 297 4256 pulis.

203 4272 379 4328 Tertia
408 4271 477 4326 ad
522 4270 722 4326 urbem
771 4271 1054 4325 adventus
1077 4283 1277 4325 eorum
1311 4269 1417 4330 die.
1454 4268 1815 4325 Raimundus

137 4361 245 4423 ille,
292 4360 454 4429 cujus
502 4360 560 4413 in
607 4358 971 4427 expeditione
1018 4357 1314 4414 Dominica
1347 4372 1460 4413 non
1510 4357 1812 4413 minimum

134 4448 398 4518 opuscula
455 4449 809 4512 claruerunt,
878 4447 988 4512 ille,
1054 4446 1313 4516 inquam,
1358 4460 1531 4515 quem
1583 4445 1812 4500 Pilitum

137 4536 590 4608 agnominabant,
632 4549 766 4591 cum
806 4535 1056 4605 quodam
1091 4549 1197 4590 suo
1222 4533 1571 4604 cognomini,
1606 4533 1815 4590 illustri

135 4625 317 4680 itidem
350 4625 490 4692 viro,
539 4625 783 4693 aliisque
831 4623 1280 4692 quamplurimis
1337 4622 1693 4692 longiuscule
1741 4623 1813 4679 ab

135 4712 428 4772 obsidionis
479 4713 600 4768 loco
630 4711 916 4782 processit,
949 4711 998 4766 si
1037 4725 1185 4781 quos
1233 4711 1375 4766 forte
1404 4710 1675 4776 hostium,
1729 4712 1811 4767 uti

135 4808 289 4858 erant
332 4799 499 4864 soliti,
546 4799 880 4855 oberrantes
912 4798 983 4853 ad
1025 4805 1350 4853 nostrorum
1384 4797 1618 4853 insidias
1647 4813 1815 4867 repe—

139 4891 246 4945 rire
269 4887 632 4957 contingeret.
675 4887 743 4941 Et
762 4899 910 4949 ecce,
944 4886 1324 4941 ducentorum
1352 4885 1528 4941 ferme
1557 4886 1814 4941 Arabum

139 4977 294 5035 secis
339 4976 527 5031 intulit
579 4982 810 5044 repente
865 4973 1218 5043 manipulus,
1262 4987 1407 5044 quos
1454 4973 1815 5030 Raimundus

141 5075 206 5124 ut
253 5064 400 5130 vidit,
459 5063 683 5120 leonina
732 5062 952 5118 feritate
991 5061 1344 5133 aggreditur,
1376 5069 1432 5117 et
1469 5068 1586 5118 tota
1613 5076 1814 5118 eorum

145 5154 384 5219 audacia,
414 5153 526 5208 Deo
557 5151 646 5220 §eis
684 5151 997 5218 insistente,
1043 5150 1352 5221 subigitur.
1415 5150 1681 5206 Plurimis
1709 5152 1815 5208 ita-

147 5257 250 5314 que
284 5241 643 5314 interemptis,
686 5240 986 5310 captisque
1017 5238 1249 5295 tricenis
1291 5238 1475 5309 equis,
1510 5238 1696 5294 laetam
1744 5241 1812 5296 ad

147 5329 439 5386 exercitum
471 5328 538 5384 de
586 5327 843 5383 claritate
884 5325 1156 5383 facinoris
1207 5335 1569 5396 reportavere
1631 5329 1815 5386 victo-

153 5421 301 5474 riam.
334 5417 580 5473 Alterius
605 5431 743 5487 ergo
776 5415 1146 5471 hebdomadae
1175 5416 1427 5471 secunda
1458 5416 1815 5473 illucescente

1958 923 2194 994 quidam
2229 938 2538 979 conscensa
2585 925 2872 992 citissime,
2920 940 3138 994 coepere
3172 926 3505 995 praeliajam
3547 928 3656 981 ha-

1957 1011 2089 1066 bere
2149 1026 2264 1080 prae
2310 1013 2626 1068 manibus:
2661 1022 2715 1068 et
2758 1014 2858 1069 ubi
2909 1015 3100 1084 jactus
3148 1015 3490 1082 defecerant,
3540 1023 3657 1069 tota

1957 1099 2127 1154 fiebat
2152 1113 2241 1154 res
2267 1099 2476 1156 lanceis
2521 1109 2575 1156 et
2605 1103 2840 1158 ensibus
2874 1117 2885 1155 :
2949 1102 3269 1158 defensores
3301 1103 3568 1170 civitatis,
3602 1111 3656 1156 et

1954 1188 2285 1242 eorumdem
2320 1189 2641 1245 obsessores
2667 1190 2814 1245 ferro
2833 1192 3148 1246 decernunt
3175 1191 3454 1246 cominus.
3471 1190 3652 1247 Occu-

1956 1276 2208 1331 buerunt
2252 1277 2448 1347 itaque
2507 1278 2671 1333 multi
2700 1293 2772 1333 ex
2805 1279 3033 1345 nostris,
3065 1279 3158 1333 sed
3199 1294 3268 1334 ex
3299 1279 3409 1334 illis
3438 1280 3648 1348 plures.

2026 1363 2164 1435 [ιιι]
2277 1364 2580 1421 Sciendum
2680 1376 2871 1422 autem
2965 1369 3238 1436 quoniam
3322 1368 3444 1422 haec
3528 1366 3653 1436 ipsa

1954 1453 2173 1520 civitas,
2253 1468 2383 1508 cum
2457 1455 2648 1510 adhuc
2721 1455 3025 1510 Antiochia
3101 1454 3476 1522 obsideretur,
3543 1455 3651 1510 sub

1952 1545 2103 1592 429
2134 1541 2282 1609 regis
2320 1540 2531 1596 ditione
2581 1542 2886 1597 Persarum
2929 1543 3292 1597 detinebatur
3333 1557 3367 1596 a
3425 1543 3647 1597 Turcis.

1883 1605 1921 1658 Β
1951 1628 2122 1683 Porro
2163 1628 2545 1698 Babylonicus
2583 1629 2910 1698 imperator,
2968 1645 3121 1696 cum,
3179 1631 3325 1685 sicut
3386 1631 3652 1699 superius

1952 1715 2274 1778 retulimus,
2309 1718 2380 1772 ad
2427 1725 2686 1773 nostrum
2738 1718 2953 1788 legatos
2983 1719 3299 1774 exercitum
3332 1719 3650 1784 direxisset,

1949 1803 2292 1871 explorandi
2351 1810 2564 1858 statum
2620 1813 2946 1859 nostrorum
3001 1805 3357 1860 solummodo
3389 1805 3441 1860 id
3477 1819 3653 1861 causa

1948 1890 2199 1947 effecisse
2243 1892 2617 1962 dignoscitur.
2677 1892 2821 1947 Cum
2858 1893 3011 1947 enim
3052 1893 3340 1948 dirissima
3372 1893 3650 1950 Christia-

1948 1992 2081 2033 nam
2136 1979 2394 2034 militiam
2441 1979 2756 2050 indigentia
2815 1979 3109 2050 proﬂigari
3161 1983 3566 2049 conspicerent,
3595 1989 3648 2036 et

1946 2067 2246 2137 optimates
2289 2082 2572 2138 quosque,
2636 2068 3030 2123 deficientibus
3071 2068 3256 2138 equis,
3305 2068 3478 2124 factos
3525 2069 3646 2137 jam

1947 2156 2162 2226 pedites
2212 2157 2637 2226 comperissent,
2693 2164 2888 2212 nostra
2917 2157 3109 2211 omnia
3141 2157 3508 2226 vilipendere,
3541 2173 3647 2212 nec

1946 2244 2266 2316 quidquam
2325 2259 2609 2300 novarum
2650 2244 2835 2299 moliri
2911 2259 3105 2300 rerum
3158 2255 3360 2301 contra
3405 2247 3639 2310 Turcos,

1946 2348 2095 2403 quos
2134 2333 2492 2402 potissimum
2561 2332 2930 2401 patiebantur
2979 2333 3248 2400 infensos,
3314 2341 3640 2390 nostrorum

1945 2421 2048 2491 qui
2098 2429 2298 2476 contra
2336 2436 2432 2477 eos
2469 2421 2888 2476 exercebantur
2946 2421 3155 2476 fiducia
3207 2435 3641 2492 praesumpsere.

1945 2510 2066 2565 Rex
2095 2510 2262 2579 plane
2312 2509 2555 2564 Persidis
2585 2509 2653 2563 de
2687 2508 3047 2577 Babylonico,
3100 2510 3255 2578 quod
3299 2525 3642 2579 usquequa-

1944 2599 2061 2666 que‘
2141 2597 2482 2652 latissimum
2565 2597 2995 2665 perhibebatur,
3070 2597 3323 2664 imperio,
3400 2599 3641 2653 multam

1943 2693 2328 2753 usurpaverat
2381 2685 2723 2753 portionem;
2776 2684 3125 2753 sagaciorem
3176 2685 3328 2738 enim
3372 2685 3638 2751 habebat,

1944 2773 2222 2828 bellorum
2253 2772 2554 2838 industria,
2603 2780 2845 2842 gentem.
2877 2771 3174 2840 Comperto
3206 2771 3351 2826 idem
3393 2771 3642 2840 denique

1871 2885 1912 2939 ρ
1944 2861 2322 2930 Babylonicus
2350 2862 2611 2930 princeps
2653 2860 2808 2932 quod
2840 2861 3062 2926 Franci,
3097 2859 3209 2914 imo
3240 2874 3340 2928 per
3372 2859 3637 2915 Francos.

1938 2950 2090 3004 Deus
2119 2948 2481 3004 Antimhiam
2536 2949 2856 3019 subegisset
2893 2955 2948 3002 et
2975 2947 3290 3002 Antiochiae
3345 2961 3446 3016 pro
3499 2963 3636 3003 moe-

1938 3037 2130 3103 nibus,
2159 3036 2458 3092 Curbaran
2493 3036 2679 3104 ipsum
2711 3050 2840 3091 cum
2877 3043 2992 3090 tota
3021 3035 3323 3089 Persarum
3367 3036 3639 3104 superbia

1936 3122 2302 3189 confudisset,
2349 3131 2580 3192 sumpta
2611 3122 2903 3178 confestim
2933 3122 3210 3192 .audacia,
3243 3121 3446 3177 Turcis
3475 3135 3637 3178 arma

1938 3210 2166 3279 intulit;
2207 3211 2732 3280 Jerosolymamque
2770 3211 2862 3265 cui
2921 3209 3370 3266 dominabantur
3398 3211 3631 3266 obsedit.

1933 3299 2076 3365 Qua,
2110 3299 2296 3354 nescio
2340 3299 2396 3353 vi
2443 3309 2543 3354 aut
2602 3299 2801 3368 aliqua
2845 3297 3342 3363 conftederatione,
3389 3308 3632 3368 recepta,

1935 3388 1992 3442 in
2023 3387 2145 3456 ipsa
2177 3385 2321 3442 turri
2349 3402 2481 3456 quae
2518 3387 2730 3442 dicitur
2765 3385 2938 3440 David
2973 3393 3027 3440 et
3059 3400 3232 3454 quam
3268 3386 3493 3455 proprie
3524 3387 3633 3441 dici

1933 3482 2200 3543 putamus
2252 3475 2405 3530 Sion.
2465 3476 2784 3530 Turcorum
2855 3473 3133 3542 plurimos
3193 3474 3263 3527 ad
3313 3474 3631 3528 custodiam

1929 3563 2117 3617 nescio
2148 3576 2221 3617 an
2255 3563 2324 3617 ad
2355 3562 2674 3618 dominium
2705 3561 2968 3616 dimisere
2995 3576 3008 3614 :
3059 3561 3127 3615 de
3167 3562 3381 3629 quibus
3409 3569 3634 3616 constat

1929 3649 2066 3719 quia
2110 3658 2435 3705 nostrorum
2482 3650 2767 3704 neminem
2824 3649 2972 3704 inter
3001 3649 3376 3704 obsidendum
3404 3649 3632 3718 penitus

1929 3752 2195 3804 nocuere,
2259 3738 2360 3793 soli
2412 3738 2560 3793 arcis
2616 3738 2888 3793 custodiae
2938 3737 3039 3807 qui
3101 3737 3352 3806 deputati
3401 3738 3628 3792 fuerant

1928 3826 2162 3896 pacitire
2221 3826 2533 3882 intendere.
2596 3829 2806 3882 Contra
2873 3825 3216 3880 Sarracenos
3263 3839 3400 3896 ergo
3448 3827 3627 3881 nostri

1929 3915 2108 3984 hujus
2135 3914 2265 3970 belli
2299 3915 2700 3970 commercium
2736 3915 3010 3970 habuere.

1999 4003 2144 4075 [lV.]
2177 4006 2419 4059 Summa
2457 4019 2649 4056 rerum
2696 4001 2955 4059 omnium
2982 4001 3300 4075 indigentia
3328 4003 3626 4073 aﬂiclan-

1927 4095 2018 4146 tur
2049 4091 2394 4148 Christiani.
2444 4123 2513 4132 ——
2544 4093 2725 4164 lgitur
2763 4093 2821 4148 in
2850 4107 2918 4148 ea
2953 4092 3264 4159 obsidione,
3311 4107 3486 4161 panes
3524 4093 3625 4162 qui

1851 4178 1895 4231 D
1923 4189 2252 4236 emerentur
2297 4181 2533 4250 reperiri
2581 4195 2695 4236 non
2750 4187 3032 4250 poterant,
3076 4188 3128 4235 et
3167 4195 3269 4249 per
3297 4181 3416 4236 dies
3466 4182 3626 4235 circi-

1922 4276 2006 4323 ter
2061 4269 2236 4324 denos
2283 4269 2461 4340 hujus
2511 4269 2718 4338 passim
2777 4269 2996 4323 exstitit
3049 4267 3358 4324 difficultas
3400 4269 3619 4324 edulii:

1922 4358 2103 4413 donec
2134 4359 2283 4412 Deus
2335 4357 2499 4412 nobis
2557 4357 2862 4422 assisteret,
2927 4357 3146 4426 allapsa
3207 4358 3395 4426 portui
3449 4358 3621 4425 Joppe

1922 4447 2102 4502 nostri
2159 4445 2336 4502 classe
2382 4445 2620 4517 navigii.
2682 4446 2907 4516 Parque
2963 4446 3070 4500 fuit
3149 4459 3414 4514 pressura
3476 4445 3617 4510 sitis,

1923 4535 2062 4590 adeo
2094 4541 2156 4590 ut
2211 4549 2324 4590 non
2358 4534 2522 4589 modo
2574 4534 2679 4604 ipsi
2735 4534 2831 4589 tali
2871 4533 3266 4589 miserabiliter
3297 4533 3620 4588 fatiscerent

1921 4623 2313 4691 incommodo;
2355 4623 2451 4677 sed
2497 4623 2668 4678 etiam
2708 4636 2889 4692 equos
2918 4636 3051 4676 suos
3092 4635 3223 4676 cum
3265 4621 3483 4676 caeteris
3516 4622 3619 4690 ju—

1922 4711 2149 4775 mentis,
2213 4723 2315 4780 per
2366 4725 2467 4766 sex
2524 4711 2768 4766 millium
2819 4709 3023 4778 spatia,
3083 4709 3283 4778 procul
3347 4711 3613 4778 potanda,

1923 4799 2288 4866 deducerent,
2330 4799 2440 4854 sub
2472 4799 2721 4854 hostium
2778 4798 3361 4853 circumcursantium
3421 4799 3619 4853 timore

1922 4887 2120 4942 nimio.
2181 4887 2347 4956 Syloa
2399 4901 2602 4955 nempe
2649 4886 2793 4952 fons,
2823 4899 2896 4941 ex
2941 4885 3274 4956 Evangelici
3304 4885 3435 4941 caeci
3468 4893 3617 4941 rete-

1920 4975 2105 5031 ctione
2186 4974 2574 5045 procognitus,
2642 4975 2744 5044 qui
2792 4987 2827 5028 a
2887 4974 3182 5030 radicibus
3240 4973 3370 5029 Sion
3409 4974 3618 5030 montis

1921 5064 2180 5135 emergit,
2232 5064 2384 5134 ipsos
2421 5063 2606 5119 alebat
2642 5078 2654 5116 :
2685 5078 2816 5133 quae
2859 5077 3015 5133 aqua
3062 5076 3288 5118 summa
3330 5062 3616 5133 siquidem

1923 5153 2076 5209 inter
2129 5167 2224 5208 eos
2286 5152 2608 5208 caritudine
2680 5152 3055 5208 vendebatur.
3110 5151 3417 5220 Postquam
3484 5167 3619 5222 ergo

1926 5242 2098 5298 missa
2147 5241 2354 5313 legatio
2403 5241 2614 5310 Joppen
2671 5241 2957 5311 appulisse
3012 5239 3246 5311 navigia
3305 5241 3616 5300 nuntiavit.

1923 5329 2344 5385 communicato
2399 5330 2649 5384 seniores
2698 5329 2958 5396 consilio,
3008 5336 3333 5399 proponunt
3390 5330 3615 5395 milites,

1920 5417 2157 5488 quosad
2205 5417 2441 5472 tutelam
2500 5417 2739 5473 navium
2789 5431 2856 5472 ac
2916 5416 3215 5473 hominum
3269 5417 3327 5472 in
3371 5418 3618 5474 navibus
