3902 6082
244 141 345 191 791

1128 135 1192 189 ν.
1234 133 1568 191 GUIBER'PI
1604 132 1895 189 ABBATIS
1934 133 1990 188 S.
2033 132 2270 187 MARLE
2304 130 2399 187 DE
2439 130 2825 187 NOVIGENTO

3650 132 3775 183 792

247 265 582 336 positorum,
635 264 707 320 ad
754 272 988 334 portum
1038 264 1281 321 debeant
1327 264 1632 321 destinare.
1703 263 1940 320 Summo
1976 267 2180 319 Acum
2248 268 2524 332 putamus
2573 268 2746 317 tortos
2795 260 3091 317 acredine!
3136 260 3287 317 Bone
3347 261 3525 317 Deus!
3608 262 3773 331 quid

246 356 441 423 itaque
463 353 716 426 diluculo
757 368 888 409 cum
939 354 1061 423 jam
1094 353 1441 422 exprimeret
1498 353 1684 408 tenuis
1725 365 1937 408 aurora

243 441 671 511 crepusculum,
719 442 1099 508 Raimundus,
1159 441 1262 510 qui
1294 442 1492 496 crebro
1523 454 1556 496 a
1607 442 1771 496 nobis
1814 454 1947 509 ser:

244 543 412 585 mone
443 528 667 595 teritur,
723 543 855 584 cum
890 529 1117 584 duobus
1154 516 1284 583 aliis
1338 529 1668 598 proceribus
1706 536 1935 583 centum

243 616 313 671 de
333 617 550 673 domini
580 617 669 673 sui
702 616 891 672 Sancti
920 617 1106 687 Egidii
1163 617 1384 672 comitis
1413 618 1671 673 exercitu
1716 617 1939 686 equites

244 705 400 776 legit,
441 713 495 761 et
524 707 595 761 ad
650 714 879 776 portum
930 720 1116 776 usque
1155 706 1319 761 solita
1366 705 1704 761 auctoritate
1744 720 1936 775 proce-

244 794 344 850 dit.
389 795 434 849 E
476 795 691 864 quibus
745 793 980 864 triginta
1032 794 1180 850 illico
1231 808 1349 848 sese
1403 794 1605 849 milites
1644 808 1936 863 excepere,

244 890 299 937 et
358 882 593 953 digressi
639 883 709 937 ab
784 884 931 945 aliis.
988 883 1223 949 Turcos,
1284 882 1523 948 Arabes,
1576 882 1936 948 Sarracenos,

243 971 604 1041 septuaginta
700 969 823 1043 [al.,
900 969 1312 1043 septingentos]
1384 972 1607 1027 circiter
1678 985 1943 1040 repetere

246 1073 394 1130 quos
423 1069 755 1115 nostrorum
789 1060 903 1115 itus
933 1074 998 1115 ac
1020 1061 1238 1115 reditus
1267 1060 1556 1115 direxerat
1583 1066 1942 1129 aucupatum

247 1161 348 1203 rex
380 1147 727 1218 Babyloniae.

315 1237 571 1300 Quorum
593 1250 774 1291 cuneo
804 1236 1005 1302 nostri,
1041 1244 1096 1291 et
1125 1234 1171 1290 si
1197 1236 1369 1292 nimis
1398 1236 1647 1306 impares
1676 1249 1939 1301 numero,

247 1322 453 1395 grandi
501 1324 830 1378 animorum
881 1324 1195 1379 acrimonia
1238 1325 1622 1380 invehuntur:
1656 1324 1753 1379 sed
1786 1331 1944 1379 tanta

248 1411 498 1466 hostium
538 1411 724 1466 virtus
765 1425 832 1466 ac
882 1411 1142 1467 ferocitas
1187 1412 1424 1478 exstitit,
1451 1420 1511 1467 ut
1541 1411 1801 1481 undique
1830 1411 1942 1466 im-

248 1499 530 1554 minerent
555 1498 674 1568 jam
741 1514 924 1569 usque
952 1500 1022 1554 ad
1068 1500 1321 1568 ipsorum
1372 1500 1680 1570 perniciem
1713 1500 1937 1555 nostris.

248 1586 410 1642 Unde
439 1594 493 1642 et
548 1563 789 1642 alterum
824 1563 891 1642 de
948 1563 1175 1643 duobus
1220 1587 1327 1642 illis
1358 1563 1692 1658 proceribus
1724 1587 1947 1642 Achar-
1984 1563 2025 1616 Β

248 1675 389 1730 dum
439 1675 718 1731 vocabulo
768 1684 1149 1744 peremerunt,
1201 1684 1253 1731 et
1293 1676 1518 1745 aliquos
1560 1690 1632 1731 ex
1682 1676 1947 1745 pauperi—

251 1762 359 1818 bus
393 1770 448 1818 et
499 1776 573 1817 ex
631 1763 920 1832 peditibus
986 1764 1397 1819 honoratiores.
1448 1765 1589 1820 Cum
1638 1777 1776 1833 ergo
1832 1776 1950 1816 am-

251 1850 437 1906 birent
506 1857 750 1917 nostros,
805 1860 854 1907 et
915 1852 1092 1906 armis
1143 1851 1278 1906 hinc
1335 1860 1390 1906 et
1451 1851 1578 1905 inde
1654 1850 1950 1906 conclusos

250 1946 544 2009 urgerent,
586 1946 640 1994 et
696 1953 836 2008 pene
864 1940 983 2009 jam
1042 1939 1349 1994 miserabili
1390 1939 1782 2008 desperatione
1812 1952 1948 1993 con-

249 2026 523 2093 ciderent,
572 2026 730 2081 venit
780 2029 880 2096 qui
913 2028 1238 2083 Raimundo
1280 2027 1359 2082 illi
1410 2028 1679 2097 praedicto
1714 2025 1953 2082 necessi-

254 2121 422 2170 tatem
454 2128 629 2184 quam
661 2115 748 2170 sui
771 2114 1005 2171 comites
1037 2123 1387 2185 paterentur,
1421 2116 1662 2171 ediceret
1689 2130 1701 2169 :
1736 2137 1756 2164 α
1801 2115 1951 2179 Quid

253 2210 335 2264 tu,
385 2202 593 2272 inquit,
652 2201 777 2257 istic
828 2203 1120 2268 detinens,
1170 2212 1224 2258 et
1256 2203 1497 2258 milites?
1532 2204 1677 2259 Ecce
1724 2204 1804 2259 tui
1847 2204 1949 2273 qui

253 2303 511 2346 recensa
567 2297 618 2346 te
658 2290 938 2351 abierant,
1001 2291 1341 2357 Turcorum,
1395 2289 1840 2347 Sarracenorum
1896 2301 1953 2348 et

255 2376 512 2432 Arabum
553 2377 818 2433 atrociter
859 2377 1401 2448 circumcinguntur
1428 2380 1724 2446 examine;
1756 2387 1811 2433 et
1841 2381 1947 2434 nisi

253 2464 334 2520 eis
383 2464 801 2521 adminiculum
849 2465 1010 2521 ocius
1071 2465 1240 2531 feras,
1297 2465 1626 2532 morituros,
1687 2466 1796 2523 nisi
1828 2468 1947 2538 jam

254 2552 501 2608 obierint
554 2552 787 2607 indubie
827 2566 1023 2608 omnes
1058 2554 1113 2606 in
1155 2553 1416 2621 proximo
1461 2553 1626 2609 scias.
1690 2555 1823 2611 Vola
1853 2555 1952 2625 igi-

257 2650 370 2707 tur,
423 2654 684 2710 propera,
735 2640 875 2710 quia
919 2640 1115 2705 fateor,
1153 2642 1263 2696 erit
1307 2642 1495 2696 omnis
1544 2642 1707 2698 tarda
1753 2643 1953 2699 veloci-

256 2739 423 2785 tas.»
481 2730 553 2783 At
593 2729 956 2785 Raimundus
1013 2744 1144 2784 cum
1184 2744 1290 2785 suo
1350 2732 1619 2786 universo
1677 2732 1950 2789 comitatu

2047 349 2453 421 patientiarum
2507 349 2648 406 inibi
2698 350 2872 406 fuisse
2913 363 3241 419 pensamus,
3272 351 3370 406 ubi
3405 365 3516 406 non
3546 350 3778 406 imme-

2050 454 2232 495 mores
2260 447 2423 495 erant
2453 439 2671 509 quique
2702 438 2911 494 habita
2939 439 3236 508 quondam
3268 440 3323 493 in
3352 439 3535 508 patria
3566 438 3783 510 digni-

2046 527 2200 592 tatis,
2232 543 2408 598 quam
2440 527 2675 583 condire
2707 527 2894 583 fuerat
2925 526 3090 582 solita
3119 542 3232 581 non
3265 527 3494 597 exiguae
3522 529 3783 597 requies

2048 615 2378 685 voluptatis,
2408 629 2540 670 cum
2571 629 2638 669 ea.
2672 629 2801 684 qum
2823 614 3425 685 patiebanturnullius
3452 616 3785 670 exterioris

2049 703 2293 759 lenirent
2319 712 2421 759 aut
2461 718 2586 773 spes
2617 714 2714 758 aut
2766 703 2967 758 solatia
2997 710 3271 773 quaestus,
3298 717 3510 773 eosque
3541 704 3602 758 in
3641 703 3782 758 dies

2049 793 2577 848 crudelissimorum
2650 792 2911 848 laborum
2968 792 3309 861 decoqueret
3362 793 3563 847 aestus!
3628 793 3780 847 Haec

2050 895 2175 938 mea
2200 888 2284 936 est
2330 880 2634 948 sententia,
2669 881 2790 936 haec
2830 879 3002 935 unica
3038 894 3050 933 :
3086 893 3387 950 nunquam
3439 895 3473 934 a
3511 880 3778 935 saeculo-

2052 983 2182 1024 rum
2214 968 2353 1024 tales
2405 968 2690 1024 exstitisse
2743 966 3060 1037 principiis,
3096 968 3196 1038 qui
3241 982 3339 1037 pro
3382 968 3505 1022 sola
3548 981 3777 1037 exspe-

2051 1058 2297 1113 ctatione
2375 1057 2744 1113 emolumenti
2801 1056 3136 1126 spiritualis,
3190 1064 3269 1111 tot
3338 1070 3585 1126 corpora
3655 1071 3776 1111 sua

2049 1158 2366 1214 exposuere
2414 1144 2724 1214 suppliciis.
2786 1143 3037 1200 Urebant
3091 1144 3314 1199 animos
3351 1153 3586 1199 remotae
3619 1143 3775 1198 adeo

2044 1234 2545 1303 peregrinantium
2619 1232 2920 1304 pignorum
3010 1231 3268 1299 affectus,
3351 1232 3775 1287 delectationes

2054 1323 2297 1389 uxorize,
2350 1320 2768 1392 possessionum
2821 1321 3087 1392 fastigia;
3132 1327 3188 1376 et
3243 1328 3434 1376 tamen
3474 1334 3545 1375 ac
3586 1334 3635 1374 Si
3668 1319 3774 1374 ibi‘

2050 1412 2177 1467 dem
2213 1411 2573 1481 permansuri
2607 1418 2899 1480 perpetuo,
2938 1423 3055 1464 non
3087 1408 3436 1465 desistebant
3465 1422 3501 1463 a
3536 1407 3766 1464 Christi

2054 1499 2453 1568 prosequenda
2486 1497 2707 1552 militia.

2712 1584 2944 1645 CAPUT
2984 1585 3080 1640 ΙΙΙ.

2127 1674 2271 1746 [VL]
2304 1676 2497 1728 Instat
2523 1672 2803 1728 obsidioni
2843 1689 3015 1727 sacra
3062 1671 3296 1727 mililia.
3336 1701 3409 1713 —
3452 1672 3769 1728 Sarraceni

2056 1763 2234 1834 igitur
2253 1764 2405 1818 circa
2437 1761 2619 1818 fontes
2639 1776 2706 1817 ac
2729 1761 2968 1818 ﬂumina
2990 1761 3236 1831 jugibus
3259 1762 3471 1816 instare
3502 1760 3769 1825 insidiis;

2059 1852 2276 1921 ubique
2322 1851 2576 1906 locorum
2629 1858 2959 1905 nostrorum
3008 1850 3264 1905 caedibus
3310 1849 3565 1915 inhiare;
3623 1862 3770 1917 prae-

2056 1940 2201 2005 dari,
2258 1939 2300 1995 si
2344 1954 2462 2010 qua
2510 1938 2840 2010 contigisset
2879 1952 3219 2007 occurrere;
3279 1946 3441 2006 rapta
3491 1938 3619 1992 sive
3651 1936 3773 1990 ani-

2057 2027 2253 2093 malia,
2284 2041 2385 2083 seu
2430 2026 2699 2098 quaelibet
2730 2027 2847 2082 alia
2877 2026 2931 2080 in
2979 2027 3279 2082 cuniculos
3316 2036 3371 2082 et
3410 2026 3626 2095 spelaea
3669 2024 3772 2079 ab-

2056 2114 2284 2170 ducere.
2320 2114 2485 2170 Circa
2513 2115 2800 2170 civitatem
2850 2128 2948 2184 per
2994 2114 3310 2169 exercitum
3363 2114 3418 2167 in
3462 2113 3772 2183 procinctu

2057 2211 2534 2269 commanentem,
2596 2202 2765 2258 famis
2831 2203 3074 2272 sitisque
3140 2210 3305 2257 atrox
3368 2201 3771 2257 bacchabatur

2058 2291 2366 2357 acerbitas;
2400 2298 2456 2346 et
2496 2292 2766 2357 hostium,
2821 2290 2953 2346 hinc
2980 2299 3035 2346 et
3068 2290 3198 2345 inde
3233 2289 3577 2359 vagantium
3610 2289 3768 2345 rabi-

2057 2379 2183 2434 dior
2231 2380 2537 2435 detonabat
2585 2381 3045 2449 circumquaque
3104 2378 3451 2450 malignitas.
3502 2379 3577 2432 At
3615 2379 3771 2447 prin-

2057 2468 2211 2537 cipes
2266 2482 2443 2524 sacrae
2521 2467 2756 2534 militiae,
2817 2476 3039 2522 tantum
3097 2466 3550 2529 incommodum,
3602 2480 3641 2521 a
3690 2472 3771 2521 tot

2059 2563 2294 2626 tamque
2365 2555 2605 2610 diversis
2692 2555 3023 2610 hominibus
3091 2555 3314 2610 tolerari
3377 2554 3476 2608 vix
3542 2554 3771 2609 diutius

2062 2658 2220 2714 posse
2258 2644 2533 2709 videntes,
2576 2643 2793 2712 quibus
2841 2642 3120 2698 machinis
3148 2642 3349 2697 civitas
3392 2642 3769 2713 expugnabi-

2060 2731 2167 2786 lior
2219 2742 2523 2800 putaretur
2561 2730 2897 2802 conjiciunt,
2929 2739 3237 2801 quatenus,
3294 2744 3393 2800 pro
3446 2745 3565 2800 quo
3599 2722 3767 2785 ianta

256 2817 580 2887 expeditius
611 2817 857 2872 invisere
889 2818 1077 2873 locum
1119 2832 1234 2888 quo
1275 2818 1394 2873 haec
1424 2820 1748 2890 agebantur
1788 2835 1949 2877 acce-
1989 2853 2030 2908 ρ
2060 2821 2429 2889 pertulerant,
2480 2820 2627 2889 passi
2674 2833 2742 2874 ac
2773 2819 2978 2888 sepulti
3023 2818 3411 2874 monumentis
3451 2818 3769 2875 Salvatoris

258 2907 418 2973 lerat,
471 2906 564 2961 sed
613 2907 671 2960 in
732 2906 853 2975 ipso
901 2908 1230 2962 certaminis
1278 2916 1562 2976 apparatu
1602 2923 1715 2964 non
1751 2910 1808 2963 in
1856 2924 1951 2965 ar-

258 2993 381 3057 mis.
416 2993 614 3049 nonin
656 2994 897 3061 viribus,
934 3009 1134 3049 verum
1176 2996 1229 3049 in
1259 2994 1571 3051 Salvatoris
1597 2996 1704 3053 {ide
1743 2997 1950 3053 suifra-

258 3083 419 3153 gium
487 3089 696 3151 sperat.
758 3084 831 3137 At
881 3083 1212 3151 Gentilium,
1263 3083 1363 3139 ubi
1425 3085 1631 3140 Christi
1693 3086 1951 3142 militiam

258 3169 553 3240 Phalanga
617 3171 933 3240 conspexit,
1014 3171 1263 3226 duarum
1344 3173 1618 3227 continuo
1699 3174 1954 3230 acierum

258 3258 590 3313 discrimina
639 3258 795 3324 fecit;
850 3260 1110 3314 invocato
1143 3259 1336 3329 itaque
1367 3259 1638 3315 Altissimi
1671 3262 1951 3330 praesidio,

260 3353 419 3400 tanta
450 3347 623 3402 nostri
662 3346 772 3401 illis
820 3346 1180 3402 vehementia
1227 3346 1546 3412 irruerunt,
1593 3355 1654 3402 ut
1707 3349 1956 3418 quisque

260 3434 476 3489 hostem
527 3435 599 3490 ad
657 3449 715 3491 se
770 3449 1003 3490 versum
1079 3444 1480 3505 properantem
1553 3444 1951 3505 prosterneret.

257 3521 692 3579 Considerantes
727 3538 863 3595 ergo
895 3524 1045 3579 vires
1077 3538 1196 3579 sese
1227 3523 1327 3579 diu
1357 3524 1667 3579 Christiani
1711 3524 1957 3594 impetus

170 3612 173 3613 ⁷
258 3624 371 3665 non
420 3610 659 3676 laturos,
710 3625 927 3667 cessere
963 3612 1196 3681 pagani,
1246 3622 1301 3667 et
1350 3612 1515 3667 celeri
1570 3612 1708 3681 fuga
1765 3614 1958 3669 intole-

259 3699 454 3755 randae
519 3698 858 3755 consuluere
911 3699 1219 3755 formidini.
1263 3699 1336 3754 At
1386 3700 1561 3753 nostri
1611 3714 1706 3755 eos
1756 3701 1957 3770 rapida

260 3787 586 3843 maturitate
641 3795 963 3858 sequentes,
1023 3802 1120 3856 per
1180 3796 1434 3857 quatuor
1490 3787 1734 3844 millium
1785 3803 1959 3844 remo-

260 3874 406 3930 tiora
435 3875 756 3945 fugarunt:
794 3875 850 3930 in
896 3883 1142 3940 tantum,
1180 3885 1238 3930 ut
1271 3890 1403 3931 cum
1445 3889 1517 3931 ex
1565 3877 1648 3930 eis
1679 3876 1958 3946 plurimos

258 3963 644 4031 peremissent,
713 3978 895 4035 equos
966 3972 1196 4019 centum
1257 3973 1488 4033 tresque
1543 3978 1644 4033 pro
1704 3963 1957 4020 victoriae

256 4048 421 4119 signo
449 4049 804 4105 reducerent.
859 4050 1067 4106 Verum
1114 4050 1314 4107 occisis
1344 4052 1580 4118 caeteris,
1609 4066 1740 4107 cum
1773 4067 1955 4108 unum

2058 2908 2367 2963 aderandis
2417 2907 2685 2964 interesse
2736 2908 3010 2963 valerent.
3054 2907 3265 2962 Praeter
3319 2906 3432 2962 alia
3478 2921 3621 2978 ergo
3680 2908 3766 2962 in-

2059 3003 2379 3052 strumenta
2429 2996 2696 3065 plurima,
2755 2996 2973 3067 quibus
3023 3004 3125 3051 aut
3170 2995 3319 3050 inuri
3381 3009 3481 3064 per
3516 2994 3765 3051 arietum

2061 3084 2335 3140 illisiones
2402 3084 2900 3150 labefactarentur,
2974 3092 3075 3140 aut
3148 3084 3365 3139 crebris
3423 3083 3763 3140 balistarum

2056 3173 2308 3244 jactibus
2380 3180 2569 3229 turres
2614 3180 3062 3229 concuterentur
3112 3187 3179 3227 ac
3216 3172 3449 3237 muenia,
3514 3172 3633 3228 duo
3675 3174 3762 3243 ju-

2063 3263 2272 3318 bentur
2301 3260 2523 3317 institui
2577 3261 2764 3331 lignea
2817 3268 3028 3328 castra,
3080 3275 3210 3331 quae
3247 3275 3348 3316 nos
3377 3274 3583 3316 sumus
3615 3259 3759 3315 soliti

2064 3362 2268 3405 vocare
2292 3349 2491 3419 pbalas
2521 3349 2639 3419 [seu
2672 3348 2832 3415 falas,
2868 3349 2971 3403 hoc
2999 3352 3084 3402 est
3110 3358 3296 3404 turres
3323 3347 3595 3421 ligneas].
3636 3349 3759 3404 Dux

2065 3439 2259 3507 itaque
2284 3437 2622 3493 Godefridus
2650 3452 2822 3493 suum
2854 3439 3073 3506 primus
3104 3452 3236 3493 cum
3270 3437 3394 3491 aliis
3411 3437 3759 3492 convenien-

2064 3527 2218 3582 tibus
2266 3525 2548 3581 machinis
2603 3525 2849 3581 aediﬁcat
2897 3533 3173 3590 castrum,
3219 3533 3273 3580 et
3320 3525 3512 3603 Sancti
3576 3526 3760 3595 Egidii

2064 3629 2252 3670 comes
2306 3614 2690 3681 Baimundus,
2740 3612 2842 3683 qui
2900 3613 3046 3669 nulli
3085 3627 3144 3669 se
3174 3613 3496 3682 patiebatur
3525 3628 3653 3669 esse
3683 3628 3763 3669 se-

2063 3703 2343 3770 cundum,
2399 3703 2518 3772 ipse
2577 3702 2772 3758 itidem
2818 3701 3066 3758 instituit
3121 3715 3318 3757 suum.
3377 3702 3524 3756 Tum
3572 3701 3765 3757 Sarra-

2063 3792 2210 3855 ceni,
2259 3791 2398 3847 dum
2460 3790 2757 3847 machinas
2811 3791 2979 3860 erigi,
3019 3791 3156 3846 dum
3209 3798 3395 3845 castra
3441 3791 3761 3859 procedere,

2064 3879 2203 3934 dum
2229 3878 2521 3934 admoveri
2551 3879 2784 3935 arcibus
2821 3886 3104 3934 tormenta
3150 3878 3535 3947 conspiciunt,
3572 3892 3765 3933 muros

2065 3975 2120 4022 et
2149 3967 2254 4036 ipsi
2287 3968 2620 4037 provehere,
2657 3968 2854 4023 fulcire
2899 3967 3167 4033 labentia,
3213 3967 3467 4022 turrium
3507 3980 3764 4021 summas

2066 4054 2295 4109 insolita
2368 4055 2701 4123 proceritate
2768 4055 3080 4126 porrigere.
3132 4055 3269 4119 Quae
3324 4053 3560 4122 quidem
3638 4053 3760 4108 uni-

258 4138 619 4200 superstitem
668 4138 1054 4209 reliquissent,
1109 4153 1301 4195 secum
1358 4140 1751 4209 adduxerunt,
1780 4155 1812 4195 a
1839 4156 1955 4210 quo
1993 4143 2037 4197 D
2071 4156 2252 4209 versa,
2302 4157 2436 4199 cum
2476 4150 2832 4198 maturarent
2864 4142 3153 4212 explicare
3184 4141 3467 4207 noctibus,
3513 4141 3761 4197 interdiu

258 4240 626 4295 quiscunque
659 4228 813 4296 apud
854 4228 1040 4284 hostes
1092 4228 1512 4294 tractabantur,
1546 4236 1600 4284 et
1640 4243 1770 4298 qua:
1806 4230 1958 4299 prin-

257 4327 389 4382 ceps
440 4314 885 4384 Babyloniorum
940 4317 1126 4373 facere
1178 4324 1378 4372 contra
1402 4324 1626 4372 nostros
1654 4330 1959 4387 proposue-

256 4411 367 4469 rat,
392 4402 737 4461 didicerunt.

327 4490 446 4563 [V.]
477 4490 591 4546 Siti
606 4490 957 4548 cruciantur.
990 4493 1438 4548 Commendaiur
1457 4491 1719 4564 ipsorum
1735 4493 1957 4565 polien-

255 4578 360 4635 tz’a.
386 4611 455 4619 —
502 4581 720 4637 Interea
772 4583 895 4638 sitis
926 4582 1230 4638 insolentia
1273 4581 1625 4638 horribiliter
1661 4582 1952 4653 gravaba-

255 4676 352 4725 tur
404 4668 710 4736 exercitus,
771 4671 909 4726 adeo
953 4677 1016 4726 ut
1056 4672 1211 4725 coria
1259 4670 1435 4726 boum
1487 4671 1954 4741 bubalorumque

253 4764 504 4823 suerent,
538 4757 596 4812 in
629 4759 844 4827 quibus
884 4759 1289 4814 deferebantur
1337 4774 1505 4830 aquae
1556 4774 1654 4830 per
1686 4759 1954 4815 milliaria

253 4858 375 4900 sex.
443 4844 681 4901 Talibus
763 4846 992 4901 utribus
1039 4846 1110 4900 ad
1180 4848 1607 4911 convehendas,
1636 4848 1953 4903 utebantur

251 4946 456 5002 aquas,
490 4948 621 5003 quae
641 4948 712 4989 ex
748 4934 1063 4990 recentium
1092 4944 1386 5007 tergorum
1416 4937 1659 4992 humore
1687 4935 1948 5001 exolidte,

253 5020 568 5076 maximam
631 5021 917 5077 miseriam
969 5023 1170 5079 inediae
1219 5024 1570 5094 quibusdam
1614 5023 1950 5090 intulerant,

250 5112 403 5161 430
458 5108 516 5163 in
557 5123 730 5165 usum
779 5112 1071 5167 exercitus
1111 5113 1357 5169 transire
1387 5122 1615 5179 coactae,
1646 5125 1778 5167 cum
1813 5109 1951 5165 hor-

251 5194 457 5250 deaceo
518 5210 680 5265 pane.
724 5196 951 5264 Quanta
996 5207 1075 5255 tot
1119 5201 1375 5256 virorum
1426 5200 1706 5255 nobilium
1759 5199 1951 5254 fauces

250 5289 304 5338 et
325 5290 565 5353 guttura
609 5286 807 5341 cibarii
843 5288 1009 5357 panis
1040 5289 1192 5344 illius
1238 5288 1590 5345 rodebantur
1623 5287 1943 5356 aspredine!

252 5377 473 5440 quanta
511 5370 780 5428 delicatos
831 5388 1030 5431 eorum
1086 5376 1407 5433 stomachos
1430 5375 1763 5446 putidorum
1814 5372 1947 5429 lati-

2066 4231 2136 4288 de
2163 4232 2414 4287 novitate
2440 4245 2680 4301 operum
2740 4231 2948 4288 nostris
3001 4229 3344 4286 miraculum
3385 4228 3757 4285 exhibebant.

2067 4320 2249 4391 Ligna
2278 4328 2493 4387 autem,
2546 4319 2615 4374 de
2643 4319 2859 4389 quibus
2899 4319 3080 4375 nostri
3111 4326 3212 4383 aut
3241 4325 3431 4372 castra
3471 4331 3575 4373 seu
3601 4333 3761 4388 quas-

2066 4421 2180 4476 que
2228 4406 2527 4461 machinas
2557 4404 2940 4471 instruebant,
2990 4403 3463 4462 convehebantur
3506 4418 3540 4460 e
3586 4420 3760 4462 remo-

2062 4494 2204 4550 tiore
2235 4492 2546 4563 provrncia.

2136 4580 2554 4651 Perpendentes
2608 4580 2802 4648 itaque
2844 4580 3133 4636 exercitus
3162 4576 3445 4634 Dominici
3477 4592 3753 4647 proceres,

2063 4670 2158 4727 cui
2192 4668 2351 4724 urbis
2381 4666 2528 4738 parti
2571 4665 2927 4723 imbecillitas
2958 4666 3142 4737 major
3192 4667 3416 4731 inesset,
3453 4665 3753 4735 cujusdam

2063 4763 2225 4812 nocte
2257 4753 2509 4822 Sabbali,
2557 4762 2809 4809 castrum
2850 4755 2994 4809 idem
3027 4768 3158 4808 cum
3209 4752 3508 4821 aliquibus
3556 4754 3756 4807 machi-

2061 4845 2153 4900 nis
2210 4842 2303 4898 illo
2345 4842 2663 4912 deportant.
2725 4841 2811 4896 Ab
2842 4840 3103 4896 orientali
3152 4854 3289 4911 ergo
3329 4848 3489 4909 parte
3537 4854 3754 4896 summo

2059 4944 2128 4987 ea
2179 4928 2432 4986 diluculo
2469 4927 2814 4997 eriguntur;
2848 4927 3150 4997 primaque
3179 4940 3248 4981 ac
3278 4926 3555 4983 secumda
3580 4927 3755 4981 tertia-

2061 5033 2175 5089 que
2207 5016 2374 5083 feria,
2405 5014 2493 5071 his
2523 5014 2787 5083 aptandis
2825 5012 3301 5082 stabiliendisque
3325 5012 3618 5068 insistunt.
3666 5013 3753 5068 Co-

2062 5121 2181 5162 mes
2227 5105 2398 5162 etiam
2427 5101 2620 5159 Sancti
2650 5100 2834 5172 Egidii
2884 5101 3202 5156 meridiana
3260 5100 3430 5170 plaga
3465 5114 3632 5155 suam
3680 5100 3751 5155 in-

2060 5193 2358 5251 staurabat
2416 5190 2760 5246 machinam.
2833 5190 2980 5244 Dum
3040 5203 3179 5260 ergo
3249 5197 3407 5243 tanta
3448 5186 3748 5243 obsidionis

2061 5284 2304 5339 ferveret
2342 5279 2599 5342 intentio,
2654 5278 2777 5334 sitis
2846 5284 3036 5333 tamen
3084 5276 3452 5333 intolerandae
3493 5277 3745 5332 omnium

2060 5369 2375 5442 praecordia
2428 5366 2681 5423 torrebat
2731 5365 3012 5421 ariditas:
3071 5363 3130 5420 in
3182 5372 3407 5420 tantum
3457 5370 3523 5420 ut
3573 5363 3742 5433 pretio
