3920 6080
144 249 252 301 ’793

1210 246 1432 304 GESTA
1468 247 1590 304 DEI
1630 248 1765 304 PER
1804 247 2141 305 FRANCOS.
2171 278 2243 291 —
2282 249 2409 304 LIB.
2455 250 2567 306 VII.

3542 256 3647 311 794

146 378 325 433 unius
366 375 591 432 nummi
621 377 710 432 vel
745 377 818 433 ad
866 376 1322 445 refocillandum,
1366 377 1539 433 utsic
1568 378 1835 443 dixerim,
1878 382 1917 434 A
1951 392 2253 437 murorum
2286 382 2499 450 pariter
2538 394 2809 451 suprema
2837 382 3251 439 conscendunt.
3295 382 3449 451 Quos
3474 383 3647 440 etiam

144 480 521 536 nequaquam
553 479 708 535 aqua
758 465 1048 521 suftlciens
1097 466 1309 522 valeret
1366 465 1585 521 haberi.
1627 467 1843 533 Quarta

144 555 379 610 demum
432 568 499 609 ac
533 554 740 624 quinta
780 554 893 621 die,
935 554 1154 609 collatis
1199 554 1551 610 unanimiter
1597 555 1840 620 viribus,

145 642 382 713 aggredi
429 640 782 696 constituunt
822 639 1110 695 civitatem
1159 654 1231 695 ex
1260 641 1417 695 omni
1453 649 1610 710 parte
1660 641 1844 696 valla-

145 739 283 786 tam.
348 734 417 785 At
467 738 774 798 antequam
835 729 954 784 haec
1007 728 1164 784 fieret
1218 727 1500 784 desunata
1558 730 1841 799 pervasio,

145 817 421 885 subjectis
476 816 737 885 plebibus
786 816 1013 871 litanias
1045 816 1307 872 indicunt
1351 818 1646 886 pontilices
1671 826 1845 888 atque

147 903 496 974 presbyteri;
524 904 767 974 jejunia,
824 903 1109 958 orationes
1148 918 1215 959 ac
1256 905 1643 975 eleemosynas
1695 920 1845 975 prae-

146 990 369 1059 cipiunt
431 991 728 1045 celebrari.
793 990 1066 1046 Memores
1141 990 1317 1061 igitur
1373 992 1517 1046 idem
1574 993 1846 1062 praesules

145 1078 477 1133 .lericontini
526 1079 817 1149 quondam
852 1092 1040 1142 casus,
1084 1086 1139 1135 et
1195 1080 1346 1149 quod
1396 1080 1664 1136 Israelitae
1697 1081 1849 1137 tubis

147 1167 464 1238 aliquando
496 1168 901 1238 clangentibus
943 1169 1252 1224 circumitu
1284 1176 1537 1239 septeno,
1572 1180 1627 1227 et
1672 1185 1849 1227 sacrae

148 1255 340 1311 archae
392 1255 843 1321 circumlatione,
886 1256 1189 1312 diruerant
1234 1257 1461 1327 perﬁdae
1500 1258 1710 1314 muenia
1760 1258 1845 1314 ci-

148 1342 343 1397 vitatis
377 1358 389 1397 :
418 1357 549 1397 cum
585 1343 766 1398 multa
804 1342 1116 1412 spirituum
1165 1352 1220 1400 et
1270 1358 1575 1414 corporum
1627 1345 1847 1403 contri-

146 1431 303 1487 tione
345 1430 729 1501 processiones
761 1431 1005 1501 agendo,
1043 1440 1376 1488 sanctorum
1400 1435 1641 1490 nomina
1679 1434 1846 1490 ﬂebi-

146 1520 277 1576 liter
308 1518 687 1585 inclamando,
722 1519 1092 1588 nudipedalia
1147 1522 1486 1589 exercendo,
1528 1523 1845 1579 Jerusalem

145 1610 547 1675 circumeunt;
578 1621 711 1662 cum
744 1611 1008 1671 seniores,
1053 1614 1173 1662 tum
1201 1607 1419 1677 populi,
1451 1623 1704 1678 superna
1735 1610 1847 1666 im-

146 1695 717 1767 plorandosubsidia,
749 1695 930 1751 eidem
960 1696 1282 1751 necessitati
1314 1706 1673 1754 concurrunt

220 1782 695 1838 Christianorum
723 1785 961 1835 conatus
980 1780 1067 1835 m'l
1084 1782 1363 1851 efﬁciunt.
1384 1814 1450 1822 ——
1480 1784 1580 1839 His
1599 1784 1848 1855 denique

144 1871 610 1942 profundissimaa
662 1870 851 1925 studio
910 1870 1250 1927 humilitatis
1277 1872 1582 1942 explicitis,
1644 1874 1848 1929 accidit

148 1970 215 2017 ut
274 1968 435 2016 sexta
483 1966 809 2014 occurreret
868 1958 1025 2025 feria,
1089 1960 1142 2013 in
1189 1974 1306 2029 qua
1355 1975 1487 2017 cum
1527 1961 1849 2017 vehementi

148 2049 438 2105 civitatem
500 2047 851 2116 impetissent
920 2046 1214 2113 instantia,
1276 2056 1328 2103 et
1390 2049 1535 2104 nulli
1611 2064 1849 2118 prorsus

148 2137 377 2193 effectui
412 2136 709 2192 molimina
749 2139 1082 2190 communia
1131 2136 1483 2206 valuissent;
1511 2152 1638 2194 ecce
1677 2140 1850 2194 totius

151 2226 370 2282 militiae
426 2225 635 2280 animis
679 2231 852 2279 tantae
882 2224 1291 2294 desperationis
1346 2222 1846 2297 stupor'irrepsnt,

154 2315 298 2369 adeo
330 2313 738 2368 universorum
793 2312 973 2367 robur
1000 2312 1237 2368 evanuit
1267 2320 1332 2368 ut
1359 2313 1688 2370 infortuniis
1714 2314 1853 2371 elisa

150 2400 554 2472 frequentibus
584 2414 953 2471 quorumque
973 2400 1314 2472 generaliter
1334 2401 1849 2459 audacissimorum

156 2487 328 2544 corda
358 2487 739 2543 conciderent.
789 2487 1019 2554 Audivi,
1068 2494 1238 2542 testor
1261 2488 1464 2550 Deum.
1487 2503 1521 2544 a
1553 2490 1688 2544 viris
1716 2489 1851 2558 qui-

151 2575 405 2631 busdam
429 2574 669 2630 veritate
709 2574 982 2644 praeditis,
1019 2574 1119 2644 qui
1167 2574 1245 2629 illi
1298 2575 1494 2631 divino
1544 2576 1853 2632 interfuere

157 2662 500 2734 procinctui,
534 2663 674 2732 quia
726 2676 859 2716 cum
899 2660 1225 2717 Christiana
1264 2662 1466 2717 militia
1523 2676 1557 2717 a
1608 2662 1855 2719 civitatis

156 2751 445 2808 mmnibus
474 2751 884 2822 expugnandis
930 2752 1053 2807 sine
1101 2751 1234 2807 ullis
1266 2762 1690 2809 reverterentur
1727 2752 1854 2809 effe-

156 2839 364 2907 ctibus,
426 2840 651 2896 videres
705 2842 948 2909 optimos
983 2854 1247 2910 quosque
1292 2839 1553 2909 equitum
1588 2853 1620 2894 a
1655 2854 1853 2895 muro-

1952 468 2288 524 nominatim
2335 469 2470 525 huic
2499 469 2807 526 insererent
2852 471 3095 541 paginae,
3144 473 3248 527 nisi
3282 474 3481 529 scirem
3525 480 3649 543 post

1952 555 2200 612 reditum
2240 564 2529 613 tantorum
2559 572 2655 613 eos
2705 558 3055 630 flagitiorum
3084 573 3150 614 ac
3175 562 3452 616 scelerum
3494 561 3647 617 infa-

1953 644 2129 699 miam
2182 645 2512 711 incurrisse,
2573 653 2635 700 ut
2684 646 2753 701 de
2808 660 3008 701 eorum
3049 648 3517 715 expressionibus
3568 662 3650 704 se-

1952 733 2210 787 cundum
2257 732 2542 802 judicium
2599 733 2693 788 Dei
2752 748 2957 789 nomen
3016 734 3403 805 diligentium,
3449 736 3651 793 videar

1954 834 2067 875 non
2100 821 2312 891 injuria
2346 822 2608 877 tacuisse.
2643 822 2773 877 Mox
2833 823 3027 892 itaque
3063 831 3123 878 ut
3163 824 3414 880 Francos
3457 823 3652 880 Sarra-

1953 907 2076 963 ceni
2119 909 2299 964 muris
2351 909 2634 965 involasse
2688 911 3068 979 conspiciunt,
3105 925 3202 979 per
3233 925 3428 966 muros
3476 913 3647 982 ipsos,

1957 1008 2170 1065 perque
2218 996 2505 1051 civitatem
2564 996 2837 1052 continuo
2903 997 3100 1068 fugam
3164 998 3471 1067 arripiunt.
3532 998 3651 1054 Illis

1955 1083 2205 1153 denique
2251 1084 2585 1139 cedentibus
2631 1084 2914 1140 universis
2963 1085 3112 1141 illico
3148 1097 3476 1142 nostrorum
3532 1085 3651 1143 ruit

1954 1171 2243 1227 exercitus
2276 1187 2288 1225 :
2318 1171 2445 1227 aliis
2472 1186 2571 1241 per
2617 1172 2899 1229 foramina
2935 1174 3194 1230 arietinis
3242 1175 3452 1230 ictibus
3480 1184 3647 1244 acta;

1956 1259 2305 1329 quibusdam
2364 1275 2463 1329 per
2508 1261 2911 1318 machinarum
2977 1263 3353 1319 influentibus
3408 1263 3650 1334 fastigia.

1957 1348 2043 1403 Fit
2099 1349 2336 1404 introire
2404 1349 2707 1404 nitentium
2770 1351 3082 1406 admodum
3144 1360 3283 1407 tunc
3342 1350 3653 1420 pernitiosa

1955 1435 2232 1500 celeritas,
2287 1444 2342 1491 et
2385 1437 2520 1492 dum
2568 1437 2819 1507 quisque
2878 1438 3099 1507 primus
3160 1439 3397 1507 reperiri
3435 1439 3651 1494 deside-

1957 1533 2065 1586 rat,
2113 1533 2317 1580 mutua
2365 1526 2509 1581 alter
2564 1525 2813 1581 alterum
2860 1526 3280 1595 compressione
3327 1526 3648 1582 conculcat.

1886 1653 1927 1706 Β
1959 1613 2132 1669 Porro
2186 1617 2356 1668 etiam
2395 1614 2549 1669 circa
2611 1613 2758 1683 ipsos
2814 1628 2962 1684 quos
3020 1612 3320 1669 Sarraceni
3367 1613 3655 1670 obstruse-

1954 1711 2108 1769 rant,
2139 1701 2302 1757 urbis
2330 1706 2625 1771 portarum
2656 1702 2945 1768 introitus,
2991 1701 3151 1757 fraus
3187 1702 3458 1771 adoperta
3492 1715 3646 1757 scro-

1955 1789 2135 1851 bium,
2216 1789 2546 1846 Sarracenis
2591 1790 2802 1846 eisdem
2868 1798 3089 1846 constat
3145 1790 3519 1846 auctoribus:
3553 1789 3654 1846 ubi

1958 1879 2153 1934 multis
2206 1879 2400 1934 intulit
2454 1879 2573 1948 ipse
2647 1878 2968 1948 periculum
3043 1893 3231 1946 casus,
3293 1886 3531 1948 excepto
3589 1892 3655 1934 eo

1955 1965 2281 2022 discrimine
2320 1966 2470 2035 quod
2522 1965 2748 2033 fecerat,
2781 1966 2918 2021 dum
2972 1967 3336 2037 impatienter
3376 1965 3654 2032 inﬂuunt,

1957 2061 2243 2122 angustus
2291 2053 2579 2109 introitus.
2610 2054 2872 2124 Paganos
2909 2054 3102 2123 itaque
3136 2054 3418 2125 fugientes
3451 2053 3654 2109 Franci

1957 2143 2218 2199 ferociter
2252 2142 2683 2211 insequuntur,
2750 2149 2805 2197 et
2858 2141 3044 2197 obviis
3098 2142 3370 2197 omnibus
3427 2139 3656 2197 indiffe-

1958 2230 2106 2286 renti
2157 2229 2308 2285 caede
2339 2229 2617 2296 mactatis,
2655 2244 2838 2300 usque
2867 2229 2939 2284 ad
3000 2230 3211 2299 ipsum,
3246 2228 3399 2299 quod
3427 2227 3653 2284 diceba-

1961 2327 2058 2374 tur
2110 2317 2427 2372 Salomonis
2483 2317 2784 2387 templum,
2846 2316 3156 2372 internecio
3224 2317 3412 2386 potius
3475 2329 3656 2386 quam

1960 2420 2179 2477 pugna,
2214 2418 2315 2475 per
2348 2405 2562 2475 plateas
2590 2409 2645 2461 et
2669 2405 2918 2476 compita
2968 2405 3240 2474 vicosque
3271 2403 3653 2474 protenditur.

1962 2493 2070 2551 Ubi
2117 2497 2172 2548 et
2227 2500 2385 2548 tanta
2437 2492 2654 2550 exstitit
2714 2493 2956 2549 humani
3015 2493 3243 2549 cruoris
3301 2490 3524 2557 effusio,
3592 2499 3658 2548 ut

1961 2582 2393 2652 procedentium
2450 2596 2625 2653 prope
2684 2583 2825 2638 talos
2884 2582 3084 2651 irrigui
3142 2579 3445 2651 sanguinis
3499 2579 3659 2635 unda

1961 2670 2375 2739 submergeret.
2409 2669 2556 2724 Istac
2591 2667 2827 2739 quidem
2866 2682 2956 2725 res
3001 2682 3070 2724 ea
3102 2667 3475 2738 prosperitate
3520 2680 3657 2736 pro-

1961 2757 2148 2815 cessit.

2034 2845 2235 2916 [VIIL]
2266 2842 2628 2900 Raimundus
2658 2857 2814 2911 vero,
2849 2841 3411 2912 Sanct.-1Egidianus
3456 2840 3659 2910 utique

157 2942 291 2985 rum
321 2926 725 2999 congressibus
774 2928 1013 2991 resilire,
1053 2942 1263 2984 manus
1304 2927 1679 2998 complodere,
1729 2931 1855 2998 eju-
1893 2945 1934 3001 ο
1964 2934 2056 2989 ille
2114 2947 2321 2999 comes,
2354 2945 2387 2986 a
2416 2930 2734 2987 meridiana
2785 2930 2954 3001 plaga
3006 2928 3261 2986 admovit
3290 2926 3607 2983 exercitum
3640 2942 3653 2981 :

156 3017 372 3073 latibus
397 3017 535 3072 diris
565 3017 910 3086 obstrepere,
952 3024 1007 3071 et
1044 3016 1209 3086 quasi
1268 3030 1301 3072 a
1346 3016 1456 3071 Deo
1491 3016 1611 3087 jam
1665 3016 1857 3072 omni-

160 3106 345 3161 modis
374 3104 795 3171 desererentur,
846 3104 1152 3175 ingemere.
1205 3105 1304 3160 Est
1334 3104 1505 3161 etiam
1555 3103 1695 3160 mihi
1740 3119 1855 3160 non

158 3196 413 3252 inferiori
498 3200 637 3249 431
720 3195 994 3251 relatione
1078 3205 1460 3265 compertum,
1542 3197 1855 3253 Robertum

156 3284 595 3341 Northmanniae
625 3283 908 3339 comitem.
941 3283 1375 3354 Bobertumque
1405 3283 1646 3341 alterum
1680 3285 1855 3340 Flan-

158 3373 417 3428 driarum
454 3374 769 3442 principem
816 3372 1032 3443 junctis
1083 3374 1298 3443 pariter
1350 3375 1684 3429 convenisse
1726 3389 1857 3430 mm-

158 3461 409 3527 rorihus,
457 3470 512 3517 et
557 3475 618 3517 se
666 3475 799 3516 cum
845 3461 1071 3517 fletibus
1126 3462 1432 3519 uberrimis
1473 3463 1857 3519 conclamasse

159 3549 531 3613 miserrimos,
589 3564 736 3620 quos
768 3564 889 3605 suae
930 3542 1263 3607 adoratione
1302 3551 1491 3607 crucis
1535 3559 1590 3607 et
1616 3551 1851 3618 visione,

159 3639 273 3693 imo
330 3638 695 3694 veneratione
740 3638 989 3708 sepulcri
1039 3646 1335 3708 tantopere
1379 3640 1544 3695 Jesus
1587 3640 1857 3694 Dominus

151 3726 440 3796 judicaret
497 3727 777 3797 indignos.
834 3727 905 3782 At
943 3740 1011 3781 ea
1066 3727 1489 3797 propinquante
1547 3728 1685 3783 hora
1737 3742 1856 3797 qua

159 3829 331 3870 verus
382 3815 473 3870 ille
514 3818 696 3881 .lesus,
760 3815 860 3885 qui
909 3815 1164 3871 secundo
1211 3815 1494 3888 populum
1523 3815 1593 3869 de
1620 3815 1853 3885 Egypti

156 3902 349 3972 exegit
378 3902 690 3972 ergastulo,
754 3902 811 3957 in
856 3916 1087 3958 crucem
1117 3902 1380 3958 sublatus
1412 3903 1684 3969 creditur,
1732 3904 1856 3960 dux

156 3989 518 4056 Godefridus,
550 3999 605 4046 et
649 4006 836 4047 comes
884 3991 1232 4047 Eustachius
1278 3992 1456 4047 frater
1494 3991 1640 4062 ejus,
1693 3992 1796 4063 qui
1824 4007 1856 4048 e

154 4087 341 4135 castro
374 4080 707 4135 nullatenus
758 4093 1125 4150 propugnare
1169 4080 1523 4147 destiterant,
1574 4089 1628 4137 et
1660 4096 1857 4137 muros

158 4164 399 4222 inferius
447 4167 795 4223 creberrima
849 4167 1044 4223 arietis
1106 4166 1348 4223 illisione
1402 4168 1744 4239 pulsabant;
1800 4176 1857 4225 et

1965 3022 2171 3093 ingens
2228 3022 2440 3090 pariter
2519 3019 2788 3075 machina
2861 3018 3001 3074 rotis
3052 3025 3183 3073 acta
3238 3016 3530 3074 ferebatur
3584 3016 3659 3072 ad

1965 3122 2220 3174 murum,
2277 3107 2374 3163 sed
2425 3107 2573 3162 inter
2626 3119 2753 3162 eam
2804 3119 2935 3175 quae
2989 3104 3288 3161 castellum
3336 3105 3654 3172 dicebatur,

1965 3196 2293 3252 machinam
2346 3204 2402 3251 et
2450 3209 2684 3250 murum
2713 3192 2878 3249 fovea
2918 3194 3089 3248 nimis
3135 3193 3251 3250 alta
3296 3193 3546 3263 patebat.
3586 3195 3661 3249 At

1964 3284 2245 3354 princeps,
2305 3283 2617 3339 accelerato
2671 3282 2928 3349 consilio,
2987 3282 3237 3351 qualiter
3301 3290 3659 3352 praeruptum

1964 3372 2108 3428 illud
2168 3371 2355 3427 valeat
2408 3371 2530 3427 sine
2594 3370 2929 3426 difﬁcultate
2999 3370 3171 3442 longa
3247 3369 3476 3440 repleri.
3559 3383 3660 3440 per

1961 3462 2279 3518 exercitum
2308 3460 2547 3530 jubetur
2579 3471 2909 3529 praeconum
2959 3471 3097 3513 voce
3147 3458 3409 3513 cantari:
3453 3466 3658 3527 quate-

1964 3563 2078 3605 nus
2113 3549 2211 3619 qui
2264 3549 2334 3618 .in
2383 3548 2641 3603 eamdem
2702 3546 2924 3603 foveam
2984 3547 3161 3603 trium
3221 3555 3368 3602 esset
3422 3545 3661 3616 portitor

1965 3636 2241 3706 lapidum,
2272 3649 2455 3691 unum
2488 3650 2547 3690 se
2575 3635 2744 3690 sciret
2775 3635 3079 3690 denarium
3114 3634 3473 3691 habiturum.
3523 3633 3662 3700 Quae

1964 3724 2214 3794 repletio,
2244 3722 2419 3779 tridui
2450 3724 2636 3793 spatio
2667 3723 2766 3778 vix
2799 3724 2980 3792 potuit
3024 3722 3343 3794 exaequari,
3393 3735 3526 3778 cum
3557 3735 3663 3776 nec

1964 3798 2228 3868 noctibus
2285 3819 2469 3881 posset
2505 3824 2539 3866 a
2590 3818 2773 3880 empto
2813 3809 3043 3865 cessari.
3096 3809 3333 3880 Oppleta
3390 3810 3449 3864 in
3506 3808 3663 3864 hunc

1966 3901 2200 3957 modum
2231 3899 2395 3956 fovea
2427 3899 2755 3955 machinam
2789 3898 2943 3953 illam
2986 3899 3304 3956 exhibuere
3353 3898 3657 3955 mmnibus.

1964 3989 2137 4044 Porro
2219 3988 2299 4043 illi
2380 3988 2480 4057 qui
2537 3988 2780 4043 interius
2854 3987 3013 4043 urbis
3068 3985 3430 4043 defensanda:
3487 3998 3661 4042 curas

1964 4084 2415 4145 assumpserant,
2470 4089 2583 4131 non
2616 4074 2742 4131 dico
2775 4075 3130 4142 fortitudine,
3183 4075 3279 4130 sed
3335 4074 3664 4144 pertinacis-

1968 4166 2113 4222 sima
2144 4166 2351 4221 nostris
2384 4165 2541 4220 rabie
2583 4164 2957 4230 obsistebant,
2995 4164 3343 4232 Graecorum,
3386 4179 3532 4235 quos
3581 4165 3664 4220 sic

156 4269 253 4310 eos
283 4254 381 4324 qui
414 4269 662 4325 superne
689 4255 976 4312 mmnibus
1005 4255 1369 4311 defensandis
1413 4257 1677 4313 astabant
1710 4237 1850 4327 lapi-
1894 4237 1937 4291 θ
1969 4255 2273 4315 vocabant,
2309 4254 2530 4324 ignium
2562 4266 2958 4322 saxorumque
2981 4252 3235 4323 jactibus
3262 4254 3663 4309 machinarum

156 4344 294 4399 dum
318 4343 589 4414 jactibus,
615 4358 681 4399 ac
714 4344 886 4398 variis
918 4343 1231 4400 missilibus
1255 4345 1494 4406 collatis.
1527 4345 1696 4401 etiam
1724 4346 1857 4402 hinc

159 4430 408 4500 indeque
462 4440 668 4501 praesto
723 4432 1117 4498 mucronibus,
1172 4431 1515 4489 Sarracenos
1574 4447 1674 4503 pro
1725 4433 1857 4489 vitze

158 4522 478 4590 patriaque
510 4519 749 4575 tuitione
783 4534 1075 4591 pugnaces
1100 4521 1404 4592 urgebant.

838 4608 1070 4665 CAPUT
1112 4610 1201 4663 IV.

231 4694 326 4765 [VI
335 4692 399 4767 1.]
438 4695 682 4748 Demum
717 4694 1003 4750 civitatem
1025 4694 1357 4751 Chrisfiani
1385 4696 1449 4751 vi
1467 4699 1523 4750 et
1550 4695 1734 4750 armis
1762 4698 1857 4750 in-

150 4783 498 4854 grediuntur
542 4799 647 4854 per
673 4800 885 4837 muros.
919 4813 988 4824 —
1016 4784 1242 4839 Interea
1274 4784 1557 4851 Letaldus,
1590 4798 1663 4839 ex
1692 4785 1858 4855 equi-

158 4870 314 4927 tibus
345 4871 605 4940 quidam,
643 4872 784 4927 tanti
828 4886 976 4927 ausu
1029 4880 1084 4926 et
1138 4871 1403 4940 opinione
1452 4871 1719 4927 facinoris
1761 4888 1858 4942 per

155 4967 480 5028 temporum
513 4959 792 5015 succidua
820 4960 1218 5025 celebrandas,
1266 4961 1487 5029 primus
1518 4974 1693 5028 super
1723 4976 1857 5017 mu-

154 5062 249 5102 ros
299 5047 548 5102 civitatis
607 5047 825 5116 insiliit,
903 5056 958 5103 et
1027 5048 1279 5103 maximo
1357 5048 1854 5104 circumstantium

152 5143 392 5204 stupore
450 5135 782 5201 Gentilium,
837 5144 1056 5191 mentes
1113 5135 1255 5190 felici
1310 5135 1416 5191 hac
1469 5150 1542 5191 ex
1589 5151 1859 5206 praesum-

157 5223 350 5294 ptione
376 5224 680 5279 concussit.
719 5224 792 5280 Ut
838 5238 974 5295 ergo
1013 5225 1101 5280 vir
1132 5223 1224 5279 ille
1254 5224 1602 5292 conscendit,
1637 5225 1858 5295 quique

148 5311 437 5381 juvenum
494 5311 925 5378 Francicorum,
973 5325 1119 5382 quos
1150 5311 1241 5380 pia
1265 5311 1382 5382 jam
1415 5312 1637 5367 dudum
1669 5312 1856 5369 reddi-

155 5399 321 5454 derat
372 5399 710 5454 illustriores
742 5399 1006 5465 audacia,
1062 5413 1184 5456 sese
1218 5400 1577 5469 proripiunt;
1623 5408 1677 5456 et
1716 5401 1854 5456 dum

155 5483 458 5541 inferiores
491 5484 566 5540 illi
599 5485 702 5541 uni
756 5485 857 5556 qui
887 5492 1268 5556 praecesserat,
1310 5484 1485 5541 videri
1533 5483 1854 5558 refugiunt,

1963 4351 2237 4412 carpenta
2285 4349 2601 4410 vexantes;
2653 4355 2903 4411 quorum
2959 4341 3106 4397 ictus
3152 4350 3327 4412 atque
3367 4342 3663 4398 molimina

1965 4432 2110 4487 miro
2159 4430 2363 4486 Franci
2424 4429 2655 4500 ingenio
2703 4430 2991 4485 multoties
3044 4430 3380 4486 fefellerunt.
3410 4432 3456 4486 A
3502 4439 3663 4499 parte

1964 4519 2181 4574 interea
2218 4518 2479 4575 orientali
2525 4518 2775 4587 civitate,
2835 4520 2917 4574 uti
2967 4519 3225 4588 praedixi,
3287 4518 3532 4588 irrupta,
3589 4518 3662 4574 ad

1966 4607 2302 4675 praedictum
2333 4606 2594 4662 comitem
2630 4606 2864 4677 pertulit
2889 4606 3042 4662 haud
3065 4606 3213 4661 alius
3252 4619 3429 4675 quam
3465 4619 3664 4676 pugna

1963 4694 2348 4760 tumultuans,
2416 4694 2570 4764 quod
2629 4695 2833 4750 Franci
2904 4695 3027 4764 jam
3095 4693 3155 4749 in
3230 4693 3369 4749 urbe
3448 4693 3660 4762 passim

1963 4781 2231 4836 caedendo
2274 4780 2600 4836 discurrere
2641 4789 2808 4851 capta
2856 4780 3205 4835 viderentur.
3272 4800 3291 4826 ι
3349 4778 3519 4847 Quid,
3582 4779 3664 4833 in-

1963 4870 2090 4938 quit
2151 4868 2223 4924 ad
2299 4882 2453 4931 suos,
2537 4868 2660 4925 istic
2728 4866 3073 4924 moramini?
3121 4867 3322 4924 Nonne
3392 4869 3658 4932 Francos,

1962 4956 2457 5023 civitateobtenta,
2491 4957 2699 5013 celebri
2753 4957 3067 5026 spoliorum
3100 4965 3269 5025 raptu
3307 4954 3431 5025 jam
3461 4956 3661 5010 trium-

1965 5046 2145 5115 phare
2191 5045 2563 5116 conspicitis?
2601 5067 2621 5094 ι
2679 5046 2892 5115 Irrupit
2922 5045 3117 5114 itaque
3146 5058 3279 5100 cum
3326 5044 3448 5099 suis
3477 5042 3663 5099 celer-

1963 5135 2106 5190 rime
2153 5148 2340 5190 comes
2388 5134 2593 5191 urbem
2634 5149 2647 5188 :
2684 5142 2739 5190 et
2795 5133 2936 5204 quia
2976 5134 3224 5188 Francos
3278 5146 3380 5202 per
3436 5130 3664 5187 urbana

1964 5220 2177 5293 palatia
2207 5222 2511 5292 quosdam,
2542 5221 2767 5292 aliquos
2792 5221 2864 5276 ad
2903 5219 3256 5276 Dominicam
3300 5219 3661 5286 memoriam,

1963 5325 2069 5366 nec
2123 5324 2339 5380 paucos
2391 5324 2493 5380 pro
2543 5308 2882 5379 pastoforiis,
2916 5317 2979 5365 ut
3010 5307 3187 5364 veteri
3222 5314 3354 5363 utar
3405 5306 3659 5371 nomine,

1964 5399 2155 5469 templi
2201 5399 2516 5455 Salomonis
2568 5397 2848 5454 acerrimo
2880 5396 3154 5453 conﬂictu
3204 5396 3440 5467 evagari
3494 5408 3659 5452 exer-

1962 5486 2194 5563 cerique
2273 5486 2605 5545 didicerat:
2653 5499 2722 5542 ne
2789 5498 2823 5540 a
2895 5484 3147 5547 dominio
3217 5491 3398 5564 capta:
3452 5496 3662 5564 expers
