3902 6082
277 216 378 267 795

1179 213 1239 265 v.
1281 214 1611 269 GUlBERTl
1650 214 1944 269 ABBATIS
1980 215 2042 270 s.
2092 214 2330 268 manus
2369 215 2459 268 ns
2498 187 2884 274 uovmenro

3692 222 3808 274 796

277 351 545 406 existeret
598 350 864 414 civitatis,
926 363 1058 404 cum
1129 363 1193 404 eo
1239 350 1617 416 Admiraviso,
1688 349 1769 405 sic
1821 348 1974 405 enim
2014 350 2363 418 Aprehendi
2427 365 2461 405 a
2525 352 2755 407 nemine
2813 351 2966 407 valet
3026 351 3194 408 fletus
3259 353 3550 409 emiserint
3609 368 3806 424 quam

279 451 414 492 eum
465 443 692 502 vocant,
746 436 845 505 qui
903 437 1018 490 arci
1091 435 1290 502 David,
1362 453 1493 506 qua
1557 438 1689 493 Sion
1741 438 1970 503 dicitur,

280 533 539 597 praerat,
593 538 910 579 sermonem
963 524 1202 591 habuit;
1270 532 1333 580 ut
1391 539 1578 580 arcem
1650 526 1758 581 sibi
1829 525 1977 581 facta

282 610 564 665 deditione
617 610 995 676 contraderet,
1054 610 1124 664 ab
1162 610 1256 665 illo
1307 612 1514 683 exegit.
1570 612 1810 682 Satrapa
1863 613 1976 666 ita—

283 711 415 766 que,
474 705 638 765 pacto
698 697 846 752 inter
908 713 1002 754 eos
1052 699 1212 765 inito,
1271 700 1464 754 comiti
1517 701 1699 756 eidem
1752 710 1976 770 portam

283 785 438 840 illam
506 786 753 854 aperuit,
825 801 925 855 per
974 801 1149 857 quam
1216 795 1454 843 eatenus
1502 789 1813 844 Jerusalem
1883 791 1976 845 in—

281 880 570 929 troeuntes
614 875 922 945 peregrini,
966 882 1020 930 et
1069 875 1324 941 introire,
1358 883 1412 930 et
1451 878 1768 946 pensiones,
1829 892 1977 947 quas

282 962 554 1017 musellas
602 977 805 1018 vocare
859 964 1136 1031 solebant,
1169 964 1386 1019 solvere
1421 965 1588 1020 nimis
1624 965 1868 1022 indebite
1907 979 1976 1022 ac

282 1051 590 1105 crudeliter
619 1051 993 1122 cogebantur.

353 1139 631 1208 Ingressis
702 1139 878 1209 igitur
942 1140 1416 1207 Provincialibus,
1475 1141 1972 1214 Sanct.-}Egidiani

281 1225 494 1281 scilicet
533 1226 754 1282 comitis
793 1228 1070 1293 exercitu,
1112 1237 1165 1284 et
1198 1229 1418 1285 caeteris
1449 1231 1718 1285 omnibus
1751 1232 1970 1301 urbem,

283 1315 454 1370 ﬁebat
500 1329 860 1384 paganorum
898 1317 1204 1372 indiscreta
1258 1319 1580 1387 percussio;
1616 1334 1727 1374 non
1765 1320 1968 1375 teneri-

283 1404 440 1468 tudo,
503 1419 615 1458 non
675 1406 905 1472 species.
969 1421 1082 1460 non
1139 1409 1414 1476 gravitas,
1475 1422 1590 1462 non
1643 1408 1774 1463 ulla
1827 1409 1974 1463 vires

280 1492 772 1547 subtrahebantur
814 1492 1029 1548 exitio:
1063 1495 1285 1548 cunctis
1344 1496 1684 1565 generaliter
1730 1497 1970 1552 inevita-

283 1578 617 1648 biliterque,
675 1586 826 1634 48':
886 1581 1220 1637 imminebat
1270 1582 1398 1636 dira
1449 1585 1734 1652 pernities.
1786 1588 1857 1639 At
1913 1586 1972 1640 hi

283 1665 384 1734 qui
429 1665 500 1720 ad
553 1665 870 1722 Salomonis
915 1669 1192 1737 templum
1221 1683 1341 1724 sese
1373 1670 1757 1736 contulerant,
1789 1679 1972 1727 totum

283 1753 561 1808 adversus
615 1763 838 1810 nostros
885 1756 1244 1827 confligendo
1293 1759 1588 1814 detinuere
1648 1759 1818 1827 diem,
1877 1762 1974 1816 sed

283 1841 481 1905 nostri,
563 1855 759 1896 eorum
826 1843 1163 1898 semivivam
1223 1845 1654 1914 desperatorum
1741 1849 1974 1918 indigne

282 1928 525 1983 ferentes
562 1930 886 1994 audaciam,
929 1932 1256 2001 conspirata
1300 1934 1658 1988 animositate
1706 1949 1764 1989 se
1814 1935 1971 2005 inge-

280 2025 439 2080 runt,
492 2025 553 2089 let
607 2018 804 2088 templi
871 2019 1044 2087 adita,
1130 2021 1342 2076 exertis
1393 2022 1679 2077 socialiter
1748 2024 1974 2079 viribus

278 2113 655 2173 penetrantes,
709 2114 863 2162 tanta
895 2109 1130 2164 miseros
1157 2111 1307 2165 intra
1339 2111 1454 2166 fani
1501 2112 1780 2166 ambitum
1823 2113 1973 2168 cade

276 2193 610 2261 dilacerant,
666 2203 730 2251 ut
789 2210 1022 2253 cruores
1068 2207 1486 2268 peremptorum
1545 2199 1664 2254 sine
1708 2214 1968 2267 numero,

275 2283 602 2339 calceorum
664 2297 807 2352 pene
863 2299 994 2340 oras
1045 2287 1405 2342 excederent.
1468 2287 1778 2343 Promiscui
1835 2303 1971 2358 ergo

276 2385 471 2439 sexus,
550 2380 604 2427 et
673 2373 1046 2429 indifferentis
1122 2376 1325 2442 atatis,
1400 2376 1806 2432 innumerabili
1871 2392 1972 2447 per

275 2458 426 2514 idem
459 2461 735 2530 templum
767 2461 1136 2518 multitudine
1163 2462 1312 2530 fusa,
1355 2465 1634 2534 quosdam
1684 2466 1970 2535 reliquere

278 2548 627 2617 superstites,
701 2550 883 2618 spatio
956 2551 1038 2606 eis
1117 2552 1247 2607 vita
1328 2552 1554 2608 interim
1631 2568 1697 2608 ac
1765 2554 1968 2610 salutis

274 2635 516 2702 indulto,
545 2636 724 2691 donec
775 2652 1053 2694 caesorum
1078 2640 1380 2708 cadavera,
1417 2655 1664 2710 quorum
1713 2642 1968 2710 dispersa

268 2724 497 2793 jacebat
541 2725 648 2779 hac
690 2725 935 2796 illacque
983 2728 1131 2783 fada
1160 2731 1474 2800 congeries,
1527 2730 1632 2798 ipsi
1661 2732 1964 2786 amoliren-

274 2819 372 2866 tur
423 2825 456 2865 a
509 2812 735 2882 templo.
797 2813 1019 2879 Quibus
1070 2815 1294 2882 amotis,
1357 2825 1411 2873 et
1484 2818 1588 2887 ipsi
1647 2819 1864 2887 quibus
1913 2827 1967 2876 et

275 2897 511 2966 priores,
567 2899 925 2975 succubuere
998 2903 1392 2959 mucronibus.
1464 2905 1540 2960 At
1611 2907 1708 2976 qui
1773 2907 1964 2976 templi
2005 2935 2045 2989 ε

275 2999 549 3054 suprema
613 2987 1081 3054 conscenderant,
1157 2988 1316 3059 vulgi
1365 2991 1672 3059 promiscui
1740 2993 1966 3049 infinita

274 3073 622 3142 frequentia,
693 3074 970 3130 Tancredi
1028 3083 1083 3130 et
1139 3075 1420 3145 Gastonis,
1485 3095 1586 3149 pro
1638 3081 1802 3151 signo
1857 3082 1964 3137 sibi

272 3160 499 3215 interim
533 3161 690 3230 pacis
733 3161 988 3228 indulta,
1045 3163 1259 3218 vexilla
1305 3165 1647 3235 suscipiunt.
1688 3169 1741 3222 Is
1771 3175 1964 3224 autem

271 3248 504 3316 Gaston,
564 3249 656 3304 vir
707 3249 946 3306 illustris
1008 3259 1184 3321 atque
1239 3251 1574 3322 ditissimus,
1640 3263 1836 3312 utrum
1897 3258 1966 3313 de

271 3333 549 3390 Gasconia
600 3351 673 3392 an
733 3339 1007 3394 Basconia
1056 3339 1216 3408 foret,
1273 3355 1388 3396 non
1435 3342 1655 3414 integre
1709 3346 1962 3413 memini,

273 3423 412 3491 quia
475 3432 667 3481 tamen
725 3428 794 3482 de
842 3428 1118 3484 alterutro
1167 3436 1312 3485 esset
1378 3431 1449 3485 ad
1507 3440 1722 3486 certum
1787 3433 1964 3488 tenui.

273 3511 547 3568 Exercitu
603 3515 782 3585 igitur
837 3516 1211 3584 discurrente,
1261 3518 1462 3574 civitas
1517 3520 1788 3576 universa
1836 3521 1969 3577 diri-

276 3599 467 3670 pitur;
508 3603 866 3673 obtentisque
916 3605 1141 3674 palatiis
1202 3613 1257 3662 et
1317 3607 1651 3678 quibusque
1723 3609 1965 3676 adibus,

273 3690 492 3758 argenti
533 3691 693 3748 dives
740 3701 794 3748 et
819 3693 968 3758 auri,
1013 3694 1447 3764 sericarumque
1476 3697 1722 3752 vestium
1774 3699 1968 3766 praeda

274 3779 580 3848 corripitur
639 3797 651 3836 :
717 3796 1001 3852 equorum
1083 3785 1493 3855 mulorumque
1579 3785 1968 3855 multiplicitas

274 3867 549 3934 aperitur,
579 3866 636 3922 in
679 3869 947 3925 domibus
982 3871 1325 3927 victualium
1371 3873 1631 3928 omnium
1672 3874 1968 3943 opulentia

275 3955 576 4024 reperitur.
627 3957 679 4010 Is
719 3965 909 4012 autem
961 3959 1018 4013 in
1067 3960 1361 4015 Dominica
1412 3960 1616 4015 militia
1669 3962 1874 4017 modus
1913 3971 1969 4018 et

274 4045 600 4113 exaquatio
632 4043 737 4099 fuit
773 4060 785 4098 :
826 4067 846 4093 ι
881 4055 946 4102 ut
971 4048 1326 4118 quicunque,
1365 4049 1536 4104 etiam
1581 4051 1964 4120 pauperrimo,

275 4145 396 4187 sese
419 4132 688 4201 qualibet
721 4135 933 4202 optima
965 4137 1323 4204 obtulissent,
1366 4138 1494 4206 ejus
1541 4137 1738 4206 procul
1768 4138 1963 4202 dubio,

2089 439 2300 493 beatos.
2351 441 2502 496 Deus
2544 440 2924 510 omnipotens,
2975 441 3112 509 quid
3161 441 3234 497 ibi
3284 442 3596 508 viscerum,
3648 443 3804 512 quid

2084 526 2313 593 latitia,
2357 527 2495 596 quid
2535 528 2798 582 dolorum
2845 528 2971 594 fuit,
3021 529 3160 584 dum
3196 537 3320 598 post
3367 530 3691 590 inauditas,
3745 538 3804 585 et

2085 614 2308 669 cunctis
2348 628 2382 669 a
2419 616 2627 670 saeculo
2657 616 3007 672 exercitibus
3044 618 3391 686 inexpertas,
3444 619 3613 687 quasi
3663 632 3806 685 par-

2085 709 2250 757 tuum
2303 703 2600 770 torsiones,
2647 703 2715 757 ad
2758 717 2908 757 nova
2954 703 3191 758 visionis
3257 705 3397 759 adeo
3445 704 3807 759 desiderata

2086 789 2318 859 gaudia,
2346 804 2412 844 ac
2435 790 2483 845 si
2511 791 2629 845 nati
2671 791 2792 851 filii,
2839 805 2958 845 sese
3008 793 3333 860 pervenisse
3379 793 3809 861 conspiciunt?

2086 878 2320 932 Marem
2354 877 2548 948 igitur,
2592 885 2645 933 et
2684 886 2873 932 tamen
2932 877 3072 933 fusis
3138 877 3424 947 lacrymis,
3468 881 3630 934 omni
3684 880 3803 934 sibi

2085 965 2442 1021 dulcioribus
2482 979 2646 1035 pane,
2696 965 3072 1033 conjubilant,
3114 967 3425 1036 Jesumque
3457 967 3803 1036 piissimum

2084 1068 2321 1110 suorum
2378 1054 2738 1109 diutinorum
2789 1055 3052 1109 laborum
3115 1069 3180 1109 ac
3238 1055 3604 1111 cruciatuum
3660 1071 3806 1111 cau-

2083 1155 2226 1208 sam,
2286 1155 2353 1195 ac
2399 1144 2444 1194 si
2501 1141 2659 1195 cruci
2712 1155 3050 1210 appensum,
3099 1154 3165 1195 ac
3196 1141 3248 1194 'si
3309 1140 3500 1195 adhuc
3537 1143 3799 1211 sepulcri

2085 1229 2477 1299 integumento
2525 1229 2838 1290 detentum,
2923 1243 3020 1298 per
3079 1229 3308 1299 singula
3369 1231 3797 1285 memoriarum

2085 1327 2387 1384 momenta,
2471 1317 2780 1372 uberrimis
2860 1317 3321 1386 complectuntur
3415 1317 3789 1374 affectibus:

2083 1406 2230 1470 auri,
2318 1405 2658 1475 argentique
2740 1405 3048 1473 magniﬁca
3131 1404 3349 1460 tributa
3399 1406 3794 1475 penduntur,

2082 1494 2178 1548 sed
2227 1493 2383 1548 omni
2446 1493 2729 1548 valentior
2797 1507 3035 1549 munere
3092 1493 3316 1548 devotio
3378 1494 3607 1549 interna
3664 1509 3795 1565 pro-

2083 1580 2282 1636 fertur.

2154 1670 2272 1739 [X.]
2303 1669 2633 1735 Sarracem',
2656 1668 2762 1740 qui
2790 1669 2866 1723 ad
2891 1684 3142 1739 superna
3166 1666 3368 1739 templi
3378 1669 3786 1740 confugerant,

2080 1757 2466 1828 perimuntur.
2499 1790 2566 1797 —-
2594 1759 2852 1828 Denique
2900 1759 3214 1813 crastinum
3250 1771 3418 1813 mane
3451 1758 3783 1821 recanduit,

2080 1856 2136 1902 et
2179 1861 2306 1903 ecce
2347 1847 2570 1914 Franci,
2653 1862 2748 1902 eos
2800 1847 2990 1902 adhuc
3051 1845 3306 1901 residuos
3349 1860 3469 1901 esse
3528 1846 3785 1902 dolentes

2082 1933 2182 2003 qui
2214 1934 2408 2003 templi
2440 1948 2713 2004 suprema
2759 1935 3227 2000 conscenderant,
3263 1933 3601 2004 quibusque
3639 1935 3785 1990 Tan-

2080 2020 2287 2076 credus
2325 2029 2378 2076 et
2403 2021 2613 2076 Gaston
2646 2023 2892 2091 propria,
2931 2030 2995 2077 ut
3035 2035 3212 2090 supra
3252 2022 3527 2087 diximus,
3567 2021 3783 2077 vexilla

2079 2117 2481 2178 perrexerant,
2535 2109 2652 2164 fani
2706 2112 2981 2165 acerrime
3037 2118 3181 2164 tecta
3228 2110 3608 2178 pervadunt:
3645 2109 3783 2164 Sar-

2079 2209 2334 2262 racenos,
2401 2195 2642 2250 feminas
2694 2210 2824 2250 cum
2857 2196 3149 2262 masculis,
3202 2196 3542 2252 dilaceratos
3591 2197 3782 2252 interi-

2078 2291 2260 2338 munt.
2334 2283 2575 2350 Quidam
2633 2297 2704 2338 ex
2763 2284 2845 2339 eis
2899 2284 3077 2339 electa
3142 2284 3248 2340 sibi
3315 2286 3506 2354 potius
3573 2295 3777 2347 morte,

2078 2384 2257 2439 quam
2319 2375 2519 2440 sponte
2586 2369 2808 2438 ipsimet
2875 2371 3304 2438 conscivissent,
3386 2385 3506 2427 sese
3579 2372 3776 2440 templi

2077 2458 2304 2528 fastigio
2369 2458 2573 2512 dedere
2643 2457 2978 2527 pracipites.
3031 2458 3361 2514 Tancredus
3419 2467 3633 2526 tamen,
3676 2473 3779 2528 pro

2077 2548 2224 2617 signi
2262 2546 2597 2616 prabitione
2650 2546 2759 2609 sui,
2802 2553 2857 2600 et
2901 2546 3203 2616 sponsione
3238 2561 3416 2616 quam
3463 2547 3675 2603 Gaston
3727 2557 3780 2603 et

2074 2636 2196 2706 ipse
2249 2635 2518 2702 fecerant,
2584 2634 2792 2689 caedem
2854 2634 3113 2689 eamdem
3153 2649 3303 2705 agre
3353 2635 3503 2690 tulit.
3560 2637 3776 2692 Praci—

2073 2725 2240 2793 pinnt
2279 2724 2472 2792 itaque
2515 2723 2690 2777 nostri
2748 2722 3076 2778 Sarracenis
3128 2723 3443 2793 aliquibus,
3509 2731 3573 2780 ut
3619 2739 3774 2779 mor-

2074 2821 2202 2868 tuos
2231 2809 2492 2878 efferant,
2521 2811 2661 2879 quia
2703 2825 2797 2865 eos
2841 2811 3127 2867 teterrimo
3161 2812 3358 2867 fatore
3385 2812 3714 2881 gravabant
3759 2827 3771 2865 :

2073 2907 2233 2954 tanta
2279 2899 2434 2954 enim
2477 2899 2827 2954 cadaverum
2883 2898 3205 2969 frequentia
3257 2900 3462 2955 civitas
3499 2901 3768 2971 oppleba-

2076 2998 2172 3044 tur
2201 2997 2263 3044 ut
2283 2988 2478 3055 eundi,
2512 2988 2622 3042 nisi
2666 3002 2841 3057 super
2869 2989 3183 3044 occisorum
3229 3003 3485 3058 corpora,
3533 2991 3775 3045 Francis

2075 3078 2320 3134 facultas
2349 3077 2510 3133 nulla
2536 3077 2812 3132 daretur:
2845 3079 3049 3147 pagani
3086 3093 3242 3148 ergo,
3282 3093 3521 3134 suorum
3565 3080 3772 3134 funera
3825 3067 3828 3070 ’

2075 3173 2445 3238 exportantes
2477 3166 2549 3221 ab
2577 3165 2739 3232 urbe,
2773 3178 2874 3234 pro
2902 3164 3124 3221 foribus
3163 3166 3308 3236 ejus,
3352 3167 3665 3223 exstructis
3707 3159 3776 3223 de

2076 3255 2421 3310 cadaverum
2479 3254 2743 3324 congerie
2782 3255 3076 3310 montibus
3117 3255 3428 3310 acervatim
3468 3270 3614 3324 pyra
3643 3257 3778 3311 sub-

2076 3343 2256 3413 posita
2303 3341 2739 3397 comburebant.
2796 3341 3006 3396 Tantas
3042 3341 3338 3411 gentilium
3383 3357 3633 3412 usquam
3673 3359 3778 3397 ca-

2076 3432 2174 3487 des
2202 3430 2470 3486 occidisse
2501 3442 2630 3484 raro
2677 3430 2938 3499 legimus,
2988 3444 3293 3500 nunquam
3327 3431 3582 3487 vidimus
3614 3447 3627 3485 :
3663 3433 3775 3486 Deo

2075 3518 2156 3573 eis
2187 3517 2468 3573 referente
2509 3517 2711 3582 vicem,
2769 3516 2870 3585 qui
2915 3523 3014 3583 tot,
3054 3529 3154 3585 pro
3185 3531 3243 3570 se
3277 3517 3774 3587 peregrinantium

2077 3619 2275 3676 panas
2347 3612 2401 3660 θῐ
2477 3612 2706 3669 mortes,
2776 3616 2923 3673 quas
3008 3611 3166 3659 tanto
3233 3603 3464 3659 fuerant
3523 3612 3775 3675 tempore

2077 3694 2287 3750 ibidem
2335 3693 2508 3762 passi,
2560 3691 2737 3761 digna
2771 3690 3139 3759 nequissimis
3195 3691 3570 3747 retributione
3614 3695 3773 3748 resti-

2078 3782 2204 3838 tuit.
2250 3782 2369 3837 Non
2419 3781 2568 3836 enim
2634 3789 2718 3834 est
2771 3778 3082 3849 quisquam
3136 3780 3246 3834 sub
3268 3781 3382 3835 Deo
3428 3781 3770 3846 intellectus,

2075 3871 2168 3926 cui
2197 3868 2530 3924 astimabile
2567 3867 2869 3934 habeatur,
2902 3874 3121 3936 quanta
3162 3866 3276 3922 illic
3309 3867 3534 3922 cunctis
3571 3876 3771 3923 sancta

2076 3959 2200 4014 loca
2256 3957 2595 4027 petentibus,
2665 3970 2699 4010 a
2766 3955 3067 4026 gentilium
3123 3955 3424 4010 insolentia
3466 3963 3769 4022 tormenta,

2077 4047 2318 4109 labores.
2369 4054 2543 4115 atque
2590 4059 2756 4101 neces
2799 4045 2955 4099 illata
3001 4051 3305 4108 constent;
3347 4065 3373 4092 ε
3404 4060 3537 4114 qua
3593 4047 3774 4117 magis

2079 4136 2258 4191 Deum
2322 4143 2477 4189 certa
2540 4141 2623 4189 est
2691 4133 2797 4188 fide
2863 4132 3109 4188 doluisse
3173 4132 3545 4195 credendum,
3597 4148 3770 4203 quam

276 4222 496 4291 absque
527 4227 942 4294 retractatione,
976 4228 1195 4296 ﬁerent,
1257 4251 1276 4275 ι
1324 4229 1730 4298 cujuscunque
1772 4229 1967 4284 condi-

2153 4238 2256 4279 inu
2288 4224 2527 4292 profana
2549 4223 2894 4292 captivatam
2926 4235 3152 4277 crucem
3181 4229 3355 4290 atque
3385 4221 3768 4290 sepulcrum.-

278 4307 446 4364 tionis
471 4310 784 4378 videretur,
813 4313 907 4369 cui
939 4315 1008 4369 ad
1043 4330 1279 4372 manum
1322 4319 1506 4386 primo
1538 4318 1846 4373 venissent.
1898 4317 1968 4372 Et

274 4411 424 4466 ecce,
458 4397 547 4454 his
595 4401 836 4467 omissis,
869 4403 938 4457 ad
973 4403 1116 4459 illud
1150 4404 1303 4473 quod
1351 4407 1522 4461 tantis
1555 4405 1966 4460 desideriorum

275 4485 510 4542 astibus
538 4487 855 4556 sitiverant,
899 4491 1081 4546 mistis
1132 4491 1345 4560 pariter
1381 4493 1594 4563 gaudio
1635 4501 1688 4548 et
1728 4507 1968 4549 marore

275 4584 651 4631 concurrunt.

349 4663 496 4734 [XL]
527 4664 622 4718 Ad
652 4665 981 4736 sepulcrum
1036 4667 1396 4722 Dominicum
1426 4669 1719 4738 advolant,
1759 4687 1829 4724 ac
1848 4688 1970 4742 pra

271 4752 484 4821 gaudio
508 4753 884 4811 acdevotione
901 4756 1369 4828 illacrymantur.
1395 4789 1463 4797 —
1477 4759 1816 4828 Sepulcrum
1833 4775 1969 4832 ergo

277 4840 640 4897 Dominicum
698 4844 934 4911 adeunt,
984 4852 1038 4900 et
1070 4846 1139 4900 de
1170 4846 1414 4915 quasita
1469 4847 1765 4903 beatorum
1815 4849 1968 4904 loco-

276 4943 407 4984 rum
443 4929 718 4996 libertate,
750 4932 830 4986 illi
862 4947 1223 5003 summopere
1250 4935 1640 5005 gratulantur,
1677 4937 1774 5006 qui
1810 4945 1972 4992 tanta

276 5031 379 5086 per
407 5031 502 5074 eos
553 5029 913 5085 exercuerat,
971 5031 1210 5092 quanta,
1260 5037 1365 5079 nec
1400 5024 1473 5080 ab
1527 5023 1663 5094 ipsis
1694 5039 1795 5094 per
1825 5041 1972 5096 quos

277 5112 409 5161 acta
444 5115 599 5175 sunt,
643 5122 832 5180 neque
876 5109 949 5164 ab
1017 5109 1132 5164 ullo
1181 5109 1476 5166 hominum
1523 5119 1786 5180 poterant
1827 5112 1973 5167 asti-

278 5192 445 5247 mari.
481 5194 954 5252 Recordabantur
975 5209 1175 5252 earum
1210 5211 1357 5267 quas
1384 5198 1455 5253 ob
1489 5198 1610 5252 hac
1668 5199 1787 5268 ipsa
1817 5200 1969 5268 passi

278 5280 508 5334 fuerant
573 5283 953 5349 anxietatum,
1003 5285 1221 5354 hasque
1273 5285 1342 5339 ad
1413 5286 1786 5354 insperabiles
1830 5287 1969 5343 dum

278 5368 738 5435 contemplantur
788 5373 1110 5439 pervenisse
1157 5374 1500 5443 triumphos,
1565 5373 1822 5444 dumque
1861 5388 1970 5430 sa-

279 5453 424 5509 culis
451 5456 738 5524 incognita
771 5458 918 5513 facta
966 5459 1331 5516 considerant
1380 5474 1480 5530 per
1527 5475 1586 5516 se
1633 5462 1780 5532 ipsos
1821 5477 1968 5516 coni-

2153 4311 2450 4382 Templum
2472 4309 2799 4364 Salomonis
2829 4310 3278 4380 haudquaquam
3311 4313 3444 4362 tunc
3479 4311 3771 4379 temporis.

2076 4400 2276 4456 —-Sed
2315 4407 2625 4468 antequam
2667 4398 2740 4452 ad
2791 4397 2904 4452 alia
2957 4397 3242 4452 calamum
3293 4396 3668 4462 divertamus,
3721 4399 3770 4453 id

2076 4489 2306 4544 videtur
2346 4487 2613 4558 primitus
2663 4485 3067 4551 intimandum,
3122 4484 3274 4554 quod
3339 4484 3655 4540 Salomonis
3717 4487 3777 4541 il-

2079 4578 2199 4641 Iud,
2227 4577 2295 4632 de
2320 4591 2436 4646 quo
2467 4589 2645 4646 supra
2672 4575 2920 4645 egimus,
2968 4575 3266 4644 templum,
3304 4588 3416 4628 non
3445 4589 3576 4629 vere
3626 4575 3768 4632 idem

2079 4667 2232 4736 quod
2283 4665 2548 4721 Salomon
2595 4663 2807 4730 fecerit,
2858 4669 2941 4717 est
2987 4661 3290 4717 adiﬁcium
3353 4663 3507 4731 quod
3556 4671 3773 4718 constat

2079 4754 2338 4820 Domino,
2391 4752 2634 4822 lapidem
2675 4765 2849 4820 super
2901 4749 3142 4819 lapidein
3197 4765 3309 4806 non
3343 4765 3763 4814 remansurum,

2081 4843 2441 4912 pradicente,
2475 4842 2753 4896 dirutum.
2785 4839 2886 4894 Sed
2901 4830 3048 4908 jejus
3075 4839 3324 4908 profecto
3367 4839 3762 4906 simulacrum,

2080 4946 2113 4987 a
2164 4931 2350 4987 nescio
2405 4929 2640 5000 quibus,
2696 4929 2767 4984 ob
2834 4928 3158 4983 testimonia
3199 4927 3511 4983 nobilitatis
3571 4928 3769 4983 domus

2079 5020 2352 5090 antiqua,
2405 5025 2819 5074 constructum.
2869 5017 3001 5070 Erat
3036 5016 3182 5071 idem
3229 5016 3393 5085 plane
3437 5015 3598 5071 locus
3639 5017 3766 5086 pul-

2080 5107 2427 5163 chritudinis
2479 5106 2733 5172 inﬁnita,
2793 5118 2937 5161 auro
2999 5111 3374 5176 argentoque,
3423 5104 3769 5174 incompara~

2082 5197 2179 5252 bili
2223 5196 2421 5266 pretio,
2470 5210 2573 5250 nec
2615 5196 2815 5250 minus
2850 5193 3172 5250 incredibili
3221 5193 3509 5259 varietate,
3557 5208 3769 5262 compo-

2079 5284 2239 5350 situs,
2273 5283 2589 5354 parietibus
2619 5297 2684 5337 ac
2713 5283 2898 5338 valvis
2925 5281 3272 5337 laminarum
3307 5281 3520 5336 metalli
3543 5281 3763 5351 pretiosi

2080 5374 2352 5428 affixione
2405 5372 2715 5441 productis.
2765 5370 3128 5426 Raimundus
3177 5375 3326 5424 433
3393 5383 3527 5425 vero
3585 5385 3763 5426 comes

2083 5461 2414 5530 prafectum
2444 5459 2604 5514 illum
2643 5458 2744 5528 qui
2771 5457 2889 5512 arci
2924 5465 3183 5527 praerat,
3213 5458 3426 5527 cuique
3467 5471 3577 5512 sua
3604 5459 3760 5528 signa
