3902 6082
188 278 294 328 797

1292 273 1510 327 GESTA
1548 273 1667 326 DEI
1709 272 1846 326 PER
1886 261 2432 326 FRANCOSE—LlB.
2475 271 2592 326 VII.

3586 273 3688 325 798

187 406 577 473 commiserat,
607 411 781 461 noctu
823 405 892 460 de
938 418 1066 460 arce
1103 404 1399 471 emissum,
1452 404 1721 473 sospitem
1782 410 1878 458 tu—
1915 404 1958 455 Α
1992 415 2025 456 a
2059 405 2268 474 vagina
2293 403 2350 457 in
2382 403 2650 459 verticem
2687 402 2888 458 belluae
2929 401 3084 457 illisit
3137 401 3401 472 protinus
3431 401 3687 471 gladium

187 504 440 565 tumque
471 495 804 550 Ascalonem
850 508 982 548 cum
1015 494 1282 549 omnibus
1333 494 1435 563 qui
1493 493 1737 547 comitizc
1771 506 1891 548 suae

186 592 359 640 erant
387 584 544 651 ,duci
569 583 714 639 fecit.

883 671 1111 728 CAPUT
1147 671 1216 726 V.

268 759 412 831 [XL]
451 757 692 831 Regiam
721 757 1060 828 dignitatem
1087 755 1669 829 Sanct-zEgidiamu
1707 772 1894 810 comes

189 852 433 920 respuit.
493 846 843 912 Godefridus
900 863 999 901 rex
1022 846 1350 900 Jerusalem
1397 845 1650 915 eligitur.
1700 844 1893 916 Ipsius

187 939 477 1010 praeclara
501 936 788 999 facinora.
819 967 886 974 —
918 937 1196 990 Praeterea
1230 936 1392 999 urbe,
1424 936 1716 1004 sacrisque
1756 934 1892 989 locis

199 1027 448 1083 libertati
481 1027 762 1091 restituta,
796 1040 930 1080 mox
981 1039 1081 1094 per
1127 1025 1459 1080 universam
1503 1022 1710 1078 Christi
1779 1022 1889 1078 mi-

193 1115 378 1170 litiam
406 1113 776 1181 eleemosynze
810 1112 928 1165 ﬁeri
968 1111 1368 1178 orationesque
1391 1110 1690 1179 jubentur,
1738 1122 1891 1177 qua-

199 1212 366 1258 tenus
389 1215 585 1256 eorum
617 1199 823 1255 animis
862 1199 1134 1268 dignetur
1164 1198 1356 1254 unctio
1383 1211 1634 1266 superna
1672 1211 1886 1268 sugge-

196 1304 341 1354 rere,
404 1301 575 1357 quem
621 1287 728 1341 sub
802 1287 1078 1356 digmtate
1132 1285 1290 1355 regia
1345 1285 1417 1340 ad
1460 1286 1594 1355 jura
1647 1285 1889 1340 debeant

196 1377 452 1448 regenda
481 1384 692 1430 sanctae
733 1374 983 1429 civitatis
1019 1374 1246 1442 eligere.
1279 1373 1494 1428 Octavo
1543 1373 1735 1442 itaque
1765 1378 1889 1440 post

193 1465 322 1534 ejus
363 1464 738 1532 receptionem
773 1462 881 1528 die,
930 1477 1062 1517 cum
1127 1461 1659 1530 Sanct.-zEgidiano
1695 1459 1887 1515 comiti

193 1567 300 1622 pro
332 1552 422 1607 sui
453 1551 880 1621 magnificentia
912 1551 965 1605 id
998 1552 1254 1606 muneris
1295 1550 1656 1610 obtulissent,
1689 1557 1743 1604 et
1795 1549 1888 1604 ille

193 1641 420 1698 usitatae
476 1639 876 1709 amplitudinis
933 1653 1046 1694 non
1095 1639 1412 1705 immemor,
1480 1647 1593 1692 tam
1650 1652 1887 1693 oneroso

193 1729 424 1798 negotio
467 1741 526 1782 se
571 1728 922 1792 submittere,
977 1724 1212 1780 consilio
1283 1725 1492 1787 altiori,
1563 1724 1884 1796 refugisset,

191 1818 290 1870 vir
319 1815 534 1885 quippe
563 1815 758 1885 gravis
799 1829 922 1869 aevo
951 1821 1005 1868 et
1047 1811 1386 1867 monoculus
1413 1820 1556 1879 erat,
1601 1812 1776 1867 armis
1806 1820 1888 1867 ta-

195 1918 329 1959 men
377 1901 717 1958 mirabiliter
738 1901 1140 1969 industriaque
1177 1901 1483 1955 claruerat.
1518 1899 1886 1955 Godefridum

193 1992 431 2048 demum
478 1992 681 2047 ducem
729 1989 1172 2059 aggrediuntur,
1219 1997 1273 2044 et
1304 1989 1353 2044 ei
1385 1989 1642 2044 omnium
1676 1989 1891 2058 pariter

195 2079 542 2135 instantium
575 2093 759 2150 prece,
807 2079 1050 2148 hujusce
1097 2078 1308 2133 laboris
1340 2079 1530 2147 potius
1562 2091 1735 2148 quam
1796 2077 1892 2133 ho-

192 2169 356 2224 noris
396 2170 560 2224 fascis
597 2169 929 2238 imponitur,
979 2168 1268 2235 babituro,
1332 2177 1531 2222 contra
1589 2168 1888 2238 gentilium

192 2257 618 2327 copiosissimas
675 2258 842 2323 vires,
903 2257 1205 2312 duellionis
1256 2257 1557 2314 irremissze
1616 2259 1887 2329 rigorem,

192 2355 254 2402 et
313 2355 653 2416 perpetuum
695 2360 827 2400 cum
860 2345 970 2401 sibi
999 2346 1285 2416 adjacenti
1337 2346 1765 2403 Christianitate
1822 2347 1894 2402 fa-

194 2449 418 2490 vorem.
481 2437 534 2490 Is
590 2444 804 2501 autem,
852 2449 984 2490 cum
1043 2436 1313 2492 membris
1358 2436 1609 2492 exilibus
1637 2443 1801 2503 esset,
1835 2444 1892 2492 at

195 2523 444 2578 nimium
476 2523 830 2592 proceritatis
861 2523 1097 2590 idoneae,
1144 2524 1373 2594 eloquio
1404 2525 1634 2593 quidem
1672 2525 1893 2594 lepidus

194 2611 522 2667 serenitatis
564 2611 902 2678 immodicae,
953 2625 1249 2668 armorum
1296 2616 1352 2667 in
1403 2613 1500 2668 illa
1531 2614 1891 2683 expeditione

194 2701 517 2769 Dominica,
550 2715 608 2755 se
652 2701 897 2770 praebuit
928 2702 1264 2756 strenuitate
1299 2703 1685 2772 spectabilem,
1722 2704 1794 2758 ita
1828 2711 1892 2758 ut

194 2787 520 2843 testimonio
573 2788 762 2843 veraci
814 2789 1103 2857 probabile
1137 2790 1191 2844 id
1247 2789 1315 2845 de
1347 2789 1468 2860 ipso
1504 2790 1760 2860 praeclari
1803 2792 1890 2846 fa-

193 2875 409 2932 cinoris
465 2876 792 2942 cantitetur,
841 2877 1082 2932 Turcem
1125 2891 1256 2932 eum
1309 2878 1674 2944 illoricatum,
1741 2894 1892 2948 equo

2003 506 2134 560 quin
2183 491 2324 546 ossis
2377 491 2667 546 obnitente
2721 490 2950 556 duritie,
3012 490 3198 559 potius
3229 490 3453 544 irritata
3512 503 3690 558 quam

2004 579 2154 644 laesa,
2188 580 2246 635 in
2287 581 2490 636 ducem
2541 595 2598 636 se
2636 579 2898 635 contulit.
2951 583 3022 633 At
3072 577 3224 632 illius
3250 586 3462 645 tamen,
3506 578 3693 647 primo

2001 666 2262 734 infelicis,
2325 683 2470 738 quos
2515 676 2651 724 trux
2693 668 3014 723 intruderat
3044 667 3241 721 dentes
3272 679 3306 720 a
3329 679 3497 722 crure
3528 665 3694 720 remi-

2001 757 2101 826 sit;
2135 757 2236 826 qui
2259 757 2406 812 celer
2440 756 2740 824 excedens,
2777 764 2832 810 et
2865 756 2932 810 de
2982 754 3375 810 vicissitudine
3423 752 3557 809 duci
3609 766 3692 807 re-

2003 845 2404 915 ferenda,|sui
2485 853 2678 915 utpote
2746 845 3030 910 curiosus,
3077 843 3195 913 jam
3253 843 3569 912 negligens,
3632 841 3690 894 in

2001 942 2184 1002 empto
2233 934 2449 989 dimisit
2508 943 2824 1004 utrumque
2879 932 3170 989 conﬂictu.
3223 932 3405 1001 Igitur
3459 930 3593 996 fera,
3625 943 3691 983 eo

2001 1021 2114 1077 ictu
2139 1021 2372 1078 efferata

2143 1117 2346 1182 Insilit,
2375 1131 2441 1171 ac
2474 1131 2620 1172 unco
2651 1117 2888 1186 corripit
2916 1130 3112 1186 ungue
3144 1115 3376 1173 ducem:

2074 1202 2291 1272 Dejicit,
2324 1217 2389 1256 ac
2419 1203 2528 1258 sub
2559 1217 2615 1257 se
2645 1203 2865 1258 cohibet
2895 1201 3227 1257 crudelibus
3256 1199 3437 1268 ulnis;

2142 1292 2206 1346 Et
2233 1291 2436 1346 rabido
2469 1291 2662 1360 rapuit
2694 1292 2982 1346 mordicus
3013 1303 3109 1344 ore
3143 1289 3328 1343 femur
3357 1303 3368 1340 :

2069 1379 2249 1450 Cujus
2278 1380 2436 1450 regia
2469 1395 2629 1434 mens
2658 1392 3029 1449 nequaquam
3064 1377 3252 1432 subita
3285 1377 3512 1432 turbam

2354 1470 2626 1536 Perpessa
2659 1467 2849 1531 ruiua,

2070 1555 2425 1610 Protractum
2461 1555 2706 1610 retinere
2741 1567 2916 1608 manu
2948 1567 3062 1607 non
3089 1551 3299 1607 destitit
3332 1564 3546 1606 ensem.

1928 1677 1970 1730 Β
2068 1643 2211 1699 Cum
2243 1658 2379 1714 ergo
2401 1645 2614 1712 jaceret
2660 1643 2854 1707 elisus,
2886 1649 2941 1697 et
2973 1655 3150 1711 quam
3199 1653 3401 1708 capere
3439 1645 3687 1707 cmperat

1999 1747 2200 1788 coxam
2243 1732 2357 1787 fera
2387 1739 2696 1802 torqueret,
2730 1732 2851 1787 dux
2896 1731 2986 1785 sui
3016 1729 3365 1800 |necessitate
3411 1741 3528 1782 non
3585 1727 3688 1780 im-

2000 1834 2220 1875 memor
2279 1821 2333 1874 in
2377 1821 2495 1890 ipso
2529 1820 2776 1875 confinio
2828 1819 3067 1875 cervicis
3109 1827 3163 1873 et
3220 1817 3365 1871 armi
3433 1814 3691 1886 gladium

2000 1908 2190 1962 bestize
2219 1909 2486 1978 applicat,
2546 1909 2844 1978 aciemque
2896 1906 3210 1971 mucronis,
3266 1905 3537 1959 universa
3575 1901 3688 1957 col-

2001 1995 2210 2052 latione
2256 1997 2436 2052 cidem
2466 1997 2697 2052 virtutis
2743 1996 3068 2050 inviscerat.
3096 1993 3233 2056 Quae
3275 2001 3690 2062 persentiscens

2001 2083 2215 2140 ferrum
2245 2084 2315 2139 ad
2349 2084 2779 2139 interaneorum
2826 2083 2939 2137 ima
2987 2080 3231 2151 prolabi,
3275 2080 3504 2134 tandem
3544 2092 3689 2147 quos

2001 2172 2059 2226 in
2095 2172 2325 2228 femoris
2367 2172 2545 2242 pulpa
2573 2170 2991 2226 constrinxerat
3027 2169 3225 2235 rictus,
3253 2167 3480 2223 extulit.
3511 2166 3698 2234 Dum-_

1999 2275 2112 2330 que
2142 2261 2361 2316 aferali
2419 2275 2478 2315 se
2523 2273 2620 2315 ore
2669 2259 2920 2314 solutum
2973 2257 3095 2312 dux
3144 2257 3388 2325 inspicit,
3438 2255 3535 2310 sed
3567 2255 3690 2310 loco

1999 2363 2122 2404 eam
2158 2364 2270 2403 non
2304 2349 2518 2404 moveri
2556 2347 2816 2414 attendit,
2847 2346 3065 2416 junctis
3111 2359 3145 2399 a
3187 2359 3246 2400 se
3281 2344 3519 2414 pedibus
3558 2357 3692 2411 pro-

2003 2437 2148 2507 pulit
2181 2453 2194 2490 :
2229 2436 2325 2492 sed
2360 2437 2418 2491 in
2441 2437 2560 2506 ipso
2591 2437 2850 2506 repulsu,
2878 2450 2977 2504 per
3009 2433 3402 2504 prominentis,
3430 2447 3463 2487 a
3487 2431 3692 2487 belluas

2003 2533 2248 2595 pectore,
2284 2525 2457 2595 gladii
2500 2525 2703 2590 aciem,
2742 2539 2910 2579 suras
2954 2522 3064 2578 sibi
3106 2522 3380 2578 tibiarum
3432 2519 3692 2576 lzetaliter

2001 2627 2141 2685 pene
2185 2613 2449 2668 concidit.
2498 2613 2633 2668 Ruit
2697 2612 2894 2682 itaque
2939 2611 3120 2666 multo
3169 2609 3439 2674 deterius,
3507 2621 3685 2678 quam

2001 2717 2132 2758 cum
2181 2709 2536 2772 premeretur
2570 2715 2604 2754 a
2635 2700 2834 2766 bestia,
2865 2707 2920 2755 et
2950 2707 3064 2754 toto
3089 2699 3209 2768 jam
3261 2712 3494 2766 corpore
3527 2697 3690 2751 inva-

2000 2791 2116 2846 lido
2166 2805 2234 2846 ac
2279 2789 2585 2860 exsangui,
2637 2789 2736 2843 vix
2787 2787 3102 2858 aliquando
3146 2785 3432 2856 reperitur
3475 2798 3510 2839 a
3547 2784 3688 2839 suis.

2002 2878 2382 2933 Solitudinum
2407 2891 2651 2932 suarum
2679 2877 2948 2945 paenituit
2971 2885 3107 2931 tunc
3133 2889 3258 2931 sero
3285 2873 3510 2940 ducem,
3541 2872 3682 2927 dum

201 2972 392 3018 tamen
448 2972 695 3031 vectum,
756 2965 912 3034 apud
989 2965 1352 3022 Antiochiam
1429 2981 1604 3036 super
1663 2975 1888 3036 pontem
1929 2969 2101 3036 Cper
2166 2965 2242 3032 id,
2289 2966 2614 3035 appendicis
2671 2966 2778 3021 sibi
2838 2965 3145 3030 exercitus,
3192 2972 3246 3019 et
3297 2962 3470 3018 totius
3515 2975 3693 3016 sacrae

196 3051 549 3119 Pbarpharis
578 3051 814 3106 obvium
850 3052 1134 3119 habuisse,
1163 3053 1412 3122 huicque
1435 3053 1529 3109 illa
1559 3061 1673 3108 tam
1705 3053 1890 3108 valide

197 3138 391 3209 gladio
435 3138 742 3209 trajecisse,
779 3147 839 3194 ut
871 3139 1124 3208 corporis
1157 3149 1395 3196 truncus
1435 3141 1698 3196 decidens
1725 3149 1888 3196 terra:

200 3228 624 3296 procumberet,
675 3235 730 3282 et
758 3241 932 3282 crura
981 3229 1236 3284 sedentia
1267 3228 1652 3298 pertransiens
1703 3244 1890 3298 equus

198 3314 444 3370 efferret.
503 3316 693 3370 Solent
743 3317 895 3371 enim
964 3317 1291 3386 Lotharingi
1341 3332 1472 3372 cum
1534 3317 1891 3388 longitudine

201 3409 323 3457 tum
357 3404 478 3458 acie
507 3412 702 3472 spatas
733 3404 944 3460 habere
980 3404 1290 3460 mirabiles.

278 3489 456 3563 [XlL]
489 3492 669 3562 Cujus
721 3493 878 3547 aliud
931 3507 1044 3547 non
1093 3493 1377 3549 inferioris
1407 3494 1619 3550 factum
1670 3495 1888 3564 gloria),

195 3579 440 3649 dignum
474 3595 705 3650 quoque
736 3581 919 3636 relatu
949 3595 1016 3635 ac
1040 3582 1368 3637 omnimoda
1405 3583 1730 3638 celebritate
1761 3584 1894 3639 sub-

197 3669 544 3723 nectcndum
569 3671 920 3724 censuimus.
943 3669 1193 3725 Nicaeam
1240 3679 1529 3739 ceperant,
1565 3679 1619 3726 et
1665 3672 1736 3725 ad
1772 3674 1892 3727 An-

194 3755 469 3810 tiochiam
523 3756 917 3823 obsidendam,
1001 3759 1276 3826 quoniam
1335 3772 1509 3827 super
1560 3757 1751 3814 Nicaea
1803 3773 1891 3814 res

195 3845 514 3899 fortuniose
582 3853 950 3913 processerat,
1026 3846 1463 3913 contendebant,
1547 3861 1680 3901 cum
1743 3851 1892 3902 inter

133 3982 140 3985 _
195 3932 475 3994 eundum,
512 3931 833 4000 aliquoties,
886 3933 1024 3988 dum
1057 3947 1090 3987 a
1121 3933 1417 4002 procinctu
1469 3935 1630 3989 solito
1685 3949 1886 4004 oppor—

197 4021 419 4076 tunitas
459 4021 782 4076 securitatis
811 4022 1030 4078 adesset
1090 4023 1513 4093 progredientes
1540 4039 1571 4078 e
1626 4023 1890 4079 viburnis

199 4110 485 4180 contiguis
534 4111 744 4166 bestias
807 4120 1202 4166 venarentur:
1238 4111 1420 4165 saltus
1467 4125 1720 4180 namque
1765 4112 1891 4180 ejus

200 4199 469 4263 regionis,
504 4212 618 4252 non
647 4212 714 4252 ea
740 4211 859 4266 qua
903 4197 1080 4252 nostri
1133 4197 1392 4266 grossitie
1421 4205 1522 4252 aut
1554 4199 1890 4268 proceritate

2000 3054 2215 3109 militiae
2249 3053 2588 3108 detrimenta
2609 3054 2969 3124 contingunt.
3006 3053 3197 3121 Usque
3223 3052 3296 3106 ad
3325 3051 3490 3105 tinem
3527 3049 3695 3118 plane

1997 3143 2370 3198 Antiochenae
2429 3141 2743 3197 obsidionis
2805 3156 2957 3212 aegre
3014 3153 3249 3209 prorsus
3317 3138 3425 3193 nisi
3493 3136 3691 3193 lectica

1999 3232 2200 3287 dcvebi
2235 3231 2455 3301 potuit:
2485 3239 2538 3286 et
2580 3231 2722 3296 ideo,
2768 3230 2908 3299 quia
2940 3243 3042 3284 nec
3072 3229 3178 3283 sibi
3211 3242 3316 3283 nec
3363 3225 3461 3282 ulli
3496 3226 3692 3296 provi-

2000 3320 2132 3376 dere
2156 3319 2411 3389 'poterat,
2466 3319 2794 3389 quindecim
2845 3319 3021 3373 ferme
3069 3318 3368 3372 hominum
3417 3314 3689 3380 millibus,

2001 3406 2099 3476 qui
2141 3406 2246 3462 sibi
2288 3407 2660 3470 cohaeserant,
2696 3413 2749 3460 et
2781 3404 2854 3460 ab
2883 3419 2947 3460 eo
2983 3418 3083 3472 pro
3128 3403 3461 3459 infirmitate
3505 3401 3691 3456 desci-

1998 3501 2219 3561 verant,
2251 3495 2408 3549 brevi
2438 3494 2644 3548 caruit.

2075 3582 2270 3652 [XIIL]
2303 3580 2690 3636 Christianum
2730 3580 3008 3634 Balduini
3037 3578 3189 3650 regis
3200 3579 3456 3646 factum.
3504 3607 3572 3617 —
3620 3579 3692 3633 At

1999 3673 2140 3741 quia
2190 3684 2393 3726 ursum
2443 3669 2614 3724 semel
2661 3669 2852 3723 adorsi
2917 3683 3142 3734 sumus,
3188 3667 3329 3736 quid
3374 3666 3693 3721 Balduinus

1997 3757 2168 3811 etiam
2190 3757 2316 3826 ejus
2340 3755 2539 3824 frater,
2562 3757 2662 3826 qui
2690 3771 2846 3811 nunc
2871 3769 3054 3825 usque
3081 3755 3444 3822 Jerosolymae
3466 3761 3688 3822 regnat,

1997 3846 2196 3915 egerit,
2232 3859 2637 3915 praeoccupare
2687 3845 2999 3909 voluimus,
3047 3843 3186 3913 quia
3230 3842 3428 3898 nullus
3459 3841 3511 3896 id
3545 3841 3690 3896 refe-

1998 3933 2158 3988 rendi
2210 3933 2448 3988 forsitan
2496 3947 2617 3987 sese
2664 3932 2807 3987 alias
2855 3932 3040 4001 aptior
3088 3930 3305 4001 aperiet
3355 3929 3532 3986 locus.
3585 3931 3692 3986 Pro

1997 4022 2286 4091 ereptione
2309 4022 2612 4092 cujusdam
2645 4021 2732 4076 sui
2760 4021 2983 4090 peditis,
3023 4021 3192 4090 cujus
3230 4019 3544 4074 admodum
3574 4032 3693 4073 sese

1994 4109 2226 4179 juvaret
2254 4109 2517 4175 audacia,
2552 4108 2958 4179 gravissimum
2986 4108 3248 4164 similiter
3268 4107 3322 4161 in
3357 4107 3550 4176 praelio
3576 4106 3696 4161 vul-

2005 4213 2115 4254 nus
2127 4199 2780 4268 exceperat.Verebatur
2793 4197 3153 4267 providentia
3166 4201 3314 4250 434
3332 4196 3504 4261 illius,
3520 4209 3693 4265 quem

199 4286 492 4351 eminent;
519 4285 691 4340 semel
723 4263 928 4340 accidit
951 4293 1013 4339 ut
1035 4263 1300 4340 immanis
1329 4263 1637 4342 admodum
1679 4302 1890 4357 corpu—
1929 4263 1973 4317 Ῑ)
2005 4285 2108 4342 sibi
2141 4263 2506 4355 adhibuerat,
2546 4286 2768 4352 medici,
2793 4263 2997 4341 inditis
3043 4263 3556 4354 cataplasmatibus
3581 4297 3693 4351 ex-

201 4373 390 4429 lentize
446 4387 619 4428 ursus
671 4387 702 4428 e
748 4372 970 4429 frutetis
1024 4373 1226 4439 exiret,
1314 4388 1487 4443 quem
1545 4376 1896 4444 comperiens

199 4470 489 4517 exercitus
544 4463 1002 4532 circumquaque
1053 4461 1416 4532 disquireret.
1482 4464 1662 4519 Ursus
1692 4479 1894 4533 nempe

201 4550 402 4617 isdem,
449 4564 717 4620 persensa
758 4549 1081 4619 frequentia
1101 4549 1588 4615 conclamantum,
1619 4567 1649 4606 e
1679 4553 1893 4621 quibus

198 4647 510 4694 emerserat
565 4639 740 4693 silvas
785 4638 1068 4706 extemplo
1124 4639 1362 4707 repetiit.
1398 4639 1590 4694 Multis
1618 4654 1754 4709 ergo
1783 4655 1891 4695 un-

198 4726 505 4797 decunque
545 4727 906 4798 gyrantibus,
962 4739 1094 4780 cum
1149 4726 1227 4780 nil
1297 4734 1642 4792 occurreret,
1689 4727 1892 4782 misero

196 4816 429 4870 cuidam
462 4815 698 4885 contigit
736 4816 806 4870 ad
840 4815 1030 4870 bestiae
1065 4815 1247 4870 lustra
1310 4814 1650 4884 pertingere.
1714 4818 1890 4878 Quem

197 4903 298 4957 ubi
333 4902 632 4957 incautum
683 4918 854 4958 ursus
907 4902 1187 4969 adoritur,
1225 4901 1470 4957 brachiis
1516 4902 1750 4972 subigit,
1797 4903 1893 4957 ho-

195 4991 488 5059 minisque
540 4991 782 5060 jacentis
840 4990 1121 5060 corripuit
1177 5005 1306 5046 mox
1361 4991 1528 5046 dente
1585 4991 1789 5046 femur.
1821 4991 1890 5045 Et

191 5093 324 5134 ecce
348 5079 490 5146 dux,
544 5079 683 5135 dum
712 5094 746 5134 a
774 5080 894 5135 suis
935 5089 1216 5150 evagatus
1239 5079 1488 5146 oberrat,
1522 5080 1678 5134 solus
1709 5079 1886 5133 inter-

192 5167 387 5221 venit:
439 5182 612 5236 quem
667 5169 838 5224 miser
896 5169 1159 5233 intuitus,
1214 5176 1268 5222 et
1322 5183 1395 5223 ex
1454 5167 1890 5223 circumstantia

191 5255 409 5310 doloris
438 5269 504 5310 ac
549 5257 769 5313 timoris
801 5257 1185 5326 illacrymans,
1225 5255 1512 5326 ingenitas
1567 5255 1692 5310 viro
1744 5254 1888 5310 libe-

195 5343 452 5399 ralitates
476 5344 788 5414 objectans,
820 5359 995 5415 super
1025 5345 1149 5414 opis
1185 5345 1392 5400 latione
1431 5343 1748 5413 compellat.
1777 5343 1889 5400 Nec

197 5432 309 5497 ille,
369 5435 461 5486 cui
522 5447 664 5501 pene
717 5435 904 5488 omnis
951 5433 1248 5488 constabat
1301 5447 1374 5487 ex
1410 5434 1620 5486 virtute
1656 5441 1885 5500 natura,

194 5523 510 5575 cunctatur
539 5521 846 5588 auxilium,
883 5521 979 5576 sed
1011 5521 1220 5576 adnisu
1249 5536 1364 5591 quo
1396 5509 1578 5575 valuit
1617 5529 1888 5577 exactum

2004 4375 2178 4430 terius
2249 4375 2570 4430 cicatricem
2634 4374 2964 4430 obducere:
3017 4383 3254 4429 noverat
3322 4375 3476 4429 enim
3545 4372 3693 4426 idem

2002 4461 2220 4517 vulnus
2271 4462 2540 4517 interiora
2601 4463 2858 4531 corporis
2914 4462 3257 4530 profundius
3309 4459 3579 4530 attigisse,
3624 4471 3694 4511 ne

2001 4550 2140 4605 dum
2171 4551 2320 4606 cutis
2357 4549 2688 4619 superficies
2718 4558 3072 4620 aequaretur,
3126 4549 3470 4602 intrinsecus
3517 4543 3695 4600 saniei

2000 4639 2292 4706 congeries
2323 4637 2631 4692 foveretur.
2663 4637 2820 4703 Quod
2861 4637 2936 4692 ita
2968 4636 3111 4702 fieri,
3162 4636 3305 4691 miro
3339 4635 3525 4702 modo,
3562 4633 3693 4688 Iau-

2001 4725 2563 4796 dabili'conjectura,
2604 4725 3076 4796 experientiaque
3133 4724 3446 4793 proposuit.
3485 4724 3692 4792 Regem

2003 4816 2245 4884 petierat
2290 4824 2351 4871 ut
2382 4815 2662 4886 aliquam,
2706 4830 2779 4870 ex
2812 4814 2900 4868 bis
2929 4827 3074 4882 quos
3121 4813 3380 4868 custodia
3409 4810 3697 4867 detinebat

1999 4903 2347 4970 Sarracenis,
2404 4919 2726 4973 personam,
2788 4917 2851 4956 eo
2908 4909 3080 4961 statu.
3143 4901 3239 4956 tali
3306 4902 3362 4954 in
3420 4900 3536 4954 loco
3579 4914 3696 4968 quo

1997 4992 2115 5062 ipse
2145 4993 2438 5048 sauciatus
2471 4993 2675 5055 fuerat,
2709 4991 3003 5046 vulnerari
3043 4991 3372 5059 praeciperet
3399 4988 3694 5055 (Christia-

1998 5095 2132 5136 nam
2165 5082 2317 5136 eniin
2353 5081 2510 5137 nefas
2541 5089 2728 5150 petere
2761 5080 2904 5149 erat)
2947 5087 3001 5134 et
3037 5086 3158 5148 post
3213 5077 3519 5132 illationem
3558 5075 3695 5130 vul-

2000 5169 2154 5224 neris
2176 5169 2353 5225 occidi
2402 5170 2675 5239 juberet:
2715 5176 3004 5237 quatenus
3034 5167 3090 5222 in
3137 5165 3412 5222 interfecti
3456 5177 3694 5233 corpore

1997 5257 2264 5313 licentius
2293 5257 2655 5327 disquireret,
2705 5256 2816 5312 imo
2863 5270 2937 5311 ex
2984 5257 3111 5325 ejus
3153 5253 3513 5324 despectione
3565 5265 3694 5322 per-

2001 5346 2272 5414 penderet
2305 5346 2554 5415 qualiter
2585 5359 2644 5398 se
2673 5344 2729 5398 in
2763 5345 2884 5399 suis
2924 5346 3096 5414 plaga
3128 5344 3286 5413 regia
3319 5341 3557 5397 interius
3588 5340 3691 5395 ba-

2001 5434 2178 5490 beret.
2240 5435 2474 5489 Horruit
2533 5433 2604 5486 ad
2658 5432 2776 5488 haec
2843 5431 3082 5486 nimium
3141 5432 3316 5500 pietas
3365 5429 3697 5499 principalis

1998 5523 2352 5578 Constantini
2387 5521 2592 5576 veteris
2615 5519 2880 5591 exempla
2932 5519 3302 5590 resculpens:
3344 5541 3363 5566 ι
3417 5518 3597 5589 Negat
3635 5534 3696 5576 se
