3920 6080
219 214 324 269 799
1109 209 1167 261 V.
1209 207 1535 264 GUIBEBTI
1575 207 1865 265 ABBATIS
1900 205 1957 262 S.
2000 206 2241 263 MARLE
2283 206 2371 263 DE
2415 206 2817 264 NOVIGENTO

3606 208 3721 262 800

220 345 547 417 cujuspiam
579 343 898 409 hominum,
931 342 1102 399 etiam
1134 342 1454 399 deterrima;
1482 342 1741 398 omnium
1772 356 1907 398 con-
1946 350 1990 401 Α
2022 342 2376 411 processerit,
2410 350 2694 412 quantum
2728 357 2962 415 quoque
3000 342 3151 400 laesio
3182 350 3302 401 tua.
3340 365 3362 392 ι
3399 343 3504 401 Cui
3559 358 3666 401 rex
3701 359 3718 398 :

221 434 474 501 ditionis,
511 447 743 489 causam
789 431 987 487 mortis
1027 431 1334 498 ullatenus,
1368 445 1467 500 pro
1499 430 1740 496 tantilla,
1773 444 1907 485 cum

220 523 390 580 etiam
433 523 504 577 sit
533 522 731 586 dubia,
774 521 957 576 salute
996 520 1280 575 futurum.
1330 543 1358 569 »
1413 520 1555 575 Tum
1606 520 1905 575 medicus:

226 634 248 661 ι
288 611 346 668 Si
377 609 584 680 inquit,
616 609 953 678 reparandae
986 609 1088 665 tibi
1119 610 1305 678 gratia
1346 609 1636 677 sospitatis
1695 606 1910 663 nemini

221 707 401 755 Vitam
431 696 684 753 adimere
712 696 980 761 deﬁnisti,
1013 696 1212 752 saltem
1248 712 1445 753 ursum
1486 697 1741 752 inutilem
1773 697 1912 751 satis

221 786 331 842 nisi
359 785 682 855 spectaculo
711 785 952 841 bestiam
978 786 1272 842 admoveri
1306 786 1515 840 manda
1548 800 1560 838 :
1623 785 1913 854 prioribus

219 874 459 945 pedibus
509 874 566 928 in
619 874 861 938 sublime
903 874 1176 943 porrectis
1221 883 1488 939 erectam,
1558 872 1705 928 ferro
1757 870 1912 926 feriri

221 964 459 1032 impera,
491 964 661 1033 cujus
693 972 995 1033 peremptae
1027 964 1381 1032 postmodum
1415 976 1545 1017 cum
1612 960 1912 1031 pervidero

220 1050 460 1118 viscera,
494 1051 681 1108 metiri
711 1064 849 1106 sane
882 1058 1179 1122 utcunque
1209 1060 1421 1120 potero,
1451 1064 1732 1120 quorsum
1764 1049 1914 1103 intro

2023 452 2045 479 ι
2103 431 2306 495 Bestia,
2358 431 2456 497 ait,
2508 447 2623 487 non
2670 432 2727 487 in
2764 446 2943 495 mora,
2995 447 3126 488 cum
3157 447 3301 502 opus
3333 433 3519 492 fuerit.
3550 438 3662 488 erit
3696 447 3714 486 :

2021 518 2232 575 factum
2266 529 2403 589 puta
2460 540 2487 570 ιο
2522 521 2691 576 Facto
2721 520 2983 591 igiturad
3016 521 3239 577 libitum
3272 521 3473 578 media-i
3500 536 3571 577 ex
3596 522 3727 576 fera

2021 607 2296 677 periculo,
2345 608 2625 677 comperit
2694 609 3116 665 incommodum
3168 618 3227 664 ut
3280 609 3726 679 praelibavimus

2021 696 2164 765 regi,
2210 696 2256 750 si
2300 695 2568 752 obductio
2623 696 2864 752 celerius
2912 696 3135 753 vulneri
3194 699 3536 767 proveniret,
3606 698 3726 754 nisi

2023 783 2185 854 prius
2236 784 2520 840 exhausta
2594 784 2925 853 purulentia
2977 800 3107 855 pars
3158 786 3502 842 intrinsecus
3540 787 3729 842 scissa

2021 872 2214 927 coiret.
2252 872 2383 928 Haec
2412 886 2585 941 super
2632 887 2878 943 regnum
2926 875 3129 943 pietate
3168 874 3380 930 dixisse
3417 875 3669 930 sufficiat
3707 890 3724 929 :

2023 974 2274 1029 quorum
2311 960 2487 1028 gloria
2522 975 2706 1030 aeque,
2743 962 2935 1025 fateor,
2972 962 3310 1030 incessisset,
3346 964 3394 1019 si
3425 977 3537 1018 non
3574 978 3726 1033 pon-

2027 1047 2184 1104 tificii
2217 1048 2433 1115 electio,
2470 1049 2580 1102 imo
2613 1055 2668 1103 et
2696 1051 2882 1119 ipsum
2932 1050 3287 1119 pontificium
3320 1050 3724 1107 claudicasset.

1502 1385 1848 1472 LIBER
1904 1383 2440 1472 OCTAVUS.

781 1714 1011 1772 CAPUT
1050 1715 1349 1772 PRIMUM.

366 1805 683 1875 Hucusque
712 1805 893 1872 Musa,
931 1819 1030 1874 per
1060 1804 1270 1859 fruteta
1298 1802 1559 1873 veprium

364 1894 602 1949 Incessit
628 1902 787 1948 arcto
811 1893 1148 1962 scrupulosa
1183 1894 1406 1947 tramite

361 1980 543 2038 Calles
571 1980 762 2036 euntis
791 1989 1104 2050 occupante
1134 1980 1364 2047 nubilo;

363 2073 589 2125 Aurora
620 2069 730 2125 seri
760 2070 861 2125 vix
892 2070 1079 2125 fovere
1109 2068 1329 2125 sideris.

362 2158 509 2214 Lues
537 2157 762 2214 cruoris
791 2158 1070 2213 hactenus
1099 2156 1443 2220 cucurrerit.

363 2245 549 2317 Stragi
584 2245 838 2316 faunique
868 2245 949 2300 nil
987 2258 1200 2301 vacans
1230 2244 1520 2301 resederit.

365 2334 619 2389 Fortuna
651 2336 697 2389 si
728 2348 848 2404 qua
880 2335 1053 2391 rebus
1083 2334 1367 2390 interdum
1397 2333 1519 2389 suis

366 2422 592 2487 Arrisit,
629 2436 775 2478 aura
804 2422 1052 2478 cladium
1087 2436 1267 2493 rapax
1297 2422 1447 2477 tulit.

368 2509 479 2573 Qui
509 2511 646 2566 dum
680 2511 911 2567 Nioaana
941 2511 1223 2567 subruere
1252 2510 1483 2576 muenia,

366 2598 504 2662 Quis
535 2599 677 2655 urbe
706 2608 871 2670 capta
904 2599 1125 2655 fructus
1153 2606 1235 2655 est
1260 2596 1566 2654 Antiochi?

366 2686 420 2740 Is
447 2694 531 2741 est
562 2686 810 2755 profecto
839 2686 941 2756 qui
973 2687 1034 2741 fit
1063 2700 1135 2742 ex
1163 2685 1478 2756 suppliciis,

368 2773 711 2843 Cuicunque
738 2783 937 2829 sancto
963 2782 1144 2831 morte
1166 2774 1318 2830 victa
1349 2773 1605 2843 martyri.

366 2861 621 2916 Dolenda
650 2875 903 2932 namque
932 2863 976 2917 si
1011 2876 1129 2932 qua
1158 2862 1395 2932 contigit
1425 2861 1562 2932 pati,

367 2948 663 3019 Mistisque
693 2948 837 3006 ferre
864 2950 1117 3006 cwdibus
1146 2949 1440 3021 penurias,

365 3038 571 3094 Maeror
600 3038 797 3094 futura
828 3038 1116 3107 parturire
1144 3038 1377 3109 gaudia.

367 3126 493 3194 Quo
524 3133 656 3182 utar
680 3140 817 3197 ergo
849 3126 1087 3181 vocibus
1117 3124 1590 3195 Psalmograpbi?

366 3216 616 3271 Laetatus
640 3228 768 3270 sum
798 3229 871 3270 ex
904 3215 992 3269 bis
1025 3229 1156 3284 quae
1187 3214 1365 3270 relata
1390 3222 1528 3270 sunt
1559 3213 1735 3269 mihi:

368 3304 515 3359 Licet
545 3303 740 3359 subire
772 3311 958 3373 presto
983 3303 1104 3373 jam
1134 3303 1373 3358 domum
1404 3302 1524 3358 Dei.

366 3391 470 3447 Pes
497 3405 627 3447 ecce
651 3399 844 3448 noster
872 3391 1154 3448 atriorum
1184 3390 1428 3457 Solimaa,

366 3479 629 3536 Calcator
657 3486 863 3547 exstat,
901 3494 969 3535 ac
997 3494 1179 3536 ovans
1207 3479 1557 3535 obambulat.

367 3567 575 3624 Franci
605 3567 822 3624 laboris
849 3567 972 3623 hac
1001 3568 1205 3624 habete
1235 3569 1472 3638 praemia
1501 3583 1514 3623 :

363 3654 478 3713 Nec
507 3670 608 3712 vos
631 3656 812 3713 dolete
845 3657 1146 3728 pertulisse
1179 3656 1382 3712 tristia.

364 3744 572 3816 Optata
603 3746 829 3802 tandem
865 3760 965 3802 vos
994 3746 1239 3815 sepulcri
1270 3746 1432 3811 visio,

365 3832 690 3904 Crucisqua
722 3841 874 3890 tacta
902 3834 1130 3890 ﬂetibus
1158 3832 1475 3903 redemptio

367 3923 562 3989 Juvat,
596 3922 861 3993 fugitque
888 3929 1085 3992 pectus
1114 3935 1283 3976 omne
1315 3920 1516 3990 passio.

368 4008 515 4064 Urbs
545 4006 652 4064 ista
681 4022 829 4078 saepe
863 4008 1058 4077 prada
1090 4008 1239 4063 facta
1267 4007 1520 4078 regibus,

367 4095 859 4151 Pessumdabatur
885 4095 1183 4151 obruenda
1214 4094 1494 4150 funditus.

369 4184 508 4250 Hac,
540 4199 573 4239 ο
604 4184 770 4240 beata
798 4184 1060 4253 captione
1086 4183 1309 4252 civitas,

369 4272 513 4328 Hinc
546 4286 896 4342 promerens,
930 4280 995 4328 ut
1025 4272 1309 4342 imperare
1333 4272 1559 4339 debeas,

366 4359 451 4417 Ad
482 4368 653 4431 teque
684 4374 861 4432 regna
892 4360 1221 4416 Christiana
1245 4361 1581 4417 contrahas!

372 4448 600 4504 Videbit
623 4447 781 4504 orbis
809 4448 922 4503 huc
952 4447 1148 4503 venire
1173 4448 1407 4518 glorias,

365 4537 611 4606 Tibique
640 4536 842 4592 matris
871 4535 1144 4592 exhibere
1175 4536 1407 4607 gratias,

365 4624 492 4680 Non
520 4625 686 4679 Ezras
717 4624 875 4691 olim,
917 4625 1007 4680 vel
1047 4624 1404 4681 Machabaeus
1429 4625 1625 4690 Judas,

367 4712 498 4769 Post
530 4712 763 4778 damna,
799 4720 959 4768 tanto
990 4713 1315 4783 provehunt
1348 4728 1482 4783 opes
1512 4721 1642 4769 tuas
1674 4729 1687 4768 :

362 4799 488 4856 Non
521 4800 831 4868 Adrianus,
867 4800 1018 4856 unde
1051 4815 1258 4857 nomen
1292 4801 1469 4868 Helia,

366 4887 442 4943 Te
468 4888 799 4944 suscitando
832 4889 957 4958 quit
984 4888 1207 4944 dedisse
1239 4889 1393 4956 talia,

368 4976 476 5032 Pro
512 4985 562 5032 te
588 4977 821 5047 tuisque
849 4977 1107 5032 mundus
1134 4977 1237 5033 iste
1267 4976 1474 5033 militat
1504 4992 1518 5031 :

366 5067 495 5122 Haec
519 5078 662 5135 pene
691 5078 834 5121 cura
867 5063 1144 5121 saeculum
1171 5064 1457 5121 sollicitat.

365 5153 668 5217 Quondam
697 5153 894 5211 Judzea
924 5153 1061 5210 dum
1097 5153 1316 5225 vigeret
1343 5154 1577 5224 optime,

366 5240 622 5299 Praebere
651 5241 856 5312 quibat
886 5241 1023 5297 huic
1046 5242 1223 5297 decus
1251 5241 1526 5312 parabile,

366 5327 511 5396 Quid
541 5328 942 5386 carminantur
971 5330 1030 5386 in
1061 5329 1254 5386 duella
1286 5329 1533 5387 milites?

2164 1712 2372 1780 Estote,
2406 1728 2621 1784 quzeso,
2657 1713 2900 1770 Persidis
2928 1713 3226 1784 pernicies,

2171 1800 2294 1857 Non
2328 1810 2519 1857 vestra
2552 1818 2564 1856 :
2595 1802 2881 1872 quidquid
2909 1802 3082 1859 ofﬁcit
3115 1803 3450 1872 Jerusalem,

2166 1890 2236 1945 Et
2268 1890 2573 1960 Babylonis
2601 1891 2861 1947 obserate
2888 1891 3223 1961 principem.

2171 1978 2239 2034 Ut
2267 1977 2352 2033 fas
2382 1978 2541 2034 adire
2566 1980 2637 2034 sit
2670 1978 2834 2035 bonis
2859 1980 2992 2035 Jesu
3025 1994 3281 2048 crucem,

2172 2065 2336 2122 Pium
2370 2068 2630 2136 sepulcro
2663 2068 2980 2139 subjugare
3013 2068 3302 2124 verticem.

2171 2154 2444 2210 Clamabo
2476 2164 2669 2211 nostra
2700 2157 3043 2226 comperisse.
3074 2164 3355 2227 tempora,

2168 2243 2326 2310 Quod
2360 2259 2470 2300 non
2504 2245 2724 2301 docebit
2756 2245 2874 2300 ulla
2899 2245 3174 2301 fastorum
3205 2245 3376 2301 scola.

2098 2332 2195 2403 [XI
2208 2330 2303 2404 V.]
2343 2333 2687 2404 Arnulphu:
2710 2332 2946 2405 quidam
2959 2333 3421 2401 patriarchafum
3432 2335 3731 2407 Jerosoly—

2025 2420 2306 2475 mifanum
2326 2421 2506 2475 ambit
2520 2425 2692 2492 alque
2711 2421 2941 2476 oblinet.
2963 2452 3028 2463 —
3047 2423 3399 2492 Atquoniam
3431 2425 3569 2479 dum
3594 2432 3729 2480 tem-

2028 2509 2248 2578 poralia
2281 2518 2687 2578 procurantur,
2718 2511 2876 2581 regia
2907 2511 3402 2567 administratione
3421 2512 3728 2568 tractanda

2031 2604 2341 2667 putantur;
2377 2597 2649 2654 interiora
2672 2599 2886 2671 negligi
2905 2614 3021 2655 non
3053 2601 3426 2670 debent.quaa
3457 2601 3725 2656 sacerdo—

2029 2684 2127 2740 tali
2160 2684 2344 2741 officio
2374 2687 2659 2755 pertinent
2712 2686 2863 2757 Rege
2911 2694 3076 2756 prout
3120 2697 3353 2757 potuere
3396 2697 3605 2756 creato,
3652 2688 3723 2745 de

2030 2772 2377 2841 patriarchae
2424 2782 2842 2843 consequenter
2890 2774 3298 2831 substitutione
3348 2783 3721 2845 pertractant.

2029 2862 2168 2917 Erat
2206 2862 2282 2917 ibi
2326 2870 2463 2917 tunc
2495 2862 2767 2932 temporis
2788 2863 3023 2933 quidam
3059 2864 3169 2918 sub
3194 2877 3440 2920 censura
3469 2863 3723 2920 clericali

2030 2963 2225 3020 agens,
2259 2949 2367 3005 sub
2399 2965 2515 3019 quo
2561 2958 2752 3006 autem
2786 2951 2972 3021 gradu
3017 2952 3226 3019 nescio,
3272 2952 3372 3023 qui
3421 2960 3724 3009 vocaretur

2025 3038 2323 3093 Arnulfus.
2357 3039 2411 3094 Is
2442 3038 2500 3093 in
2532 3038 2840 3094 dialecticae
2868 3038 3189 3095 eruditione
3219 3055 3333 3096 non
3366 3040 3722 3109 bebes;cum

2028 3127 2263 3183 minime
2293 3127 2605 3183 haberetur
2634 3127 2702 3183 ad
2744 3131 3133 3199 grammatica
3159 3129 3503 3184 documenta
3533 3129 3719 3196 rudis,

2025 3216 2174 3287 regis
2208 3216 2519 3286 Anglorum
2553 3215 2724 3271 filiam
2768 3218 3128 3283 monacham,
3160 3222 3311 3271 435
3369 3231 3495 3273 eam
3540 3231 3720 3287 quam

2029 3304 2430 3374 prtemisimus,
2505 3304 2607 3361 diu
2665 3304 2969 3374 disciplina
3032 3305 3341 3360 docuerat:
3406 3306 3502 3361 cui
3572 3306 3720 3362 Nor-

2027 3393 2437 3449 thmannorum
2472 3407 2690 3460 comes,
2732 3393 3019 3450 mediante
3052 3408 3275 3460 sorore,
3315 3394 3716 3464 spoponderat,

2025 3482 2181 3553 quod
2237 3482 2408 3537 etiam
2438 3481 2815 3551 episcopalem
2875 3482 3151 3538 honorem
3205 3481 3311 3552 ipsi
3354 3482 3617 3550 deferret,
3670 3482 3720 3538 si

2026 3566 2357 3637 quempiam
2401 3566 2798 3637 episcoporum
2842 3580 3079 3622 suorum
3124 3566 3307 3622 obisse
3339 3566 3714 3637 contingeret.

2030 3657 2261 3712 Interim
2295 3654 2788 3725 Hierosolymitani
2820 3654 3040 3711 itineris
3068 3670 3199 3711 cum
3232 3656 3471 3711 suborta
3522 3654 3723 3711 fuisset

2025 3744 2267 3809 occasio,
2342 3742 2646 3812 episcopus
2702 3742 3048 3811 Bajocensis,
3109 3743 3227 3799 Odo
3301 3742 3553 3808 nomine,
3627 3743 3719 3798 vir

2027 3844 2371 3901 magnarum
2405 3843 2603 3899 opum,
2638 3830 2727 3885 hic
2767 3830 2958 3900 ipsum
3003 3830 3235 3886 devovit
3267 3830 3390 3885 iter.
3439 3829 3545 3894 Qui
3581 3843 3718 3886 cum

2026 3919 2266 3975 senioris
2314 3920 2637 3990 Anglorum
2688 3919 2841 3988 regis
2892 3918 3180 3974 Guillelmi
3231 3918 3404 3973 frater
3444 3925 3609 3983 esset,
3664 3926 3721 3974 et

2025 4014 2230 4077 praeter
2258 4006 2527 4076 pontificii
2571 4005 2907 4076 dignitatem
2950 4005 3103 4075 apud
3133 4005 3347 4076 Anglos
3367 4005 3716 4071 {comitatum

2026 4096 2240 4151 Cantiae
2280 4095 2584 4162 obtineret,
2651 4107 2747 4163 spe
2786 4093 3371 4163 incomparandorum
3422 4093 3721 4149 thesauro-

2026 4198 2179 4250 rum,
2214 4184 2271 4239 in
2305 4192 2527 4239 tantum
2561 4196 2651 4238 res
2676 4183 2837 4238 visus
2861 4189 2946 4238 est
2984 4183 3195 4238 audere
3227 4195 3422 4250 novas,
3453 4189 3518 4237 ut
3546 4182 3719 4238 etiam

1956 4272 2097 4339 Dde
2155 4272 2315 4342 regni
2371 4281 2570 4327 contra
2622 4268 2859 4326 fratrem
2911 4271 3210 4341 proprium
3278 4269 3721 4340 praesumptione

2031 4366 2301 4416 tractaret
2326 4360 2464 4430 (34).
2498 4358 2675 4426 Quem
2720 4373 2823 4415 rex
2856 4359 3213 4429 praeveniens
3251 4357 3523 4413 carcerali
3551 4371 3720 4412 man—

2029 4448 2243 4518 cipavit
2284 4448 2576 4514 custodiae,
2628 4448 2991 4518 detinuitque
3037 4447 3231 4502 virum
3288 4460 3473 4516 usque
3529 4445 3599 4501 ad
3627 4445 3719 4501 sui

2029 4536 2211 4607 ipsius
2266 4536 2489 4592 exitum
2551 4535 2704 4591 vitae.
2767 4534 2890 4602 Quo
2952 4542 3155 4590 exacto
3208 4535 3512 4604 episcopus
3571 4533 3716 4589 idem

2028 4624 2278 4682 libertati
2301 4638 2368 4680 ac
2412 4624 2611 4680 honori
2642 4622 2840 4693 rediit;
2871 4630 2927 4679 et
2960 4622 3040 4678 uti
3083 4622 3440 4692 praemissum
3474 4629 3576 4683 est.
3608 4620 3716 4678 viae

2029 4712 2208 4784 hujus
2251 4714 2546 4768 intonante
2598 4712 2904 4781 prmeonio,
2953 4710 3073 4781 ipse
3124 4723 3244 4766 suae
3300 4710 3486 4780 gentis
3540 4709 3718 4765 fretus

2028 4801 2369 4871 frequentia,
2402 4814 2536 4856 cum
2570 4799 2779 4869 opibus
2808 4798 3131 4854 innumeris
3162 4800 3242 4853 ire
3274 4798 3542 4868 perrexit.
3598 4796 3715 4853 Cu-

2019 4890 2117 4960 jus
2161 4890 2493 4958 Arnulphus
2541 4888 2686 4943 idem
2729 4887 3024 4943 comitatui
3075 4900 3195 4943 sese
3228 4886 3430 4941 indidit
3459 4901 3471 4940 :
3499 4894 3555 4941 et
3584 4898 3716 4941 cum

2027 4978 2165 5034 huic
2207 4976 2311 5047 ipsi
2358 4978 2622 5046 episcopo
2663 4975 2828 5041 citra,
2875 4975 2986 5030 nisi
3018 4974 3201 5041 fallor,
3234 4974 3526 5030 Romaniae
3558 4974 3712 5041 fines,

2027 5066 2159 5122 ﬁnis
2195 5065 2508 5137 obtigisset,
2553 5078 2627 5120 ex
2679 5063 2771 5120 illo
2806 5063 3063 5119 maximo
3089 5077 3266 5120 censu
3288 5076 3461 5131 quem
3506 5070 3629 5132 post
3657 5076 3717 5118 se

2025 5155 2356 5225 reliquerat,
2415 5153 2573 5209 hunc
2610 5152 2953 5223 legatarium
2984 5166 3127 5222 pene
3170 5158 3302 5207 ante
3341 5164 3540 5206 omnes
3574 5163 3717 5219 sup-

2027 5243 2322 5314 pellectilis
2376 5256 2495 5298 sum
2550 5241 2814 5311 pretiosae
2864 5239 3067 5296 effecit.
3128 5240 3267 5296 Cum
3295 5239 3450 5295 enim
3480 5238 3716 5294 scientia

2023 5330 2251 5389 litterali
2287 5329 2601 5401 plurimum
2632 5334 2835 5399 posset,
2871 5335 2927 5384 et
2959 5327 3186 5398 ingenio
3228 5326 3556 5398 eloquentia
3600 5340 3709 5383 non

299 5450 412 5521 (34)
469 5453 557 5505 Ita
604 5452 909 5523 scriptores
954 5454 1181 5526 Anglici
1230 5454 1568 5512 Guillelmus
1596 5454 1912 5524 Malmesb.,
1947 5455 2250 5512 Matthzeus
2278 5452 2478 5519 West.,
2511 5451 2774 5523 Polydor.
2805 5451 3005 5521 Virgil.
