3902 6082
259 259 356 310 801

1312 256 1535 314 GESTA
1582 257 1699 312 DEI
1741 257 1876 314 PER
1916 257 2257 315 FBANCOS.
2291 290 2355 297 —
2388 258 2519 314 LIB.
2564 260 2700 314 VIII.

3659 267 3763 321 802

255 386 505 453 deesset;
546 387 893 456 uberiorque
916 385 1037 455 jam
1070 387 1233 457 copia
1258 387 1641 459 cognitionem
1674 388 1955 455 redderet,
1996 392 2041 443 Α
2066 390 2246 445 sancti
2283 389 2427 445 Petri
2450 389 2519 444 ad
2573 389 2818 445 Vincula
2846 391 3058 460 erupit,
3086 394 3182 448 sed
3214 407 3347 448 cum
3377 393 3429 448 ei
3463 395 3623 450 nulla
3653 395 3761 464 pia

254 482 507 543 coeperat
560 483 781 530 nostros
838 474 1054 531 crebris
1110 474 1369 532 animare
1426 477 1809 544 sermonibus,
1866 476 1956 532 fa-

257 576 531 633 mamque
551 576 715 619 suam
744 576 1061 633 propagare
1102 563 1159 618 in
1194 564 1425 620 talibus.
1470 565 1668 635 Inopia
1704 579 1958 636 namque

256 649 659 716 litteratorum,
706 651 900 706 virum
944 650 1150 706 fecerat
1179 650 1478 707 clariorem
1515 667 1527 706 :
1560 661 1634 718 et,
1669 653 1807 709 dum
1842 667 1956 709 vox

254 740 446 809 magis
476 753 654 808 quam
698 738 817 793 vita
860 745 1121 806 curatur,
1159 737 1229 793 ad
1263 738 1370 794 hoc
1402 748 1464 794 ut
1490 740 1953 810 Hierosolymita-

254 841 369 882 nus
426 826 582 882 ﬁeret
623 826 949 897 patriarcha
1005 833 1264 882 vocatur.
1327 827 1680 898 Aliquandiu
1738 828 1953 899 itaque,

253 916 374 972 solo
425 916 675 983 nomine,
722 915 1047 985 pontificale
1094 923 1379 971 ostentum
1436 915 1716 987 praebuit;
1762 916 1957 973 decla—

254 1002 608 1059 mationibus
628 1004 748 1059 suis
766 1011 963 1057 tamen
998 1002 1238 1058 novitati
1267 1002 1346 1058 illi
1375 1004 1607 1072 profuit.

331 1091 498 1163 [ΧΠ
526 1091 821 1162 Amulpho
845 1089 1192 1146 adversatur
1221 1107 1399 1162 papa,
1426 1094 1621 1162 utpote
1642 1091 1959 1146 sacerdoti:

247 1179 398 1251 filio.
455 1179 754 1235 Daiberlus
793 1178 855 1233 in
901 1180 1026 1249 ejus
1075 1180 1260 1234 locum
1288 1180 1650 1252 subrogalur.
1682 1181 1794 1235 Sed
1820 1197 1953 1235 con-

247 1267 545 1337 juralione
595 1269 763 1334 facta
816 1266 879 1321 in
929 1284 1147 1340 regem,
1204 1268 1535 1340 expellitur.
1580 1300 1650 1309 —
1701 1270 1953 1327 Tandem

257 1366 384 1426 post
436 1356 869 1426 aliquantulum
926 1358 1220 1427 temporis,
1280 1372 1411 1414 cum
1465 1357 1615 1414 facta
1667 1373 1851 1430 usque
1883 1360 1954 1414 ad

258 1446 629 1514 apostolicam
742 1446 933 1501 sedem
1002 1446 1418 1516 percrebuisset
1499 1447 1716 1515 electio,
1810 1462 1955 1517 papa

259 1533 569 1599 Paschalis,
651 1542 777 1604 post
835 1534 1053 1590 obitum
1115 1534 1406 1590 Podiensis
1470 1535 1737 1605 episcopi,
1805 1536 1956 1592 vices

257 1636 436 1691 super
494 1622 771 1677 Dominici
811 1623 1099 1678 exercitus
1145 1636 1307 1690 cura,
1357 1637 1492 1679 suas
1537 1623 1956 1694 archiepiscopo

258 1710 524 1767 Daiberto
568 1711 770 1767 Pisano
822 1710 1140 1767 mandavit.
1189 1710 1297 1777 Qui
1338 1713 1457 1782 jam
1508 1721 1673 1782 capta
1723 1713 1959 1768 Jerusa-

257 1797 393 1865 lem,
451 1813 584 1870 rege
640 1808 892 1869 promoto
982 1814 1113 1855 cum
1172 1799 1424 1869 plurima
1476 1800 1655 1856 classe
1703 1801 1956 1870 advenit;

257 1902 367 1943 nec
413 1888 593 1943 multo
617 1896 738 1957 post
767 1887 1099 1943 electionem
1143 1902 1274 1957 quae
1309 1888 1378 1943 de
1426 1888 1726 1958 Arnulpho
1774 1888 1959 1945 fuerat

260 1977 413 2032 facta
436 1977 775 2041 eventilans,
831 1976 1152 2033 secundum
1196 1990 1483 2032 canonum
1530 1977 1667 2048 jura
1698 1978 1959 2033 refutan-

260 2065 393 2121 dam
426 2065 613 2121 duxit.
668 2066 933 2120 Discusso
974 2065 1245 2121 nimirum
1288 2064 1536 2120 hominis
1583 2080 1809 2136 genere,
1860 2080 1959 2121 sa-

264 2154 511 2209 cerdotis
544 2153 696 2209 ﬁlius
730 2153 1030 2223 reperitur,
1058 2152 1160 2223 qui
1188 2167 1301 2209 non
1362 2153 1547 2209 solum
1587 2168 1615 2209 a
1664 2156 1840 2210 sacris
1865 2168 1959 2210 ar-

262 2242 380 2299 ceri
438 2243 771 2313 praecipitur
814 2241 1111 2312 gradibus,
1166 2242 1261 2297 sed
1311 2242 1629 2298 secundum
1675 2243 1959 2299 Toletanac

260 2330 465 2402 synodi
515 2332 615 2401 (ix,
667 2344 793 2399 cap.
858 2332 923 2384 lO
970 2337 1024 2385 et
1074 2330 1161 2398 15)
1205 2329 1365 2394 scita,
1405 2330 1531 2400 ejus
1577 2330 1844 2393 ecclesiae,
1887 2322 1959 2387 ad

260 2419 434 2487 cujus
463 2418 734 2488 injuriam
767 2424 988 2472 constat
1013 2430 1134 2472 esse
1168 2418 1518 2487 progenitus,
1555 2431 1756 2474 servus
1783 2417 1959 2488 jube-

262 2516 357 2563 tur
390 2506 510 2561 fieri
530 2506 931 2574 sempiternus.
968 2505 1085 2560 Hac
1113 2506 1406 2565 exclusus.
1441 2520 1572 2585 cum
1602 2521 1659 2561 se
1712 2521 1960 2562 summo-

262 2608 397 2665 pere
431 2594 713 2665 ingereret
756 2601 810 2649 et
840 2593 1181 2656 defensaret,
1233 2594 1535 2657 sententia,
1575 2608 1706 2649 cum
1761 2607 1958 2663 proce-

264 2698 354 2740 res
401 2683 529 2753 ejus
578 2682 801 2753 pudori,
859 2684 997 2752 quia
1052 2681 1319 2751 repulsus
1377 2681 1580 2748 fuerat,
1640 2682 1853 2737 mederi
1903 2683 1959 2737 in

261 2772 460 2842 aliquo
481 2771 815 2837 voluissent,
861 2770 1227 2826 sciscitantur
1255 2769 1328 2825 ab
1360 2769 1478 2839 ipso
1518 2784 1691 2840 quem
1739 2769 1960 2841 eligen-

262 2860 402 2915 dum
436 2860 690 2914 duceret.
720 2857 834 2927 Ille,
868 2858 1261 2929 coaequalibus
1285 2857 1758 2928 junioribusque,
1791 2866 1852 2913 ut
1876 2866 1972 2913 est‘

261 2947 519 3016 pravitas
549 2953 796 3015 naturae,
833 2959 964 2999 mox
1019 2944 1282 3000 invidens
1315 2959 1327 2998 :
1363 2968 1391 2994 tt
1428 2945 1594 3000 Hunc
1626 2945 1835 3014 ipsum,
1866 2945 1959 3000 in-
2003 2980 2043 3035 Ε

264 3036 413 3106 quit,
470 3035 762 3102 Pisanum,
816 3033 916 3104 qui
958 3033 1240 3104 legatione
1296 3032 1562 3103 fungitur
1617 3034 1874 3103 accipite.
1935 3053 1956 3080 ι

266 3124 441 3178 Dictis
481 3122 607 3193 ejus
660 3121 947 3191 principes
994 3133 1305 3187 assensere,
1368 3128 1718 3190 raptumque
1773 3120 1961 3176 archi-

264 3215 617 3281 episcopum,
656 3211 751 3265 vix
779 3210 908 3279 ejus
963 3210 1333 3264 conniventia
1380 3209 1679 3278 requisita,
1738 3210 1795 3262 in
1842 3208 1966 3277 ipsa

264 3300 361 3356 cui
391 3299 621 3355 sedebat
662 3298 954 3364 cathedra,
990 3310 1091 3367 per
1120 3297 1331 3365 seipsos
1367 3296 1512 3351 idem
1561 3296 1847 3366 principes
1906 3296 1960 3350 in

263 3388 559 3445 ecclesiam
591 3400 851 3442 evexere.
906 3385 1018 3441 Nec
1076 3399 1255 3451 mora,
1290 3385 1445 3440 hunc
1499 3384 1786 3451 eumdem,
1842 3390 1963 3453 post

263 3476 417 3547 regis
476 3474 703 3544 gloriosi
759 3473 1044 3530 Godefridi
1106 3474 1455 3541 occubitum,
1508 3487 1640 3528 cum
1694 3480 1964 3542 regnaret

267 3563 587 3633 Balduinus
644 3561 823 3618 frater
863 3563 1009 3633 ejus,
1066 3562 1166 3632 qui
1217 3561 1438 3617 Edessa;
1469 3560 1792 3630 praefuerat,
1828 3574 1962 3630 pro-

264 3651 496 3708 ditionis
558 3650 932 3720 insimulant;
982 3651 1178 3719 sicque
1231 3658 1382 3704 certo
1434 3649 1770 3704 damnatum
1841 3649 1961 3704 cri-

267 3754 439 3807 mine,
496 3753 630 3794 eum
685 3738 787 3810 qui
841 3739 1314 3809 metropolitanus
1373 3736 1488 3793 fore
1545 3739 1834 3795 destiterat
1859 3752 1960 3808 pa-

266 3827 585 3883 triarchatu
619 3826 867 3895 privant.

339 3915 601 3986 Cumque
645 3916 713 3970 de
764 3914 1110 3970 instituendo
1144 3914 1407 3984 pontifice
1455 3914 1657 3970 iterata
1696 3921 1963 3970 tractaret

266 4011 485 4077 electio,
541 4011 845 4082 providens
900 4010 1268 4093 Arnulphus.
1306 4019 1368 4067 ut
1431 4010 1562 4065 talis
1624 4009 1798 4077 fieret,
1860 4010 1961 4080 qui

264 4099 603 4155 nullatenus
649 4113 682 4154 a
713 4114 817 4154 suo
875 4099 1115 4168 imperio
1162 4097 1505 4160 dissentiret,
1551 4095 1860 4167 quemdam
1892 4095 1963 4151 de

261 4184 384 4240 suis
422 4183 953 4250 contubernalibus,
1013 4198 1186 4254 quem
1235 4183 1405 4239 sciret
1457 4183 1564 4239 sibi
1626 4196 1727 4252 per
1767 4181 1963 4238 omnia

258 4273 789 4343 obtemperaturum
819 4314 835 4341 ,

259 4358 641 4423 illitteratum,
729 4357 1007 4413 vocabulo
1108 4356 1521 4422 Ebremarum,
1611 4357 1767 4412 omni
1868 4355 1958 4411 fa-

256 4461 397 4503 vore
447 4446 745 4517 promovit.
772 4446 894 4512 Quo
927 4445 1288 4516 postmodum
1327 4460 1447 4502 sese
1479 4444 1741 4517 religiose
1773 4458 1955 4516 agen-

261 4544 335 4603 te,
365 4544 420 4591 et
450 4536 520 4591 ad
553 4537 681 4605 ejus
720 4535 790 4589 ad
812 4534 1128 4605 integrum,
1164 4547 1226 4590 ut
1258 4542 1552 4603 putamus,
1583 4547 1959 4603 nequaquam

258 4635 395 4679 vota
426 4632 676 4695 gerente,
711 4623 863 4692 apud
898 4624 1261 4692 apostolicam
1319 4623 1505 4678 sedem
1553 4637 1683 4677 eum
1738 4636 1959 4691 nuper-

258 4712 405 4770 rime
460 4720 919 4781 accusaverunt;
976 4711 1068 4767 sed
1127 4711 1182 4766 in
1253 4711 1374 4781 ipsa
1426 4725 1533 4766 sua
1595 4711 1959 4767 accusatione

260 4800 567 4856 fmdissiuie
619 4800 969 4854 defecerunt.
1011 4799 1164 4854 Unde
1196 4806 1420 4854 tantum
1466 4812 1596 4853 cum
1631 4796 1751 4852 suis
1798 4810 1959 4852 com-

262 4887 527 4959 plicibus,
562 4889 663 4958 qui
695 4888 803 4942 sibi
863 4887 920 4942 in
954 4886 1278 4943 accusando
1309 4886 1490 4942 adnisi
1526 4886 1769 4949 fuerant,
1804 4883 1959 4955 apud

261 4991 453 5047 regem
483 4975 678 5032 odium
713 4975 976 5041 incurrit,
1043 4983 1108 5031 ut
1164 4989 1298 5031 eum
1358 4989 1391 5029 a
1420 4973 1665 5044 sepulcri
1700 4973 1961 5029 custodia

261 5077 501 5133 arceret,
533 5066 676 5135 quin
705 5064 875 5120 etiam
919 5065 989 5120 ab
1031 5064 1155 5134 ipsa
1197 5063 1340 5120 urbe
1359 5063 1711 5119 extruderet.
1748 5062 1958 5130 Regra-

262 5156 442 5210 tiatus
472 5162 663 5208 autem
706 5153 963 5222 pontifex
1003 5153 1325 5222 apostolicae
1377 5151 1527 5207 sedis
1579 5150 1855 5220 apicibus,
1887 5150 1959 5205 ad

262 5243 581 5315 plurimum
632 5252 1038 5322 exsecutorum
1080 5256 1318 5298 suorum
1351 5241 1617 5306 dedecus,
1672 5238 1958 5308 Jerosoly-

260 5346 416 5388 mam
468 5331 634 5387 redit.
699 5331 827 5387 Haec
878 5331 949 5387 de
1008 5330 1166 5387 illius
1226 5328 1550 5401 imaginarii
1613 5326 1959 5397 patriarchas

260 5417 533 5476 electione
584 5431 651 5472 ac
704 5416 1016 5487 dejectione
1046 5417 1256 5473 dixisse
1282 5415 1549 5472 sufficiat.
1583 5416 1720 5478 Quas
1761 5411 1960 5468 electio

260 5505 521 5562 omnium
578 5504 861 5561 bonorum
892 5504 1169 5561 cassanda
1217 5501 1471 5575 judiciis,
1504 5500 1595 5557 die
1635 5500 1959 5557 festivntatis

2065 479 2197 534 vita;
2225 477 2559 549 adjumenta
2597 486 2985 548 suppeterent,
3028 479 3274 536 efﬂuxit.
3324 483 3538 538 Civitas
3567 491 3762 539 autem

2063 567 2259 622 eadem
2312 575 2479 638 capta
2532 575 2615 623 est
2646 581 2680 621 a
2740 567 2990 634 Francis,
3021 568 3223 638 quinto
3255 570 3475 626 decimo
3507 572 3760 641 provecti

2061 652 2196 711 Julii
2245 655 2354 721 die,
2416 671 2550 712 cum
2609 665 2773 712 sexta
2818 664 2964 712 esset
3022 657 3198 714 feria:
3250 660 3373 728 ipsa
3449 659 3581 725 fere,
3638 676 3762 732 qua

2063 743 2328 800 Christus
2355 745 2413 799 in
2436 758 2662 801 crucem
2690 744 2955 800 sublatus
2984 753 3087 813 est,
3124 746 3286 802 hora.

2738 831 2969 889 CAPUT
3008 833 3079 888 Il.

2134 918 2327 993 [ΧΠ]
2359 922 2687 991 Imperator
2712 920 3042 990 Babylonia:
3085 922 3296 977 bellum
3336 923 3462 997 regi
3510 926 3760 982 Jeroso-

2062 1008 2345 1079 lymitano
2368 1008 2686 1063 denuntiat.
2719 1040 2786 1048 -—
2817 1008 2942 1065 Non
2976 1010 3157 1065 multo
3180 1020 3305 1080 post
3340 1021 3609 1084 tempore,
3647 1015 3761 1071 imo

2065 1096 2424 1166 paucissimis
2450 1105 2572 1166 post
2598 1097 2818 1164 diebus,
2852 1098 3062 1154 adsunt
3086 1099 3477 1170 Neapolitana:
3515 1104 3763 1160 civitatis

2063 1183 2253 1255 legati,
2276 1197 2408 1253 quas
2435 1183 2654 1239 Sichem
2679 1185 3024 1255 antiquitus,
3050 1188 3136 1243 vel
3167 1187 3425 1245 Samaria
3448 1192 3764 1249 vocabatur

2064 1272 2188 1345 [al.,
2248 1286 2401 1343 quae,
2459 1272 2564 1327 nisi
2626 1271 2808 1337 fallor,
2874 1274 3090 1331 Ematis
3138 1278 3464 1347 antiquitus
3516 1282 3761 1337 vocaba-

2064 1360 2202 1431 tur],
2264 1359 2559 1416 Tancredo
2602 1368 2656 1415 et
2696 1361 3010 1416 Eustachio
3066 1364 3280 1429 comiti,
3328 1365 3491 1422 ducis
3543 1368 3762 1437 pridem

2064 1450 2233 1520 regis,
2268 1448 2434 1504 modo
2489 1448 2671 1515 fratri,
2710 1449 2852 1504 viris
2894 1450 3300 1518 spectabilibus
3347 1467 3414 1509 ac
3446 1455 3763 1512 fortissimis

2062 1544 2454 1607 suggerentes,
2515 1542 2577 1591 ut
2638 1536 2891 1606 plurima
2946 1539 3357 1594 succenturiati
3406 1540 3627 1609 militia,
3691 1543 3764 1599 ad

2064 1623 2357 1697 praefatam
2391 1624 2894 1693 proficiscerentur
2924 1625 3149 1694 urbem,
3200 1640 3324 1682 eam
3360 1629 3557 1696 procul
3587 1629 3763 1687 dubio

2065 1713 2125 1769 in
2148 1712 2247 1784 jus
2264 1712 2562 1782 proprium
2605 1712 2905 1782 recepturi.
2950 1713 3274 1771 Procedunt
3313 1715 3415 1778 illi,
3461 1717 3765 1789 ductisque

2067 1816 2261 1857 secum
2293 1801 2510 1868 multis,
2556 1796 2669 1857 nun
2698 1802 2819 1857 sine
2850 1802 3107 1871 peditum
3139 1804 3569 1871 numerositate,
3605 1805 3769 1875 equi-

2067 1886 2239 1950 tibus,
2278 1887 2530 1944 civitatis
2575 1888 2844 1959 appulere
2886 1890 3185 1945 suburbio.
3223 1892 3444 1955 Quibus
3471 1892 3762 1961 oppidani,

2066 1985 2317 2032 reserato
2370 1977 2655 2046 prtesidio,
2711 1985 3025 2046 spontanea
3086 1978 3231 2033 fiunt
3283 1980 3570 2035 deditione
3619 1982 3765 2037 sub-

2063 2065 2217 2135 jecti.
2260 2065 2479 2121 Adsunt
2516 2073 2788 2135 praeterea
2819 2074 2873 2121 et
2918 2066 3036 2130 alii,
3070 2068 3169 2137 qui
3216 2067 3288 2121 ad
3326 2081 3518 2139 regem
3570 2068 3760 2126 Gade-

2069 2152 2283 2208 fridum
2340 2153 2638 2223 perferunt
2691 2152 3090 2223 imperatorem
3160 2154 3570 2224 Babylonicum
3636 2171 3765 2212 ma-

2068 2254 2233 2312 gnas,
2282 2240 2427 2297 bello
2474 2249 2672 2297 contra
2714 2256 2772 2297 se
2821 2242 3089 2312 gerendo,
3136 2247 3287 2296 486
3336 2257 3614 2313 apparare
3660 2260 3764 2301 co-

2070 2328 2212 2399 pias.
2245 2329 2366 2385 Rex
2410 2329 2578 2397 illico,
2626 2329 2698 2384 ad
2736 2343 2801 2385 ea
2859 2344 2991 2399 quae
3048 2330 3473 2387 nuntiabantur
3508 2333 3767 2390 redditus

2068 2417 2273 2482 acrior,
2326 2416 2489 2472 fratri
2544 2418 2847 2472 Eustachio
2898 2426 2953 2473 et
2995 2417 3285 2475 Tancredo
3337 2420 3442 2475 sibi
3501 2423 3767 2478 nuntiata

2067 2504 2392 2571 denuntiat,
2452 2511 2509 2560 et
2566 2512 2628 2559 ut
2683 2505 3031 2574 quantocius
3092 2505 3500 2575 Jerosolymam
3542 2509 3763 2579 regredi

2069 2599 2514 2662 p‘raeproperent,
2574 2591 2747 2647 missa
2798 2592 3078 2663 legatione
3126 2597 3383 2664 praecipit
3421 2609 3488 2650 ac
3541 2605 3759 2652 exorat.

2070 2680 2278 2735 Locum
2311 2687 2499 2735 autem
2532 2679 2732 2749 praelii,
2767 2680 2922 2749 apud
2977 2682 3311 2737 Ascalonem
3347 2683 3622 2739 indictum
3656 2697 3760 2754 pa-

2070 2768 2208 2824 riter
2260 2767 2536 2823 insinuat.
2608 2766 2731 2834 Quo
2808 2768 3171 2823 invictissimi
3228 2769 3378 2824 idem
3449 2780 3758 2840 comperto,

2069 2855 2216 2911 dicto
2273 2855 2511 2911 celerius
2553 2865 2827 2911 montana
2854 2857 3126 2912 subeunt.
3192 2857 3556 2925 Sarracenos,
3619 2859 3768 2915 inter

2071 2944 2327 3000 eundum
2388 2944 2533 2999 bella
2590 2952 2848 3000 moturos
2894 2944 3265 3013 aestimantes,
3316 2946 3553 3003 minime
3599 2960 3767 3017 repe-

2073 3034 2252 3099 riunt,
2287 3032 2722 3102 Cresareamque
2749 3032 3047 3088 Palestinaa
3080 3033 3443 3103 perveniunt.

2142 3120 2428 3190 Progressi
2485 3120 2615 3175 inde
2663 3120 2733 3175 ad
2779 3120 3001 3187 urbem,
3049 3134 3224 3190 quam
3283 3134 3459 3190 supra
3488 3122 3763 3190 diximus,

2069 3208 2506 3272 Bamothenam,
2582 3209 2732 3264 beati
2810 3208 3034 3279 Georgii
3117 3210 3394 3265 memoria
3463 3211 3763 3281 celebrem,

2070 3295 2222 3351 circa
2281 3295 2568 3352 maritima
2627 3296 3019 3363 constitutam,
3083 3299 3325 3369 vestigia
3374 3307 3626 3367 vertunt,
3659 3301 3760 3356 ubi

2068 3382 2321 3437 Arabum
2376 3396 2490 3437 non
2547 3395 2759 3451 paucos
2785 3382 3105 3449 offendunt,
3157 3400 3256 3454 qui
3290 3387 3543 3454 praedicti
3583 3387 3763 3457 prtelii

2068 3484 2449 3539 praaccnsores
2506 3468 2631 3542 [al.,
2701 3470 3103 3542 praesensores]
3152 3473 3431 3529 existunt.
3499 3475 3561 3529 In
3621 3488 3768 3544 quos

2069 3560 2281 3613 nostris
2310 3558 2556 3627 sociatis,
2590 3558 2689 3615 ubi
2729 3559 3334 3627 eosanimadvertere,
3368 3561 3589 3617 nisibus
3628 3577 3767 3618 una-

2068 3646 2304 3701 nimiter
2365 3647 2742 3713 invehuntur,
2806 3647 2996 3702 hostes
3053 3647 3335 3718 fugaciter
3393 3649 3766 3705 cederecom-

2071 3733 2664 3807 pelluntur,1plurimi
2704 3734 2821 3790 vivi
2867 3735 3197 3804 capiuntur,
3249 3748 3284 3790 a
3333 3736 3567 3806 quibus,
3604 3751 3763 3808 quae-

2068 3835 2302 3892 cunque
2345 3822 2414 3878 de
2468 3822 2703 3878 instanti
2778 3822 2924 3878 bello
2985 3836 3155 3893 agere
3200 3832 3575 3893 proposuerat
3634 3840 3767 3895 pars

2068 3910 2320 3978 inimica,
2372 3911 2713 3967 discuntur:
2745 3911 2843 3966 ubi
2907 3911 3169 3967 videlicet
3198 3925 3398 3968 eorum
3445 3913 3565 3984 jam
3626 3928 3759 3970 con-

2069 3998 2314 4055 venisset
2341 3999 2650 4061 exercitus,
2675 4007 2889 4069 quotus
2926 3998 3180 4069 ipsorum
3216 4000 3526 4057 haberetur
3554 4016 3765 4058 nume—

2068 4101 2188 4154 rus,
2239 4088 2370 4158 quis
2412 4102 2623 4158 pugnae
2655 4088 2834 4144 eidem
2900 4089 3368 4158 praescriberetur
3428 4090 3604 4145 locus.
3666 4091 3767 4148 His

2066 4176 2399 4232 Tancredus
2455 4176 2667 4246 agnitis
2722 4176 3208 4246 Jerosolymorum
3262 4177 3383 4249 regi
3439 4178 3760 4247 Godefrido,

947 4279 1142 4342 utpote
1242 4274 1430 4327 virum
1516 4271 1828 4341 simplicem
1903 4274 2205 4333 etnqute
2262 4263 2460 4319 didicit
2533 4263 2753 4319 nuntiis
2822 4264 3048 4319 directis
3121 4266 3394 4321 insinuat.
3464 4267 3765 4338 Arnulpho

2065 4353 2261 4419 etiam,
2295 4352 2636 4421 patriarchas
2680 4352 2913 4409 nomine
2948 4353 3239 4424 insignito,
3282 4354 3524 4425 aliisque
3561 4370 3765 4425 proce-

2066 4439 2228 4496 ribus
2261 4439 2494 4494 mandat
2529 4454 2540 4493 :
2575 4461 2597 4487 ι
2627 4439 2868 4506 Bellum,
2920 4439 3131 4511 inquit,
3166 4441 3369 4511 ingens
3409 4456 3512 4496 vos
3532 4457 3764 4499 manere

2067 4528 2385 4583 noveritis:
2428 4527 2579 4597 quod
2643 4527 2783 4597 quia
2828 4530 2947 4598 jam
3021 4528 3380 4598 dignoscitur
3443 4531 3760 4599 imminere,

2066 4615 2395 4672 Ascalonem
2456 4624 2753 4684 properate
2809 4618 3023 4683 venire,
3105 4616 3231 4671 freti
3315 4616 3539 4673 viribus
3616 4633 3764 4689 quas

2068 4703 2272 4773 poterit
2344 4702 2575 4759 solertia
2642 4710 2833 4758 vestra
2903 4705 3149 4773 potiores
3215 4703 3486 4760 conﬂare.
3552 4725 3575 4754 ι
3640 4707 3763 4762 Rex

2070 4790 2268 4861 igitur,
2326 4805 2443 4861 quo
2485 4798 2604 4860 post
2649 4791 2748 4846 Dei
2804 4790 2967 4846 fidem
3029 4805 3194 4847 nemo
3234 4792 3514 4863 sagacior,
3550 4809 3764 4865 magna

2066 4880 2137 4935 ad
2169 4879 2219 4934 id
2253 4883 2743 4951 negotiiomnium
2774 4879 2871 4935 Dei
2912 4880 3173 4935 militiam
3218 4881 3557 4938 auctoritate
3600 4884 3762 4939 solli-

2066 4969 2221 5035 citat,
2278 4967 2749 5037 Ascalonemque,
2810 4967 2907 5023 ubi
2956 4975 3157 5045 contra
3197 4970 3448 5025 hostium
3508 4984 3761 5042 appara-

2067 5066 2188 5114 tum
2212 5057 2516 5126 procedere
2545 5055 2806 5121 debeant,
2860 5056 3143 5127 designat.
3186 5059 3312 5127 Ipse
3342 5072 3475 5115 vero
3506 5060 3761 5131 patriar-

2066 5146 2175 5201 cha
2236 5152 2456 5209 vocato,
2531 5144 2988 5215 Flandrensique
3035 5146 3239 5201 comite
3304 5147 3571 5211 Roberto,
3629 5162 3763 5207 cum

2064 5240 2210 5291 esset
2239 5234 2405 5288 tertia
2434 5232 2686 5299 feria,ab
2719 5234 2860 5289 urbe
2893 5234 3156 5303 prodivit.

2140 5320 2368 5394 [XVIL]
2402 5322 2520 5376 Rex
2547 5321 2626 5375 ad
2658 5322 2869 5377 bellum
2897 5339 2959 5376 se
2974 5322 3243 5396 accingit,
3274 5323 3661 5395 proceditque.
3694 5356 3763 5366 —-

2067 5410 2138 5465 At
2213 5407 2751 5473 Sanct-Egidianus
2799 5423 3004 5476 comes,
3061 5425 3365 5481 comesque
3411 5411 3762 5469 Northman-

2065 5499 2252 5566 nicus,
2283 5497 2612 5555 intulerunt
2667 5499 2789 5571 regi
2844 5512 2904 5555 se
2952 5499 3198 5558 necdum
3248 5501 3395 5558 velle
3437 5503 3761 5572 procedere,
