3920 6080
198 216 299 270 803

1116 212 1176 266 V.
1214 212 1535 267 GUIBERTI
1565 210 1865 275 ABBATIS
1897 211 1949 267 S.
1993 212 2232 269 ΜΑΗΙΑΞ
2271 214 2360 268 DE
2412 213 2804 270 NOVIGENTO

3590 220 3703 272 804

197 346 376 402 donec
433 343 644 401 scirent
691 357 764 398 an
818 343 964 397 idem
995 340 1208 398 bellum
1250 356 1352 411 pro
1407 349 1558 397 certo
1589 342 1885 399 videretur
1921 343 2085 408 Arii,
2147 343 2540 415 lanceariique
2589 344 2689 414 qui
2745 345 3064 412 praecedere
3129 345 3371 401 debeant
3436 347 3697 413 militias,

197 434 408 490 instare
441 449 452 488 :
483 447 604 488 sese
667 446 804 501 ergo
869 431 1186 486 Jerusalem
1257 431 1484 488 interim
1557 445 1892 487 reversuros

197 522 517 592 perhibent,
575 527 890 574 asserentes
921 518 1091 574 etiam
1117 519 1258 588 quia
1286 533 1400 574 non
1434 521 1490 573 in
1531 533 1709 586 mora,
1758 533 1887 575 cum

195 624 342 680 opus
398 608 589 673 fuerit,
659 605 863 663 forent.
911 608 1033 662 Rex
1095 607 1251 674 abiit,
1317 615 1372 662 et
1426 608 1564 662 dum
1618 608 1892 677 conspicit

196 698 422 753 eminus
462 697 667 762 hostes,
700 695 860 751 ocius
906 693 994 750 his
1023 695 1124 764 qui
1153 695 1518 764 Jerosolyma:
1561 695 1893 751 desederaut

197 785 319 840 hac
371 784 603 839 scienda
635 783 951 838 mandavit.
1000 783 1284 839 Continuo
1334 785 1644 853 quemdam
1686 784 1893 840 accivit

194 871 547 940 episcopum,
583 886 756 941 quem
787 871 1092 926 destinavit
1117 872 1186 926 ad
1223 872 1445 935 urbem,
1488 872 1894 927 universaliter

195 973 328 1016 suos
354 960 645 1016 obtestans
697 968 760 1015 ut
792 959 1053 1030 praesenti
1105 960 1416 1016 necessitati
1460 960 1726 1015 submota
1766 974 1894 1029 pro-

195 1050 599 1105 crastinatione
681 1056 1110 1104 concurrerent.
1168 1049 1383 1114 Quarta
1466 1049 1658 1117 itaque
1727 1048 1888 1114 feria,

195 1137 416 1208 quique
487 1136 775 1206 principes
848 1143 1041 1191 coacta
1119 1137 1463 1206 generaliter
1531 1137 1893 1206 expeditione

197 1225 511 1292 Dominica,
565 1232 752 1280 castra
815 1238 849 1279 a
895 1224 1125 1279 civitate
1176 1232 1601 1293 promoverant,
1666 1231 1720 1279 et
1773 1224 1892 1294 ipse

194 1315 516 1383 episcopus,
540 1312 641 1382 qui
662 1313 974 1368 Jerusalem
1011 1314 1502 1369 commanentibus
1534 1313 1693 1384 regia
1714 1314 1890 1368 verba

195 1403 497 1468 detulerat,
551 1417 683 1458 cum
713 1403 1010 1472 repedaret
1067 1403 1138 1457 ad
1189 1418 1399 1473 regem,
1454 1403 1892 1459 occurrentibus

195 1491 522 1548 Sarracenis
571 1490 896 1560 excipitur;
952 1505 1056 1546 nec
1121 1499 1271 1560 patet
1303 1499 1499 1546 utrum
1533 1492 1888 1552 occubuerit.

195 1594 270 1635 an
293 1579 560 1648 captivus
582 1579 868 1634 abductus
889 1579 978 1632 sit.

267 1669 480 1722 Petrus
509 1667 769 1722 Eremita
796 1666 1068 1737 publicas
1093 1667 1546 1738 supplicationes
1575 1669 1806 1723 ordinat
1828 1671 1894 1724 in

194 1756 337 1812 urbe
364 1755 886 1826 Jerosotymitana.
926 1787 994 1795 -—
1030 1759 1101 1811 At
1134 1757 1332 1811 Petrus
1354 1757 1624 1825 Ereniita,
1668 1758 1738 1826 pii
1765 1757 1896 1813 hue-

195 1858 384 1915 usque
441 1844 630 1913 operis
685 1851 1008 1910 exsecutor,
1088 1859 1220 1900 cum
1272 1844 1492 1900 clericis
1551 1844 1760 1901 Graecis
1827 1860 1895 1902 ac

196 1932 413 1988 Latinis
461 1932 520 1987 in
551 1931 784 1988 civitate
841 1933 1137 2000 remansit,
1201 1933 1522 1988 ordinando
1576 1935 1893 2003 processio-

195 2035 315 2086 nes,
372 2020 642 2076 dictando
701 2020 952 2088 litanias,
1010 2021 1363 2076 instituendo
1397 2023 1704 2090 orationes,
1755 2023 1890 2079 sub-

193 2110 476 2166 monendo
501 2107 908 2178 eleemosynas,
947 2117 1011 2164 ut
1045 2110 1194 2164 Deus
1225 2110 1349 2176 hac,
1384 2110 1552 2179 quasi
1597 2125 1888 2180 suprema,

195 2199 469 2269 dignetur
504 2197 698 2267 populi
729 2197 820 2252 sui
851 2197 1153 2253 cumulare
1185 2197 1472 2253 victorias.
1512 2198 1684 2254 Porro
1709 2199 1893 2254 eccle-

193 2286 404 2343 siastici
462 2287 562 2357 qui
615 2285 810 2341 adesse
859 2293 1120 2355 poterant
1175 2285 1306 2352 viri,
1368 2286 1564 2352 sacris,
1613 2301 1680 2342 ac
1722 2288 1767 2342 si
1818 2287 1891 2343 ad

193 2389 357 2431 sacra
425 2373 712 2445 mysteria,
777 2374 962 2429 induti
1039 2374 1314 2440 vestibus,
1387 2375 1752 2444 procedentes
1818 2377 1890 2432 ad

195 2465 472 2534 templum
528 2477 717 2533 usque
781 2463 1162 2529 Dominicum,
1239 2463 1439 2518 missas
1488 2464 1891 2535 orationesque

193 2554 325 2610 totis
351 2551 652 2608 affectibus
702 2551 924 2620 agendo
979 2563 1166 2605 mares
1193 2563 1260 2604 ac
1315 2548 1559 2604 feminas
1601 2551 1890 2606 conduce-

190 2642 349 2708 bant,
381 2655 482 2710 pro
521 2641 619 2694 Dei
659 2638 926 2694 exsulum
961 2637 1250 2706 ereptione
1304 2644 1618 2706 poscentes.
1653 2638 1723 2692 At
1777 2653 1888 2694 no-

192 2729 346 2785 mine
396 2727 748 2798 patriarcha,
800 2725 844 2781 si
903 2726 1005 2796 qui
1054 2726 1224 2781 etiam
1283 2726 1575 2795 pontiﬁces
1631 2726 1884 2793 adfuere,

191 2831 322 2873 cum
351 2816 682 2887 quibusque
713 2813 1220 2885 conglomerantur
1251 2813 1613 2884 principibus
1663 2815 1733 2869 ad
1775 2814 1882 2870 ﬂu-

1934 1641 1973 1695 Β

1999 432 2362 499 ordinantur,
2398 447 2531 488 cum
2564 447 2664 487 rex
2695 431 3034 490 Godefridus
3068 449 3202 490 cum
3232 449 3339 490 sua
3371 435 3701 505 frequentia

2002 522 2148 591 parti
2214 512 2457 578 sinistrae
2519 523 2903 593 prmponitur;
2962 539 3266 595 comesque
3333 525 3696 595 Sana-{Egi-

2001 609 2404 680 dianusjuxta
2460 612 2749 667 maritima
2794 614 3045 680 sistitur;
3104 613 3467 668 Flandrensis
3518 621 3702 681 atque

1999 696 2490 754 Northmannicus
2570 700 2941 770 adequitabat
3003 703 3294 772 dexterae;
3363 701 3700 756 Tancredus

2000 791 2054 840 et
2083 785 2269 840 caeteri
2303 793 2687 857 utrarumque
2710 791 2960 857 partium
2993 790 3164 845 medii
3191 789 3544 845 incedebant.

2073 865 2346 919 Pretium
2394 866 2787 923 committitur.
2843 868 3008 925 Fusis
3061 873 3329 940 casiaque
3379 867 3700 939 gentiiibus

1999 953 2185 1008 nostri
2228 970 2456 1008 evasere
2501 955 2759 1010 victores.
2791 958 3072 1014 —Nostri
3122 957 3301 1028 igitur
3349 958 3695 1026 pedetentim

2001 1041 2060 1096 in
2111 1042 2370 1098 hostilem
2417 1058 2664 1100 cuneum
2720 1049 3060 1114 promoveri,
3110 1047 3346 1116 gentiles
3391 1046 3460 1101 ad
3495 1047 3697 1114 praelia

2001 1143 2122 1185 sese
2186 1141 2473 1199 parantes,
2535 1147 2905 1203 nequaquam
2969 1135 3087 1190 loco
3150 1134 3384 1190 moveri.
3457 1134 3697 1189 Videres

2000 1222 2147 1270 437
2191 1233 2263 1273 ex
2306 1219 2562 1274 humeris
2611 1234 2748 1276 vasa
2799 1222 3123 1291 pendentia,
3167 1223 3306 1278 dum
3346 1236 3418 1277 ex
3458 1220 3698 1276 modicis

2001 1306 2218 1376 gelidas
2270 1307 2611 1363 cohibebant
2661 1309 2885 1365 utribus
2929 1311 3114 1366 undas
3150 1325 3161 1364 :
3195 1325 3225 1365 e
3256 1310 3470 1380 quibus
3496 1324 3553 1364 se
3585 1325 3693 1378 po-

2003 1402 2220 1450 taturos
2249 1396 2564 1464 crederent,
2598 1413 2728 1453 cum
2760 1407 2984 1455 nostros
3014 1401 3372 1469 prosecuturi
3402 1398 3457 1453 in
3489 1398 3693 1468 fugam

2001 1492 2285 1554 cogerent.
2343 1483 2446 1540 Sed
2490 1486 2642 1541 Deus
2689 1486 2856 1557 longe
2895 1488 3061 1543 aliter
3109 1487 3452 1556 providerat,
3512 1500 3690 1556 quam

2002 1585 2141 1641 gens
2175 1572 2405 1627 inimica
2453 1573 2738 1630 volvebat.
2801 1577 3021 1631 Interea
3067 1575 3446 1631 Northmanni
3479 1588 3544 1630 ac
3575 1575 3694 1630 Ro-

2006 1659 2202 1715 bertus
2244 1674 2432 1716 comes
2485 1661 2610 1731 [al.,
2658 1662 3089 1718 Northmanniaa
3133 1664 3416 1719 Robertus
3456 1661 3689 1734 comes},

2004 1756 2304 1817 prospecto
2358 1749 2584 1805 eminus
2655 1752 2929 1821 principis
2987 1753 3278 1807 exercitus
3347 1752 3475 1816 telo,
3533 1754 3691 1822 quod

2000 1844 2262 1905 opertum
2308 1837 2488 1892 multo
2539 1838 2845 1894 videbatur
2876 1839 3095 1910 fulgere
3127 1848 3383 1910 argento,
3431 1849 3484 1895 et
3510 1839 3566 1894 in
3599 1840 3692 1894 sui

2001 1926 2331 1980 summitate
2354 1926 2516 1981 tereti
2545 1927 2864 1983 ornabatur
2893 1929 3018 1982 auri
3055 1929 3262 1996 pondo,
3295 1943 3509 1997 equum
3553 1943 3690 1982 con-

2004 2013 2179 2069 tinuis
2217 2015 2452 2069 celerem
2486 2015 2807 2070 calcaribus
2836 2030 3070 2086 urgens,
3097 2016 3435 2085 principem,
3467 2015 3558 2070 cui
3589 2029 3692 2084 pro

2000 2102 2165 2172 signo
2215 2116 2390 2171 quam
2441 2102 2698 2158 diximus
2745 2103 2922 2159 astitit
2980 2105 3162 2170 hasta,
3214 2104 3413 2173 rapido
3472 2104 3692 2172 impetit

2001 2191 2244 2260 impeto;
2285 2199 2339 2246 et
2369 2191 2546 2246 atroci
2577 2192 2817 2248 vulnere
2843 2192 3082 2248 sauciat.
3133 2193 3486 2248 Altrinsecus
3515 2190 3692 2247 Fian-

1999 2279 2294 2335 drensium
2339 2294 2525 2336 comes
2572 2279 2693 2336 loro
2739 2281 2998 2346 remisso,
3047 2281 3287 2337 densum
3345 2295 3404 2336 se
3453 2281 3598 2336 fudit
3631 2282 3690 2336 in

1998 2367 2236 2423 hostem.
2269 2367 2600 2424 Tancredus
2628 2369 2878 2438 denique
2907 2383 3195 2424 concursu
3237 2369 3354 2425 ruit
3398 2368 3468 2423 ad
3501 2377 3693 2424 tento-

1998 2456 2085 2510 ria.
2116 2469 2342 2526 magno.
2375 2456 2622 2526 Agmina
2674 2471 2806 2511 cum
2841 2457 3086 2526 propriis
3136 2456 3382 2512 ducibus
3412 2455 3693 2510 bacchan-

1998 2551 2096 2598 tur
2123 2544 2337 2614 ubique
2379 2559 2391 2598 :
2437 2544 2583 2600 fiunt
2615 2552 2857 2600 cruenta
2909 2546 3164 2601 cmdibus
3219 2558 3455 2614 aequora
3497 2543 3690 2612 plani-

1997 2631 2219 2702 tiesque
2259 2631 2401 2699 loci;
2460 2631 2724 2702 protinus
2772 2633 2893 2689 haec
2939 2647 3046 2689 sua
3104 2626 3382 2704 pernicies
3430 2632 3690 2687 hostibus

1999 2720 2357 2776 intoleranda
2388 2720 2531 2789 fuit;
2563 2724 2642 2776 sic
2670 2721 3035 2791 desperantes
3084 2735 3218 2776 mox
3259 2721 3433 2776 iniere
3464 2720 3685 2790 fugam.

1995 2807 2066 2862 Et
2109 2808 2256 2863 sicut
2297 2815 2419 2864 erat
2491 2808 2791 2879 gentilium
2850 2809 3231 2865 numerositas
3289 2810 3558 2873 enormis,
3610 2809 3688 2862 ita

192 2919 324 2960 men
387 2903 542 2974 quod
597 2902 679 2959 eis
744 2901 1079 2958 Ascalonem
1153 2916 1276 2958 esse
1337 2902 1713 2973 dignoscitur.
1766 2903 1886 2958 Illic
1923 2921 1963 2975 ο
1994 2905 2412 2966 consequenter
2440 2905 2495 2952 et
2548 2896 2696 2953 facta
2735 2905 2816 2953 est
2855 2899 3165 2954 enormitas
3192 2898 3379 2954 caedis.
3428 2897 3484 2952 Si
3530 2895 3686 2952 enim

193 2993 395 3048 fraude
450 2990 749 3062 gentilium
820 2989 1002 3045 multa
1049 2997 1187 3045 sunt
1230 2990 1566 3046 animalium
1624 2992 1884 3062 exposita

191 3081 391 3145 millia,
444 3081 638 3147 boum,
671 3078 1020 3134 camelorum
1079 3079 1397 3148 oviumque
1449 3079 1724 3146 examini,
1752 3094 1883 3149 quae

191 3184 322 3224 cum
381 3169 632 3224 seniores
687 3167 1036 3233 didicissent,
1088 3167 1158 3221 ad
1214 3167 1523 3222 illiciendos
1558 3169 1884 3237 praedarum

190 3256 368 3326 copiis
413 3263 636 3311 nostros
667 3254 894 3321 emissa,
949 3254 1230 3310 celebrato
1268 3268 1370 3324 per
1426 3262 1614 3310 castra
1666 3269 1881 3324 praeco-

190 3346 308 3411 nio,
363 3345 642 3400 mandant
673 3359 743 3399 ne
773 3343 830 3398 in
889 3343 1215 3413 cujuspiam
1273 3345 1514 3398 tentorio
1560 3343 1880 3414 quidquam

189 3434 398 3504 praedae
451 3432 704 3503 ejusdem
763 3432 1102 3500 reperiatur,
1140 3431 1248 3486 nisi
1281 3438 1564 3501 quantum
1597 3431 1760 3488 dictae
1789 3432 1884 3488 in-

187 3523 357 3578 stanti
393 3520 780 3577 necessarium
828 3517 950 3575 fore
996 3518 1358 3588 probaretur.
1395 3519 1620 3574 Interea
1648 3521 1881 3575 trecenti

185 3610 400 3666 Arabes
429 3616 753 3665 nostrorum
805 3621 925 3663 sese
949 3606 1348 3676 conspectibus
1400 3607 1692 3678 ingerunt,
1737 3622 1883 3677 quos

189 3699 338 3754 illico
377 3697 556 3754 nostri
606 3704 765 3751 tanta
816 3694 1086 3751 facilitate
1134 3701 1464 3764 presserunt
1505 3702 1565 3750 ut
1611 3694 1757 3750 duos
1808 3710 1880 3751 ex

189 3787 269 3843 eis
318 3786 598 3858 fugaciter
644 3783 786 3841 actis
845 3784 1219 3852 corriperent,
1284 3791 1518 3838 creteros
1569 3797 1753 3853 usque
1808 3783 1880 3839 ad

187 3884 379 3932 castra
409 3889 514 3931 sua
546 3871 944 3943 persequendo
973 3871 1282 3926 minarent.

265 3960 515 4034 [XVIIL]
579 3960 714 4016 Sero
763 3959 958 4028 itaque
1013 3958 1168 4014 illius
1224 3959 1528 4028 ingruente
1577 3958 1707 4026 diei,
1751 3958 1879 4014 fecit

185 4065 283 4122 per
319 4051 660 4106 universum
691 4047 1014 4103 exercitum
1049 4046 1472 4116 perfunctorius
1503 4047 1592 4102 ille
1633 4047 1874 4116 patriar-

188 4141 295 4196 cha
321 4137 563 4204 cantari,
616 4144 681 4192 ut
709 4136 992 4191 diescente
1041 4135 1502 4191 crastinoomnes
1547 4136 1879 4205 expediren-

1995 2998 2218 3056 magnae
2276 2985 2505 3041 fuerant
2559 2986 2833 3042 elationes
2870 2987 3065 3063 maris,
3119 3001 3240 3043 sese
3279 2995 3468 3042 tamen
3505 2985 3688 3040 multo

1993 3073 2400 3129 mirabiliorem
2456 3075 2702 3130 ostendit
2759 3075 3036 3130 Dominus
3097 3079 3153 3130 in
3213 3076 3360 3131 altis.
3413 3074 3574 3131 Unde
3623 3082 3688 3129 ut

1992 3166 2230 3221 evidens
2289 3165 2444 3220 ﬁeret
2477 3166 2673 3234 praelia
2713 3174 2871 3221 tanta
2917 3167 3119 3233 Deum,
3175 3181 3291 3221 non
3322 3165 3567 3220 hominis
3601 3164 3687 3219 fe-

1992 3254 2131 3309 cisse
2181 3266 2440 3318 manum,
2483 3255 2810 3322 patentibus
2839 3254 3018 3310 oculis
3046 3269 3222 3310 caecos
3255 3255 3503 3325 fugitare
3533 3252 3688 3308 vide-

1994 3357 2102 3405 res,
2152 3350 2206 3396 et
2255 3341 2393 3396 dum
2436 3343 2717 3398 vitaturos
2770 3357 2933 3398 arma
2971 3357 3031 3398 se
3071 3345 3374 3407 aestimant,
3423 3355 3542 3396 sese
3598 3355 3690 3396 ar-

1993 3429 2162 3484 matis
2188 3430 2488 3500 objiciunt.
2523 3431 2592 3486 Et
2623 3431 2760 3487 dum
2812 3445 2926 3486 non
2959 3439 3111 3502 patet
3140 3430 3336 3502 effugii
3370 3431 3526 3486 locus
3557 3430 3684 3497 ulli,

1992 3519 2179 3574 ardua
2221 3533 2335 3574 non
2376 3526 2562 3574 tutum
2613 3519 2900 3590 plerisque
2941 3520 3180 3591 parabat
3219 3520 3442 3590 asylum
3491 3519 3683 3588 arbor,

1994 3622 2096 3662 nec
2124 3615 2349 3663 nostras
2399 3614 2631 3676 potuere
2677 3607 2850 3664 latere
2898 3609 3166 3679 sagittas;
3210 3609 3526 3678 praecipites
3567 3621 3690 3662 ma-

1993 3709 2136 3766 gnas
2164 3695 2256 3751 icti
2291 3696 2468 3750 fecere
2514 3696 2734 3762 ruinas,
2786 3704 2887 3752 aut
2934 3698 3144 3754 mortui
3192 3707 3291 3752 aut
3337 3697 3486 3752 ﬁunt
3527 3696 3688 3752 semi-

1991 3796 2156 3837 neces
2177 3782 2387 3852 jaculis
2417 3789 2518 3837 aut
2547 3783 2783 3838 ensibus
2807 3798 3006 3840 omnes
3039 3799 3186 3854 quos
3218 3784 3354 3855 fuga
3379 3799 3490 3838 non
3520 3784 3682 3851 texit,

1988 3871 2246 3926 exercuit
2304 3870 2525 3941 gladios
2571 3879 2921 3933 nostrorum,
2984 3872 3142 3928 velut
3186 3874 3333 3928 inter
3388 3873 3677 3942 pecuaria,

1988 3959 2188 4014 caedes.
2229 3959 2302 4014 At
2347 3958 2746 4030 Sanct-ngidii
2791 3975 2996 4028 comes,
3051 3961 3220 4031 juxta
3261 3961 3516 4032 contigui
3563 3975 3683 4017 ma-

1988 4047 2068 4102 ris
2099 4060 2322 4115 arenas,
2358 4048 2456 4103 ubi
2502 4049 2559 4102 in
2620 4049 2806 4105 hostes
2865 4051 3162 4120 proprium
3219 4050 3540 4106 absolverat
3589 4064 3684 4121 ag-

1986 4154 2138 4207 men,
2195 4148 2356 4197 tanta
2401 4157 2496 4198 eos
2542 4144 2903 4201 vehementia
2949 4146 3005 4201 in
3060 4161 3273 4202 morem
3333 4147 3682 4216 tempestatis

186 4236 283 4285 tur
332 4227 401 4282 ad
449 4225 709 4296 praelium
750 4239 762 4279 :
799 4223 856 4279 id
895 4224 1148 4293 opposito
1202 4224 1566 4280 anathemate
1613 4224 1882 4280 inhibens
1917 4215 1962 4269 D
1993 4229 2347 4300 aggreditur,
2405 4239 2470 4287 ut
2524 4231 2774 4302 ipsorum
2841 4249 2954 4289 non
3018 4249 3198 4304 parva
3257 4215 3485 4303 manus,
3539 4235 3676 4290 dum

186 4339 214 4364 ‹‹
248 4331 318 4372 ne
357 4315 488 4386 quis
559 4315 707 4370 inter
761 4313 1152 4368 dimicandum
1217 4313 1412 4382 spoliis
1464 4313 1766 4383 diripiendi
1799 4314 1879 4370 in-

183 4406 423 4472 sisteret,
480 4425 500 4452 ι
538 4403 633 4458 sed
702 4401 832 4458 belli
878 4401 948 4456 ad
1015 4401 1187 4458 finem
1260 4401 1563 4472 colligendi
1619 4403 1876 4459 studium

183 4493 433 4564 quisque
495 4490 769 4546 differret.
811 4489 1110 4546 Caedendis
1171 4497 1362 4545 autem
1427 4489 1690 4546 hostibus
1737 4491 1876 4548 adeo

182 4589 348 4652 rogat
374 4580 654 4647 insistere,
685 4585 750 4634 ut
788 4578 896 4633 hac
927 4577 1055 4634 illac
1089 4591 1460 4648 nequaquam
1530 4587 1750 4647 curent,
1805 4581 1875 4637 ob

181 4669 319 4726 vilia
362 4667 752 4724 emolumenta
799 4666 1101 4731 divertere,
1148 4679 1219 4720 ne
1267 4665 1516 4736 alicujus
1562 4681 1738 4723 causa
1779 4682 1878 4724 cu-

182 4757 437 4828 piditatis
525 4748 854 4812 incurrant'
915 4758 1111 4825 emptae
1183 4754 1528 4810 detrimenta
1597 4756 1871 4812 victoria.

183 4845 355 4902 Sexta
420 4845 692 4901 illuxerat
745 4843 906 4905 feria,
950 4852 1004 4899 et
1050 4857 1178 4899 ecce
1222 4843 1608 4914 progredienti
1658 4844 1874 4901 militiae.

181 4942 390 4991 nostrae
428 4933 818 5004 pulcherrima
865 4931 1033 4987 vallis
1079 4932 1328 4988 occurrit
1364 4946 1376 4986 :
1406 4932 1624 5002 ibique,
1664 4933 1720 4987 in
1754 4933 1875 5002 ipsa

181 5021 437 5092 contigui
489 5020 739 5091 aequoris
789 5019 1043 5089 planitie,
1097 5020 1347 5076 acierum
1406 5033 1647 5076 suarum
1697 5020 1873 5077 fecere

179 5109 532 5165 discrimina.
597 5109 728 5164 Dux
779 5109 901 5179 jam
957 5115 1214 5164 mutatus
1282 5108 1340 5162 in
1407 5122 1621 5178 regem,
1685 5123 1874 5164 comes

182 5197 566 5264 Flandrensis,
674 5196 983 5266 itidemque
1069 5195 1576 5263 Nortbmannicus,
1681 5196 1874 5252 Sanct-

179 5285 543 5356 Egydiensis
607 5299 813 5352 comes,
881 5284 1232 5340 Boloniensis
1298 5284 1664 5352 Eustachius,
1753 5298 1874 5340 una

179 5372 510 5428 Tancredus
533 5380 588 5428 et
616 5371 848 5439 Gaston,
885 5371 1066 5442 aliqui
1099 5371 1441 5442 singulares,
1475 5386 1637 5440 pares
1667 5372 1868 5443 aliqui,

178 5459 505 5531 compositis
555 5459 888 5529 agminibus
931 5460 1306 5528 praefuerunt.
1343 5459 1602 5516 Peditum
1633 5461 1870 5532 sagitta-

1987 4317 2120 4374 ferri
2163 4318 2403 4374 exitium
2438 4330 2738 4390 praecavet,
2772 4323 3033 4379 ultronea
3071 4324 3271 4394 pelago
3300 4332 3672 4394 mergeretur.

2653 4411 2878 4467 CAPUT
2919 4412 3014 4466 IIl.

2057 4492 2263 4566 [XIX.]
2305 4495 2494 4560 Quare
2542 4496 2661 4552 Deo
2706 4497 3047 4552 ascribenda
3084 4497 3343 4553 victoria.
3375 4531 3443 4539 —
3480 4499 3674 4569 Expli-

1985 4580 2096 4637 cita
2147 4582 2344 4652 itaque
2383 4583 2495 4640 Deo
2553 4593 2785 4641 auctore
2838 4586 3095 4651 victoria,
3149 4586 3472 4656 Babylonia;
3524 4588 3676 4656 prin-

1981 4680 2111 4737 ceps
2150 4668 2388 4736 militiae,
2423 4684 2596 4740 quem
2619 4671 2806 4741 patria
2846 4672 3047 4743 lingua
3089 4674 3519 4730 Admiravisum
3567 4690 3674 4731 vo-

1982 4756 2180 4822 citant,
2211 4756 2506 4824 confusus,
2543 4766 2597 4815 et
2637 4759 3016 4816 infortunium
3057 4762 3212 4831 quod
3243 4762 3348 4816 sibi
3393 4763 3673 4820 acciderat

1983 4845 2120 4900 satis
2161 4845 2438 4901 admirari
2475 4861 2588 4902 non
2641 4848 2978 4917 prmvalens,
3038 4850 3220 4905 multa
3277 4853 3669 4921 conqueritur.

1981 4931 2391 4988 Considerabat
2461 4935 2738 4991 nimirum
2823 4936 3074 4993 infinitas
3134 4952 3282 5009 quas
3356 4940 3675 4996 adduxerat

1981 5018 2192 5090 copias,
2247 5020 2594 5078 laetissimam
2636 5025 3043 5092 juventutem;
3078 5026 3411 5083 fortitudine
3450 5042 3515 5084 ac
3549 5042 3671 5097 spe-

1982 5107 2064 5163 cie
2113 5123 2276 5165 arma
2326 5111 2558 5179 nobilia,
2615 5113 3067 5170 commilitonum
3117 5129 3271 5184 opes,
3341 5125 3415 5182 et,
3474 5123 3537 5172 ut
3595 5116 3674 5170 sic

1981 5197 2251 5266 dixerim,
2302 5208 2511 5255 cuncta
2558 5203 2891 5272 equestria;
2943 5209 2998 5257 et
3045 5204 3199 5273 quod
3237 5205 3445 5259 animis
3496 5203 3674 5259 maxi-

1982 5301 2133 5342 mam
2164 5301 2533 5358 quorumque
2565 5291 2831 5346 inertium
2874 5304 3074 5360 parere
3103 5291 3466 5348 securitatem
3512 5293 3669 5359 solet,

1982 5388 2084 5443 pro
2133 5374 2356 5432 foribus
2400 5377 2562 5433 urbis
2600 5392 2739 5446 suae,
2793 5379 2864 5434 ad
2909 5394 3086 5450 quam
3131 5388 3289 5436 certa
3334 5381 3577 5452 refugia,
3612 5379 3669 5436 in

1981 5463 2213 5532 propria
2247 5465 2597 5535 pugnavisse
2643 5466 2960 5536 provincia.
3013 5469 3086 5524 At
3131 5468 3378 5524 Francos
3411 5468 3668 5525 intueba-
