3920 6080
135 259 260 312 805

142 476 390 532 diutina
419 478 563 531 fante
593 477 918 546 juventam,
966 475 1320 546 rubiginosis
1366 475 1622 541 ensibus,
1658 475 1870 530 lanceis

144 565 556 635 nigrantibus,
615 564 823 620 exilem
874 564 1165 619 destitutis
1207 564 1453 619 militum
1502 564 1727 619 viribus
1773 578 1864 618 ar-

145 661 494 721 maturam;
544 653 768 707 cunctis
806 652 908 722 qui
964 667 1079 722 pra
1122 651 1339 707 cateris
1385 652 1732 706 videbantur
1779 651 1866 705 in-

145 741 376 810 signes,
428 741 544 796 acri
598 749 846 811 egestate
889 740 1266 810 torpentibus,
1327 741 1495 809 equis
1543 739 1867 794 omnimodo

146 831 433 900 squalore
476 829 915 884 fatiscentibus:
959 837 1036 895 et,
1107 837 1168 883 ut
1221 828 1377 883 brevi
1436 828 1697 882 clausula
1752 827 1864 882 sol-

147 933 322 982 vam,
356 918 752 986 pauperrimos
791 917 1073 981 omnium,
1123 916 1379 971 exsulem
1419 915 1654 986 globum
1690 915 1867 970 innu-

151 1007 470 1062 merabiles
551 1019 850 1075 superasse
933 1004 1256 1060 mirabatur
1326 1003 1643 1074 indigenas,
1725 1004 1867 1072 quin

154 1093 379 1161 potius.
441 1108 544 1164 per
587 1093 998 1163 abjectissimos
1054 1093 1354 1148 hominum
1406 1093 1579 1147 totius
1624 1091 1870 1148 Orientis

157 1177 413 1248 gloriam
465 1181 795 1236 concidisse.
839 1182 998 1237 Juvit
1029 1196 1261 1251 quoque
1310 1188 1635 1236 nostrorum
1693 1179 1870 1234 victo-

156 1267 314 1322 riam
341 1269 681 1339 plurimum,
721 1271 876 1340 quod
908 1271 1267 1326 conclamata
1306 1270 1361 1324 in
1396 1269 1581 1325 hostili
1611 1271 1868 1324 exercitu

155 1357 344 1428 fuga;
394 1359 790 1415 Admiravisus
832 1359 922 1414 ille
971 1359 1071 1429 qui
1129 1366 1370 1427 praerat
1416 1356 1706 1419 Ascaloni,
1766 1355 1866 1410 ubi

155 1445 465 1514 conspexit
508 1445 916 1516 Babylonicum
963 1453 1184 1501 vertere
1235 1453 1395 1516 terga
1435 1445 1659 1510 ducem,
1718 1441 1867 1511 fugi-

160 1534 318 1587 tivos
381 1548 576 1589 omnes
633 1548 666 1588 a
734 1537 977 1604 propria
1030 1534 1190 1589 urbis
1270 1533 1535 1603 ingressu
1632 1531 1867 1586 mandat

158 1621 372 1675 arceri.
425 1621 786 1677 Mirabantnr
835 1621 1001 1691 plane
1055 1622 1225 1677 etiam
1272 1621 1444 1676 iidem
1497 1621 1626 1690 plus
1685 1619 1864 1674 nimio

160 1708 378 1776 hostes,
432 1711 585 1780 quod
636 1711 871 1766 minime
922 1710 1122 1765 Franci
1173 1723 1275 1780 pro
1327 1710 1612 1765 manibus
1639 1709 1865 1764 Jeroso-

161 1797 360 1867 lyma,
395 1798 562 1868 quasi
606 1799 862 1869 contigui
911 1813 1087 1854 causa
1138 1797 1383 1868 prasidii
1430 1811 1689 1868 pugnare
1721 1796 1871 1851 dele-

162 1893 393 1955 gerant,
421 1887 515 1941 sed
548 1885 655 1942 sibi
687 1887 916 1942 obviam
947 1887 1195 1943 duorum
1230 1886 1427 1942 itinere
1455 1887 1678 1941 dierum
1720 1898 1865 1954 pene

165 1981 591 2043 processerant.

245 2061 422 2132 [XX.]
480 2067 546 2118 At
614 2063 849 2119 Francis
898 2078 1000 2133 pro
1048 2071 1205 2119 tanta
1262 2064 1397 2129 Deo,
1445 2069 1510 2118 ut
1567 2075 1673 2130 par
1726 2066 1868 2127 erat,

171 2151 421 2206 nimium
495 2151 942 2222 gratulabundis
1014 2152 1273 2218 victoria,
1335 2149 1616 2206 Robertus
1664 2147 1872 2204 North-

173 2240 426 2294 mannia
450 2253 656 2306 comes,
701 2240 790 2294 vir
828 2253 1133 2310 nunquam
1165 2254 1285 2294 sua
1320 2237 1601 2294 mirabilis
1641 2235 1873 2292 muniﬁ-

173 2331 398 2394 centia,
433 2327 606 2384 etiam
640 2331 696 2382 in
738 2328 892 2384 illius
921 2329 1106 2384 exsilii
1145 2327 1602 2397 paupertatibus,
1645 2337 1871 2393 expers,

173 2416 404 2471 hastam
453 2413 632 2480 illam,
683 2431 859 2487 quam
915 2425 1154 2487 argento
1202 2417 1538 2471 dixeramus
1589 2420 1871 2479 ornatam,

175 2519 311 2574 qua
375 2504 723 2574 Babylonico
777 2505 1040 2575 principi,
1099 2504 1276 2560 veluti
1325 2504 1579 2574 signum,
1639 2500 1878 2570 praﬁxa

174 2595 527 2661 constiterat,
599 2608 631 2649 a
686 2595 939 2664 quodam
987 2594 1087 2663 qui
1138 2601 1406 2661 rapuerat
1464 2604 1610 2656 eam,
1672 2587 1876 2659 viginti

176 2683 688 2751 argentiniarchas
717 2683 853 2738 emit
879 2683 1179 2752 ipsamque
1203 2683 1258 2736 in
1284 2688 1454 2736 tanta
1487 2678 1876 2734 testimonium

174 2770 431 2826 victoria
487 2772 558 2825 ad
612 2771 941 2841 sepulcrum
986 2770 1212 2825 Domini
1251 2768 1614 2824 statuendam
1674 2763 1878 2820 Arnul—

178 2858 312 2927 pho,
377 2860 716 2929 patriarcha
765 2867 986 2921 vocato,
1043 2858 1326 2914 attribuit.
1382 2857 1453 2912 At
1519 2869 1713 2910 ensem
1776 2853 1877 2922 qui

1226 257 1447 313 GESTA
1489 258 1599 312 DEI
1644 257 1779 313 PER
1821 256 2163 313 FRANCOS.
2192 287 2258 298 ——
2286 259 2412 318 LIB.
2457 258 2600 313 VIII.

142 396 258 444 tur
304 387 488 444 modis
549 385 820 442 omnibus
885 386 1151 443 inferiore
1211 387 1432 454 militia,
1496 387 1860 457 proﬂigatam
1899 391 1945 441 A

3563 268 3664 319 806

2053 477 2234 548 [XXL]
2310 478 2546 531 Diversa
2610 478 3023 547 praphetarum
3086 479 3344 533 oracula.
3409 511 3477 520 —
3559 480 3665 536 Sed

1977 565 2248 635 quoniam
2287 565 2342 620 in
2374 566 2549 636 hujus
2580 565 2891 621 voluminis
2912 566 3167 633 exordio,
3194 567 3457 636 quadam
3486 583 3669 624 exem-

1977 653 2070 722 pla
2098 654 2451 722 prabuimus
2483 653 2933 722 Scripturarum.
2970 669 3100 724 qua
3152 656 3287 711 huic
3329 665 3484 713 tanto
3511 658 3665 728 quod

1975 741 2364 811 explicuimus
2426 742 2653 812 negotio
2709 743 3016 799 convenire
3075 746 3429 812 putavimus,
3484 753 3664 802 atten-

1976 829 2228 885 dendum
2271 845 2429 886 nunc
2469 831 2642 886 etiam
2690 845 2764 886 an
2814 831 3338 900 Hierosolymitana
3388 833 3669 890 obsidioni

1977 919 2194 988 aliquid
2243 933 2561 974 consonum
2606 919 2761 987 apud
2805 919 3141 974 Zachariam
3194 921 3529 991 prophetam
3577 938 3670 978 re-

1979 1007 2163 1075 perire
2192 1006 2489 1074 possimus.
2530 1027 2550 1054 «
2597 1006 2760 1072 Dicit,
2796 1007 3008 1076 inquit,
3044 1007 3318 1063 Dominus
3354 1010 3670 1064 extendens

1976 1092 2202 1160 calum,
2249 1101 2303 1149 et
2332 1094 2583 1149 fundans
2614 1102 2864 1163 terram;
2915 1095 3134 1166 ﬁngens
3175 1095 3442 1165 spiritum
3488 1097 3668 1153 homi-

1976 1181 2066 1236 nis
2121 1182 2178 1236 in
2232 1197 2298 1237 eo
2351 1183 2552 1252 (Zach.
2597 1198 2696 1247 xu,
2754 1184 2824 1250 l).
2889 1205 2910 1230 ι
2970 1183 3242 1240 Extendit
3291 1184 3522 1251 calum,
3568 1187 3669 1256 qui

1975 1270 2175 1325 dilatat
2196 1270 2521 1335 Ecclesiam,
2549 1279 2612 1326 ut
2654 1272 2822 1334 sicut,
2849 1271 3020 1340 juxta
3051 1272 3280 1340 Isaiam,
3333 1273 3406 1328 ab
3442 1273 3670 1329 Oriente

1977 1359 2223 1414 adduxit
2253 1373 2448 1414 semen
2486 1358 2614 1429 ejus
2646 1373 2746 1428 per
2789 1360 3088 1428 apostolos,
3127 1361 3207 1416 sic
3253 1361 3327 1417 ab
3372 1361 3672 1418 Occidente

1976 1461 2100 1502 eam
2158 1447 2360 1502 debeat
2403 1461 2756 1518 congregare
2814 1461 2916 1516 per
2981 1450 3114 1503 istos
3176 1451 3318 1518 (Isa.
3376 1465 3531 1516 xLui,
3594 1452 3664 1518 5).

1978 1535 2205 1591 Fundat
2264 1544 2494 1602 terram,
2571 1550 2702 1590 cum
2789 1536 3063 1605 permittit
3138 1537 3439 1606 gentilium
3519 1553 3669 1608 pra-

1977 1624 2302 1680 cordialiter
2376 1623 2654 1679 obdurari
2720 1623 3042 1692 perﬁdiam.
3143 1625 3332 1696 Fingit
3406 1626 3672 1695 spiritum

1979 1713 2230 1768 hominis
2271 1713 2329 1768 in
2372 1727 2456 1778 eo,
2495 1727 2626 1768 cum
2674 1713 2960 1782 cujusque
3013 1712 3190 1768 ﬁdelis
3229 1715 3490 1769 animum
3553 1715 3673 1770 for-

1979 1808 2116 1868 mat,
2143 1801 2380 1857 rationis
2419 1801 2612 1856 indita
2673 1801 2839 1855 dono.
2874 1822 2901 1849 «
2954 1802 3094 1856 Ecce
3123 1816 3230 1872 ego
3261 1817 3472 1871 ponam
3501 1804 3674 1859 Jeru-

1980 1889 2152 1945 salem
2197 1888 2638 1958 superlimiuare
2688 1889 2960 1958 crapula,
3012 1890 3281 1945 omnibus
3332 1890 3558 1960 populis
3619 1892 3674 1946 in

1978 1977 2228 2032 circuitu
2269 1976 2473 2046 (Zach.
2523 1991 2621 2042 xu,
2673 1977 2748 2043 2).
2808 1998 2834 2025 »
2892 1976 3356 2045 Supcrliminare,
3410 1982 3675 2048 praemi-

1981 2073 2076 2121 net
2108 2065 2248 2120 ostio
2278 2079 2290 2118 :
2327 2078 2426 2134 per
2463 2067 2675 2119 ostium
2717 2065 2984 2120 introitur
3039 2066 3092 2120 in
3140 2067 3374 2122 domum
3397 2082 3412 2134 ;
3435 2068 3675 2136 crapula

1978 2152 2155 2208 ofﬁcit
2223 2153 2531 2208 stomacho.
2603 2152 2656 2206 Si
2724 2155 2956 2217 ostium,
3015 2153 3180 2208 ﬁdem
3253 2154 3475 2209 Domini
3540 2157 3674 2212 Jesu

1981 2242 2246 2308 dicimus,
2301 2254 2399 2310 per
2447 2254 2622 2310 quam
2681 2241 2753 2296 ad
2803 2240 3025 2296 Patrem
3065 2241 3350 2308 venimus,
3389 2243 3673 2314 Jerosoly-

1981 2329 2256 2384 mitanam
2297 2328 2612 2395 ecclesiam,
2647 2330 2786 2398 quia
2828 2329 2896 2384 de
2943 2329 3065 2398 ipsa
3103 2339 3157 2386 et
3192 2331 3284 2385 lex
3331 2339 3386 2386 et
3431 2332 3672 2388 verbum

1984 2417 2210 2471 Domini
2262 2416 2484 2480 exierit,
2527 2430 2644 2469 non
2694 2414 2978 2469 immerito
3016 2415 3476 2484 superliminare,
3509 2416 3581 2471 ob
3610 2430 3677 2472 ea

1984 2505 2200 2574 quibus
2243 2503 2490 2573 prabuit
2520 2503 2822 2558 exordium
2862 2503 3226 2569 documenta,
3257 2518 3528 2560 vocemus
3558 2519 3572 2558 :
3604 2505 3676 2560 ad

1984 2594 2164 2663 ipsam
2188 2593 2340 2648 enim
2371 2592 2619 2647 recurrit
2674 2600 2798 2660 post
2827 2605 3011 2647 annos
3045 2592 3480 2661 quatuordecim
3520 2593 3674 2648 Pau-

1984 2683 2096 2749 lus,
2129 2690 2193 2737 ut
2234 2680 2611 2751 Evangelium
2662 2694 2792 2735 cum
2829 2680 2993 2750 Petro
3022 2689 3075 2735 et
3127 2680 3254 2734 aliis
3295 2680 3565 2748 conferat,
3607 2696 3678 2737 ne

1985 2773 2128 2828 forte
2153 2773 2211 2825 in
2235 2784 2483 2825 vacuum
2530 2769 2879 2824 cucurrisset
2929 2777 3029 2824 aut
3068 2777 3266 2824 currat
3314 2769 3464 2839 (Gal.
3506 2785 3565 2837 ιι,
3599 2771 3672 2840 2).

1986 2859 2090 2914 Sed
2159 2859 2264 2914 hoc
2332 2856 2796 2926 superliminare,
2854 2856 3079 2926 populis
3131 2857 3398 2912 omnibus
3459 2857 3517 2912 in
3573 2859 3679 2913 cir-

177 2947 434 3016 ejusdem
517 2948 793 3018 principis
863 2949 1179 3014 exstiterat,
1254 2946 1448 3001 ferunt
1523 2958 1557 2998 a
1625 2941 1874 3012 quodam
1916 2961 1957 3015 C
1986 2949 2147 3003 cuitu
2176 2954 2259 3002 est
2305 2944 2590 3015 crapula:
2634 2945 2773 3015 quia
2821 2952 3041 3000 constat
3086 2959 3284 3000 omnes
3333 2959 3460 3000 eam
3507 2947 3680 3002 natio.

179 3037 543 3106 septuaginta
606 3035 898 3105 Byzanteis
971 3043 1248 3104 emptum.
1320 3035 1622 3097 Praterea,
1688 3028 1878 3098 portui

180 3125 512 3181 Ascalonico
561 3132 861 3194 prosecuta
899 3125 1217 3179 exercitum
1251 3122 1506 3177 maxima
1537 3118 1733 3174 classis
1772 3131 1876 3187 ap-

185 3214 408 3283 pulerat
443 3229 454 3268 :
490 3227 556 3268 ea
608 3214 864 3268 videlicet
907 3211 1046 3267 illuc
1086 3212 1380 3266 occasione
1417 3206 1764 3263 conveniens
1817 3213 1881 3261 ut

187 3301 421 3356 Francis
457 3302 675 3369 evictis,
720 3309 774 3356 et
816 3301 924 3356 sub
969 3298 1316 3369 captivitatis
1354 3296 1545 3353 vincla
1588 3294 1876 3364 conjectis,

187 3405 220 3445 a
271 3391 581 3445 victoribus
610 3405 703 3445 eos
739 3397 1012 3456 emerent,
1063 3403 1129 3443 ac
1178 3403 1210 3458 p
1249 3401 1276 3442 r
1314 3385 1589 3442 ulteriora
1632 3382 1882 3438 Orientis

188 3493 365 3550 regna
409 3479 795 3536 venundando
838 3478 1242 3534 distraherent.
1292 3475 1360 3530 Hi
1412 3476 1604 3543 itaque
1654 3470 1751 3526 ubi
1786 3469 1881 3524 vi—

186 3569 394 3624 derunt
447 3568 590 3623 fade
643 3567 925 3638 fugientes
977 3565 1296 3637 Egyptios,
1344 3570 1561 3619 remota
1609 3558 1880 3615 continuo

187 3657 466 3713 delatione
517 3656 820 3723 veliﬁcant,
866 3663 920 3711 et
972 3656 1042 3710 ad
1111 3655 1290 3724 ipsius
1347 3652 1452 3706 sali
1507 3647 1778 3705 interiora
1823 3661 1882 3702 se

189 3753 542 3816 promovent.

257 3834 516 3905 Denique
583 3834 786 3888 Franci
849 3833 994 3888 facto
1066 3846 1139 3888 ex
1205 3830 1534 3887 Sarracenis
1595 3831 1876 3900 horribili,

187 3925 470 3993 pracipue
519 3937 590 3978 ex
637 3921 1000 3991 jEtliiopibus
1041 3920 1352 3985 carniﬁcio,
1398 3920 1468 3973 ad
1521 3933 1718 3975 eorum
1753 3928 1882 3976 ten-

191 4012 469 4082 toriajam
505 4011 759 4066 solitaria
795 4018 1185 4075 revertuntur,
1229 4022 1296 4062 ac
1335 4008 1716 4064 inastimabili
1746 4023 1882 4078 spo—-

192 4100 395 4155 liorum
442 4099 600 4169 copia
684 4099 1047 4154 reﬁciuntur.
1114 4096 1355 4167 Argenti
1416 4097 1574 4151 dives
1637 4104 1692 4152 et
1756 4095 1882 4152 auri

191 4188 396 4244 exinde
451 4187 599 4243 Gaza
647 4187 1006 4257 producitur,
1056 4187 1300 4255 Assyria
1352 4184 1670 4240 nobilitatis
1725 4199 1878 4255 opes,

194 4291 257 4332 ac
287 4277 555 4347 qualibet
599 4277 846 4346 pretiosa
889 4275 1183 4345 suppellex
1230 4273 1475 4328 habetur
1507 4288 1518 4328 :
1551 4273 1880 4329 omnimoda
1918 4257 1962 4312 Ῑ)

195 4365 528 4421 animalium
596 4378 824 4434 genera,
893 4363 1188 4418 variorum
1249 4376 1542 4417 armorum
1617 4361 1886 4418 utensilia

195 4461 624 4524 congeruntur:
657 4455 701 4508 si
734 4467 852 4522 qua
889 4452 1046 4508 fuere
1094 4450 1296 4506 usibus
1343 4459 1495 4519 apta,
1545 4457 1882 4519 servarunt;

197 4557 322 4613 qua
350 4552 566 4609 extera,
612 4543 740 4612 igne
780 4548 1130 4596 cremarunt.
1178 4539 1607 4609 Regrediuntur
1663 4539 1887 4593 incom-

195 4630 556 4700 prehensibili
646 4628 1066 4698 triumphantes
1152 4627 1357 4697 jubilo,
1453 4627 1883 4696 Jerosolymam,

197 4719 430 4774 inﬁnitis
477 4719 794 4790 gratiarum
827 4718 1332 4786 lacrymarumque
1374 4715 1629 4770 millibus
1674 4729 1888 4770 cumu-

197 4806 376 4862 lantes
407 4807 710 4862 Dominica
759 4805 1036 4875 passionis
1079 4819 1146 4858 ac
1183 4803 1496 4872 sepultura
1528 4803 1883 4858 memoriam.

199 4896 376 4951 Tanta
428 4902 619 4950 autem
676 4894 933 4956 Francis,
985 4907 1055 4948 ex
1112 4891 1287 4962 hujus
1344 4891 1590 4947 fortuna
1648 4891 1890 4946 caelestis

199 4984 494 5040 eventibus
520 4984 713 5039 arrisit
744 4985 996 5045 ubertas.
1026 4990 1090 5038 ut
1121 4982 1220 5049 hii,
1279 4981 1378 5052 qui
1419 4995 1652 5050 prorsus
1694 4981 1889 5049 inopes

201 5077 342 5126 438
384 5080 438 5127 et
471 5072 662 5127 viatici
713 5073 892 5141 ipsius
939 5064 1189 5142 egen’tes,
1242 5069 1347 5126 hoc
1393 5070 1578 5138 ipsum
1613 5070 1746 5124 olim
1781 5067 1888 5124 iter

205 5160 460 5227 inierant,
534 5175 667 5216 cum
734 5161 916 5216 multa
979 5159 1109 5215 auri
1177 5158 1519 5230 argentique
1568 5157 1883 5227 opulentia,

203 5263 264 5305 ac
291 5247 581 5319 spectabili
616 5263 896 5319 equorum
932 5248 1340 5318 mulorumque
1382 5246 1676 5302 evectione
1730 5245 1884 5300 redi-

204 5347 322 5395 rent
355 5353 367 5392 ἒ

268 5427 392 5481 Lua:
421 5442 492 5483 ea
513 5426 746 5483 Sextilis
768 5441 889 5498 qua
909 5424 1174 5496 proxima
1204 5423 1476 5497 pravem't
1504 5423 1668 5491 Idm,

269 5515 520 5572 Obtinuit
549 5515 687 5571 belli
710 5516 824 5570 tale
849 5513 1040 5569 videre
1066 5513 1254 5570 decus.

1992 3051 2090 3091 nes
2138 3045 2370 3105 propter
2413 3048 2498 3100 ea,
2564 3047 2694 3102 qua
2750 3033 2828 3088 ibi
2894 3033 3250 3100 resederunt,
3301 3043 3508 3090 nostra
3563 3028 3680 3090 cre-

1988 3123 2245 3179 dulitatis
2293 3121 2530 3190 vestigia
2585 3118 2842 3176 fastidire
2882 3128 2938 3176 et
2991 3121 3273 3176 exsecrari
3340 3122 3399 3176 in
3465 3136 3678 3178 morem

1988 3225 2235 3268 nausea.

2060 3300 2165 3356 Sed
2195 3306 2300 3354 et«
2331 3297 2480 3353 Juda
2523 3299 2632 3353 erit
2663 3296 2719 3352 in
2767 3297 3060 3353 obsidione
3115 3308 3318 3354 contra
3361 3299 3678 3356 Jerusalem

1990 3389 2190 3460 (Zach.
2219 3403 2317 3455 xu,
2353 3389 2437 3457 2).
2481 3408 2498 3434 ι
2526 3387 2648 3442 Non
2683 3386 2890 3452 solum,
2935 3386 3146 3456 inquit,
3201 3388 3420 3443 horrori
3472 3390 3682 3446 exteris

1987 3485 2088 3543 est,
2121 3477 2218 3532 sed
2240 3485 2293 3532 et
2329 3476 2356 3530 J
2367 3476 2524 3541 udas,
2578 3475 2758 3529 fidelis
2791 3473 3005 3530 scilicet
3058 3475 3325 3544 populus,
3379 3490 3508 3531 vere
3541 3491 3676 3532 con-

1991 3567 2156 3621 ﬁtens
2217 3578 2344 3620 eam
2402 3578 2532 3633 qua
2588 3563 2843 3618 calcatur
2905 3576 2938 3616 a
2987 3563 3254 3632 gentibus
3303 3578 3314 3617 :
3365 3565 3681 3620 Jerusalem

1988 3654 2328 3708 obsessurus
2373 3659 2502 3706 est:
2544 3671 2563 3698 ι
2600 3650 2662 3703 In
2705 3649 2795 3704 die
2847 3649 2946 3703 illa
2991 3664 3197 3718 ponam
3249 3651 3563 3707 Jerusalem
3596 3652 3685 3708 la-

1994 3742 2179 3813 pidem
2227 3739 2415 3795 oneris
2477 3738 2698 3793 cunctis
2752 3737 2978 3807 populis
3021 3738 3225 3807 (Zach.
3278 3754 3377 3806 xu,
3429 3739 3506 3806 3).
3556 3762 3582 3788 »
3630 3740 3680 3794 Si

1990 3837 2208 3901 partem
2244 3842 2345 3898 pro
2378 3835 2489 3883 toto
2511 3826 2827 3882 secundum
2866 3826 3174 3894 Scriptura
3221 3840 3392 3882 usum
3430 3827 3558 3882 licet
3586 3843 3681 3897 po-

1992 3918 2070 3983 ni,
2108 3917 2248 3986 lapis
2272 3916 2462 3970 oneris
2501 3918 2724 3970 cunctis
2770 3915 3080 3970 Jerusalem
3114 3917 3192 3982 ﬁt,
3227 3917 3366 3986 quia
3403 3916 3687 3972 universis

1993 4004 2295 4062 Christiani
2333 4003 2581 4060 nominis
2615 4003 2882 4073 gentibus
2913 4004 3148 4058 maximi
3176 4003 3388 4059 laboris
3437 4005 3681 4075 pondus,

1991 4095 2050 4150 in
2087 4094 2177 4150 sui
2226 4092 2578 4158 liberatione,
2632 4106 2816 4162 nuper
2859 4091 3154 4147 indixitza
3200 4093 3411 4149 Omnes
3459 4095 3561 4164 qui
3603 4095 3676 4150 le-

1991 4184 2216 4239 vabunt
2246 4196 2395 4245 eam,
2427 4181 2749 4236 concisione
2780 4181 3211 4243 lacerabuutur.
3252 4191 3307 4237 et
3345 4182 3689 4253 colligentur

1995 4273 2272 4327 adversus
2300 4283 2424 4324 eam
2455 4270 2649 4324 omnia
2679 4283 2858 4340 regna
2888 4277 3053 4324 terra
3087 4269 3301 4339 (Ibid).
3342 4291 3362 4317 ι
3393 4270 3499 4336 Qui
3526 4279 3680 4337 sunt,

1995 4361 2096 4430 qui
2144 4358 2456 4416 Jerusalem
2511 4358 2720 4423 levant,
2793 4357 2899 4411 nisi
2949 4358 3050 4426 qui
3103 4367 3406 4427 postquam
3455 4360 3686 4430 impleta

1995 4447 2207 4503 fuerint
2239 4453 2494 4514 tempora
2524 4445 2849 4514 nationum,
2891 4459 3015 4500 eam
3049 4459 3083 4499 a
3111 4460 3216 4501 sua
3258 4448 3686 4503 conculcatione

1993 4533 2344 4592 sublevant‘?
2386 4533 2770 4600 «Jerusalem,
2805 4533 2993 4602 inquit
3025 4533 3321 4597 Dominus,
3367 4534 3686 4592 calcabitur

1995 4639 2029 4681 a
2086 4623 2372 4695 gentibus,
2427 4622 2604 4676 donec
2663 4621 3014 4691 impleantur
3071 4629 3329 4691 tempora
3383 4623 3684 4680 nationum

1996 4715 2150 4784 (Luc.
2173 4726 2296 4775 xxr,
2330 4712 2443 4778 24).
2471 4731 2499 4762 ››
2534 4711 2602 4764 lli
2642 4710 2962 4766 concisione
2993 4709 3341 4777 lacerantur,
3373 4712 3514 4781 quia
3551 4712 3682 4779 dici,

1996 4806 2107 4858 imo
2132 4803 2368 4872 cogitari
2402 4801 2734 4856 nullatenus
2763 4806 2963 4868 potest,
2998 4807 3221 4868 quanta
3250 4799 3414 4855 famis
3445 4801 3687 4871 sitisque

1995 4892 2244 4957 miseria,
2305 4890 2540 4960 quantis
2577 4889 2840 4944 laborum
2902 4887 3334 4958 vulnerumque
3392 4889 3687 4946 doloribus

1995 4991 2089 5032 eos
2138 4975 2195 5030 in
2238 4974 2549 5030 obsidendo
2603 4971 2849 5028 cruciari
2900 4971 3233 5028 constiterit.
3279 4974 3362 5041 Et,
3412 4982 3476 5029 ut
3515 4975 3688 5044 juxta

1996 5064 2345 5120 Ezechielem
2383 5063 2593 5133 loquar
2628 5076 2640 5114 :
2675 5082 2703 5108 «
2752 5062 2933 5116 Omne
2981 5067 3156 5129 caput
3185 5061 3546 5118 decalvatum
3580 5071 3684 5128 est,

1995 5162 2049 5210 et
2096 5153 2283 5210 omnis
2330 5152 2610 5206 humerus
2658 5149 2943 5219 depilatus
2993 5149 3226 5217 (Ezech.
3279 5164 3439 5215 xxix,
3493 5151 3620 5222 l8);
3661 5174 3681 5201 ι

1995 5242 2084 5298 sin
2116 5239 2276 5306 alias,
2326 5239 2412 5294 vel
2459 5238 2674 5293 crebris
2720 5237 3121 5292 machinarum
3169 5238 3532 5307 impulsibus,
3585 5253 3688 5295 seu

1996 5327 2381 5386 convehendis
2425 5326 2717 5382 oneribus.
2754 5325 2878 5391 Sed,
2922 5325 3106 5381 levata
3139 5327 3472 5394 Jerusalem,
3501 5349 3530 5375 «
3558 5342 3688 5384 om-

1995 5419 2094 5474 nia
2139 5431 2317 5488 regna
2365 5423 2528 5472 terra
2578 5415 2859 5470 adversus
2913 5428 3038 5469 eam
3094 5415 3438 5486 colligentur
3476 5415 3684 5485 (Ζαρὰ.

1993 5522 2094 5576 xu,
2120 5508 2172 5579 3)
2205 5523 2220 5576 ;
2272 5526 2300 5558 ν
2334 5505 2488 5576 quod
2529 5519 2644 5560 non
2691 5511 2758 5561 ut
2793 5502 3065 5574 allegoria
3113 5503 3689 5575 subintelligendum,
