3902 6082
239 227 341 280 807

1136 221 1195 273 ν.
1237 216 1567 273 GUIBEBTI
1608 216 1903 273 ABBATIS
1939 218 1997 272 S.
2037 217 2280 273 ΜΑΒΙᾹΞ
2321 217 2408 272 DE
2448 214 2844 272 NOVIGENTO

3646 216 3768 269 808

240 360 337 416 sed
364 367 428 416 ut
460 358 698 414 historia
756 354 980 412 noviter
1040 353 1238 420 relata,
1291 352 1558 423 supernis
1609 351 1791 408 oculis
1847 352 1933 407 in-
1970 358 2098 415 Aet
2128 359 2329 408 utnon
2376 350 2632 423 quolibet
2686 359 2918 407 auctore
2967 350 3082 406 Deo
3130 348 3232 405 niti
3292 358 3617 420 putentur;
3656 348 3767 404 sed

241 448 523 505 tuendum
569 444 932 515 proponitur.
984 441 1147 509 Quod
1196 441 1350 496 enim
1397 441 1507 497 fuit
1555 440 1802 497 Orientis
1843 455 1932 496 re-

242 549 443 604 gnum,
494 534 563 589 de
606 531 775 600 cujus
830 529 1161 585 hominibus
1206 528 1278 583 ad
1329 529 1472 584 idem
1524 543 1639 584 non
1670 528 1935 583 venerint

242 622 452 678 bellum
473 621 504 673 ?
532 618 637 685 Qui
670 619 820 673 enim
852 617 1253 672 machinarum
1283 617 1478 671 omnia
1517 629 1751 685 genera,
1781 616 1933 685 quod

240 723 415 779 supra
461 708 784 770 omiseram,
843 704 1168 761 obsidenda
1217 704 1344 761 urbi
1392 704 1712 760 necessaria
1742 718 1932 760 secum

240 796 599 853 detulerant:
634 794 735 866 qui
775 794 949 849 etiam
996 799 1203 862 prater
1251 792 1482 848 bellicos
1534 793 1707 859 viros,
1770 806 1939 862 nego-

244 885 474 941 tiatores
525 883 597 939 ad
652 882 1064 951 coemptionem
1138 881 1490 936 Francorum
1549 879 1934 945 adduxerant,

242 972 495 1044 profecto
537 985 611 1027 ex
655 969 947 1025 nimietate
1003 967 1395 1024 multitudinis
1443 967 1740 1022 victoriam
1788 981 1935 1038 pra-

243 1059 589 1125 sumebant,
682 1056 917 1112 fortasse
1005 1057 1207 1125 majori
1314 1069 1546 1124 prorsus
1642 1055 1939 1124 majestate

243 1147 493 1213 numeri,
561 1159 739 1216 quam
804 1145 1104 1202 Curbaran
1167 1143 1327 1199 illum
1392 1143 1663 1199 habuisse
1733 1142 1940 1198 didice-

243 1243 348 1291 rat.
433 1226 436 1235 ’

320 1346 340 1372 ι
380 1324 445 1378 In
498 1322 589 1378 illa
628 1322 740 1388 die,
783 1319 917 1377 dicit
988 1320 1285 1386 Dominus,
1339 1318 1658 1389 percutiam
1708 1332 1934 1374 omnem

243 1411 544 1484 equumin
592 1417 842 1479 stupore,
900 1417 954 1464 et
1002 1422 1357 1472 ascensorem
1390 1409 1516 1476 ejus
1577 1408 1631 1462 in
1688 1407 1940 1462 amentia

246 1500 446 1571 (Zach.
477 1513 576 1565 xu,
604 1499 679 1565 4).
725 1517 746 1544 ι
784 1496 840 1552 Si
867 1510 1055 1567 equus
1097 1496 1348 1566 dignitas
1405 1495 1732 1563 temporalis
1789 1496 1937 1550 acci-

246 1589 423 1658 pitur,
483 1599 750 1642 ascensor
794 1584 929 1654 equi
972 1584 1075 1654 qui
1117 1584 1395 1654 dignitate
1435 1584 1761 1653 praeminet
1805 1597 1941 1652 pro—

247 1675 342 1732 cul
372 1674 550 1731 dubio
599 1673 959 1743 intelligitur.
1016 1672 1278 1742 Dignitas
1325 1670 1511 1727 omnis
1541 1678 1771 1741 stupet:
1804 1671 1944 1740 quia

248 1762 535 1835 quidquid
567 1775 819 1832 usquam
864 1760 1112 1830 imperii,
1156 1759 1444 1829 quidquid
1494 1760 1780 1829 regniest,
1836 1759 1943 1813 ad-

248 1858 453 1908 versus
485 1852 635 1907 hanc
666 1863 829 1905 nova
879 1848 1099 1904 militia
1148 1847 1245 1903 Dei
1300 1861 1535 1903 manum
1590 1848 1940 1914 hebetatum,

248 1939 330 1994 nil
370 1939 562 1994 audet.
625 1937 894 2006 Princeps
943 1936 1131 1991 omnis
1188 1935 1245 1989 in
1299 1936 1610 1990 amentiam
1678 1935 1941 2003 vertitur,

249 2028 389 2097 quia
415 2039 623 2096 expers
651 2032 735 2080 est
791 2023 1033 2089 consilii,
1080 2038 1186 2078 nec
1246 2023 1415 2079 habet
1459 2037 1575 2093 quo
1635 2037 1694 2078 se
1738 2031 1942 2090 vertat,

248 2121 446 2184 utpote
480 2115 639 2181 inops
669 2112 904 2179 virium,
938 2112 1207 2181 quisquis
1236 2111 1412 2180 hujus
1457 2110 1735 2165 Dominici
1784 2124 1947 2166 exer-

249 2202 399 2258 citus
456 2200 851 2257 fortitudinem
914 2208 1228 2269 experitur.
1278 2221 1298 2247 ι
1345 2200 1415 2254 Et
1481 2213 1653 2268 super
1710 2198 1947 2254 domum

249 2292 277 2347 J
286 2291 401 2347 uda
429 2289 684 2360 aperiam
714 2288 911 2344 oculos
940 2303 1116 2355 meos,
1163 2296 1217 2343 et
1246 2302 1473 2343 omnem
1506 2301 1722 2357 equum
1766 2301 1948 2357 popu-

250 2378 439 2435 lorum
500 2376 815 2448 percutiam
880 2376 938 2430 in
992 2376 1243 2431 cacitate
1300 2374 1518 2446 (Ibid).
1584 2396 1610 2424 ››
1670 2376 1726 2431 Si
1777 2375 1946 2441 Juda,

250 2467 545 2533 conﬁtens,
616 2480 711 2521 eos
762 2464 1124 2535 potissimum
1172 2463 1523 2520 confessores
1579 2463 1787 2531 dicam,
1846 2463 1949 2533 qui

252 2567 560 2625 nunquam
588 2567 622 2608 a
651 2567 771 2608 sua
794 2551 1152 2607 credulitatis
1184 2551 1344 2606 initio
1364 2551 1716 2608 exorbitasse
1756 2552 1952 2622 legun-

254 2651 352 2699 tur
396 2656 430 2696 a
476 2641 605 2707 ﬁde,
676 2640 926 2695 Francos
984 2640 1206 2709 utique,
1262 2639 1477 2709 quibus
1536 2641 1722 2696 omnis
1788 2647 1953 2695 tenor

254 2734 434 2804 hujus
510 2731 737 2787 iunisus
800 2737 882 2786 est
938 2731 1065 2785 via.
1145 2731 1329 2800 Super
1393 2731 1497 2787 hos
1565 2733 1713 2787 Deus
1758 2731 1953 2788 oculos

253 2820 456 2891 aperit,
488 2833 621 2875 cum
649 2818 784 2888 ipsis
811 2816 1110 2875 effectibus
1149 2818 1393 2889 gratiam
1444 2819 1525 2874 eis
1583 2819 1826 2890 propria
1862 2819 1953 2875 be-

2045 441 2160 496 Deo
2190 440 2281 496 sui
2313 439 2591 510 ipsorum,
2624 439 2839 496 scilicet
2868 437 3348 495 Christianorum.

2117 549 2145 577 «
2182 528 2240 582 ln
2282 528 2373 582 die
2428 528 2544 592 illa,
2581 542 2788 598 ponam
2827 527 3002 583 duces
3043 525 3193 581 Juda
3247 526 3394 582 sicut
3448 526 3769 582 caminum

2042 615 2196 686 ignis
2256 616 2314 670 in
2370 615 2557 688 lignis,
2619 624 2674 672 et
2713 617 2862 672 sicut
2905 614 3084 670 facem
3142 613 3293 684 ignis
3351 613 3410 668 in
3452 613 3584 669 feno
3631 630 3644 667 :
3698 620 3762 668 et

2044 702 2407 760 devorabunt
2465 704 2537 760 ad
2609 703 2902 760 dexteram
2963 709 3018 756 et
3069 700 3143 756 ad
3203 701 3493 757 sinistram
3549 715 3772 756 omnes

2047 795 2289 864 populos
2346 794 2404 849 in
2457 791 2706 849 circuitu
2760 791 2966 862 (Zach.
2999 805 3102 860 xu,
3150 792 3223 859 6).
3261 810 3289 839 ››
3351 789 3416 844 In
3474 788 3607 854 hac,
3659 787 3769 842 in—

2047 896 2246 953 quam,
2329 881 2418 938 vel
2492 879 2642 948 ﬁdei,
2724 894 2826 935 seu
2889 879 3101 935 divina
3167 876 3558 947 prosperitatis
3638 875 3764 942 die,

2047 967 2223 1025 duces
2281 968 2383 1035 illi,
2433 966 2533 1037 qui
2591 965 2679 1021 vel
2749 965 2928 1020 armis
2981 965 3258 1030 exterius,
3316 963 3404 1018 vel
3462 961 3769 1031 spirituali

2048 1055 2310 1111 doctrina
2369 1055 2610 1109 interius
2665 1052 3058 1109 Christianum
3117 1051 3395 1122 populum
3448 1049 3769 1120 guberna-

2050 1143 2213 1211 bunt,
2272 1151 2445 1199 erunt
2491 1142 2756 1197 caminus
2785 1131 2805 1195 ἐ
2841 1154 3113 1211 superno,
3166 1139 3426 1194 videlicet
3473 1136 3769 1191 intrinse-

2049 1246 2172 1294 cus,
2229 1245 2423 1287 amore
2480 1230 2786 1297 ferventes,
2849 1229 2949 1300 qui
3012 1235 3376 1299 peccatorum
3455 1225 3620 1295 ligna
3700 1221 3764 1277 in

2050 1320 2368 1391 gentilitate
2422 1325 2765 1375 consumant
2809 1333 2821 1373 :
2864 1326 2920 1373 et
2982 1325 3268 1388 quantum
3336 1315 3405 1370 ad
3462 1314 3767 1368 exteriora

2051 1409 2321 1478 reprobos
2378 1421 2662 1478 quosque,
2711 1420 2779 1462 ac
2815 1406 2862 1461 si
2906 1406 3122 1471 fenum,
3176 1404 3323 1460 bella
3370 1401 3759 1457 succendant.

2051 1497 2254 1552 Procul
2299 1496 2476 1552 dubio
2510 1496 2660 1551 enim
2723 1495 2937 1550 scimus
2992 1494 3171 1549 Deum
3222 1493 3331 1547 ista
3374 1502 3759 1560 nequaquam

2056 1600 2156 1655 pro
2211 1588 2386 1641 unius
2428 1584 2678 1640 civitatis
2723 1584 3054 1640 liberatione
3093 1582 3348 1652 capisse,
3395 1580 3492 1635 sed
3549 1586 3762 1634 contra

2054 1675 2282 1729 venturi
2318 1673 2535 1728 rabiem
2566 1672 2922 1740 Antichristi,
2968 1671 3091 1726 hac
3128 1671 3367 1737 semina,
3391 1668 3563 1738 longe
3614 1666 3762 1720 late-

2056 1776 2170 1833 que
2245 1760 2665 1817 fructiﬁcatura
2704 1761 2925 1831 jecisse.
2994 1759 3204 1816 Omnes
3259 1759 3453 1827 itaque
3513 1754 3761 1825 populos

2057 1850 2123 1906 ad
2188 1850 2451 1905 dextram
2505 1857 2560 1906 et
2632 1848 2922 1905 sinistram
3001 1848 3058 1902 in
3132 1847 3378 1902 circuitu
3448 1845 3757 1909 devorant,

2057 1938 2194 1993 dum
2240 1938 2373 1993 hinc
2402 1938 2626 1999 electos,
2686 1951 2832 2008 quos
2874 1937 3109 1993 dextera
3134 1933 3342 1999 innuit,
3380 1933 3451 1987 ad
3485 1932 3757 2002 pietatem

2056 2024 2502 2082 Christianitatis
2558 2026 2959 2094 incorporant;
2993 2024 3148 2078 illinc
3193 2021 3486 2092 reprobos,
3537 2020 3641 2090 qui
3672 2020 3755 2073 si-

2058 2113 2370 2169 nistrorum
2404 2112 2689 2183 pertinere
2748 2119 3086 2181 noscuntur,
3123 2111 3300 2182 digna
3329 2110 3500 2165 cadis
3532 2108 3758 2164 ultione

2055 2202 2374 2258 devastant.

2129 2312 2157 2340 ‹‹
2190 2291 2255 2346 Ει
2285 2290 2645 2346 habitabitur
2667 2289 2983 2346 Jerusalem
3035 2302 3243 2344 rursus
3293 2287 3350 2342 in
3402 2287 3527 2342 loco
3558 2299 3666 2341 suo
3700 2283 3757 2338 in

2056 2378 2369 2434 Jerusalem
2441 2377 2664 2447 (Ibid.).
2732 2379 2781 2427 ››“
2823 2377 2877 2433 Si
2941 2377 3257 2434 Jerusalem
3326 2374 3580 2431 Ecclesia
3647 2380 3757 2439 est,

2061 2466 2219 2522 locus
2249 2466 2375 2536 ejus
2427 2466 2636 2523 Christi
2672 2466 2807 2522 ﬁdes
2852 2473 2933 2522 est
2966 2482 2982 2536 ;
3031 2465 3345 2522 Jerusalem
3378 2477 3515 2534 ergo
3558 2464 3619 2518 in
3659 2462 3757 2515 Je-

2060 2556 2308 2610 rusalem
2363 2554 2678 2621 habitatur,
2738 2569 2868 2610 cum
2918 2555 3120 2609 civitas
3162 2553 3256 2608 illa
3326 2551 3629 2615 terrestris,
3683 2548 3757 2602 ad

2059 2643 2187 2710 hoc,
2247 2650 2310 2698 ut
2364 2657 2631 2713 superna
2676 2643 2833 2712 pacis
2876 2641 3081 2698 ‘visioni
3117 2641 3316 2707 inhiet,
3353 2641 3753 2705 instauratur;

2058 2733 2367 2802 locumque
2399 2731 2588 2796 habet,
2617 2731 2757 2802 quia
2804 2731 3027 2787 Christo
3078 2729 3515 2785 immutabiliter
3553 2727 3753 2782 haret.

2133 2842 2161 2871 ‹‹
2196 2821 2263 2876 Et
2290 2819 2535 2876 salvabit
2575 2820 2854 2877 Dominus
2883 2819 3257 2875 tabernacula
3293 2818 3459 2883 Juda,
3511 2816 3659 2871 sicut
3695 2814 3757 2869 in

253 2908 555 2980 ni‘gnitatis
604 2906 887 2975 ostendit;
937 2921 1155 2976 equum
1212 2908 1557 2977 populorum
1602 2906 1658 2963 in
1705 2909 1954 2965 cacitate
1992 2908 2361 2978 Cprincipio,
2416 2917 2479 2965 ut
2531 2923 2646 2964 non
2702 2908 3004 2979 magniﬁce
3057 2908 3335 2978 glorietur
3391 2906 3600 2961 domus
3643 2903 3757 2958 Da-

254 2996 519 3067 percutit,
587 2995 727 3051 dum
786 2994 1118 3065 superbiam
1192 2995 1513 3065 gentilium,
1567 3004 1951 3065 consequente

251 3101 348 3143 eos
396 3084 638 3155 reprobo
699 3098 890 3151 sensu,
946 3083 1133 3154 punit.
1178 3083 1241 3137 In
1293 3095 1459 3137 sacra
1491 3083 1661 3152 plane
1710 3082 1948 3152 pagina,

254 3186 444 3243 equus
508 3185 656 3241 sape
724 3184 826 3240 pro
901 3169 1171 3240 superbia
1248 3169 1500 3239 ponitur.
1576 3168 1723 3235 Quid
1798 3170 1951 3223 enim

258 3260 444 3329 magis
495 3272 733 3325 cacum,
775 3271 952 3327 quam
1002 3258 1124 3313 sine
1186 3256 1285 3312 Dei
1342 3263 1621 3326 respectu,
1683 3255 1781 3311 Dei
1824 3254 1954 3309 ﬁliis

258 3347 469 3403 inferre
524 3346 786 3403 bellum?
841 3345 987 3412 Quid
1040 3353 1156 3401 tam
1208 3345 1536 3415 reprobum,
1573 3358 1748 3414 quam
1773 3345 1952 3399 Deum

256 3448 374 3490 non
406 3447 738 3504 agnoscere,
787 3440 843 3488 et
884 3446 956 3488 ex
1004 3433 1129 3502 ipsa
1173 3431 1499 3503 ignorantia
1552 3430 1868 3501 superbire,
1900 3436 1956 3484 et

256 3531 459 3579 contra
493 3522 684 3578 ﬁdeles
715 3520 863 3578 bella
892 3520 1165 3577 movere?
1194 3520 1298 3576 Sed
1326 3535 1464 3591 quo,
1508 3534 1608 3590 per
1644 3520 1953 3577 verborum

258 3609 498 3666 lacinias
545 3608 831 3680 allegoria
868 3606 1099 3664 libertas
1143 3608 1417 3672 excurrit,
1471 3621 1605 3663 cum
1651 3605 1958 3662 historialis

259 3711 364 3753 nos
401 3700 638 3763 veritas,
673 3712 746 3752 ne
780 3709 880 3766 per
902 3696 1203 3766 opiniones
1234 3697 1443 3765 passim
1492 3694 1729 3766 evagari
1770 3693 1959 3749 videa-

259 3799 413 3852 mur,
459 3785 794 3856 astringat?
822 3785 1025 3840 Nonne
1056 3788 1324 3855 superius
1356 3784 1544 3840 hostes
1572 3783 1829 3839 diximus
1856 3796 1957 3838 ca-

259 3875 428 3929 citate
478 3886 798 3942 percussos,
877 3879 932 3927 et
978 3870 1185 3943 gladiis
1234 3871 1672 3927 imminentibus
1726 3878 1959 3939 stupore

259 3959 558 4017 suffusos?
603 3960 673 4014 Et
726 3959 902 4014 miror
954 3959 1203 4030 qualiter
1229 3974 1418 4029 equus
1483 3959 1685 4014 videns
1730 3972 1788 4013 se
1834 3971 1962 4027 ege-

261 4049 356 4115 rit,
408 4062 541 4103 cum
595 4054 781 4102 rector
845 4046 983 4116 equi
1030 4047 1354 4103 evidentem
1407 4047 1715 4103 amentiam
1771 4047 1960 4101 incur-

262 4137 421 4192 rerit.

333 4228 486 4279 489
520 4244 547 4273 «
582 4224 652 4279 Et
682 4223 869 4280 dicent
920 4223 1096 4281 duces
1115 4225 1141 4280 J
1153 4224 1265 4279 uda
1292 4224 1347 4279 in
1373 4223 1541 4279 corde
1570 4236 1710 4278 suo:
1735 4216 1959 4278 Confor-

262 4320 461 4369 tentur
498 4312 637 4367 mihi
671 4312 1028 4369 habitatores
1071 4311 1388 4367 Jerusalem
1435 4311 1492 4365 in
1538 4310 1776 4365 Domino
1804 4322 1961 4365 exer-

262 4401 505 4459 cituum.
561 4403 671 4457 Deo
723 4414 925 4457 eorum
960 4400 1165 4470 (Zach.
1216 4414 1316 4467 xu,
1352 4402 1430 4470 5).
1476 4419 1503 4450 ι)
1531 4401 1681 4463 Quos
1711 4397 1957 4455 dixerim

261 4490 411 4545 Juda
464 4489 662 4554 duces,
718 4488 827 4544 nisi
888 4489 1081 4544 ﬁdeles
1126 4488 1278 4543 illius
1320 4487 1607 4543 exercitus
1636 4485 1960 4558 principes?

261 4577 371 4644 Qui
438 4578 738 4633 confortati
808 4576 917 4633 sibi
977 4576 1293 4633 Jerusalem
1354 4577 1705 4634 habitatores
1758 4577 1963 4647 impre-

262 4672 493 4732 cantur,
552 4665 693 4719 dum
757 4672 887 4719 totis
962 4662 1278 4731 aﬁ‘ectibus,
1352 4663 1689 4720 Christiana
1745 4664 1961 4720 militia

263 4763 523 4809 sanctam
584 4753 739 4807 illam
792 4751 1079 4808 civitatem
1137 4751 1470 4808 fortitudine
1527 4753 1855 4809 desiderant
1884 4755 1964 4807 in-

263 4842 547 4911 staurari;
600 4852 720 4910 qua
742 4847 796 4895 et
826 4839 1226 4895 Christianitas
1256 4848 1634 4912 propagetur,
1686 4839 1964 4897 memoria

263 4928 564 4985 Dominica
594 4927 929 5011 honoretur,
983 4927 1273 4997 gentilitas
1320 4928 1782 4999 circumquaque
1822 4942 1966 5001 pre-

266 5025 479 5072 matur.
547 5014 652 5071 Sed
716 5015 838 5071 hac
895 5015 1228 5071 earumdem
1282 5015 1556 5072 fortitudo
1614 5016 1671 5070 in
1719 5016 1966 5071 Domino

264 5109 626 5165 exercituum
682 5108 882 5165 futura
934 5107 1163 5175 dicitur,
1236 5107 1392 5177 quod
1444 5107 1731 5177 hodieque
1775 5105 1967 5163 cerni-

268 5204 385 5264 tur,
450 5196 591 5253 dum
659 5210 869 5253 manus
938 5195 1236 5252 hominum
1307 5194 1715 5251 incredibiliter
1764 5207 1964 5264 parva,

269 5284 575 5340 adversum
629 5284 903 5340 universa
948 5285 1292 5355 paganitatis
1339 5296 1520 5354 regna
1573 5284 1963 5353 congreditur,

269 5370 426 5442 quod
453 5379 634 5427 totum
682 5386 755 5427 ex
808 5374 937 5444 ejus
968 5372 1071 5442 qui
1110 5370 1578 5428 calivirtutibus
1609 5371 1969 5441 praest,sala

269 5458 486 5516 virtute
536 5459 927 5528 prasumitur.
976 5459 1085 5516 Ubi
1132 5459 1278 5517 bene
1316 5457 1567 5527 additur,
1598 5458 1713 5515 Deo
1741 5472 1964 5527 eorum,

2060 2995 2197 3060 vid;
2228 3003 2282 3051 et
2326 2995 2508 3065 gloria
2554 2995 2938 3050 habitantium
2970 2993 3283 3049 Jerusalem
3307 2997 3507 3047 contra
3542 2990 3756 3046 Judam

2058 3084 2245 3154 (Zach
2290 3097 2391 3150 xu,
2424 3083 2496 3153 7).
2536 3103 2558 3131 ι
2593 3081 3166 3146 TabernaculaJuda,
3187 3081 3337 3136 sicut
3360 3081 3417 3135 in
3450 3079 3752 3149 principio,

2063 3171 2338 3227 Dominus
2367 3172 2565 3232 salvat,
2601 3185 2732 3226 cum
2788 3171 2922 3240 ipse,
2959 3170 3061 3240 qui
3094 3183 3227 3224 cum
3254 3169 3518 3238 patribus
3547 3167 3757 3221 nostris

2061 3259 2350 3315 mirabilia
2403 3259 2612 3325 fecerit,
2694 3258 2906 3315 nostris
2959 3259 3130 3314 etiam
3192 3256 3549 3328 gloriﬁcatur
3615 3255 3755 3309 adeo

2062 3347 2436 3418 temporibus,
2468 3354 2530 3403 ut
2561 3348 2671 3404 sub
2700 3348 2978 3403 arumnis
3007 3355 3063 3401 et
3084 3344 3511 3401 calamitatibus
3538 3342 3756 3412 majora

2060 3436 2295 3493 omnino
2343 3436 2597 3491 moderni
2639 3436 2729 3491 isti
2779 3435 3087 3491 videantur
3114 3434 3321 3505 egisse,
3360 3446 3537 3503 quam
3571 3431 3754 3487 Judai

2062 3523 2387 3595 antiquitus
2416 3538 2549 3579 cum
2582 3524 2866 3581 uxoribus
2910 3537 2976 3579 ac
3024 3523 3173 3590 ﬁliis,
3230 3529 3286 3578 et
3323 3522 3597 3577 continua
3625 3533 3759 3575 ven-

2066 3613 2238 3668 trium
2290 3611 2666 3681 plenitudine,
2725 3611 2834 3667 sub
2866 3611 3083 3667 ducatu
3137 3610 3541 3680 apparentium
3586 3621 3757 3677 ange-

2064 3700 2269 3763 lorum,
2310 3699 2828 3770 frequentibusque
2883 3698 3177 3754 miraculis
3230 3697 3591 3753 astimantur
3642 3696 3758 3750 im-

2067 3788 2262 3858 plesse.
2315 3787 2446 3849 Hos,
2492 3788 2754 3856 inquam,
2794 3786 3060 3843 veracius
3106 3786 3290 3841 salvat
3320 3799 3333 3839 :
3368 3784 3509 3854 quia
3536 3796 3631 3838 eos
3658 3796 3756 3838 re-

2062 3888 2203 3931 vera
2232 3875 2311 3930 uti
2350 3873 2494 3929 ﬁlios
2542 3874 2744 3944 recipit
2790 3889 2936 3945 quos
2979 3872 3351 3944 corporaliter
3390 3872 3568 3928 occidi
3632 3885 3757 3940 per-

2067 3963 2257 4032 mittit,
2323 3962 2826 4033 temporaliterque
2895 3962 3162 4033 ﬂagellat.
3220 3962 3290 4018 Ut
3355 3975 3469 4015 non
3528 3959 3756 4030 magni-

2066 4051 2189 4119 ﬁce,
2241 4051 2450 4121 inquit,
2510 4051 2716 4107 domus
2772 4051 2955 4106 David
3017 4050 3331 4120 glorietur;
3390 4050 3445 4104 id
3502 4057 3603 4115 est,
3655 4062 3755 4103 ve-

2064 4146 2213 4195 teres
2265 4139 2365 4210 qui
2441 4139 2723 4196 bellorum
2791 4139 3040 4195 victoriis
3101 4139 3610 4209 praeminuerunt,
3664 4151 3761 4192 su-

2068 4229 2290 4298 perbire
2316 4228 2610 4295 desistant,
2656 4242 2789 4284 cum
2827 4243 3005 4283 novos
3037 4242 3301 4299 quosque
3359 4226 3577 4296 potiora
3602 4240 3761 4281 exer-

2066 4316 2251 4373 cuisse
2308 4317 2683 4387 perpendant.
2736 4316 2929 4373 Gloria
2977 4330 3210 4387 quoque
3251 4315 3633 4370 habitantium
3666 4313 3757 4369 Je-

2068 4406 2339 4469 rusalem,
2403 4413 2602 4461 contra
2644 4404 2851 4460 Judam
2909 4403 3170 4460 elevatur
3200 4419 3212 4458 :
3242 4402 3382 4458 dum
3422 4402 3603 4458 fastus
3655 4416 3760 4457 eo-

2070 4507 2199 4549 rum
2238 4492 2337 4564 qui
2386 4492 2596 4549 ibidem
2632 4506 2967 4564 regnavere,
3016 4501 3070 4548 et
3107 4491 3305 4562 aliqua
3356 4490 3515 4546 clara
3562 4491 3757 4555 fecere,

2070 4581 2361 4637 modernis
2417 4581 2755 4651 opponitur.
2806 4581 2912 4636 Per
2967 4581 3146 4636 David
3202 4594 3479 4649 namque,
3514 4580 3611 4648 qui
3662 4593 3758 4648 po-

2071 4669 2354 4725 tissimum
2417 4670 2623 4740 potuit,
2671 4670 2956 4739 quidquid
3017 4668 3074 4724 in
3125 4669 3398 4739 superbia
3442 4666 3628 4737 magis
3670 4665 3763 4719 ha-

2074 4757 2210 4813 bent
2254 4772 2443 4814 causa
2474 4758 2767 4828 exprimit.
2820 4760 2901 4813 Ac
2931 4757 2979 4813 si
3026 4757 3269 4813 diceret:
3306 4756 3426 4811 Etsi
3460 4755 3637 4810 David
3680 4768 3762 4809 ce-

2075 4846 2415 4902 leberrimus
2442 4848 2620 4902 armis
2659 4846 2959 4911 exstiterit,
3002 4854 3055 4902 et
3090 4846 3158 4902 de
3204 4844 3644 4900 succedentibus
3678 4858 3760 4899 re-

2076 4932 2247 5003 gibus
2268 4933 2481 5004 aliquis
2511 4933 2731 5004 aliquid
2754 4934 2948 5004 gloria
2978 4932 3287 5003 quasicrit,
3319 4931 3461 4987 nihil
3488 4932 3761 5000 reperitur

2077 5033 2176 5089 per
2233 5022 2384 5090 quod
2444 5021 2533 5076 bis
2585 5020 2793 5076 nostris
2844 5021 3140 5090 exaquari
3197 5020 3433 5089 possint.
3498 5018 3760 5074 Habitare

2076 5116 2267 5164 autem
2295 5108 2579 5164 dominari
2612 5108 2899 5165 dicimus:
2935 5109 3086 5164 unde
3117 5114 3225 5164 eta
3256 5108 3448 5175 verbo,
3480 5107 3637 5177 quod
3660 5114 3757 5173 est,

2078 5196 2273 5263 habeo,
2305 5195 2495 5264 habes,
2531 5196 2947 5267 frequentative
2979 5196 3196 5252 dictum
3231 5196 3519 5265 ponimus.
3553 5196 3761 5251 Dicitur

2076 5298 2234 5351 vero,
2265 5295 2320 5340 et
2356 5285 2534 5341 David
2580 5286 2885 5357 magniﬁce
2914 5285 3143 5356 gloriari
3183 5295 3385 5340 contra
3428 5285 3657 5353 Judam,
3709 5292 3759 5340 et

2079 5372 2265 5443 gloria
2298 5372 2681 5430 habitantium
2714 5373 3024 5430 Jerusalem
3045 5375 3215 5444 :quia
3241 5374 3345 5443 ipsi
3382 5373 3759 5429 materiasunt

2080 5459 2471 5529 superbiendi,
2521 5470 2852 5518 nostrorum
2900 5461 3049 5519 facta
3079 5461 3386 5517 humiliare
3433 5460 3753 5517 volentium.
