3902 6082
124 188 239 239 809

1199 185 1423 243 GESTA
1466 187 1583 243 DEI
1623 183 1768 244 PER
1808 186 2137 244 FRANCOS.
2163 184 2381 243 —I.IB.
2425 188 2567 245 Vill.

3528 197 3637 249 810

205 339 232 371 ‹‹
260 322 324 375 In
351 320 441 375 die
474 319 587 386 illa,
619 326 875 390 proteget
918 321 1195 377 Dominus
1252 322 1600 395 habitatores
1652 324 1825 379 Jeru-
1864 325 1999 382 Ain
2030 326 2573 396 opportunitatibus,
2619 327 2676 382 in
2729 326 3096 384 tribulatione
3142 328 3434 399 suspirare
3463 343 3631 400 coga-

124 407 307 464 salem
355 407 558 477 (Zach.
611 422 709 475 xu,
762 409 831 475 8).
890 431 919 457 »
967 409 1038 464 Et
1068 411 1336 480 nunquid
1383 424 1498 466 non
1541 411 1826 482 hodieque

123 495 397 565 protegit,
443 509 609 566 quos,
633 509 886 552 cuneum
934 496 1107 552 nimis
1153 498 1384 564 exilem,
1417 498 1475 555 in
1507 498 1826 555 meditullio

126 583 467 653 gentilitatis
514 582 755 639 inﬁnita
825 583 1113 640 defendit?
1187 585 1522 642 Audacibus
1573 586 1827 656 quotidie

124 679 330 741 gentes
371 672 673 741 contiguas
719 671 897 727 armis
943 670 1217 728 irritant:
1267 681 1322 729 et
1371 673 1508 743 ipsis
1553 673 1693 729 satis
1743 681 1828 730 est

124 759 402 829 gentibus
482 760 529 815 si
575 773 634 815 se
681 760 755 815 ab
803 773 1004 816 eorum
1056 759 1385 818 incursione
1415 761 1822 831 praemuniant,

123 847 347 903 nedum
378 848 636 904 obsidere
668 853 1041 918 praesumant.

204 983 234 1012 ‹‹
256 962 327 1017 Et
351 962 482 1030 erit,
512 961 611 1031 qui
666 959 968 1017 offenderit
1019 974 1093 1017 ex
1139 959 1220 1016 eis
1275 960 1334 1016 in
1360 960 1450 1017 die
1502 961 1618 1030 illa,
1660 960 1829 1033 quasi

125 1049 345 1117 David;
383 1057 439 1105 et
484 1049 691 1105 domus
749 1049 950 1117 David,
1000 1049 1167 1119 quasi
1231 1049 1351 1117 Dei,
1409 1049 1557 1106 sicut
1588 1050 1830 1122 angelus

129 1137 384 1203 Domini,
425 1137 481 1191 in
535 1145 844 1206 conspectu
896 1138 1022 1207 ejus
1073 1136 1277 1207 (Ibid.)
1318 1158 1338 1184 ι
1389 1137 1503 1193 Vix
1535 1138 1830 1194 invenitur

128 1226 316 1281 David
356 1225 656 1296 quidpiam
711 1225 966 1294 graviter
1016 1224 1343 1294 deliquisse,
1394 1226 1564 1295 cujus
1602 1239 1829 1295 poenam

129 1321 553 1382 consequenter
609 1326 724 1368 non
789 1312 1014 1382 legatur
1068 1312 1126 1366 in
1201 1314 1465 1382 prmsenti
1531 1313 1823 1382 recepisse.

129 1400 480 1470 Quicunque
548 1401 726 1470 igitur
770 1413 844 1455 ex
898 1400 1108 1455 nostris
1165 1398 1485 1468 offenderit,
1555 1401 1602 1455 si
1662 1400 1829 1471 quasi

134 1487 342 1553 David,
365 1488 504 1544 dum
533 1501 643 1544 non
671 1502 869 1543 eorum
901 1496 1003 1544 aut
1045 1488 1312 1543 luxurias
1357 1488 1478 1543 sive
1507 1488 1827 1558 superbius,

131 1578 289 1632 inter
315 1578 593 1643 eundum,
644 1578 793 1632 sicut
839 1577 1104 1647 superius
1137 1577 1431 1633 continent
1463 1586 1642 1648 gesta,
1679 1578 1832 1632 Deus

132 1665 259 1735 ipse
289 1665 570 1734 impunita
595 1664 851 1735 reliquit;
890 1665 989 1721 sed
1016 1679 1171 1732 mox,
1210 1666 1360 1722 inter
1406 1665 1660 1721 ineuntis
1699 1679 1828 1735 pec-

131 1752 251 1810 cati
292 1767 613 1819 successus,
668 1767 799 1822 quae
857 1766 1133 1816 meruere.
1186 1753 1430 1809 celerius
1485 1760 1586 1809 aut
1642 1753 1830 1819 famis,

132 1848 243 1898 aut
289 1841 684 1912 quarumlibet
754 1841 1160 1896 difﬁcultatum
1210 1849 1493 1901 tormenta
1551 1842 1827 1911 rependit.

136 1931 301 1986 Unde
355 1938 411 1986 et
459 1931 665 1985 domus
726 1929 908 1984 David
978 1929 1144 1999 quasi
1204 1929 1303 1984 Dei
1361 1929 1629 1997 efﬁcitur,
1693 1930 1835 2000 quia

134 2032 241 2089 per
295 2017 506 2073 divinae
561 2017 935 2087 correptionis
1003 2017 1333 2073 instantiam
1388 2017 1458 2072 ad
1516 2017 1836 2087 spiritualis

134 2107 340 2178 gratiae
386 2114 728 2176 conceptum
767 2106 1008 2162 reditur.
1058 2105 1280 2172 Quibus
1326 2107 1478 2162 enim
1531 2106 1703 2171 Deus,
1751 2105 1832 2161 uti

134 2194 433 2266 quondam
484 2194 686 2258 David,
750 2201 982 2263 paterne
1032 2193 1392 2264 disciplinam
1455 2192 1691 2264 irrogat,
1733 2194 1836 2248 hos

136 2283 330 2338 statim
377 2296 411 2337 a
469 2296 589 2337 sua;
637 2280 1035 2351 inspirationis
1081 2280 1387 2350 complexu
1437 2295 1553 2336 non
1583 2281 1843 2343 abdicat,

138 2372 228 2426 Fit
280 2384 517 2441 quoque
569 2369 628 2424 in
710 2368 808 2425 Dei
863 2376 1172 2438 conspectu
1227 2376 1291 2423 ut
1335 2368 1612 2439 angelus:
1697 2370 1837 2438 quia

136 2458 277 2514 dum
327 2471 428 2527 per
476 2456 833 2513 imminentia
877 2456 1104 2526 ﬂagella
1161 2455 1329 2512 homo
1376 2456 1653 2525 conspicit
1694 2471 1752 2512 se
1802 2470 1837 2511 a

138 2546 282 2613 suis,
319 2534 425 2601 Deo
463 2552 716 2611 auctore,
757 2543 932 2600 eximi
980 2543 1300 2610 affectibus,
1352 2544 1534 2600 Deum
1566 2543 1716 2599 illico
1746 2544 1832 2598 di-

136 2634 317 2705 ligere
367 2633 609 2688 intendit
658 2632 996 2687 ardentius:
1049 2631 1186 2687 dum
1238 2632 1391 2687 enim
1436 2633 1510 2687 'se
1562 2632 1835 2702 castigari

138 2722 430 2794 cognoscit
488 2728 551 2777 ut
600 2720 801 2788 ﬁlium,
848 2728 1005 2777 amat
1048 2728 1109 2776 ut
1157 2721 1420 2791 angelus.
1476 2721 1573 2776 Dei
1641 2730 1834 2777 autem

138 2817 497 2881 conspectus,
533 2810 662 2880 pius
680 2817 765 2866 est
796 2810 1044 2866 hominis
1073 2808 1362 2865 interioris
1391 2808 1647 2865 affectus.

211 2948 240 2973 ι(
300 2927 369 2981 Εῑ
399 2924 508 2981 erit
538 2925 598 2981 in
646 2925 738 2980 die
790 2924 917 2990 illa;
969 2937 1230 2993 quaeram
1300 2930 1590 2979 conterere
1642 2937 1839 2980 omnes
1877 2898 1916 2954 Ο

137 3019 297 3069 440
328 3020 526 3085 gentes
562 3028 694 3085 quae
728 3013 970 3069 veniunt
1015 3020 1215 3068 contra
1257 3011 1571 3068 Jerusalem
1623 3012 1836 3082 (Zach.

139 3118 241 3169 xu,
273 3103 349 3174 9).
387 3122 414 3152 »
455 3103 539 3158 Ea
576 3102 825 3159 solemus
867 3115 1146 3171 quaerere,
1176 3115 1308 3170 quae
1355 3115 1460 3155 nos
1488 3108 1708 3156 certum
1757 3108 1840 3156 est

138 3191 251 3248 sub
297 3190 480 3246 oculis
525 3205 643 3246 non
694 3188 925 3245 habere.
959 3188 1106 3255 Quid
1136 3202 1274 3244 vero
1305 3188 1405 3243 Dei
1445 3195 1530 3244 est
1557 3202 1836 3258 quaerere,

141 3278 254 3334 nisi
284 3278 392 3334 sub
434 3285 662 3334 interna
694 3275 1040 3347 provisionis
1071 3276 1366 3331 vocatione
1416 3275 1677 3332 facienda
1707 3290 1838 3346 pro-

143 3368 394 3436 ponere?
444 3365 659 3433 Quaerit
705 3379 842 3437 ergo
897 3365 1048 3420 Deus
1101 3372 1392 3420 conterere
1442 3377 1640 3420 omnes
1702 3378 1839 3435 gen-

142 3462 230 3511 tes
286 3468 417 3524 quae
446 3461 647 3510 contra
706 3453 1020 3510 Jerusalem
1066 3451 1328 3517 veniunt,
1370 3460 1425 3507 et
1474 3452 1581 3507 hoc
1638 3452 1695 3506 in
1751 3451 1841 3507 die

142 3542 294 3598 illa:
346 3541 485 3612 quia
532 3541 728 3597 subtili
792 3554 900 3596 suo
955 3539 1173 3609 judicio
1230 3538 1493 3608 providet
1557 3552 1625 3594 ac
1687 3539 1841 3595 ordi-

140 3638 246 3686 nat
273 3630 427 3701 quod
476 3643 574 3685 eos
603 3629 702 3699 qui
754 3628 881 3683 ﬁdei
912 3627 1199 3683 contraria
1227 3632 1410 3697 agunt
1439 3633 1540 3682 aut
1567 3634 1842 3696 perpetua

142 3717 517 3775 damnatione
546 3723 822 3781 conterat,
848 3723 949 3772 aut
970 3722 1257 3786 quantum
1286 3721 1502 3784 spectat
1529 3714 1599 3769 ad
1628 3714 1845 3770 exami-

142 3808 439 3863 nationem
475 3819 594 3862 suae
625 3805 877 3874 ipsorum
906 3802 1253 3874 fragilitatis.
1296 3802 1621 3857 imminuat.
1682 3802 1843 3858 Unde

143 3902 255 3963 est,
289 3917 318 3943 ‹‹
345 3895 671 3964 Tanquam,
706 3911 734 3944 ν
764 3892 974 3962 inquit,
1003 3914 1032 3940 ‹‹
1066 3905 1167 3947 vas
1195 3890 1356 3961 ﬁguli
1379 3890 1708 3962 confringes
1724 3905 1840 3959 eos,

146 3997 300 4054 quos
356 3981 578 4038 rexeris
635 3980 691 4035 in
743 3980 909 4050 virga
958 3979 1141 4035 ferrea
1186 3976 1377 4045 (Ps-al.
1414 3992 1475 4044 ιι,
1507 3977 1581 4048 9).
1618 3999 1640 4026 ι
1682 3978 1842 4044 Quod

147 4079 346 4128 tamen
378 4067 511 4125 facit
544 4068 699 4123 Deus
738 4066 1120 4122 illustratione
1150 4065 1397 4133 interna,
1433 4079 1565 4136 quae
1592 4073 1677 4121 est
1708 4079 1842 4135 pro-

144 4158 293 4214 fecto
330 4156 484 4222 dies;
517 4155 615 4211 sed
649 4154 765 4222 illa,
799 4167 930 4224 quae
960 4153 1206 4223 exprimi
1236 4153 1497 4210 videlicet
1524 4168 1639 4209 non
1671 4154 1845 4225 possit

145 4242 582 4300 ratiocinatione
605 4240 745 4298 ulla.

221 4389 251 4415 «
283 4367 354 4423 Et
381 4365 672 4423 effundam
701 4377 873 4435 super
919 4362 1153 4419 domum
1188 4362 1393 4427 David,
1432 4370 1487 4420 et
1527 4377 1703 4433 super
1734 4364 1844 4419 ha—

148 4455 424 4511 bitatores
488 4452 823 4519 Jerusalem,
897 4449 1162 4520 spiritum
1236 4451 1435 4522 gratize
1498 4456 1552 4506 et
1608 4464 1843 4520 precum

148 4545 314 4611 (Luc.
365 4556 467 4609 xu,
520 4540 627 4612 l0).
683 4540 841 4609 Ipsos
900 4538 1246 4594 habitatores
1298 4537 1614 4593 Jerusalem
1677 4536 1845 4592 dixe-

148 4630 263 4686 rim
320 4629 555 4683 domum
614 4627 825 4705 David;
876 4640 1021 4696 quos
1086 4626 1450 4695 omnipotens
1508 4625 1679 4693 Deus,
1763 4631 1847 4680 ct-

149 4716 198 4772 si
251 4713 653 4784 frequentibus
692 4711 942 4769 victoriis
982 4712 1218 4767 donavit
1265 4719 1320 4767 et
1383 4712 1578 4779 donat,
1634 4712 1850 4768 creber-

148 4803 316 4860 rimis
348 4810 538 4857 tamen
560 4798 891 4855 infortuniis
918 4797 1246 4854 edomuitet
1269 4797 1555 4854 redomuit
1587 4815 1601 4853 :
1629 4806 1685 4855 et
1707 4799 1846 4855 dum

146 4906 247 4948 eos
277 4904 382 4946 nec
409 4887 839 4944 continuatione
888 4885 1175 4942 malorum
1207 4885 1511 4956 desperare
1548 4885 1845 4957 permittit,

149 4993 260 5035 nec
290 4976 620 5032 assiduitate
678 4975 962 5030 honorum
1003 4973 1304 5043 superbire
1358 4973 1514 5040 sinit,
1573 4972 1846 5043 Spiritum

151 5066 357 5141 gratia;
386 5071 440 5121 et
471 5078 702 5135 precum
742 5075 918 5132 super
965 5060 1136 5133 ipsos,
1184 5063 1317 5132 pius
1361 5061 1684 5119 necessario
1728 5062 1848 5132 jam

151 5157 518 5225 dispensator
589 5150 872 5217 effundit;
942 5156 1006 5206 ut
1061 5150 1200 5207 dum
1255 5150 1417 5207 nulla
1482 5149 1847 5221 prosperitas,

154 5255 291 5314 quae
328 5239 499 5295 etiam
526 5238 802 5309 perfectos
831 5250 1097 5309 quosque
1126 5237 1380 5304 resolvit,
1431 5238 1552 5293 sine
1591 5236 1850 5308 subjecta

156 5341 299 5384 mox
361 5325 706 5382 adversitate
752 5324 861 5380 sibi
902 5323 1157 5381 arridere
1176 5324 1425 5392 videtur,
1471 5338 1693 5394 semper
1723 5324 1853 5380 ani-

156 5428 292 5473 mus
320 5411 792 5483 inquietudinum
823 5409 1080 5479 timidus,
1117 5411 1190 5467 ad
1218 5425 1349 5467 eum
1382 5411 1482 5482 qui
1513 5411 1745 5482 adjutor
1772 5420 1856 5468 est

515 5499 794 5567 PATROL.
846 5497 1049 5565 CLVI.

1940 420 2053 469 tur.

2007 502 2292 573 Eccejam
2330 502 2577 573 seposito
2628 501 2784 557 omni
2836 502 3124 572 mysterio,
3173 502 3484 559 materialis
3532 503 3630 560 illa

1934 589 2270 657 Jerusalem,
2295 596 2517 660 quanta
2543 595 2816 659 putamus
2848 589 3151 659 aliquoties
3193 589 3302 645 sub
3338 590 3628 647 dubietate

1935 683 1990 731 et
2022 676 2222 732 timore
2268 691 2325 732 se
2375 676 2604 742 habeat,
2661 676 2821 743 dum,
2854 674 3027 746 juxta
3076 675 3426 732 Ezechielem
3478 678 3622 749 (cap.

1937 781 1991 832 v,
2025 766 2098 835 ὅ),
2134 767 2190 821 in
2241 766 2425 822 medio
2474 766 2732 836 gentium
2781 779 2841 821 se
2898 764 3137 821 attendit
3178 765 3440 836 positam,
3482 774 3537 823 et
3569 768 3627 822 in

1936 854 2186 910 circuitu
2235 869 2341 910 suo
2371 862 2587 925 gentes,
2623 853 3157 923 circumjacentium
3202 855 3502 910 nationum
3539 855 3627 911 in-

1938 939 2236 1008 ﬁnitatem,
2268 956 2386 997 sute
2420 941 2580 997 urbis
2608 941 2975 998 considerans
3004 941 3369 1012 paucitatem.
3400 945 3468 999 Et
3488 946 3624 1001 dum

1937 1029 2248 1085 barbarum
2274 1032 2531 1101 gentium
2555 1030 2903 1100 irruptiones
2926 1030 3309 1087 indesinenter
3342 1040 3626 1100 metuunt,

1941 1116 2043 1172 nisi
2104 1118 2503 1173 miserabiliter
2546 1117 2853 1186 desipiunt,
2900 1132 3204 1188 nunquam
3264 1120 3484 1189 absque
3533 1120 3627 1175 Dei

1939 1204 2159 1260 timoris
2190 1213 2244 1260 et
2275 1205 2485 1261 amoris
2513 1206 2701 1276 gratia
2729 1212 2883 1271 sunt,
2936 1205 3149 1277 quibus
3174 1222 3480 1277 nunquam
3524 1207 3630 1278 piae

1939 1292 2252 1348 affectionis
2284 1308 2351 1348 ac
2384 1308 2615 1363 precum
2645 1294 2895 1349 materiae
2919 1294 3142 1349 desunt.
3176 1294 3323 1350 Solet
3351 1296 3627 1351 nimirum

1936 1384 2330 1453 Omnipotens,
2390 1384 2604 1439 aculeis
2657 1382 3095 1447 adversitatum,
3126 1384 3194 1438 ad
3227 1385 3315 1439 sui
3359 1386 3630 1440 recorda—

1940 1473 2149 1528 tionem
2204 1472 2507 1527 sollicitare
2563 1485 2734 1526 suos:
2800 1470 2939 1527 solet
2982 1471 3402 1527 titillatiouibus
3441 1473 3633 1528 carnis

1943 1560 2172 1616 inurere
2223 1568 2456 1627 mentes,
2491 1567 2554 1616 ut
2605 1558 2840 1625 scilicet,
2882 1560 3018 1614 dum
3067 1560 3294 1615 ruinam
3345 1569 3629 1626 metuunt,

1946 1648 2090 1703 votis
2110 1662 2175 1703 ac
2203 1648 2581 1715 orationibus,
2619 1648 2712 1703 Dei
2764 1648 3021 1703 subsidio
3056 1662 3279 1718 semper
3327 1650 3632 1704 invenian-

1938 1742 2036 1791 tur
2055 1735 2317 1792 acclives.

2616 1822 2849 1878 CAPUT
2888 1822 2956 1877 V.

2017 1908 2216 1982 [XXL]
2280 1908 2747 1964 Christianorum
2772 1907 3140 1963 calamitate:
3184 1909 3533 1964 recoluntur.
3566 1938 3639 1952 —

1942 1997 2206 2054 Diximus
2243 2011 2360 2052 non
2398 1996 2591 2064 semel,
2635 1996 2729 2051 sed
2762 1994 2903 2050 forte
2934 1995 3241 2064 multoties,
3278 2012 3383 2053 nec
3413 2006 3636 2068 repete-

1942 2100 2002 2141 re
2033 2085 2189 2156 piget
2219 2099 2231 2138 :
2261 2082 2371 2139 tale
2417 2082 2554 2153 quid
2590 2095 2880 2151 nusquam
2931 2081 3190 2152 gentium
3224 2096 3257 2138 a
3305 2084 3513 2140 saeculo
3556 2086 3636 2141 fa-

1940 2179 2116 2227 ctum.
2166 2170 2221 2226 Si
2272 2170 2369 2225 ﬁlii
2416 2169 2611 2234 Israel,
2657 2167 2953 2223 miraculis
2987 2182 3118 2238 quae
3166 2178 3298 2225 ante
3324 2184 3419 2225 eos
3457 2172 3638 2243 egerit

1943 2259 2221 2314 Dominus
2276 2257 2412 2312 mihi
2455 2257 2787 2311 inferuntur
2843 2256 3098 2325 objectis,
3176 2257 3266 2313 his
3307 2273 3413 2329 ego
3455 2260 3637 2315 multo

1944 2344 2263 2401 mirabilius
2303 2351 2558 2399 astruam
2610 2356 2764 2398 mare
2815 2342 3242 2399 confertissima:
3307 2345 3641 2415 gentilitatis

1943 2440 2237 2502 apertum;
2287 2432 2376 2488 his
2427 2430 2678 2485 interdiu
2740 2443 2813 2484 ex
2857 2430 3126 2486 columna
3180 2431 3396 2488 nubem
3458 2433 3638 2488 divini

1945 2520 2181 2585 timoris,
2217 2526 2393 2574 noctu
2423 2517 2620 2573 lumen
2662 2516 2872 2572 divinae
2904 2518 3021 2586 spei
3084 2518 3393 2587 perhibebo
3426 2519 3639 2589 praebi-

1946 2615 2084 2669 tum.
2120 2608 2336 2678 quibus
2390 2605 2651 2660 Christus
2702 2605 2818 2674 ipso
2850 2604 3119 2660 columna
3154 2607 3513 2663 rectitudinis
3558 2606 3639 2678 lac

1945 2694 2298 2751 fortitudinis
2330 2693 2632 2763 inspiravit
2683 2692 2975 2762 exempla;
3030 2705 3177 2763 quos
3225 2694 3384 2750 verbi
3418 2696 3539 2764 Dei,
3572 2710 3641 2751 ac

1944 2784 1990 2839 si
2022 2797 2235 2839 manna
2266 2782 2510 2848 caeleste,
2545 2780 2765 2849 absque
2796 2779 2973 2836 ullius
2998 2790 3240 2837 terrenae
3279 2785 3419 2853 spei,
3452 2783 3637 2840 solum

1952 2870 2076 2944 [al.,
2109 2869 2330 2940 solatio]
2382 2868 2724 2925 confortavit
2766 2868 3046 2925 edulium.
3108 2870 3194 2924 Illi
3228 2871 3442 2940 pabula
3482 2872 3636 2927 coeli-

1949 2967 2041 3014 tus
2114 2958 2440 3012 ministrata
2502 2955 2827 3025 fastidiunt;
2894 2957 3207 3027 JEgyptum
3290 2958 3637 3027 derelictam,

1948 3047 2146 3104 crebro
2194 3046 2483 3102 mentibus
2527 3052 2582 3101 et
2638 3060 2774 3101 voce
2814 3046 3107 3112 revisunt;
3168 3046 3255 3101 isti
3306 3047 3454 3103 sicut
3498 3048 3640 3104 nihil

1952 3153 2212 3209 unquam
2268 3136 2671 3208 retrogradum
2721 3137 3081 3206 moliuntur,.
3109 3139 3190 3194 ita
3220 3140 3504 3211 quidquid
3545 3155 3640 3211 pe-

1947 3227 2133 3283 nuriae
2173 3241 2238 3282 ac
2292 3225 2677 3281 neccessitatis
2726 3226 3028 3296 ingruerit,
3086 3226 3389 3284 vivacibus
3436 3229 3644 3285 animis

1948 3315 2394 3385 amplectuntur.
2438 3314 2597 3369 Certe
2644 3312 2741 3369 illa
2769 3313 2924 3383 apud
2956 3314 3319 3369 Antiochiam
3362 3315 3644 3372 celebrata

1948 3403 2266 3468 calamitas,
2319 3416 2451 3471 quae
2508 3400 2910 3470 frequentibus
2967 3401 3375 3469 propemodum
3437 3402 3645 3458 inediis

1947 3491 2245 3554 oscitabat,
2279 3503 2395 3544 non
2432 3487 2553 3543 sine
2580 3487 2930 3557 quibusdam
2977 3486 3267 3544 nobilibus
3305 3490 3646 3558 spectaculis

1950 3575 2199 3632 traditur
2219 3574 2518 3630 exstitisse.
2571 3573 2694 3640 Qua
2735 3582 3030 3644 putamus,
3066 3574 3212 3630 inter
3246 3575 3401 3631 illius
3457 3577 3642 3631 omni-

1954 3663 2132 3719 modae
2160 3663 2427 3733 egestatis
2452 3662 2646 3729 exitia,
2681 3676 2795 3732 qua
2824 3662 2902 3717 nil
2937 3662 3153 3733 aegrius
3197 3664 3350 3732 apud
3384 3663 3645 3720 homines

1950 3748 2312 3806 consueverit
2370 3748 2618 3815 tolerari,
2678 3748 3151 3819 magnanimitate
3207 3763 3265 3805 se
3346 3751 3641 3821 gesserint,

1950 3836 2053 3907 qui
2108 3835 2435 3891 Christiana
2492 3835 2736 3902 theatra,
2782 3834 2858 3889 illi
2917 3834 3115 3903 procul
3168 3835 3347 3892 dubio
3403 3837 3643 3906 tempori

1951 3940 2017 3982 ac
2049 3925 2173 3980 loco
2204 3925 2621 3992 convenientia,
2655 3938 2767 3979 non
2795 3924 3158 3995 spreverint?

2023 4014 2109 4067 De
2134 4011 2397 4084 parvulis
2412 4029 2543 4066 cum
2569 4010 2835 4084 pali-ibus
2864 4010 3294 4083 Jerosolymam
3341 4013 3641 4086 profectis.

1949 4100 2301 4157 Eorumdem
2339 4100 2715 4172 parvulorum
2755 4099 3056 4154 exercitus.
3103 4130 3172 4140 ——
3219 4101 3398 4158 Plane
3452 4103 3525 4158 ab
3558 4103 3647 4158 his

1886 4191 1928 4245 D
1955 4190 2056 4261 qui
2085 4188 2397 4245 interfuere
2431 4188 2696 4251 refertur,
2736 4202 2871 4243 cum
2923 4187 3129 4244 civitas
3172 4189 3370 4246 eadem
3414 4190 3646 4247 obside-

1956 4283 2133 4338 retur,
2185 4283 2239 4330 et
2286 4274 2501 4331 crebris
2543 4274 2942 4346 congressibus
2999 4275 3321 4333 obsessores
3364 4284 3420 4333 et
3462 4276 3646 4333 urbici

1956 4363 2353 4430 miscerentur,
2389 4362 2559 4419 ﬁebat
2598 4363 2906 4433 saepissime
2941 4371 3007 4420 ut
3058 4364 3198 4420 viris
3238 4365 3372 4421 hinc
3400 4367 3647 4436 indeque

1955 4449 2312 4517 cedentibus,
2363 4456 2419 4504 et
2470 4448 2744 4518 impetum
2785 4449 3036 4506 vicissim
3068 4451 3305 4506 consilio
3331 4464 3397 4507 ac
3429 4452 3647 4508 ratione

1956 4538 2336 4603 frenantibus,
2369 4550 2681 4607 puerorum
2713 4538 2984 4593 examina
3014 4551 3146 4608 pars
3172 4553 3245 4594 ex
3271 4539 3415 4594 urbe
3446 4553 3646 4608 proce-

1957 4624 2175 4693 derent,
2224 4637 2358 4694 pars
2394 4638 2467 4680 ex
2514 4632 2839 4680 nostrorum
2888 4624 3019 4681 filiis
3060 4639 3091 4681 e
3124 4626 3350 4681 diverso
3403 4625 3642 4693 coirent,

1959 4712 2289 4782 pariterque
2362 4712 2688 4783 dignissimi
2752 4712 3171 4782 exspectatione
3249 4712 3643 4785 conﬂigerent.

1959 4799 2391 4868 Sicutnamque
2434 4799 2491 4854 in
2521 4799 2758 4856 exordio
2804 4800 2982 4870 hujus
3032 4800 3279 4857 historiae
3322 4801 3647 4871 retulimus,

1957 4900 2091 4944 cum
2133 4885 2287 4956 apud
2302 4886 2679 4942 occidentales
2721 4882 2982 4958 regiones
3020 4888 3465 4957 percrebruisset
3491 4891 3647 4946 Jero-

1959 4973 2303 5044 solymitana
2327 4973 2617 5043 profectio,
2653 4977 2842 5042 patres
2881 4988 3010 5029 cum
3058 4974 3319 5044 parvulis
3366 4973 3498 5032 ﬁliis
3543 4977 3651 5032 hoc

1962 5061 2150 5131 ipsum
2183 5061 2671 5132 aggrediebantur
2708 5063 2833 5118 iter.
2872 5062 3032 5119 Unde
3053 5061 3260 5119 accidit
3308 5070 3372 5119 ut
3413 5064 3652 5120 mortuis

1961 5148 2299 5218 parentibus
2329 5147 2685 5218 aliquorum,
2746 5149 2851 5220 ipsi
2894 5150 3121 5219 pueruli
3170 5157 3652 5220 prosequerentur

1960 5236 2301 5304 exercitum,
2357 5236 2543 5293 labori
2601 5245 3017 5298 assuescerent,
3081 5245 3157 5302 et,
3227 5245 3513 5307 quantum
3582 5239 3654 5294 ad

1963 5323 2170 5394 inopina
2203 5323 2566 5380 tolerantiam
2597 5324 2817 5393 attinet,
2862 5324 3180 5394 majoribus
3237 5324 3485 5393 impares
3524 5325 3656 5380 nul-

1962 5411 2190 5468 latenus
2208 5418 2413 5467 essent.
2469 5413 2535 5467 Hi
2567 5412 2761 5481 igitur,
2792 5425 2891 5481 per
2918 5425 2976 5465 se
2999 5411 3227 5481 agmine
3262 5412 3428 5480 facto,
3455 5412 3661 5481 princi-

3232 5505 3317 5566 26
