3902 6082
299 233 392 284 8H
1238 225 1295 277 V.
1341 225 1662 280 GUIBEBTI
1704 223 1992 278 ABBATIS
2031 221 2088 275 S.
2133 217 2369 274 MARl/E
2413 217 2498 270 DE
2539 212 2932 270 NOVIGENTO

3695 211 3794 261 8l'2

301 374 395 427 pes
451 373 539 412 SUl
610 359 862 425 ipsorum
918 360 1375 419 vxsecraverant,
1429 353 1518 407 ille
1561 354 1819 423 Hugnois
1864 351 1978 407 Ma-
2020 355 2064 406 A
2093 347 2516 412 contrahendis,
2566 346 2621 399 in
2660 343 2983 399 obsessione
3032 341 3200 396 etiam
3236 340 3468 395 urbium
3509 339 3799 409 lapidibus

298 445 418 516 gni,
453 445 544 499 ille
575 441 907 507 Boemundi,
943 441 1032 494 hic
1059 439 1462 507 .Flandrensis,
1498 439 1598 494 iste
1642 438 1992 493 Northman-

298 535 414 590 nici
457 529 755 595 vocabula,
809 537 864 584 et
926 528 1173 582 aliorum
1217 526 1314 581 alii
1362 525 1629 596 praeferre
1699 539 1986 596 personas.

295 621 407 690 Ipsi
447 618 668 688 quoties
697 615 804 671 sibi
841 614 1126 684 subjectos
1158 613 1566 668 alimoniarum
1601 613 1844 682 penuria
1890 626 1989 666 ve-

294 707 423 764 xari
457 703 868 773 conspicerent,
898 701 969 756 ad
1018 715 1112 756 eos
1163 716 1309 770 quos
1353 699 1783 770 praelibavimus
1826 697 1990 768 prin-

293 799 464 865 cipes,
503 791 773 848 victualia
807 790 1065 862 rogaturi
1114 789 1370 844 abibant.
1405 789 1626 855 Quibus
1658 788 1823 842 iidem
1857 800 1988 856 pro-

293 899 450 940 ceres
482 881 732 951 plurima
763 879 1178 949 largiebantur,
1208 877 1360 932 unde
1399 890 1598 931 eorum
1645 876 1988 930 convenien-

293 980 379 1028 ter
411 967 768 1025 imbecillitas
793 965 1064 1020 aleretur.
1123 964 1276 1019 Talis
1309 977 1446 1034 ergo
1480 969 1714 1033 tamque
1770 969 1988 1032 specta-

294 1067 423 1124 bilis
475 1063 698 1128 militia,
733 1062 1018 1117 urbanam
1070 1059 1373 1129 pueritiam
1435 1059 1633 1114 crebro
1689 1059 1984 1123 lacessere,

294 1157 493 1226 longas
539 1151 872 1217 arundines,
928 1163 1028 1218 pro
1083 1148 1207 1204 telis
1257 1148 1486 1214 habere,
1547 1136 1615 1203 de
1667 1147 1987 1202 viminibus

291 1249 456 1298 scuta
511 1246 830 1303 contexere,
890 1235 1115 1290 arcillos
1176 1241 1352 1302 atque
1413 1233 1667 1301 missilia,
1728 1248 1830 1303 pro
1880 1247 1984 1288 suo

292 1329 513 1400 quique
560 1325 745 1389 modo,
779 1331 1019 1394 gestare.
1069 1321 1166 1375 llis
1198 1321 1392 1389 itaque
1422 1328 1477 1375 et
1525 1319 1981 1385 civitatensibus,

293 1413 617 1488 grandaevis
647 1427 718 1467 ex
759 1419 1009 1480 utraque
1042 1416 1200 1478 parte
1237 1408 1647 1477 spectantibus,
1705 1407 1890 1462 medio
1924 1408 1982 1461 in

292 1515 494 1571 campo
556 1499 889 1569 congressis,
961 1497 1145 1554 urbici
1231 1496 1463 1567 quidem
1526 1511 1598 1551 ex
1671 1496 1980 1563 moenibus,

241 1610 253 1615 ·’
293 1591 472 1646 nostri
492 1596 681 1643 autem
712 1601 812 1657 pro
844 1587 1234 1656 papilionibus
1265 1587 1690 1656 exspectabant.
1739 1587 1879 1640 Erat
1903 1585 1979 1640 ibi

293 1693 526 1734 cernere
593 1678 836 1746 impetus
903 1677 962 1731 in
1037 1677 1278 1731 invicem
1353 1675 1760 1741 conclamatos,
1837 1673 1983 1727 ictus

294 1768 415 1821 sine
443 1766 560 1820 ulla
592 1773 779 1820 tamen
816 1765 1083 1819 mortium
1118 1763 1442 1832 suspicione
1498 1770 1782 1818 cruentos.
1831 1766 1972 1815 44I

295 1855 426 1910 Haec
459 1869 604 1923 saepe
631 1853 907 1922 praeludia
939 1853 1225 1922 majorum
1257 1851 1328 1905 ad
1367 1850 1657 1906 iterandos
1685 1850 1986 1905 conﬂictus

295 1942 607 2011 praecordia
638 1940 1020 1995 concitabant.
1053 1940 1200 1994 Dum
1233 1939 1383 1993 enim
1415 1937 1637 1992 animos
1671 1938 1778 1993 sub
1813 1950 1985 1992 mem-

293 2029 410 2082 bris
459 2027 828 2096 impotentius
895 2025 1024 2097 [al.,
1074 2022 1498 2096 impotentibus}
1555 2024 1772 2079 fervere
1820 2023 1984 2078 vide-

293 2125 438 2181 rent,
497 2116 634 2170 dum
693 2115 789 2169 illa
837 2114 1270 2184 qualiacunque
1311 2112 1567 2166 imbelles
1623 2111 1985 2181 conspiciunt

291 2201 556 2256 alacriter
605 2216 767 2256 arma
811 2215 1036 2256 movere
1084 2201 1340 2265 lacertos,
1382 2200 1521 2255 dum
1570 2199 1980 2254 alterutrorum

292 2289 622 2344 laesionibus
652 2290 894 2344 diversae
918 2287 1403 2357 prospectantium
1440 2295 1626 2355 partes
1657 2286 1979 2355 ingemunt,

291 2377 363 2430 ad
413 2377 593 2444 solita,
655 2377 884 2431 dimotis
929 2391 958 2430 e
1010 2376 1196 2430 medio
1255 2377 1468 2443 pueris,
1523 2373 1772 2428 seniores
1836 2371 1983 2425 bella

291 2472 662 2520 concurrunt.
711 2465 793 2519 Ita
817 2462 1172 2517 Dominicum
1227 2462 1546 2516 exercitum
1595 2459 1688 2514 vix
1739 2458 1978 2513 inveniri

290 2552 605 2622 contigerat
655 2552 944 2618 feriatum,
976 2549 1114 2604 dum
1149 2549 1206 2602 hi
1232 2547 1640 2614 instituuntur,
1679 2545 1761 2601 illi
1792 2546 1981 2615 quoti-

289 2639 380 2695 die
407 2647 775 2705 exercentur,

365 2725 584 2798 lXXll.]
649 2724 1023 2795 Nudipedum
1055 2723 1361 2788 exercitus,
1411 2739 1478 2777 ac
1518 2721 1644 2778 vitae
1688 2738 1883 2793 genus.
1912 2752 1982 2762 —

289 2821 561 2883 praeterea
592 2821 645 2868 et
673 2813 829 2868 aliud
862 2813 1152 2882 quoddam
1187 2813 1242 2866 in
1273 2812 1530 2867 exercitu
1561 2811 1652 2866 illo
1681 2811 1978 2866 hominum

290 2916 473 2972 genus
503 2901 657 2970 quod
702 2901 946 2968 nudipes
997 2899 1232 2968 quidem
1279 2899 1584 2966 incederet,
1619 2913 1780 2953 arma
1820 2899 1982 2954 nulla

287 2995 562 3056 portaret,
608 2987 830 3042 nullam
880 2986 1013 3054 ipsis
1037 2999 1272 3055 prorsus
1305 2987 1562 3054 pecunize
1595 2984 1976 3054 quantitatem

289 3074 498 3129 habere
548 3075 768 3140 liceret;
811 3073 905 3128 sed
963 3073 1221 3128 nuditate
1265 3087 1332 3127 ac
1365 3072 1682 3142 indigentia
1745 3071 1979 3126 omnino

287 3163 641 3232 squalidum,
707 3162 1006 3218 universos
1065 3162 1424 3232 przncederet,
1459 3162 1750 3218 radicibus
1774 3161 1979 3216 herba-

284 3265 436 3318 rum,
473 3258 526 3306 et
557 3251 768 3308 vilibus
807 3253 1140 3322 quibusque
1170 3252 1477 3308 nascentiis
1518 3251 1823 3306 victitaret.
1869 3250 1982 3305 Hos

285 3353 419 3394 cum
453 3339 691 3409 quidam
749 3354 821 3395 ex
877 3340 1298 3395 Northmannia
1338 3339 1641 3404 oriundus,
1676 3337 1831 3392 haud
1873 3337 1981 3392 ob-

288 3442 478 3496 scuro,
530 3434 592 3483 ut
622 3427 822 3496 fertur,
856 3427 979 3483 loco
1017 3436 1209 3495 natus,
1270 3442 1343 3483 ex
1371 3427 1566 3497 equite
1595 3435 1783 3482 tamen
1816 3426 1984 3494 pedes

284 3514 489 3583 factus,
542 3517 664 3572 sine
694 3516 946 3572 dominio
979 3516 1248 3571 oberrare
1289 3514 1535 3580 videret,
1579 3514 1845 3584 depositis
1896 3527 1982 3568 ar-

285 3602 391 3658 mis
435 3611 487 3659 et
543 3604 757 3674 quibus
797 3605 1070 3660 utebatur
1112 3603 1385 3669 induviis,
1433 3617 1632 3658 eorum
1683 3618 1741 3658 se
1788 3616 1980 3673 regem

285 3690 534 3760 proﬁteri
584 3691 787 3747 voluit.
839 3691 976 3747 lnde
1028 3705 1132 3746 rex
1187 3690 1406 3746 Thafur
1463 3691 1768 3746 barbarica
1814 3691 1982 3760 erepit

284 3778 486 3850 lingua
530 3780 742 3835 vocari.
795 3779 1016 3835 Thafur
1053 3781 1244 3834 autem
1306 3778 1460 3848 apud
1508 3777 1747 3849 gentiles
1776 3778 1981 3833 dicun-

283 3872 398 3935 tur,
434 3881 579 3936 quos
607 3881 729 3931 nos,
760 3875 820 3922 ut
853 3867 1023 3921 nimis
1053 3865 1368 3921 litteraliter
1398 3863 1626 3936 loquar,
1670 3867 1982 3922 trudenues

285 3955 409 4026 [al.,
441 3956 772 4021 trudenues,
804 3955 1015 4010 Gallice
1049 3955 1333 4025 truands,]
1361 3969 1652 4011 vocamus.
1682 3955 1788 4021 Qui
1811 3970 1883 4011 ex
1914 3971 1981 4012 eo

284 4043 366 4098 sic
385 4043 902 4112 appellanturquia
924 4043 1186 4109 trudunt,
1219 4044 1272 4098 id
1293 4051 1377 4099 est
1399 4043 1602 4098 leviter
1623 4044 1975 4113 transigunt,

285 4144 524 4200 quaqua
545 4144 775 4185 versum
797 4133 1163 4201 peragrantes
1180 4146 1363 4186 annos
1384 4129 1470 4202 [f.,
1497 4134 1706 4201 agros].
1728 4132 1862 4186 Erat
1886 4146 1980 4187 au-

2099 435 2525 506 intorquendis,
2578 432 2689 488 dici
2734 446 2848 486 non
2902 437 3082 500 potest
3111 442 3286 499 quam
3366 426 3670 483 necessarii
3711 426 3798 480 fo-

2099 532 2246 593 rent,
2268 539 2404 581 cum
2439 523 2496 578 in
2530 521 2824 592 portandis
2861 519 3156 584 oneribus,
3194 517 3382 573 asinos
3432 531 3499 572 ac
3537 515 3802 585 jumenta

2099 614 2514 684 przecederent;
2567 625 2699 666 cum
2732 609 2967 665 balistas
3005 615 3059 662 et
3100 607 3400 662 machinas
3447 604 3668 661 crebris
3709 603 3801 673 ja-

2098 702 2285 758 ctibus
2315 705 2708 770 exaequarent.

2169 789 2469 854 Praeterea,
2519 801 2654 842 cum
2713 785 2783 840 de
2831 797 3193 855 paganorum
3253 781 3591 851 corporibus
3675 780 3800 835 fru-

2097 884 2181 933 sta
2227 877 2491 932 carnium
2552 873 2703 943 apud
2770 873 3041 938 Marram,
3100 879 3153 927 et
3193 869 3386 925 sicubi
3437 869 3601 935 alias,
3663 882 3797 923 cum

2095 963 2274 1021 nimia
2305 964 2480 1019 fames
2533 968 2788 1033 urgeret,
2840 960 3234 1029 reperirentur
3302 958 3586 1026 adempta,
3639 957 3800 1026 quod

2093 1053 2166 1108 ab
2197 1054 2286 1108 his
2309 1061 2362 1108 et
2395 1051 2614 1118 furtim,
2647 1058 2702 1106 et
2738 1062 2914 1120 quam
2967 1048 3258 1103 rarissime
3302 1046 3518 1101 factum
3550 1053 3797 1106 constat,

2094 1149 2262 1197 atrox
2317 1140 2469 1209 apud
2516 1139 2756 1209 gentiles
2799 1138 2952 1192 fama
2981 1136 3309 1206 percrebuit
3341 1137 3497 1204 quod
3549 1134 3795 1205 quidam

2093 1231 2152 1285 in
2178 1230 2528 1285 Francorum
2553 1227 2811 1282 exercitu
2829 1225 3190 1281 haberentur
3214 1224 3317 1293 qui
3339 1223 3796 1278 Sarracenorum

2092 1318 2366 1373 carnibus
2399 1315 2726 1370 avidissime
2767 1319 3152 1369 vescerentur.
3195 1311 3356 1367 Unde
3396 1310 3542 1366 idem
3599 1311 3797 1366 homi—

2092 1419 2212 1473 nes,
2247 1413 2311 1461 ut
2355 1403 2712 1474 potissimum
2752 1401 2908 1472 apud
2968 1401 3094 1456 illos
3141 1400 3262 1454 haec
3296 1398 3794 1467 intonuissetopi-

2091 1493 2206 1560 nio,
2234 1493 2404 1548 Turci
2433 1493 2738 1562 cujusdam
2769 1489 2916 1546 vecti
2948 1502 3158 1559 corpus
3189 1489 3467 1552 intusum,
3491 1486 3565 1542 ad
3591 1499 3793 1542 eorum

2091 1590 2366 1639 terrorem
2407 1581 2594 1650 palam
2647 1579 2936 1647 omnibus,
2986 1584 3048 1634 ut
3097 1577 3325 1644 dicitur,
3359 1589 3426 1631 ac
3460 1576 3506 1631 si
3554 1589 3790 1630 carnem

2094 1669 2460 1726 mandibilem
2497 1669 2615 1739 igni
2649 1667 2904 1737 apposito
2940 1671 3296 1722 torruerunt.
3327 1663 3487 1731 Quod
3521 1663 3604 1718 illi
3638 1665 3794 1733 agni-

2093 1765 2168 1827 to,
2199 1767 2252 1814 et
2284 1772 2486 1814 verum
2524 1757 2751 1826 penitus
2777 1756 2930 1825 quod
2972 1755 3212 1824 tingitur
3240 1760 3637 1818 autnmantes,
3676 1753 3792 1822 jam

2100 1846 2286 1918 magis
2313 1846 2670 1902 insolentiam
2704 1843 3046 1908 Tbafurum,
3070 1855 3246 1912 quam
3290 1849 3626 1896 nostrorum
3648 1855 3792 1910 quo-

2093 1933 2397 1989 dammodo
2481 1931 2809 2002 principum
2895 1929 3307 1986 vehementiam
3384 1928 3793 1984 formidabant.

2092 2021 2282 2087 Turci,
2321 2021 2492 2090 plane
2541 2020 2915 2088 antiquorum
2953 2031 3111 2073 more
3161 2017 3482 2087 gentilium,
3519 2017 3590 2071 de
3621 2017 3791 2071 cada-

2092 2110 2328 2165 veribus
2395 2116 2692 2177 tantopere
2768 2106 3106 2161 cruciantur
3174 2103 3495 2174 insepultis,
3573 2111 3793 2174 quanto

2092 2212 2258 2252 nemo
2308 2197 2769 2253 Christianorum
2827 2194 3018 2250 studio
3064 2194 3133 2248 de
3189 2192 3498 2248 animabus
3560 2192 3793 2247 videtur

2085 2286 2343 2355 cogitare
2379 2284 2462 2340 vel
2501 2285 2690 2339 dolere
2723 2283 3031 2338 damnatis.
3087 2282 3266 2346 Unde,
3317 2281 3388 2335 ad
3419 2295 3624 2336 eorum
3656 2296 3787 2335 ran-

2091 2387 2250 2428 cores
2307 2372 2592 2427 dirissime
2667 2371 3051 2437 concitandos,
3125 2370 3182 2424 in
3243 2369 3542 2425 obsidione
3597 2371 3788 2425 Antio-

2091 2463 2291 2528 chena,
2351 2461 2640 2516 Podiensis
2671 2461 2817 2515 facto
2869 2460 3053 2514 edicto
3106 2458 3380 2513 celebrari
3422 2472 3529 2526 per
3562 2459 3791 2513 exerci-

2091 2556 2212 2604 tum
2257 2550 2524 2619 praecepit
2549 2550 2845 2618 episcopus
2893 2555 2974 2614 ut,
3009 2547 3346 2616 quicunque
3383 2547 3556 2602 Turci
3587 2547 3793 2616 cujus—

2090 2651 2267 2708 quam
2300 2644 2475 2706 caput
2499 2637 2606 2692 sibi
2639 2635 2882 2692 deferret
2924 2635 3233 2702 abscisum,
3267 2634 3567 2689 duodecim
3622 2635 3794 2690 dena-

2088 2728 2204 2781 rios
2224 2725 2686 2781 referretfstatim
2730 2725 2786 2779 in
2815 2726 3138 2794 prmmium.
3181 2723 3378 2792 Capita
3413 2724 3565 2778 enim
3589 2738 3795 2778 eorum

2089 2814 2414 2869 cumidem
2487 2814 2828 2882 suscepisset
2886 2814 3140 2880 antistes,
3209 2817 3384 2881 super
3429 2811 3588 2880 palos
3659 2821 3794 2866 ante

2019 2937 2059 2990 ρ
2095 2902 2351 2971 ipsorum
2381 2917 2482 2957 ora
2515 2915 2616 2971 pro
2675 2901 2961 2958 mmnibus
3003 2901 3251 2956 civitatis
3298 2899 3395 2970 ligi
3441 2914 3512 2954 ea
3550 2900 3794 2970 jubebat

2090 2990 2373 3060 ingentes.
2403 2990 2563 3054 Quod
2611 3004 2707 3046 eos
2754 2989 2971 3046 solebat
3017 2989 3380 3044 acerbissime
3413 2996 3707 3058 torquere,
3740 2996 3794 3044 et

2089 3078 2425 3134 exanimare
2454 3085 2770 3133 cernentes.

2161 3167 2293 3237 Egit
2339 3166 2508 3221 etiam
2542 3166 2618 3222 ibi
2671 3164 2925 3234 pontifex
2959 3179 3075 3221 non
3112 3163 3465 3220 reticendum
3511 3162 3792 3234 quiddam

2090 3268 2222 3310 cum
2254 3268 2558 3324 procerum
2589 3261 2920 3310 nostrorum
2961 3253 3224 3318 consilio,
3274 3259 3357 3320 ut,
3391 3266 3527 3307 cum
3567 3253 3791 3307 victua-

2089 3342 2231 3398 lium
2293 3343 2488 3412 inopia
2539 3343 2749 3398 urbani
2795 3350 3021 3397 nostros
3064 3341 3325 3397 laborare
3390 3341 3785 3405 sentiscerent,

2089 3430 2268 3486 nostri
2315 3431 2636 3487 econtrario
2682 3439 3063 3500 proponerent
3108 3438 3398 3500 quatenus
3439 3428 3616 3484 boves
3659 3443 3790 3484 ara-

2090 3525 2178 3574 tro
2198 3519 2608 3590 jungerent,in
2637 3526 2946 3588 conspectu
2978 3519 3141 3574 urbis
3171 3525 3404 3573 ararent
3432 3525 3488 3572 et
3511 3525 3788 3580 sererent,

2089 3615 2152 3663 ut
2181 3622 2254 3663 ex
2287 3607 2393 3663 hoc
2411 3607 2561 3663 idem
2594 3607 2777 3663 urbici
2809 3606 3308 3677 subintelligerent
3347 3605 3501 3675 quod
3543 3613 3793 3676 coeptam

2087 3697 2441 3753 obsidionem
2481 3696 2643 3752 nulla
2700 3697 2921 3752 ratione
2949 3696 3296 3763 desererent,
3350 3695 3450 3765 qui
3474 3694 3545 3750 de
3606 3694 3795 3750 futuri

2089 3785 2225 3840 anni
2258 3783 2624 3854 procuranda
2652 3783 2817 3854 fruge
2848 3791 3177 3840 tractarent.

2163 3874 2296 3929 Haec
2322 3880 2378 3929 et
2405 3873 2520 3928 alia
2551 3873 2698 3928 mira
2735 3872 3001 3928 miranda
3035 3871 3093 3927 in
3124 3872 3232 3927 hac
3255 3871 3378 3941 ipsa
3420 3871 3794 3941 expeditione

2089 3970 2222 4017 sunt
2254 3969 2432 4032 gesta,
2468 3975 2599 4031 quae
2631 3975 2790 4031 posse
2831 3960 2904 4017 ab
2946 3961 3141 4030 aliquo
3173 3959 3578 4029 comprehendi
3629 3959 3796 4015 nullo

2089 4049 2255 4104 modo
2284 4057 2558 4118 putamus
2580 4049 2870 4115 universa,
2896 4049 3043 4104 sicut
3071 4054 3218 4104 'sane
3250 4048 3465 4103 nemini
3506 4061 3541 4101 a
3579 4047 3796 4103 saeculo

2089 4145 2311 4193 constat
2357 4136 2620 4193 auditum
2654 4144 2718 4192 ut
2746 4137 2868 4192 sine
2895 4150 3048 4207 rege,
3097 4136 3217 4191 sine
3247 4135 3522 4205 principe,
3565 4135 3691 4190 ulla
3722 4137 3792 4191 de

287 4225 396 4273 tem
426 4217 883 4274 isticousuetudo
909 4227 989 4286 ut,
1013 4219 1307 4289 siquando
1327 4220 1577 4288 populus
1603 4220 1711 4275 sub
1726 4235 1783 4275 se
1801 4234 1978 4290 agens
2017 4233 2059 4285 ι)
2089 4226 2223 4281 locis
2253 4226 2497 4294 propriis
2539 4225 2911 4296 egrederetur
2959 4225 3238 4296 gentium,
3292 4232 3354 4279 ut
3386 4223 3496 4279 sub
3525 4224 3646 4280 solo
3681 4225 3795 4280 Deo

285 4307 354 4361 ad
390 4309 578 4376 pontis
608 4307 855 4378 alicujus
895 4309 1188 4364 deveniret
1235 4309 1564 4367 transitum.
1616 4317 1716 4363 aut
1747 4309 1974 4378 aliquas

284 4394 583 4462 angustias
633 4393 738 4449 loci
787 4395 1111 4464 cujuspiam
1183 4394 1479 4464 attigisset,
1551 4395 1652 4450 iste
1707 4397 1972 4451 eumdem

285 4495 681 4550 przeoccupare
720 4482 1011 4537 festinaret
1072 4482 1426 4552 ingressum,
1484 4489 1538 4537 et
1617 4493 1973 4552 perscrutato

283 4570 355 4624 ad
388 4585 641 4640 unguem
668 4570 1004 4641 singillatim
1051 4585 1285 4640 quoque
1315 4584 1574 4636 suorum,
1609 4571 1654 4625 si
1695 4572 1788 4627 cui
1829 4572 1971 4628 duo-

284 4672 413 4714 rum
463 4658 705 4728 pretium
757 4659 1070 4714 solidorum
1138 4658 1348 4714 habere
1379 4659 1750 4730 contingeret,
1819 4661 1975 4717 hunc

283 4746 575 4803 cenfeslim
629 4761 662 4801 a
715 4761 823 4802 sua
877 4747 1093 4802 ditione
1139 4747 1474 4816 secluderet,
1535 4756 1590 4804 et
1617 4763 1748 4804 eum
1788 4764 1973 4805 emere

283 4849 443 4890 arma
487 4835 760 4906 jubendo,
812 4834 884 4890 ad
933 4836 1137 4891 armati
1188 4836 1632 4892 contubernium
1687 4841 1974 4893 exercitus

282 4931 630 4994 segregaret.
691 4922 743 4978 Si
787 4936 933 4992 quos
984 4931 1269 4980 consuetze
1337 4925 1631 4980 tenuitatis
1693 4934 1969 4994 amantes,

281 5011 424 5066 nihil
459 5026 688 5080 prorsus
720 5011 976 5080 pecunia:
1029 5019 1130 5067 aut
1177 5027 1496 5068 reservasse
1544 5021 1645 5070 aut
1683 5013 1974 5070 affectasse

282 5099 650 5167 conspiceret,
704 5099 805 5154 hos
851 5113 956 5154 suo
1002 5099 1239 5170 collegio
1284 5101 1598 5170 peculiares
1655 5102 1968 5158 ascisceret.

283 5184 514 5240 Putaret
554 5187 653 5241 hos
680 5186 915 5242 forsitan
947 5187 1188 5258 quilibet
1236 5189 1489 5258 generali
1545 5189 1778 5245 utilitati
1813 5204 1972 5259 pror-

282 5286 380 5327 sus
431 5273 835 5343 incommodos,
895 5284 970 5344 et,
1022 5277 1174 5333 unde
1223 5276 1351 5331 aliis
1401 5285 1620 5346 poterat
1671 5286 1973 5347 suppetere

283 5367 567 5429 sumptus,
602 5361 823 5433 absque
865 5364 1122 5433 proﬁcuo
1157 5364 1296 5420 tales
1327 5378 1660 5421 consumere
1691 5364 1867 5421 cibos.
1901 5366 1974 5423 At

283 5460 417 5501 vero
456 5447 514 5501 hi
561 5448 619 5504 in
676 5450 1062 5508 convehendis
1117 5452 1486 5522 victualibus,
1551 5453 1608 5508 in
1665 5451 1966 5523 stipendiis

2082 4327 2299 4383 parvus
2337 4321 2391 4369 et
2436 4327 2685 4384 magnus
2730 4327 2833 4382 par
2870 4313 3228 4368 addiscerent
3271 4319 3497 4381 portare
3546 4312 3789 4383 jugum,

2082 4410 2146 4458 ut
2178 4417 2292 4457 non
2323 4409 2667 4471 respectaret
2715 4415 2918 4456 servus
2962 4401 3032 4456 ad
3079 4399 3401 4465 dominum,
3450 4414 3554 4455 nec
3605 4401 3790 4455 domi-

2082 4503 2194 4543 nus
2233 4489 2341 4544 nisi
2373 4489 2787 4544 fraternitatem
2822 4498 3130 4558 usurparet
3156 4489 3210 4542 in
3240 4487 3562 4554 famulum;
3615 4489 3788 4554 sicut,

2083 4575 2343 4645 inquam,
2381 4576 2451 4631 de
2476 4576 2774 4646 praeteritis
2826 4590 3002 4646 super
3036 4577 3142 4631 hoc
3193 4576 3458 4644 exempla
3528 4575 3790 4645 praebere

2082 4678 2198 4719 non
2228 4678 2548 4733 possumus,
2584 4665 2661 4720 ita
2695 4665 2750 4718 in
2775 4673 3064 4733 posterum
3091 4665 3302 4719 similia
3336 4679 3643 4734 nunquam
3687 4665 3788 4720 fu-

2083 4760 2216 4808 tura
2247 4760 2540 4822 putamus.
2577 4752 2738 4819 Quod
2770 4768 2842 4808 ex
2895 4768 2960 4808 eo
3005 4754 3259 4808 maxima
3298 4767 3371 4808 ex
3405 4760 3568 4821 parte
3608 4753 3787 4822 conji-

2081 4841 2288 4905 cimus,
2324 4843 2481 4912 quia,
2520 4850 2643 4912 post
2682 4849 2909 4910 captam
2958 4841 3336 4908 Hierusalem,
3381 4849 3572 4897 tantos
3617 4842 3782 4897 Chri-

2080 4930 2401 4984 stianarum
2465 4929 2724 5000 gentium
2772 4938 2958 4984 motus
2987 4929 3257 4994 vidimus,
3286 4937 3366 4983 tot
3397 4944 3514 4983 non
3543 4929 3785 4999 imparis

2080 5017 2378 5086 dignitatis
2431 5031 2722 5087 personas,
2784 5026 2860 5072 tot
2889 5025 3187 5087 equestres
3226 5031 3340 5072 non
3374 5019 3781 5073 contemnendi

2081 5105 2332 5161 nominis
2391 5105 2530 5167 alas,
2593 5113 2672 5161 tot
2703 5106 2984 5174 pedestres
3033 5105 3225 5176 copias
3277 5107 3493 5176 pariter
3551 5107 3784 5162 commi-

2082 5206 2276 5263 grasse
2324 5200 2447 5262 post
2493 5208 2589 5248 eos
2637 5194 2737 5264 qui
2779 5208 3136 5264 praecessere,
3185 5204 3239 5250 et
3287 5196 3441 5249 viam
3492 5196 3782 5251 secuturis

2080 5293 2357 5350 paravere
2404 5282 2798 5352 cognovimus,
2851 5290 2916 5338 ut
2961 5297 3103 5352 pene
3153 5282 3408 5352 priorum
3451 5292 3507 5339 et
3561 5283 3781 5338 divitiis

2079 5375 2135 5424 et
2167 5382 2408 5424 numero
2455 5383 2735 5439 suppares
2786 5369 3026 5427 indubie
3059 5371 3411 5441 judicemus.
3443 5369 3583 5438 Quis
3622 5373 3773 5428 enim

2080 5456 2328 5527 colligat,
2367 5471 2432 5513 eo
2458 5465 2708 5527 tempore
2757 5473 2873 5530 quo
2919 5458 3247 5530 Stephanus
3288 5473 3497 5528 comes,
3541 5460 3612 5516 de
3656 5476 3770 5532 quo
