3902 6082
139 278 251 330 813

1201 277 1416 333 GESTA
1458 278 1576 333 DEI
1618 278 1755 334 PER
1801 281 2127 336 FRANCOS.
2161 311 2225 320 —
2272 281 2404 336 LIB.
2456 283 2597 338 Vill.

3553 296 3654 350 814

134 422 323 478 supra
378 408 623 477 egimus,
689 416 743 463 et
805 408 894 463 ille
944 408 1189 479 Philippi
1249 415 1399 464 44%
1459 411 1612 483 regis
1670 411 1847 468 frater
1884 413 2246 469 Aexercitus
2275 429 2507 485 quoque
2536 416 2891 473 cadaverum
2933 419 3143 488 passim
3191 421 3655 483 decumbentium

137 497 314 567 Hugo
344 496 602 566 Magnus,
659 496 905 565 sepulcri
955 496 1233 551 Dominici
1269 498 1419 553 viam
1486 500 1685 555 iterato
1728 514 1847 554 cm-

131 591 367 654 perunt.
411 598 635 639 summe
690 584 991 639 mediocris
1038 594 1092 640 et
1133 585 1314 640 inﬁmi
1367 588 1594 656 generis
1624 595 1847 657 quanta

132 687 214 728 ex
265 672 398 728 solis
444 671 702 728 Franciae
748 672 1011 741 partibus
1069 673 1162 740 (de
1217 675 1435 729 caeteris
1480 675 1634 730 enim
1668 675 1845 744 taceo)

134 759 467 830 frequentia
543 758 915 828 processerit?
984 759 1174 815 Tacito
1244 761 1596 831 Burgundite
1679 762 1843 828 duce,

135 848 285 916 quid
318 848 386 903 de
419 847 736 902 Pictavensi
769 847 975 902 comite
1006 847 1254 916 loquar?
1291 849 1416 918 qui,
1456 857 1660 918 praeter
1691 850 1847 905 mili-

137 936 237 990 tiae
268 935 522 1006 grandis,
556 948 727 1004 quem
750 948 943 989 secum
975 935 1265 1004 proposuit
1298 936 1552 1004 ductare,
1586 938 1843 1008 globum,

135 1023 314 1078 etiam
370 1023 643 1078 examina
697 1029 1065 1077 contraxerat
1110 1023 1474 1092 puellarum?
1523 1024 1652 1093 Qui,
1710 1041 1845 1082 cum

136 1109 455 1180 majestatis
510 1123 630 1164 suae
697 1110 906 1179 passim
977 1119 1310 1179 personaret
1370 1113 1528 1168 testis
1583 1114 1842 1182 ambitio,

135 1198 688 1267 Constantinopolim
737 1197 913 1267 venit,
958 1213 1090 1253 cum
1126 1200 1501 1269 perfidissimo
1542 1201 1842 1258 hominum

134 1288 310 1343 Alexi
340 1295 585 1357 tyranno
614 1286 965 1357 colloquium
999 1286 1220 1343 habuit.
1255 1288 1435 1358 Cujus
1460 1290 1713 1358 proditor
1751 1291 1844 1346 ille

134 1375 531 1447 nequissimus
552 1376 885 1442 adventum,
915 1382 1226 1445 antequam
1262 1380 1419 1447 regia
1450 1392 1636 1434 comes
1667 1379 1843 1435 isdem

134 1464 541 1535 digrederetur
588 1463 660 1519 ab
708 1463 871 1531 urbe,
930 1464 1133 1519 Turcis
1191 1478 1290 1533 per
1316 1465 1585 1535 epistolas
1615 1467 1838 1523 detulit.

142 1575 166 1602 ι
206 1554 365 1618 Ecce,
417 1552 625 1622 inquit,
658 1564 688 1606 e
735 1551 992 1607 Franciis
1029 1551 1422 1624 pinguissima:
1453 1554 1524 1609 ad
1558 1569 1659 1609 vos
1704 1569 1841 1624 pro-

133 1641 486 1711 grediuntur
525 1655 679 1707 oves,
711 1655 843 1711 quae
882 1640 1077 1696 minus
1107 1641 1345 1710 provido
1376 1649 1566 1698 tamen
1612 1651 1837 1713 pastore

130 1734 444 1797 reguntur.
481 1748 508 1775 »
539 1726 685 1793 Quid
742 1727 948 1796 plura?
985 1741 1175 1782 comes
1236 1730 1515 1797 tyrannici
1561 1729 1836 1799 principis

132 1816 282 1871 fines
351 1823 693 1878 excesserat,
773 1816 1091 1871 Turcorum
1148 1823 1203 1871 et
1274 1818 1561 1874 exercitus
1610 1827 1839 1888 repente

129 1903 346 1959 obvius
401 1912 566 1970 astat,
602 1905 753 1959 vires
805 1904 1073 1967 hominis,
1122 1911 1316 1974 utpote
1365 1907 1713 1962 adventitias
1747 1909 1838 1963 in-

129 1992 596 2061 compositasque
669 1992 993 2059 debilitans,
1064 1991 1362 2064 dispergit,
1444 1995 1738 2063 praedatur
1785 2003 1838 2052 et

130 2088 393 2149 superat.
429 2080 511 2135 Ibi
560 2080 726 2151 Hugo
759 2080 1024 2151 Magnus,
1081 2094 1233 2150 genu
1260 2082 1470 2151 sagitta
1511 2097 1835 2152 percussus,

130 2169 415 2239 languore
447 2176 749 2237 protracto,
781 2169 1011 2224 tandem
1046 2169 1338 2237 occubuit,
1372 2172 1524 2240 apud
1552 2172 1836 2227 Tharsum

130 2257 348 2313 Ciliciae
375 2258 607 2313 sortitus
632 2257 770 2327 jura
819 2257 1090 2326 sepulcri.
1124 2258 1257 2312 Haec
1288 2260 1439 2314 intra
1468 2274 1615 2328 eam,
1660 2275 1837 2331 quam

133 2344 422 2414 Satyriam
454 2345 676 2408 dicunt,
708 2345 855 2401 facta
882 2345 1057 2401 fuisse
1090 2346 1443 2415 provinciam
1477 2348 1728 2404 tradunt.
1754 2382 1757 2389 -

815 2434 1046 2489 CAPUT
1088 2435 1179 2490 VI.

210 2519 452 2592 [XXIIL]
490 2520 749 2590 Perﬁdus
791 2520 1110 2592 imperator
1158 2523 1510 2577 Francorum
1541 2523 1712 2580 duces
1735 2525 1838 2581 de-

134 2608 306 2664 ludit.
340 2641 404 2651 —-
440 2612 512 2665 At
560 2610 886 2679 Stephanus
924 2623 1111 2665 comes
1142 2625 1275 2666 cum
1318 2612 1669 2681 quibusdam
1699 2627 1836 2682 pon-

132 2697 389 2753 tificibus
418 2697 581 2767 regni
611 2696 811 2763 nostri,
846 2698 993 2751 inter
1032 2711 1178 2767 quos
1221 2698 1386 2768 Hugo
1426 2698 1836 2768 Suessionicus,

131 2793 188 2841 et
223 2784 571 2841 Parisiorum
614 2784 955 2840 Guillelmus
990 2784 1229 2841 illustris
1262 2786 1468 2841 indolis
1498 2788 1838 2858 generisque

134 2872 268 2941 viri,
302 2873 398 2943 qui
432 2873 768 2942 praesulatui
815 2887 919 2929 suo
953 2874 1008 2928 in
1034 2874 1308 2943 primaevo
1338 2874 1476 2930 ﬂore
1508 2876 1839 2932 clarissimis

1957 502 2131 557 fetore
2213 503 2433 559 vexari.
2520 504 2835 575 Aliquoties
2898 508 3086 577 plane,
3152 524 3285 566 cum
3347 520 3661 580 postremos

1954 603 2149 660 egeriae
2192 591 2581 646 multitudinis
2631 593 2806 650 duces
2850 596 3139 656 exercitus
3176 598 3544 669 castigarem,
3588 618 3660 660 ne

1954 678 2273 747 equitatum
2334 679 2555 735 tardius
2606 690 2989 750 sequerentur
3020 685 3454 755 praecedentem,
3497 704 3569 744 ne
3600 692 3659 747 in

1954 779 2048 821 eos
2080 766 2251 821 Turci
2283 766 2544 821 videlicet
2604 766 2946 837 involarent,
2981 770 3059 825 illi
3115 771 3282 828 famis
3313 776 3660 835 torsionibus

1955 853 2085 920 acti,
2139 854 2283 909 votis
2314 863 2368 909 et
2415 856 2683 923 precibus
2718 865 2992 925 exoptare
3022 866 3086 914 ut
3114 862 3394 919 venirent.
3450 868 3658 925 Arme-

1954 941 2184 996 niorum
2212 942 2331 1012 jam
2364 956 2506 1012 pene
2538 942 2679 999 fines
2722 945 3049 1015 attigerant,
3091 950 3275 1006 exesis
3305 951 3654 1025 hominibus,

1953 1029 2303 1085 animalibus
2328 1031 2517 1087 inedia
2550 1033 2927 1103 moribundis,
2962 1036 3150 1093 subito
3194 1038 3478 1110 ingruunt
3502 1045 3656 1102 Tur-

1952 1132 2150 1174 corum
2202 1117 2378 1174 millia
2424 1134 2750 1177 numerosa.
2819 1121 2925 1179 Sed
2987 1125 3211 1194 Franci,
3271 1130 3372 1198 qui
3443 1133 3657 1201 primas

1954 1214 2094 1262 tunc
2130 1208 2418 1263 exercitus
2466 1209 2815 1267 videbantur
2862 1212 3098 1269 actitare
3144 1217 3449 1279 custodias,
3494 1219 3656 1277 facile

1951 1307 2176 1361 eorum,
2212 1295 2547 1351 lassabundi
2603 1296 2750 1365 licet,
2812 1298 2961 1355 illico
3014 1300 3288 1359 obtudere
3337 1306 3650 1365 molimina.

1952 1382 2245 1449 Postridie,
2287 1398 2417 1438 cum
2458 1385 2629 1440 Turci
2665 1386 2916 1442 Francos
2947 1401 2982 1442 a
3021 1389 3204 1457 prima
3231 1390 3414 1449 fronte
3438 1394 3653 1451 disces-

1950 1471 2086 1526 sisse
2159 1471 2450 1541 vidissent,
2530 1473 2940 1543 Langobardis,
3024 1476 3328 1546 Liguribus
3366 1489 3423 1536 et
3471 1484 3651 1551 Italis,

1951 1559 2162 1628 priora,
2224 1560 2367 1628 proh
2446 1559 2631 1615 dolor!
2698 1563 3120 1631 occupantibus
3193 1565 3336 1633 loca,
3391 1565 3649 1640 ’irruunt,

1950 1660 2219 1715 persensa
2265 1647 2619 1704 anteriorum
2676 1649 2912 1720 ignavia
2953 1651 3142 1707 hostes
3188 1656 3485 1726 acerrimi;
3528 1659 3652 1714 his-

1949 1749 2062 1804 que
2092 1736 2504 1806 quiprzeibant
2531 1745 2584 1792 et
2616 1737 2783 1807 signa
2834 1738 3109 1807 ferebant,
3162 1740 3305 1798 finde
3351 1752 3510 1816 terga
3548 1747 3649 1803 de-

1948 1823 2235 1891 dentibus,
2276 1831 2428 1879 totus
2474 1839 2589 1880 non
2646 1834 2762 1880 tam
2808 1826 2979 1897 fugae,
3018 1842 3150 1897 quae
3180 1830 3424 1887 nimium
3460 1835 3649 1891 tenuis

1947 1918 2011 1966 ut
2039 1918 2165 1980 pote
2194 1910 2346 1967 fame
2380 1912 2694 1968 tabentium
2742 1913 2948 1982 fuerat,
2990 1918 3086 1972 sed
3126 1916 3506 1977 internecioni
3551 1925 3652 1979 mi-

1946 2000 2206 2055 serandae
2249 2007 2401 2070 patet
2448 2001 2757 2057 exercitus.
2815 2002 3122 2073 Fugientes
3170 2020 3285 2061 non
3320 2023 3439 2078 qua
3478 2025 3647 2067 vene-

1948 2095 2079 2144 rant
2126 2088 2618 2159 regrediebantur,
2676 2104 2801 2157 nec,
2826 2097 2889 2146 ut
2920 2093 3202 2162 gregatim
3244 2096 3443 2153 saltem
3478 2099 3650 2169 fuge-

1946 2182 2088 2240 rent,
2122 2177 2626 2246 glomerabantur;
2655 2177 2751 2233 sed
2783 2192 3061 2247 quorsum
3107 2195 3398 2253 quemque
3436 2185 3651 2243 ferebat

1946 2264 2196 2331 animus,
2232 2273 2477 2321 verterat
2510 2264 2601 2320 illo
2642 2266 2911 2336 gradum,
2941 2268 3065 2323 sine
3087 2268 3266 2326 dubio
3311 2274 3646 2331 moriturus.

1945 2351 2083 2418 Qum
2140 2366 2340 2408 eorum
2392 2354 2573 2408 cmdes
2617 2362 2671 2408 et
2716 2354 2995 2411 insecutio
3054 2361 3444 2426 perseveravit
3505 2377 3649 2433 pene

1946 2441 2236 2496 continuis
2262 2448 2388 2497 octo
2418 2442 2639 2497 diebus.

2020 2529 2157 2583 Erat
2187 2528 2245 2582 in
2295 2542 2361 2583 eo
2395 2528 2632 2598 quidam
2689 2530 3153 2602 archiepiscopus
3209 2535 3649 2595 Mediolanensis

1944 2615 2203 2689 exercitu
2233 2615 2359 2685 [al.,
2409 2616 2703 2686 periculo],
2737 2618 2838 2688 qui
2870 2620 3145 2689 capellam
3199 2623 3353 2679 Beati
3400 2626 3650 2683 Ambro-

1945 2703 2033 2770 sii,
2082 2703 2372 2772 planetam
2419 2705 2630 2760 scilicet
2666 2712 2722 2761 et
2770 2705 2978 2768 albam,
3020 2709 3067 2764 si
3101 2725 3219 2780 qua
3269 2710 3382 2767 alia
3437 2716 3647 2784 nescio,

1945 2806 2137 2848 secum
2183 2792 2412 2860 tulerat,
2478 2807 2623 2849 auro
2663 2795 2925 2865 tantique
2979 2799 3141 2866 pretii
3196 2800 3437 2869 gemmis
3478 2815 3649 2857 oma-

1945 2889 2059 2938 tam
2096 2889 2160 2937 ut
2186 2896 2477 2952 nusquam
2517 2889 2805 2938 terrarum
2856 2885 3105 2954 reperire
3151 2886 3284 2957 quis
3323 2888 3460 2945 huic
3488 2890 3650 2948 vale—

134 2963 395 3018 moribus
450 2960 877 3050 ministrabant,
921 2969 977 3017 et
1038 2962 1423 3050 Engerannus
1471 2963 1600 3036 [al.,
1652 2965 1837 3035 Ingel-
1876 2976 2031 3050 Cret
2070 2970 2417 3040 aequandam
2500 2971 2662 3026 Hanc
2719 2971 2892 3026 Turci
2950 2973 3245 3029 abduxere
3302 2984 3642 3045 correptam,

134 3050 378 3120 rannus]
417 3049 834 3110 Laudunensis,
892 3052 980 3105 vir
1003 3049 1151 3105 sicut
1184 3050 1366 3107 forma
1389 3062 1447 3107 et
1483 3053 1831 3123 eloquentia,

135 3139 361 3197 utinam
416 3139 497 3194 sic
544 3138 844 3209 religione!
886 3138 1253 3208 conspicuus,
1307 3154 1437 3195 cum
1464 3141 1645 3196 multa
1674 3142 1835 3198 ordi-

134 3241 280 3283 num
329 3227 588 3283 omnium
642 3226 921 3297 dignitate
953 3226 1164 3282 moenia
1208 3227 1837 3299 Constantinopolitana

134 3315 487 3372 subintrant.
542 3314 696 3381 Quos
739 3314 810 3369 ad
871 3329 930 3371 se
983 3315 1291 3385 imperator
1337 3324 1559 3383 evocat,
1611 3320 1838 3389 magnis

138 3402 418 3474 primores
465 3416 665 3458 eorum
721 3402 978 3458 donariis
1034 3411 1318 3460 munerat.
1372 3405 1838 3463 Consultantibus

136 3491 271 3558 illis,
319 3505 394 3546 an
448 3492 656 3561 prioris
713 3493 1021 3559 exercitus,
1079 3506 1183 3547 seu
1227 3492 1455 3549 diversa
1518 3494 1835 3563 proficisce-

135 3588 341 3636 rentur
386 3578 499 3647 via,
547 3579 641 3635 ille
697 3578 978 3636 veraciter
1037 3580 1232 3635 intulit
1284 3595 1399 3636 non
1464 3589 1691 3638 tantum
1745 3598 1839 3639 eos

135 3669 348 3724 habere
376 3669 721 3738 equitatum,
756 3675 819 3723 ut
849 3666 1142 3724 sufficiant
1168 3683 1201 3723 a
1228 3668 1519 3738 prioribns
1551 3672 1836 3727 tramitem

133 3764 329 3813 tenere
375 3756 688 3812 diversum.
746 3755 854 3822 llli,
914 3770 1064 3812 nova
1111 3770 1230 3812 sese
1279 3764 1544 3826 putantes
1588 3766 1643 3815 et
1667 3773 1839 3829 supe-

134 3844 389 3901 rioribus
425 3844 743 3900 valentiora
774 3843 1043 3911 facturos,
1094 3844 1435 3914 proﬁtentur
1462 3860 1520 3901 se
1549 3861 1651 3916 per
1678 3854 1836 3903 cxte-

134 3946 232 3989 ras
316 3931 575 4003 regiones
638 3931 837 3987 ituros.
908 3931 1127 3987 Pariter
1183 3946 1315 3987 vero
1372 3933 1444 3989 ab
1500 3934 1840 4003 imperatore

136 4021 509 4092 expostulant
567 4027 857 4091 quatenus
906 4020 1123 4091 ubique
1168 4021 1434 4091 generale
1492 4023 1840 4079 universalis

140 4109 374 4167 Graeciae
440 4107 649 4164 habere
700 4117 1035 4174 mercatum,
1086 4107 1208 4179 ipso
1263 4110 1520 4180 jubente,
1571 4111 1836 4187 debeant.

141 4197 455 4269 Spopondit
512 4196 625 4263 ille,
673 4203 728 4252 et
774 4196 957 4252 sciens
1000 4211 1097 4253 eos
1155 4196 1210 4251 in
1264 4199 1555 4268 propriam
1597 4199 1703 4255 hac
1733 4215 1839 4257 sua

140 4268 446 4341 insolentia
477 4283 655 4340 veluti
679 4285 1050 4353 Leonspirasse
1082 4284 1412 4353 perniciem,
1443 4300 1642 4342 eorum
1670 4302 1842 4358 quem
1881 4268 1926 4323 D

139 4372 483 4445 providebat
542 4372 753 4442 optime
801 4372 981 4428 errori
1031 4373 1398 4430 laetabundus
1435 4375 1695 4430 assensit.
1740 4376 1844 4431 Per

139 4461 590 4533 Paphlagoniam
650 4461 851 4532 igitur,
901 4475 1014 4517 non
1067 4462 1253 4517 dicam
1287 4462 1454 4518 modo
1491 4463 1845 4533 quibuslibet

135 4549 667 4623 peregrinantibus,
700 4550 796 4605 sed
819 4564 889 4605 ne
914 4549 1213 4619 scripturis
1242 4550 1496 4621 quidem,
1527 4551 1633 4607 nisi
1666 4565 1841 4622 quam

134 4639 431 4697 rarissime
483 4638 768 4710 cognitam
828 4638 1204 4708 provinciam,
1259 4639 1448 4695 nescio
1498 4639 1651 4710 quod
1722 4653 1847 4695 mo-

134 4736 357 4785 nentur
434 4726 650 4782 intrare
716 4725 1025 4782 desertum.
1064 4724 1379 4782 ‘Viaticum
1456 4734 1685 4796 portare
1734 4727 1845 4797 leos

135 4815 407 4889 prohibet
452 4815 780 4885 imperator,
834 4813 947 4868 nisi
996 4821 1286 4884 quantum
1333 4813 1538 4870 diebus
1586 4815 1846 4886 quadra-

133 4905 303 4976 ginta
353 4903 487 4959 solis
540 4910 688 4959 esset
737 4902 1145 4958 necessarium.
1180 4903 1461 4958 Praeterea
1518 4917 1661 4973 pene
1702 4919 1845 4975 quo-

132 4992 446 5049 dammodo
502 4990 842 5047 dehortatur
886 4990 1082 5046 viatici
1116 4989 1406 5057 lationem,
1440 4990 1580 5046 dum
1617 4993 1846 5062 magni—

136 5081 244 5137 fice
274 5080 570 5149 pollicetur
601 5079 773 5133 totius
798 5086 962 5135 terra;
988 5078 1195 5149 negotii
1230 5078 1701 5148 prosecutionem.

210 5165 601 5223 Intemeciom'
625 5165 878 5221 traditur
903 5167 1182 5222 exercitus
1207 5165 1583 5221 Francorum.
1608 5196 1676 5208 —
1702 5167 1851 5223 Eun-

134 5257 299 5313 tibus
326 5270 463 5326 ergo
511 5255 800 5326 etjamdn
857 5255 1154 5324 profunda
1199 5254 1523 5310 solitudinis
1578 5255 1849 5311 ulteriora

138 5346 481 5416 progressis,
531 5343 747 5414 vulgus
804 5344 959 5414 quod
1008 5343 1128 5399 sine
1174 5343 1399 5411 viatico,
1439 5357 1537 5413 spe
1585 5344 1849 5413 promissi

136 5431 375 5503 negotii,
428 5431 658 5486 incaute
712 5438 1084 5500 processerat,
1130 5434 1377 5500 cmperat
1414 5430 1475 5486 in
1516 5430 1636 5487 dies
1672 5431 1849 5488 vehe-

139 5518 501 5578 mentissima
564 5518 712 5575 fame
766 5519 983 5590 urgeri.
1044 5519 1424 5576 intumescere
1478 5532 1547 5575 ac
1620 5519 1846 5576 emori:

1948 3059 2062 3113 Deo
2120 3058 2261 3114 fatui
2327 3057 2483 3114 illius
2545 3060 2826 3128 praesulis,
2890 3061 2989 3130 qui
3058 3076 3179 3117 rem
3236 3063 3376 3119 adeo
3421 3077 3646 3120 sacram

1949 3146 2211 3202 barbaris
2242 3146 2405 3203 terris
2449 3147 2740 3215 intulerat,
2801 3148 2901 3203 tali
2953 3149 3165 3205 damno
3205 3151 3515 3207 ulciscente
3544 3153 3650 3208 de-

1949 3236 2241 3291 mentiam.
2285 3236 2469 3291 Tanta
2516 3236 2623 3291 fuit
2667 3236 2877 3293 ibidem
2927 3238 3233 3307 promiscui
3264 3253 3438 3296 sexus
3481 3240 3652 3298 Chri-

1947 3324 2253 3380 stianitatis
2282 3324 2507 3390 occisio,
2544 3331 2703 3379 tanta
2751 3326 3151 3393 pecuniarum,
3212 3329 3477 3394 vestium,
3520 3329 3650 3384 auri

1947 3412 2288 3482 argentique
2317 3411 2583 3481 repertio,
2622 3419 2705 3478 ut,
2737 3412 2805 3468 de
2838 3412 2933 3468 illo
2964 3413 3119 3482 quod
3145 3415 3433 3484 expeditio
3463 3415 3652 3485 prima

1949 3500 2238 3558 intulerat.
2271 3499 2500 3565 damno,
2537 3500 2657 3555 hzec
2700 3513 2818 3556 una
2854 3500 3095 3556 victoria
3117 3501 3423 3558 sufficienti
3449 3504 3651 3559 Turcis

1948 3588 2195 3658 potuerit
2269 3602 2389 3643 esse
2449 3587 2667 3642 solatio.
2720 3587 2863 3643 Cum
2913 3589 3067 3644 enim
3121 3588 3387 3656 ducenta,
3453 3598 3528 3659 et,
3584 3600 3650 3649 ut

1947 3675 2130 3746 aliqui
2168 3683 2456 3743 astruunt,
2482 3675 2574 3731 his
2605 3675 2854 3745 amplius
2885 3676 3060 3731 ferme
3109 3676 3288 3732 millia
3337 3678 3648 3734 Christiani

1947 3762 2197 3819 nominis
2243 3762 2355 3817 illic
2401 3771 2611 3828 essent,
2661 3763 2759 3817 vix
2790 3772 3004 3833 septem
3063 3763 3242 3819 millia
3290 3766 3645 3824 resederunt.

1948 3852 2146 3909 Comes
2178 3859 2368 3906 autem
2420 3851 2762 3921 Stephanus,
2794 3866 2925 3906 cum
2959 3851 3248 3923 plerisque
3298 3854 3646 3923 potentibus,

1948 3939 2098 3997 inter
2125 3953 2271 4010 quos
2302 3940 2591 4009 Harpinus
2643 3940 3010 3995 Bituricensis
3063 3940 3155 3995 vir
3196 3941 3554 4013 magnificus,
3594 3951 3651 4001 et

1947 4042 2134 4084 comes
2164 4036 2323 4083 trans
2352 4028 2575 4083 Ararim
2614 4033 2764 4083 443
2802 4028 3156 4098 Stephanus,
3193 4029 3401 4086 ibidem
3452 4031 3647 4098 fuere,

1948 4116 2278 4187 pariterque
2359 4116 2810 4186 Hierosolymam
2870 4116 3172 4173 devenere.
3247 4117 3354 4175 Ubi
3423 4120 3646 4189 positis,

1950 4218 2083 4261 cum
2139 4205 2499 4275 imperatoris
2535 4205 2861 4275 Babylonici
2893 4207 3182 4262 exercitus
3232 4208 3387 4277 apud
3436 4208 3651 4265 Rame-

1952 4295 2183 4350 thenam
2233 4293 2431 4349 urbem
2483 4292 2783 4360 Balduino,
2837 4308 2994 4349 nunc
3038 4294 3178 4365 regi,
3225 4294 3440 4351 bellum
3479 4297 3648 4353 obtu-

1952 4381 2126 4447 lisset,
2189 4380 2480 4450 Harpinus
2543 4388 2896 4438 memoratus
2944 4381 3065 4453 regi
3116 4382 3313 4439 intulit
3363 4390 3651 4454 quatenus

1953 4469 2217 4539 praelium
2285 4467 2555 4534 differret,
2607 4469 2787 4524 donec
2830 4470 3118 4540 quidquid
3166 4469 3376 4526 virium
3432 4479 3652 4540 poterat

1953 4558 2183 4624 habere,
2224 4556 2535 4626 conferret;
2597 4570 2700 4613 rex
2736 4557 2856 4613 ait:
2896 4579 2917 4607 ι
2956 4556 3009 4613 Si
3040 4557 3223 4623 times,
3256 4557 3466 4627 inquit,
3518 4558 3653 4630 fuge

1955 4645 2261 4717 Biturigas,
2298 4667 2319 4693 ι
2354 4646 2560 4717 hisque
2604 4647 2791 4707 dictis.
2851 4646 3169 4702 inconsulte
3210 4646 3491 4714 conflixit,
3522 4662 3653 4703 om—

1953 4748 2171 4805 nesque
2228 4748 2364 4790 suas
2420 4734 2569 4790 illico
2608 4735 2829 4804 copias,
2871 4734 2927 4788 in
2981 4733 3310 4803 praedictam
3365 4734 3653 4791 civitatem

1953 4820 2305 4890 compulsus,
2335 4820 2700 4891 amisitgipse
2744 4821 2901 4876 solus
2950 4821 3150 4876 evasit.
3203 4820 3367 4876 Multi
3413 4828 3553 4877 tunc
3592 4821 3652 4876 in

1954 4907 2342 4977 captivitatem
2373 4907 2513 4977 acti;
2568 4907 2756 4975 multi,
2796 4922 2914 4977 quo
2945 4906 3055 4963 flne
3086 4906 3412 4974 defecerint,
3447 4907 3655 4964 hucus-

1956 5008 2070 5064 que
2095 5008 2300 5049 sumus
2331 4994 2548 5050 incerti.

2026 5080 2334 5153 Harpinus
2380 5080 2757 5137 Bituricensis
2795 5081 3138 5137 monachum
3165 5078 3370 5135 induit.
3403 5110 3472 5123 -
3502 5083 3655 5139 Har-

1959 5170 2129 5239 pinus
2172 5170 2437 5239 captivus
2480 5171 2817 5241 abducitur;
2863 5170 3181 5240 deincepsa
3212 5169 3542 5238 captivitate
3565 5183 3655 5225 so-

1958 5258 2138 5324 lutus,
2175 5258 2234 5312 in
2281 5258 2581 5313 Franciam
2623 5258 2847 5314 rediens
2906 5258 3225 5314 monachus
3266 5256 3534 5313 efficitur.
3578 5259 3657 5314 De

1958 5343 2290 5400 Carnotensi
2339 5343 2624 5413 Stephano
2658 5344 2802 5400 nihil
2845 5345 2983 5400 certi
3039 5345 3304 5409 habetur,
3358 5344 3469 5400 nisi
3501 5346 3658 5415 quod

1961 5431 2358 5502 interemptus,
2392 5432 2515 5487 sine
2562 5430 2695 5488 ullis
2724 5440 2917 5489 tamen
2965 5433 3212 5499 indiciis,
3254 5434 3657 5501 creditur;in-

1968 5526 2056 5576 tra
2089 5520 2292 5576 turrim
2323 5519 2594 5576 nimirum
2627 5522 2937 5589 quamdam
2968 5524 3123 5593 ‘_cum
3179 5521 3305 5577 aliis
3342 5520 3662 5579 innumeris
