3902 6082
294 275 394 324 81ἒί

1194 258 1254 310 ν.
1297 254 1626 311 GUIBERTI
1669 248 1953 309 ABBATIS
1991 247 2048 303 S.
2095 246 2333 303 ΜΑΒΙΑῖ
2377 245 2466 299 DE
2507 241 2902 298 NOVIGENTO

3692 235 3800 285 816

295 399 756 470 comprehensus.
792 393 945 462 apud
972 390 1266 460 praefatam
1305 385 1529 450 urbem,
1573 390 1769 438 utrum
1804 380 1987 450 capti-
2026 381 2074 437 A
2104 386 2242 434 teret
2314 375 2616 446 majestati,
2693 373 2814 427 sine
2863 369 2982 425 ulla
3041 381 3178 437 pene
3240 367 3542 423 formidine
3596 367 3807 421 mortis

300 468 487 546 vitatis
526 485 662 541 sorti
705 482 892 544 fuerit,
927 492 1003 531 an
1048 474 1266 540 mortis,
1300 473 1584 538 addictus,
1623 471 1792 526 certis
1840 468 1983 524 scire

296 575 627 635 auctoribus
657 572 956 636 hucusque
982 563 1373 633 nequivimus,
1399 560 1508 615 nisi
1539 559 1692 628 quod
1723 559 1794 613 ad
1818 557 1984 612 fidem

294 666 448 721 necis
488 663 632 732 ejus,
679 657 818 726 quia
863 666 1154 722 nusquam
1214 647 1560 718 comparuit,
1621 645 1986 716 procliviores

293 766 514 809 sumus.
566 746 734 804 Turci
783 744 950 813 plane
997 753 1274 796 caesorum
1327 737 1628 798 cadavera,
1659 741 1782 802 post
1807 732 1984 786 victo-

291 841 457 905 riam,
485 834 725 892 desectis
769 832 948 888 solent
991 830 1268 884 damnare
1310 823 1615 894 capitibus,
1669 835 1852 890 eaque
1885 831 1984 888 pro

290 929 454 998 signo
498 930 792 994 asportare
835 916 1136 987 triumphi.
1181 913 1402 980 Quibus
1443 911 1702 974 sublatis,
1757 905 1986 962 difﬁcile

289 1026 372 1072 est
420 1026 655 1085 prosrus
694 1008 981 1079 cujusque
1029 1015 1331 1075 personam
1375 1014 1448 1056 ex
1503 1013 1734 1068 corpore
1781 1004 1986 1051 trunco

289 1103 574 1177 cognosci.
637 1100 848 1156 Eadem
897 1103 1089 1152 autem
1147 1091 1497 1162 ambiguitas
1543 1097 1598 1144 et
1641 1089 1712 1143 de
1749 1085 1988 1157 quibus

287 1173 421 1250 dam
486 1187 816 1248 clarissimis
888 1183 1030 1239 viris
1086 1182 1212 1236 aliis
1271 1181 1547 1235 hactenus
1627 1183 1711 1231 est
1768 1173 1982 1229 habita.

290 1285 514 1339 Interea
579 1292 682 1334 rex
747 1277 882 1343 ipse,
950 1271 1074 1342 qui,
1137 1276 1199 1324 ut
1263 1266 1627 1336 przelibatum
1673 1272 1775 1329 est,
1833 1261 1988 1317 solus

287 1375 567 1433 evaserat,
609 1373 665 1421 et
715 1378 827 1418 non
888 1359 1053 1415 modo
1113 1370 1214 1425 pro
1258 1353 1572 1414 communi,
1605 1352 1760 1420 quod
1795 1347 1987 1403 immi-

287 1459 479 1522 nebat,
525 1454 699 1510 exitio
751 1449 1062 1520 lugebatur
1091 1460 1125 1499 a
1171 1443 1313 1509 suis,
1363 1442 1458 1496 sed
1509 1441 1680 1495 etiam
1723 1453 1856 1493 cum
1886 1450 1987 1491 ca—

288 1545 498 1601 chinno
576 1537 904 1595 interfectus
976 1531 1335 1588 clamabatur
1397 1529 1468 1583 ab
1527 1527 1828 1593 ethnicis;
1891 1537 1989 1594 per

291 1632 523 1688 horrida
549 1627 814 1698 quaedam
843 1630 897 1678 et
945 1623 1144 1691 paucis
1187 1626 1476 1687 comperta
1532 1626 1806 1671 montana
1855 1627 1988 1681 pro-

289 1721 512 1783 cedens,
545 1717 854 1783 desperatae
913 1710 1143 1766 tandem
1193 1705 1614 1773 Hierosolymee,
1649 1709 1703 1756 et
1731 1707 1991 1756 extrema

285 1809 405 1878 jam
463 1804 720 1875 pericula
781 1815 914 1856 cum
955 1795 1160 1852 debitis
1229 1791 1571 1848 maeroribus
1623 1784 1987 1856 praastolanti,

289 1875 414 1966 post
445 1894 707 1957 biduum,
750 1889 860 1943 nisi
891 1885 1074 1948 fallor,
1109 1897 1166 1938 se
1223 1879 1435 1935 intulit.
1487 1877 1596 1942 Qui
1628 1875 1863 1931 collecto
1892 1887 1990 1928 ce-

291 1963 515 2040 lerrime
558 1992 729 2050 quem
784 1975 968 2046 potuit
1015 1970 1300 2040 equitatu,
1354 1975 1409 2023 et
1467 1964 1688 2021 delectu
1742 1963 1992 2033 optimo-

290 2087 421 2128 rum
449 2069 703 2140 peditum
735 2079 835 2134 pro
889 2060 1158 2117 facultate
1208 2055 1422 2121 habito,
1477 2053 1829 2109 clementiori
1870 2051 1991 2121 jam

291 2139 552 2222 Domino,
598 2168 731 2210 cum
779 2147 1186 2218 triumphanti,
1219 2144 1316 2200 sed
1354 2157 1466 2198 non
1502 2142 1624 2208 diu,
1655 2139 1989 2211 gentilitate,

290 2247 440 2304 bello
488 2245 792 2299 decernere
851 2244 1034 2307 parat.
1087 2235 1229 2289 Cum
1280 2245 1415 2302 ergo
1458 2242 1649 2299 regem
1699 2235 1992 2282 mortuum

291 2334 373 2395 sic
422 2334 710 2402 putarent,
784 2323 1061 2393 reparatis
1115 2319 1389 2375 continuo
1458 2315 1634 2385 copiis
1694 2313 1991 2383 apparuit;

295 2400 461 2491 longe
487 2419 667 2474 altera
699 2428 876 2484 quam
908 2411 1129 2482 pridem
1165 2407 1502 2464 auctoritate
1539 2402 1817 2466 conﬂixit,
1851 2407 1906 2456 et
1936 2400 1992 2454 in

294 2512 492 2580 fugam
553 2520 649 2562 eos
693 2516 890 2574 agens,
935 2512 1154 2555 novum
1205 2498 1457 2566 ipsorum
1498 2493 1779 2557 timorem,
1833 2497 1991 2544 atro-

292 2597 534 2652 cissimas
565 2591 736 2648 czedis
769 2589 1080 2658 punctione
1106 2583 1352 2640 reﬂavit.

365 2679 624 2754 [XXIV.]
699 2673 993 2741 Godefridi
1029 2671 1185 2744 regis
1223 2671 1426 2725 obitus.
1475 2699 1542 2706 —
1591 2667 1664 2722 At
1716 2663 1991 2734 quoniam

292 2767 662 2823 Godefridum
691 2775 901 2832 regem.
944 2759 1122 2828 hujus
1170 2754 1432 2810 Balduini
1468 2765 1829 2824 germanum,
1885 2764 1992 2805 ne—

293 2864 592 2924 quaquam
626 2848 893 2917 superius
937 2844 1137 2906 obisse,
1183 2841 1421 2896 materia
1469 2841 1728 2894 ordinem
1779 2851 1989 2906 praeoc-

295 2949 562 3012 cupante,
617 2935 940 3000 retulimus,
986 2933 1230 3001 dignum
1274 2937 1357 2983 est
1389 2936 1451 2983 ut
1482 2942 1598 2996 quo
1632 2927 1743 2980 fine
1772 2924 1986 2980 defece-

295 3031 388 3097 rit,
419 3036 474 3083 et
507 3026 603 3082 ubi
648 3023 908 3093 sepultus
940 3020 1012 3076 sit
1062 3019 1308 3073 breviter
1337 3015 1710 3084 explicemus.
1753 3014 1800 3066 A
1840 3026 1988 3080 quo-

295 3120 428 3173 dam
458 3115 742 3183 contiguaa
773 3106 1106 3181 gentilitatis
1147 3102 1403 3174 principe
1433 3101 1612 3156 eidem
1657 3098 1994 3154 transmissa

295 3208 562 3261 feruntur
617 3201 822 3256 exenia
861 3196 1185 3259 Iethalibus,
1219 3200 1282 3248 ut
1339 3190 1544 3260 patuit,
1584 3188 1819 3243 venenis
1861 3184 1996 3240 infe-

296 3304 406 3362 cta,
443 3293 658 3363 quibus
689 3297 856 3344 utens
889 3284 1219 3355 improvide,
1248 3295 1381 3336 cum
1425 3292 1557 3334 eum
1605 3277 1707 3347 qui
1765 3275 1995 3330 miserat

294 3362 686 3451 suspiCaretur
740 3375 1010 3438 amicum,
1064 3369 1256 3424 subita
1310 3366 1640 3422 infirmitate
1699 3362 1991 3426 decubuit,

297 3485 401 3524 nec
429 3480 624 3533 mora,
671 3463 1038 3519 exanimatus
1079 3456 1370 3513 occubuit.
1431 3454 1575 3510 Sunt
1615 3461 1731 3508 et'a
1758 3451 1992 3521 quibus,

296 3556 404 3611 hac
461 3553 726 3622 opinione
796 3547 1042 3618 repulsa,
1113 3541 1457 3598 naturaliter
1532 3539 1750 3594 feratur
1813 3537 1997 3592 obisse

296 3645 467 3699 diem.
511 3640 795 3710 Sepelitur
824 3643 1037 3699 autem,
1083 3634 1139 3687 in
1197 3628 1586 3686 testimonium
1640 3626 1768 3695 ejus
1819 3637 1996 3694 quam

298 3731 407 3785 fide
454 3709 690 3796 vitaque
735 3728 1026 3779 meruerat
1070 3716 1476 3786 redemptionis
1521 3722 1770 3778 aeterna},
1846 3709 1999 3765 circa

298 3819 486 3887 ipsum
538 3814 849 3871 Dominicze
895 3809 1172 3880 passionis
1218 3806 1427 3864 locum,
1481 3802 1538 3856 in
1569 3817 1635 3856 eo
1671 3800 1802 3868 jure
1844 3798 1997 3852 obti-

299 3921 442 3960 nens
473 3903 799 3960 omnimodo
833 3904 1292 3960 monumentum,
1327 3907 1500 3963 quem
1531 3895 1760 3945 eruerat
1789 3900 1996 3956 quem-

301 4006 414 4060 que
436 3990 762 4046 defenderat
801 4001 834 4041 a
869 3981 1297 4040 conculcatione
1327 3993 1394 4033 ac
1441 3976 1758 4045 irruptione
1807 3973 1998 4042 genti-

301 4059 463 4134 lium.
501 4077 682 4147 Cujus
725 4075 872 4129 inira
909 4071 1203 4127 humilitas
1241 4076 1296 4123 et
1327 4063 1623 4121 monachis
1660 4061 1830 4116 etiam
1866 4059 1994 4114 imi-

302 4167 478 4222 tanda
538 4164 832 4229 modestia,
904 4160 999 4215 illo
1057 4153 1411 4228 prtedicabili
1456 4153 1766 4209 admodum
1837 4147 1996 4217 regni

301 4256 389 4310 sui
450 4262 707 4322 tempora
767 4249 930 4306 titulo
998 4246 1316 4317 insignivit,
1368 4250 1432 4297 ut
1488 4253 1793 4310 nunquam
1848 4237 1998 4290 intra

304 4338 874 4409 Hierosolymitanam
911 4335 1197 4390 civitatem
1244 4331 1467 4400 regium
1524 4332 1830 4382 coronatus
1872 4323 1995 4377 dia-

301 4431 470 4486 dema
539 4427 768 4483 tulerit:
836 4439 903 4480 ea
978 4419 1429 4478 consideratione
1503 4413 1783 4478 videlicet,
1862 4410 2001 4480 quia

303 4517 586 4591 generalis
614 4516 1017 4570 universorum
1044 4508 1245 4564 salutis
1274 4513 1475 4560 auctor
1505 4502 1778 4558 Dominus
1812 4507 2002 4554 noster

300 4589 463 4662 jesus
527 4604 812 4664 Christus,
876 4599 1140 4668 spineum
1206 4594 1417 4649 ibidem
1464 4599 1680 4648 sertum
1743 4589 1999 4643 humana

304 4698 567 4754 irrisione
597 4692 925 4765 gestaverit.

375 4783 687 4852 Godef-rido
709 4778 980 4835 successit
995 4791 1305 4849 germanus
1331 4773 1522 4837 frater
1553 4773 1896 4826 Balduinus.
1931 4803 1999 4810 —

302 4877 443 4939 Quo,
475 4880 538 4927 ut
568 4868 790 4940 praefati
827 4878 1051 4930 sumus,
1085 4869 1308 4928 exacto,
1341 4873 1374 4914 a
1405 4860 1657 4916 fraterna
1685 4877 1817 4916 eum
1851 4868 2000 4916 tem-

305 4959 564 5030 perantia
619 4963 674 5012 et
739 4952 1047 5024 sagacitate
1132 4949 1394 5004 futurum
1448 4950 1784 5020 degenerem
1838 4948 1999 5003 nulla

303 5048 524 5104 ratione
587 5043 898 5102 credentes,
967 5037 1313 5093 Balduinum
1361 5051 1434 5092 ex
1498 5037 1710 5092 Edessa
1758 5034 1998 5090 transfe-

304 5144 463 5198 runt,
505 5141 559 5190 et
617 5137 827 5188 sancta:-
869 5127 1022 5182 illius
1062 5125 1507 5180 Christianitatis
1551 5138 1714 5178 novae
1763 5122 1998 5178 coloniae

304 5236 546 5291 regnare
596 5218 976 5276 constituunt.
1023 5214 1296 5280 Quaedam
1340 5226 1541 5281 nempe
1581 5212 1899 5266 clarissima
1940 5211 1996 5265 in

303 5321 503 5361 eorum
553 5306 811 5361 virorum
870 5310 1078 5358 natura
1126 5307 1487 5364 notaverant,
1534 5306 1589 5353 et
1641 5301 1832 5352 notata
1864 5297 1998 5352 dile-

304 5399 529 5458 xerant,
573 5391 916 5462 tranquillos
947 5389 1169 5459 utique,
1207 5395 1263 5443 et
1309 5387 1484 5442 totius
1522 5385 1742 5440 nescios
1765 5385 1993 5454 jactan-

307 5480 400 5535 tite
430 5493 636 5547 mores,
688 5478 1036 5534 irremissam
1084 5482 1139 5531 et
1187 5475 1496 5544 plusquam
1550 5471 1720 5543 regiae
1764 5485 1993 5541 compe-

2094 464 2420 530 audaciam,
2449 469 2724 518 remotam
2743 472 2977 529 quoque
3007 457 3078 511 ab
3099 458 3256 511 omni
3278 457 3480 511 habitu
3517 456 3806 523 ipsorum,

2098 552 2492 622 petulantiam,
2526 558 2581 605 et
2613 561 2788 618 supra
2817 560 2992 615 opum
3024 557 3264 599 suarum
3296 543 3447 597 vires
3486 538 3808 595 liberalita-

2097 648 2208 697 tem
2240 641 2475 696 omnino
2507 636 2864 694 munificam.
2916 634 3103 704 Hujus
3131 640 3324 688 autem
3361 628 3627 685 Balduini
3663 639 3813 696 erga

2095 745 2228 786 suos
2259 730 2415 795 fides,
2447 741 2583 798 erga
2612 740 2671 781 se
2722 730 3118 790 comtemptus,
3164 734 3237 775 ex
3269 732 3388 774 uno
3415 715 3622 786 conjici
3652 714 3816 769 valet

2095 819 2262 882 facto,
2336 817 2490 886 quod
2549 814 2811 870 videlicet
2859 812 2996 866 dum
3061 809 3118 863 in
3182 805 3548 877 expeditione
3599 811 3815 858 contra

2098 907 2284 962 hostes
2338 912 2551 976 ageret,
2605 916 2706 972 pro
2756 901 3046 970 ereptione
3099 897 3404 967 cujusdam
3471 893 3676 964 peditis
3754 892 3813 946 in

2096 1003 2322 1050 tantum
2373 1007 2491 1049 sese
2549 990 2801 1062 periculo
2854 987 3170 1057 ingesserit,
3239 993 3322 1048 ut,
3389 983 3814 1055 gravissimum

2097 1082 2312 1136 vulnus
2347 1079 2657 1149 excipiens,
2710 1077 2807 1132 vix
2849 1075 3183 1131 discrimina
3226 1080 3448 1145 parata
3493 1071 3652 1127 necis
3672 1082 3816 1125 eva-

2097 1169 2250 1224 serit.

2174 1344 2371 1416 [XXV]
2406 1251 3390 1415 Ργορηοείὶσξῖυέὴνᾚέέαηονωη
3443 1332 3814 1405 expeditione

2095 1433 2608 1504 Jerosolymitana.
2655 1462 2724 1470 —
2757 1431 2885 1486 Fuit
2916 1431 3130 1484 interea
3159 1425 3456 1497 quiddam,
3502 1422 3664 1493 quod
3694 1435 3815 1476 ma-

2098 1522 2254 1578 xime
2292 1523 2548 1592 gentium
2597 1518 3181 1576 innumerabilitatem
3236 1511 3806 1581 circumpositarum,

2100 1625 2170 1665 ne
2216 1617 2415 1666 contra
2467 1609 2644 1664 nostri
2681 1605 2942 1662 nominis
3003 1606 3366 1673 insurgerent
3426 1599 3805 1670 paucitatem,

2029 1678 2070 1732 Β
2103 1699 2462 1753 vehementer
2509 1695 2809 1758 exterruit,
2867 1708 2969 1749 nec
3014 1692 3207 1748 minus
3248 1689 3533 1758 hodieque
3589 1693 3806 1742 terrere

2097 1785 2502 1856 dignoscitur:
2542 1784 2696 1854 quod
2751 1783 2990 1837 scientia
3035 1779 3249 1836 scilicet
3297 1785 3611 1840 astrorum,
3674 1786 3806 1842 qua:

2099 1874 2252 1943 apud
2283 1872 2670 1930 Occidentales
2708 1885 2824 1941 quo
2869 1870 3099 1926 tenuior
3147 1873 3335 1923 exstat
3373 1874 3430 1920 et
3483 1863 3694 1930 rarior,
3744 1875 3808 1915 eo

2099 1962 2254 2030 apud
2301 1960 2636 2026 Orientales,
2676 1959 2776 2014 ubi
2820 1965 2873 2013 et
2931 1957 3196 2027 originen
3249 1954 3478 2018 habuit,
3530 1951 3808 2006 continuo

2099 2064 2212 2106 usu
2247 2063 2314 2104 ac
2360 2049 2645 2118 frequenti
2696 2047 2969 2103 memoria
3018 2045 3203 2114 magis
3244 2043 3461 2098 fervere
3499 2040 3808 2110 cognosci-

2100 2146 2216 2205 tur,
2269 2137 2504 2192 evideus
2553 2136 2700 2191 idem
2755 2134 2994 2205 gentiles
3051 2130 3480 2202 prognosticum
3532 2141 3592 2182 se
3641 2139 3810 2180 acce—

2100 2227 2245 2296 pisse
2302 2232 2601 2291 testantur,
2647 2230 2702 2280 et
2739 2222 3089 2293 jamdudum
3127 2226 3260 2274 ante
3294 2215 3633 2281 infortunia,
3685 2213 3810 2282 ipsa

2101 2313 2458 2384 praescientia
2488 2312 2627 2382 quia
2655 2325 2689 2366 a
2738 2310 3063 2368 Christiano
3093 2307 3305 2378 populo
3342 2305 3763 2375 subigerentur
3791 2318 3803 2365 ;

2099 2402 2195 2456 sed
2227 2400 2367 2456 artis
2389 2399 2568 2469 ipsius
2602 2398 2805 2468 peritia
2833 2397 2904 2452 ad
2963 2397 3252 2465 integrum
3285 2393 3492 2447 instrui
3544 2405 3660 2445 non
3708 2403 3801 2457 po-

2099 2497 2289 2545 terant
2318 2503 2434 2558 quo
2467 2488 2572 2543 ista
2601 2495 2854 2556 tempore
2883 2483 3332 2553 complerentur.

2173 2575 2437 2648 [XXVL]
2468 2606 2536 2615 —
2566 2577 2710 2630 Ante
2731 2571 3190 2629 duodecennium
3221 2569 3396 2624 ferme
3425 2565 3581 2622 enim
3629 2577 3810 2634 quam

2100 2679 2362 2734 proceres
2431 2663 2610 2717 nostri
2685 2660 3266 2729 Hierosolymitanum
3349 2654 3812 2726 aggrederentur

2100 2751 2222 2819 iter,
2305 2750 2586 2806 Robertus
2654 2749 3093 2804 Flandrensium
3147 2746 3336 2801 senior
3392 2747 3538 2795 444
3587 2755 3803 2806 comes,

2099 2841 2166 2895 de
2199 2854 2315 2909 quo
2369 2840 2426 2892 in
2461 2839 2644 2908 primo
2702 2839 2880 2907 hujus
2937 2835 3125 2906 operis
3176 2834 3403 2904 egimus
3442 2830 3604 2895 libro,
3665 2843 3806 2884 cum

2101 2928 2297 2983 multis
2353 2927 2558 2996 opibus
2637 2925 3013 2991 Hierusalem,
3102 2920 3375 2978 orationis
3432 2918 3640 2989 gratia,
3722 2926 3810 2971 est

2107 3013 2407 3083 profectus.
2457 3012 2565 3078 Qui
2614 3025 2748 3068 cum
2783 3011 2978 3066 eadem
3031 3016 3354 3064 moraretur
3409 3005 3466 3059 in
3522 3006 3667 3060 urbe
3716 3005 3816 3058 ali-

2103 3109 2263 3171 quot,
2321 3100 2598 3155 desiderio
2655 3099 2886 3154 videndi
2945 3099 3067 3154 loca
3107 3105 3325 3160 sancta,
3372 3095 3594 3160 diebus,
3645 3101 3704 3148 et
3740 3093 3813 3147 ob

2103 3191 2191 3245 sui
2223 3188 2697 3254 munificentiam,
2759 3186 3136 3257 cognoscendi
3171 3184 3439 3254 plurima,
3472 3184 3645 3238 etiam
3677 3195 3811 3251 qua!

2105 3279 2256 3347 apud
2303 3278 2542 3348 gentiles
2590 3277 2809 3342 fierent,
2875 3275 3301 3344 permitteretur
3370 3272 3582 3327 habere
3641 3270 3810 3324 licen-

2107 3368 2239 3423 tiam
2271 3366 2527 3436 quadam
2585 3365 2694 3431 die,
2741 3364 2821 3420 uti
2859 3363 2931 3418 ab
2986 3363 3074 3418 his
3105 3361 3274 3417 didici
3331 3361 3432 3430 qui
3465 3358 3805 3414 familiarem

2106 3455 2244 3510 inibi
2277 3454 2471 3509 comiti
2511 3454 2895 3523 praestiterant
2941 3452 3300 3514 comitatum,
3375 3445 3632 3503 universi
3667 3459 3808 3515 pene

2104 3543 2267 3599 urbis
2293 3543 2549 3613 ejusdem
2581 3543 2736 3596 cives
2774 3541 2846 3596 ad
2877 3539 3156 3609 templum
3209 3536 3516 3592 confluunt
3564 3533 3808 3589 Salomo-

2106 3633 2216 3700 nis,
2243 3638 2297 3686 et
2322 3644 2420 3700 per
2452 3629 2792 3686 universum
2842 3629 2990 3683 diem
3051 3626 3307 3682 maxima
3360 3623 3568 3678 ibidem
3614 3622 3809 3677 habita

2106 3719 2395 3785 concione,
2437 3719 2510 3773 ad
2567 3732 2674 3773 sua
2726 3716 2957 3772 tandem
2990 3715 3056 3784 lin
3106 3727 3408 3783 vesperum
3464 3710 3814 3766 diverticula

2107 3816 2241 3862 sunt
2275 3805 2537 3877 regressi.
2586 3805 2993 3874 Hospitabatur
3032 3811 3168 3858 tunc
3225 3814 3411 3856 comes
3445 3799 3621 3854 isdem
3652 3797 3814 3866 apud

2106 3897 2358 3965 aliquem
2390 3895 2676 3966 gravioris
2723 3894 2828 3949 aevi
2855 3900 2911 3948 et
2967 3890 3309 3961 expertioris
3339 3888 3578 3959 ingenii,
3641 3888 3814 3941 viue-

2107 3995 2240 4050 que,
2296 3987 2582 4050 quantum
2633 3978 2706 4032 ad
2747 3991 2862 4043 eos,
2914 3975 3216 4030 sanctioris
3265 3974 3670 4037 Sarracenum,
3716 3970 3810 4025 cui

2106 4082 2308 4124 Servus
2366 4067 2465 4122 Dei
2525 4066 2791 4122 usitatius
2839 4072 2962 4120 erat
3011 4062 3382 4119 vocabulum.
3433 4060 3707 4126 Quicum
3741 4058 3811 4112 ab

2107 4171 2172 4212 eo
2205 4156 2478 4212 redeunte
2509 4155 2745 4211 domum
2795 4152 3180 4208 sciscitaretur
3218 4150 3360 4220 quid
3419 4150 3477 4203 in
3533 4147 3631 4202 illo
3688 4157 3814 4201 tan-

2037 4251 2080 4303 D
2113 4245 2214 4300 diu
2271 4243 2575 4299 consedere
2625 4243 2707 4297 eis
2748 4241 3093 4296 collibuisset
3155 4237 3386 4307 templo,
3446 4250 3624 4304 super
3680 4237 3814 4305 qui-

2111 4334 2220 4389 bus
2247 4332 2417 4387 etiam
2466 4331 2607 4385 adeo
2662 4329 2934 4384 laciniosa
2981 4328 3362 4396 disputatione
3413 4332 3759 4380 tractassent
3790 4325 3817 4378 'i’

2110 4420 2310 4476 Intulit
2355 4420 2555 4474 homo:
2603 4441 2623 4466 ι
2679 4417 2928 4482 lnsolita,
2981 4415 3187 4485 inquit,
3230 4415 3395 4484 signa
3443 4411 3715 4482 quzedam
3764 4413 3816 4466 in

2111 4509 2247 4578 ipsis
2296 4508 2591 4563 stellarum
2660 4507 2927 4562 cursibus
3002 4503 3449 4570 recursibusque
3514 4502 3818 4568 conspexi-

2111 4611 2259 4662 mus,
2291 4611 2363 4651 ex
2389 4596 2606 4666 quibus
2646 4602 2802 4650 certa
2853 4593 3165 4648 admodum
3201 4590 3533 4659 conjectura
3577 4587 3819 4656 collegi-

2110 4699 2257 4751 mus,
2289 4682 2627 4738 Christianw
2659 4681 3002 4738 conditionis
3032 4681 3136 4735 has
3169 4679 3223 4733 in
3275 4676 3600 4748 provincias
3627 4676 3812 4731 homi-

2109 4784 2210 4826 nes
2265 4770 2629 4835 deventuros,
2667 4782 2882 4838 nosque
2936 4781 3036 4835 per
3068 4764 3262 4836 przelia
3326 4762 3562 4817 assidua
3591 4770 3646 4816 et
3703 4762 3811 4817 fre-

2109 4865 2351 4926 quentes
2378 4857 2649 4912 victorias
2691 4854 3093 4910 devincendos.
3149 4851 3309 4918 Quod
3362 4859 3555 4906 tamen
3610 4857 3806 4906 utrum

2106 4945 2272 5001 valde
2301 4945 2359 4999 in
2397 4951 2688 5014 posterum
2746 4941 3067 5008 differatur,
3114 4955 3189 4995 an
3237 4940 3497 5008 proxime
3532 4939 3650 4993 fieri
3703 4939 3802 4992 de-

2109 5032 2256 5098 beat,
2287 5033 2513 5101 penitus
2538 5031 2700 5087 nobis
2729 5030 3010 5085 incertum
3045 5036 3283 5084 constat.
3321 5027 3409 5081 Ex
3438 5027 3563 5096 ipsa
3615 5036 3807 5081 tamen

2105 5120 2488 5174 astronomica
2545 5119 2708 5174 nobis
2763 5117 3118 5186 portentione
3179 5115 3466 5185 perpatuit
3531 5115 3686 5184 quod
3731 5115 3804 5169 bii

2107 5205 2441 5276 ipsiquibus
2471 5221 2720 5276 superno
2738 5213 2962 5275 gentem
2989 5212 3241 5277 nostram
3262 5201 3480 5272 judicio
3511 5216 3801 5271 superare,

2103 5303 2158 5352 et
2190 5309 2225 5351 a
2254 5295 2545 5352 natalibus
2575 5294 2690 5350 oris
2715 5293 2937 5348 amoliri
2958 5293 3311 5354 conceditur,
3345 5290 3492 5345 idem
3521 5299 3803 5360 postremo

2103 5383 2428 5438 vineendia
2453 5382 2633 5449 nobis,
2656 5388 2711 5437 et
2763 5380 2836 5435 ab
2879 5394 2946 5434 ea
2988 5393 3165 5450 quam
3198 5377 3572 5446 usurpabunt
3598 5377 3796 5446 patria,

2104 5470 2382 5528 bellorum
2411 5472 2524 5527 sint
2546 5471 2678 5540 jure
2711 5468 2974 5540 pellendi.
3041 5469 3146 5524 Cui
3203 5467 3413 5525 caelesti
3447 5464 3682 5534 indicio,
3711 5480 3797 5522 ve-
