3902 6082
158 332 270 384 817

1238 326 1456 381 GESTA
1499 325 1615 380 DEI
1659 323 1792 379 PER
1832 323 2263 380 FRANCOS.—
2289 323 2421 378 LIB.
2469 324 2608 380 VIII.

3573 329 3676 380 8l8

158 466 358 514 terum
388 464 552 513 sectae
582 463 794 512 nostrae
823 455 1189 512 oraculorum
1250 455 1478 525 passim.
1521 469 1593 510 ex
1623 453 1866 524 quibus-
1907 456 1954 510 A
1985 469 2186 510 ronam
2218 455 2430 524 proprii
2476 455 2700 512 cruoris
2750 455 3027 511 effusione
3073 456 3396 526 contrahit;
3423 457 3564 512 alios
3603 457 3671 512 ad

160 561 284 616 que
345 545 740 601 voluminibus
792 545 982 600 statim
1049 544 1210 598 lectio
1264 558 1497 598 reccnsa
1555 543 1866 608 concinuit,

163 636 422 704 idipsum
490 642 687 703 aperta
739 633 1021 688 locutione
1083 633 1409 694 testiﬁcaris,
1474 633 1630 702 quod
1693 631 1870 702 jubar

160 725 484 779 zelhereum
516 722 961 778 contectioribus
983 721 1162 790 signis
1185 721 1470 775 innuerat.
1501 742 1520 766 ι

239 812 465 876 Quibus
495 810 724 880 gentilis
756 811 1005 865 hominis
1036 809 1226 864 verbis
1283 809 1396 873 illa,
1439 823 1570 878 qua:
1601 810 1870 877 superius

164 900 352 955 relata
418 907 572 964 sunt,
647 900 948 956 Curbarau
1012 897 1210 952 matris
1265 897 1415 951 dicta
1471 897 1866 966 concordant;

165 1003 276 1044 nec
325 987 480 1056 apud
533 1001 638 1042 nos
689 985 929 1040 dubium
961 992 1042 1040 est
1072 985 1211 1053 quia
1257 985 1454 1039 eadem
1509 985 1624 1052 ipsa
1650 985 1868 1040 ratione

168 1091 293 1147 qua
343 1075 439 1130 illa
469 1075 748 1129 adversus
790 1073 1144 1128 Christianos
1178 1072 1592 1127 dehortabatur
1624 1073 1866 1142 praeliari

169 1165 377 1230 ﬁlium,
435 1163 526 1218 isti
585 1173 756 1217 etiam
828 1161 1129 1216 frenantur
1195 1162 1292 1230 qui
1358 1161 1868 1228 Hierosolymitano

165 1252 349 1307 exitio
385 1250 631 1314 inhiant,
665 1264 733 1304 ne
779 1249 926 1304 bella
982 1249 1176 1302 ineant
1206 1255 1406 1302 contra
1460 1249 1510 1302 id
1563 1248 1714 1316 quod
1757 1248 1867 1303 sibi

166 1348 465 1396 ostensum
496 1346 580 1392 est
610 1337 778 1393 fatale
817 1338 1132 1392 decretum.
1167 1337 1282 1390 Etsi
1320 1351 1570 1405 namque
1619 1337 1865 1404 primum

169 1427 594 1497 multiplicibus
662 1433 886 1481 nostros
944 1425 1156 1494 prmliis
1206 1438 1410 1493 urgere
1471 1425 1758 1489 insistunt,
1811 1433 1868 1479 at

169 1530 333 1571 nunc
379 1523 578 1569 contra
608 1528 702 1569 eos
731 1521 916 1568 tantos
943 1512 1237 1567 remissius
1265 1520 1466 1581 agunt,
1503 1519 1719 1580 quanto
1752 1527 1865 1566 non

165 1619 287 1665 eos.
339 1604 435 1659 sed
490 1603 796 1658 Dominum
855 1615 957 1670 pro
1017 1601 1098 1656 eis
1148 1601 1402 1655 exerceri
1453 1608 1507 1655 et
1561 1599 1868 1669 conﬂigere

169 1693 450 1748 sentiunt.
514 1692 565 1747 Si
617 1700 809 1746 autem
868 1689 1143 1758 cuiquam
1189 1689 1330 1744 forte
1387 1688 1716 1744 incredibile
1771 1689 1868 1742 ﬁat

1978 543 2296 598 custodiam
2350 552 2559 598 sanctae
2608 543 2876 609 civitatis,
2931 559 2998 598 ac
3053 544 3096 598 si
3127 545 3197 599 ad
3244 545 3464 600 cultum
3506 554 3671 601 terra:

1982 631 2372 700 promissionis
2403 633 2641 692 inducit,
2703 648 2803 702 per
2861 648 3006 702 quos
3049 634 3332 703 hodieque
3383 635 3670 704 paucissi-

1980 732 2098 772 mos
2159 718 2330 774 totius
2405 721 2640 789 imperio
2694 720 2941 776 Orientis
3001 721 3242 784 obsistit,
3314 729 3548 775 caeteros
3611 721 3666 774 in

1979 806 2221 875 patriam
2280 807 2350 861 ad
2385 809 2772 864 testimonium
2831 816 3002 863 tanta:
3052 809 3322 873 victorize,
3358 817 3412 864 et
3444 809 3522 878 pii
3555 810 3670 864 hu—

1971 897 2070 966 jus
2111 896 2297 950 exsilii
2347 897 2718 952 imitationem
2759 898 2945 952 redire
3004 897 3277 966 permisit.
3341 918 3367 945 ‹‹
3417 898 3661 967 Lagenis

1975 998 2112 1054 ergo
2144 984 2354 1050 fractis,
2419 985 2711 1053 lampades
2761 985 3031 1051 emicant,
3069 1006 3094 1032 »
3129 987 3268 1054 quia
3313 985 3512 1040 occisis
3539 999 3670 1039 cor-

1977 1071 2232 1140 poribus,
2293 1072 2548 1140 spiritus,
2587 1072 2783 1127 divino
2839 1087 3031 1128 amore
3076 1073 3375 1138 ferventes,
3413 1080 3566 1128 recta
3599 1072 3670 1126 ad

1977 1160 2282 1216 Dominum
2334 1160 2645 1216 intentione
2696 1161 3104 1230 commigrant.
3172 1162 3368 1216 Hostes
3400 1161 3530 1216 inde
3553 1168 3671 1215 ter-

1976 1248 2069 1303 riti
2101 1248 2476 1318 subiguntur,
2537 1249 2675 1318 quia
2716 1263 2812 1304 eos
2867 1264 2980 1303 non
3023 1249 3303 1303 immerito
3340 1249 3666 1312 formidant,

1977 1337 2097 1407 qui,
2159 1352 2254 1406 spe
2322 1338 2659 1393 aeternitatis
2723 1337 2989 1403 audaces,
3055 1345 3292 1393 mortem
3362 1339 3480 1392 vita
3550 1338 3672 1406 ipsa

1975 1427 2210 1482 charius
2261 1427 2714 1495 amplectuntur.
2750 1449 2770 1473 α
2806 1426 3064 1489 Quorum
3112 1427 3263 1480 enim
3306 1425 3668 1490 animalium,

1977 1519 2041 1570 ut
2099 1514 2178 1568 ait
2239 1514 2567 1582 Apostolus,
2628 1513 2870 1581 sanguis
2921 1512 3164 1568 infertur
3223 1515 3279 1566 in
3334 1513 3541 1568 Sancta
3572 1527 3673 1581 per

1978 1602 2321 1671 pontiﬁcem.
2389 1603 2596 1656 horum
2649 1614 2892 1670 corpora
2943 1607 3276 1654 cremantur
3303 1608 3672 1655 extracastra

1979 1691 2179 1760 (Hebr.
2237 1705 2354 1756 xm,
2417 1691 2516 1756 ll).
2571 1712 2596 1737 ››
2652 1690 2810 1746 Unde
2875 1689 3152 1743 Dominus
3225 1695 3390 1744 extra
3450 1697 3670 1756 portam

167 1780 328 1850 quod
365 1780 562 1835 futura
597 1779 728 1848 quis
757 1777 1102 1847 astrologica
1123 1785 1243 1832 arte
1276 1790 1627 1844 praenoscere
1658 1775 1863 1842 valeat,
1907 1755 1948 1808 Β
1981 1755 2183 1848 passus
2229 1755 2647 1834 est.7Exierunt
2701 1779 2895 1846 itaque
2949 1777 3025 1831 hii
3074 1777 3144 1832 ad
3198 1791 3330 1832 eum
3367 1755 3534 1831 extra
3580 1789 3674 1829 ca-

169 1869 315 1924 illud
348 1869 511 1923 nobis
539 1868 772 1922 evidens
803 1873 1212 1936 argumentum
1257 1865 1528 1934 praebeat,
1558 1863 1714 1934 quod
1764 1865 1868 1918 im-

170 1964 402 2026 perator
451 1956 731 2021 Eraclius,
775 1968 873 2024 per
923 1954 1251 2022 hujusmodi
1295 1952 1679 2022 disciplinam,
1722 1965 1870 2021 gen—

173 2054 288 2100 tem
320 2044 716 2100 circumcisam
761 2050 960 2098 contra
997 2043 1319 2097 Romanum
1375 2041 1678 2109 imperium
1731 2053 1870 2109 prae-

165 2132 358 2189 scierit
415 2140 846 2200 surrecturam;
899 2144 1004 2184 nec
1053 2138 1239 2184 tamen
1276 2144 1392 2182 non
1443 2128 1671 2184 .ludaeos
1711 2127 1864 2183 futu-

166 2236 283 2286 ros,
327 2221 422 2276 sed
456 2222 819 2284 Sarracenos,
866 2219 966 2288 qui
1020 2219 1139 2272 haec
1189 2225 1442 2286 agerent,
1478 2230 1576 2285 per
1599 2230 1722 2271 eam
1769 2230 1869 2284 po—

171 2309 281 2364 tuit
342 2309 640 2379 providere
679 2307 961 2377 peritiam.
1007 2308 1340 2362 lntueamur
1391 2313 1445 2360 et
1496 2319 1709 2375 magos,
1743 2303 1866 2373 qui,

165 2412 301 2452 cum
337 2405 535 2452 natum
589 2411 799 2465 regem,
856 2403 910 2450 et
958 2395 1115 2450 hunc
1168 2393 1354 2462 ipsum
1404 2394 1579 2447 Deum
1612 2400 1664 2447 et
1692 2390 1869 2446 homi-

166 2501 320 2552 nem,
368 2485 570 2541 sideris
606 2485 738 2540 editi
787 2483 1086 2553 repentina
1139 2481 1484 2551 inspectione
1535 2480 1863 2545 sensissent,

167 2574 390 2644 quibus
419 2581 565 2628 esset
594 2580 944 2642 regnaturus
971 2569 1229 2639 partibus
1247 2571 1416 2624 etiam
1441 2575 1738 2624 noverant.

245 2662 528 2731 [XXVII]
557 2689 623 2700 —-
655 2661 719 2714 In
758 2660 866 2714 hoc
893 2660 1013 2728 ipso
1045 2673 1190 2713 novo
1221 2658 1313 2712 Dei
1346 2658 1622 2712 adversus
1683 2656 1864 2711 homi-

169 2765 276 2805 nes
314 2749 622 2805 diabolicos
668 2748 987 2818 procinctu,
1025 2747 1131 2801 hoc
1159 2746 1330 2800 etiam
1361 2745 1653 2800 videbitur
1675 2753 1866 2799 atten-

162 2839 441 2905 dendum,
503 2838 642 2907 quia
700 2837 915 2892 factum
971 2835 1022 2890 ei
1075 2833 1416 2890 omnimodis
1446 2834 1710 2888 videatur
1737 2848 1866 2888 con-

162 2940 376 2998 gruere
433 2926 706 2982 Gedeonis
773 2923 933 2994 (Jud.
1004 2926 1125 2991 v11).
1200 2923 1341 2977 Cum
1427 2921 1578 2976 enim
1643 2921 1865 2976 inﬁnita

165 3015 482 3071 multitudo
531 3022 858 3070 nostrorum
892 3012 964 3067 ad
998 3012 1303 3067 subeunda
1353 3011 1640 3080 proposita
1661 3011 1866 3065 unani-
1900 3045 1940 3104 Ο

161 3102 336 3159 miter
371 3103 635 3172 pertinax
698 3109 1019 3171 putaretur,
1069 3101 1347 3169 probatur
1404 3100 1473 3153 ad
1533 3113 1736 3168 aquas.
1771 3112 1865 3154 vo-

159 3193 414 3260 luptates
462 3191 662 3260 utique
692 3198 868 3258 atque
898 3188 1146 3254 delicias,
1184 3196 1244 3243 ut
1268 3188 1368 3257 qui
1392 3187 1651 3242 videlicet
1682 3189 1862 3242 Deum

157 3279 324 3348 sequi
378 3278 701 3349 diligerent,
761 3278 927 3332 famis
984 3277 1225 3346 sitisque
1287 3276 1661 3340 cruciatibus,
1712 3289 1862 3330 mor-

156 3367 426 3436 tiumque
471 3367 765 3421 variarum
797 3365 1026 3422 casibus
1059 3380 1171 3419 non
1202 3365 1503 3442 cederent;
1537 3364 1635 3432 qui
1670 3371 1862 3419 autem

157 3465 290 3524 post
343 3468 586 3524 corpora
616 3455 795 3510 Deum
829 3454 1191 3523 projicereut,
1243 3453 1312 3506 ad
1364 3453 1525 3506 ﬂuxa
1563 3467 1682 3506 sese
1712 3451 1863 3506 desi—

154 3541 340 3606 deria,
376 3542 531 3610 quod
579 3542 764 3596 ﬂexus
816 3541 927 3596 illic
983 3541 1172 3610 poples
1224 3539 1530 3610 significat,
1581 3540 1866 3594 enerviter

155 3630 532 3685 inclinarent.
574 3629 679 3695 Qui
714 3639 904 3684 autem
939 3630 1211 3685 biberunt
1264 3642 1443 3682 manu
1484 3628 1554 3681 ad
1608 3642 1668 3682 os
1699 3627 1865 3696 proji-

155 3719 366 3783 ciente,
433 3717 532 3787 ipsi
566 3727 701 3773 sunt
731 3718 854 3788 qui,
891 3718 1159 3788 Diogenis
1199 3717 1400 3776 instar,
1431 3723 1672 3770 vacante
1707 3715 1861 3768 omni

153 3805 499 3861 deliciarum
561 3819 724 3873 cura,
786 3806 936 3861 inter
1011 3807 1122 3859 Deo
1170 3803 1558 3870 serviendum,
1625 3818 1862 3873 quoquo

164 3903 333 3964 pacto
373 3893 694 3948 satisfecere
751 3901 996 3948 naturze.
1055 3891 1313 3947 Trecenti
1361 3891 1538 3956 fuere,
1595 3891 1696 3961 qui
1754 3891 1862 3946 sub

157 3982 420 4039 Gedeone
453 3981 794 4052 probantur,
846 3982 988 4052 quia
1017 3981 1166 4036 sicut
1188 3980 1461 4046 exterius,
1515 3980 1591 4034 ita
1623 3980 1862 4035 interius

158 4070 424 4140 baiulare
462 4084 716 4137 crucem,
742 4085 874 4140 qua;
902 4070 1067 4125 Thau
1117 4069 1305 4124 littera
1333 4068 1712 4139 signiﬁcatur,
1751 4076 1859 4123 tre-

157 4159 668 4226 centosinnuitur,
699 4160 797 4229 qui
851 4159 957 4214 hac
1002 4157 1425 4229 perseverantia
1481 4157 1858 4214 honorantur.

159 4246 352 4314 Quare
400 4248 552 4302 enim
586 4261 619 4302 a
673 4247 968 4302 Dominica
1024 4262 1144 4302 sese
1175 4246 1338 4300 multi
1372 4255 1698 4301 nostrorum
1732 4256 1861 4301 tur-

1980 1877 2118 1934 stra,
2177 1875 2343 1922 extra
2371 1873 2522 1922 445
2571 1866 2828 1922 videlicet
2859 1865 3050 1921 carnis
3078 1865 3376 1930 desideria,
3407 1865 3546 1920 dum
3581 1865 3675 1919 im-

1979 1957 2306 2026 properium
2356 1956 2482 2026 ejus
2529 1964 2756 2024 portant
2799 1957 2988 2010 crucis
3045 1954 3235 2024 (Ibid.,
3278 1956 3380 2025 i3),
3430 1955 3673 2009 mortiﬁ-

1977 2045 2256 2100 cationem
2296 2045 2352 2099 in
2381 2044 2534 2099 vitiis
2570 2043 2781 2099 scilicet
2811 2057 2878 2096 ac
2932 2041 3388 2111 concupiscentis
3417 2049 3668 2096 servant.

2615 2131 2847 2187 CAPUT
2881 2131 3031 2187 VIII.

2048 2222 2323 2290 [XXVIILJ
2361 2222 2465 2276 Sed
2503 2227 2790 2290 quantum
2821 2233 2954 2274 cum
3010 2219 3171 2274 bona:
3198 2217 3516 2274 voluntatis
3548 2217 3673 2271 aﬂe-

1975 2317 2071 2366 ctu
2120 2310 2368 2365 valuerit
2427 2309 2568 2364 tanti
2599 2309 2773 2377 hujus
2805 2307 3017 2362 laboris
3045 2306 3384 2376 assumptio,
3421 2307 3527 2361 hoc
3555 2320 3671 2360 uno

1975 2399 2230 2469 subjecto
2287 2399 2551 2468 exemplo
2595 2397 2781 2467 colligi
2835 2403 3033 2465 potest.
3087 2395 3249 2461 Quod
3283 2395 3490 2450 idcirco
3541 2409 3667 2463 pro-

1975 2488 2303 2556 ponendum
2341 2487 2636 2549 duximus,
2695 2492 2759 2540 ut
2789 2483 3008 2554 liquido
3037 2483 3459 2553 perpendamus
3489 2496 3672 2552 quan-

1971 2584 2094 2632 tum
2129 2590 2271 2644 pure
2315 2563 2545 2645 peccata
2583 2573 2849 2628 confessis
2897 2579 2951 2627 et
3011 2572 3230 2626 sincere
3262 2570 3672 2640 paenitentibus

1977 2663 2251 2733 profuerit
2305 2663 2469 2718 istius
2528 2660 3008 2731 peregrinationis
3037 2659 3242 2714 devota
3292 2659 3592 2728 susceptio,
3625 2658 3672 2712 si

1973 2760 2268 2820 tantopere
2328 2751 2674 2820 poenitentiae
2719 2763 2784 2804 ac
2831 2747 3202 2804 confessionis
3251 2761 3392 2815 pene
3437 2760 3673 2816 prorsus

1971 2840 2318 2904 exsortibus,
2376 2839 2626 2894 valuisse
2676 2837 2976 2907 probatur,
3038 2845 3434 2904 terroremque
3491 2833 3673 2889 incus-

1973 2929 2110 2983 sisse
2136 2927 2382 2983 diabolo.

2045 3017 2275 3085 [XXVII
2286 3015 2345 3088 1.]
2393 3015 2638 3081 Quidam
2663 3032 2700 3069 a
2727 3012 3016 3068 diabolica
3042 3012 3253 3077 fraude
3279 3027 3408 3066 cum
3429 3010 3539 3064 iter
3571 3013 3670 3064 Je-

1970 3105 2142 3160 rosol.
2171 3104 2532 3176 arripuissel,
2561 3107 2734 3174 atque
2757 3101 2902 3156 inibi
2942 3101 3231 3156 sacerdoti
3256 3103 3499 3172 peccata
3525 3116 3672 3168 ape—

1970 3193 2204 3258 ruisset,
2259 3191 2554 3247 liberatur.
2601 3221 2674 3232 —
2716 3191 2820 3247 Vir
2849 3190 3130 3260 equestris
3166 3189 3384 3244 ordinis
3432 3187 3668 3258 quidam

1973 3282 2419 3344 maritimarum,
2456 3281 2560 3336 nisi
2587 3280 2771 3346 fallor,
2804 3278 3074 3348 partium,
3103 3279 3406 3348 cujusdam
3438 3277 3669 3331 fratrem

1973 3371 2271 3442 proprium
2323 3369 2630 3424 hostilitate
2690 3367 3036 3437 perdiderat.
3096 3366 3275 3435 Cujus
3324 3364 3671 3420 interfectio-

1971 3474 2101 3514 nem
2134 3459 2275 3514 adeo
2316 3459 2484 3513 homo
2542 3457 2688 3512 idem
2721 3469 2874 3526 aegre
2913 3455 3144 3518 tulerat,
3178 3461 3242 3508 ut
3277 3450 3670 3507 inconsolabili

1973 3560 2217 3600 maerore
2245 3546 2594 3608 tabesceret;
2627 3543 2861 3612 majoris
2903 3542 3055 3596 enim
3089 3541 3352 3610 potentize
3383 3539 3483 3608 qui
3535 3551 3667 3591 eum

1981 3642 2299 3703 peremerat
2347 3631 2672 3696 videbatur,
2705 3639 2768 3685 ut
2799 3631 3057 3684 maerenti
3115 3626 3425 3682 ulciscendi
3479 3625 3671 3679 defun-

1973 3730 2128 3777 ctum
2178 3735 2303 3790 spes
2355 3720 2473 3776 ulla
2529 3725 2875 3788 suppeteret.
2908 3715 3260 3772 Intolerabili
3289 3728 3424 3783 ergo
3473 3713 3670 3767 dolore

1973 3812 2208 3876 defecto,
2242 3817 2295 3864 et
2328 3809 2588 3865 luctuosa
2639 3807 2910 3862 omnibus
2955 3805 3172 3874 ubique
3206 3805 3506 3859 momentis
3548 3816 3673 3870 pro-

1971 3899 2233 3967 sequenti
2273 3903 2457 3952 mente
2483 3907 2852 3964 germanum,
2887 3907 3018 3947 cum
3052 3893 3254 3947 novior
3289 3892 3344 3946 in
3377 3889 3498 3946 dies
3528 3889 3670 3944 irre-

1970 3985 2245 4056 parabilis
2293 3984 2488 4038 damni
2531 3981 2902 4037 refricaretur
2939 3979 3242 4044 acerbitas,
3280 3986 3356 4042 et,
3413 3979 3535 4032 sine
3593 3991 3673 4030 re-

1968 4083 2166 4144 spectu
2191 4071 2518 4144 cuiuspiam
2552 4069 2758 4135 solatii,
2799 4067 3146 4123 inevitabilis
3196 4065 3484 4121 memoriae
3519 4064 3672 4119 lace-

1968 4178 2100 4219 rum
2134 4162 2320 4217 miseri
2345 4159 2593 4214 hominis
2619 4159 2784 4229 jecur
2829 4170 2996 4226 poma
3046 4162 3356 4226 torqueret,
3403 4155 3540 4210 dum
3577 4167 3676 4207 an-

1971 4265 2138 4323 gores
2197 4249 2457 4304 assiduos
2509 4247 2580 4302 ad
2646 4253 2970 4302 extremum
3050 4243 3368 4314 repetendae
3437 4243 3674 4299 ultionis

163 4336 314 4405 piter
365 4349 642 4404 excepere
691 4335 942 4390 militia?
997 4335 1103 4388 nisi
1137 4334 1278 4404 quia
1327 4333 1522 4389 sedulo
1553 4334 1715 4404 gravi
1747 4348 1863 4389 car-
1900 4343 1943 4395 D
1969 4337 2319 4407 centuplicat
2363 4334 2696 4400 difﬁcultas,
2727 4332 3009 4398 diabolus,
3065 4331 3290 4386 diutina
3318 4329 3673 4400 experientia

163 4423 452 4492 pebantur
493 4423 707 4490 inedia;
749 4431 822 4489 et,
869 4423 1010 4495 quia
1053 4421 1176 4478 sine
1205 4423 1400 4478 Cerere
1436 4425 1490 4475 et
1521 4421 1720 4477 Libero
1740 4421 1860 4490 fri-

158 4517 257 4583 get
297 4511 490 4564 Venus
536 4503 686 4580 (Tér.
723 4513 866 4566 Eun.
897 4511 992 4577 IV,
1024 4524 1082 4576 v,
1127 4513 1202 4576 6),
1258 4508 1420 4564 nulla
1460 4509 1692 4576 eisdem,
1731 4524 1860 4564 cor-

167 4599 426 4667 pusculis
450 4599 936 4659 ﬂaccescentibus,
971 4597 1226 4652 libidinis
1250 4596 1434 4652 inerat
1471 4598 1862 4666 perpetranda:

167 4687 432 4754 facultas,
467 4701 599 4756 quae
637 4685 808 4742 etiam
850 4686 898 4740 si
929 4693 1273 4756 suppeteret,
1326 4699 1438 4740 non
1473 4685 1672 4756 aliqua
1702 4693 1862 4754 pate-

168 4784 256 4832 ret
287 4776 710 4845 opportunitas.

242 4865 313 4919 Hi
340 4878 477 4934 ergo
507 4865 609 4934 qui
641 4863 863 4933 probati
891 4863 1110 4919 inventi
1135 4869 1289 4930 sunt,
1329 4884 1349 4911 ι
1385 4862 1556 4918 tubas
1597 4863 1807 4918 habent
1837 4884 1857 4909 ι

168 4953 229 5008 in
271 4952 560 5019 manibus,
618 4953 760 5022 quia
800 4951 1064 5007 divinum
1097 4965 1438 5015 sermonem,
1468 4951 1637 5022 cujus
1665 4951 1864 5007 solatio

168 5043 322 5098 inter
370 5047 450 5095 tot
505 5040 838 5095 discrimina
896 5047 1250 5101 recreantur,
1295 5039 1592 5109 proferunt
1623 5040 1682 5095 in
1725 5055 1865 5109 ope-

169 5130 356 5186 ribus.
393 5150 413 5176 ι
450 5130 706 5199 Lagenas
756 5135 970 5190 tenent,
997 5147 1026 5178 ν
1067 5127 1204 5183 dum
1238 5127 1296 5182 in
1319 5127 1592 5183 continuo
1651 5129 1868 5197 procin-

169 5227 270 5276 ctu
319 5217 504 5288 positi,
555 5218 628 5273 ab
677 5217 831 5273 omni
881 5216 1236 5274 carnalitatis
1281 5215 1533 5272 foeditate
1584 5231 1643 5272 se
1681 5217 1866 5272 conti-

173 5313 333 5363 nent.
366 5305 524 5361 [ntra
556 5305 791 5376 lagenas
821 5324 848 5356 α
882 5305 1171 5374 lampades
1193 5304 1426 5368 habent,
1461 5323 1488 5355 »
1517 5304 1656 5373 quia
1687 5304 1744 5358 in
1773 5318 1870 5360 va-

173 5397 252 5451 sis
309 5408 610 5464 corporum
667 5393 937 5450 ﬁctilibus
983 5394 1087 5462 pize
1131 5392 1483 5458 intentionis,
1537 5392 1692 5446 omni
1743 5393 1868 5448 luce

175 5483 450 5539 clariores
507 5483 762 5538 thesauri
822 5482 1090 5538 renitent.
1144 5499 1168 5532 ι
1223 5482 1286 5536 In
1341 5488 1454 5536 tres
1499 5495 1593 5535 eos
1641 5481 1866 5536 Gedeon

179 5580 372 5643 partes
411 5571 664 5627 dividit»
695 5572 832 5627 dum
865 5570 1144 5641 quosdam
1188 5584 1257 5625 ex
1289 5570 1370 5626 eis
1399 5567 1661 5625 Christus
1691 5569 1759 5624 ad
1788 5585 1870 5624 co-

1972 4428 2203 4492 callens,
2235 4433 2289 4481 et
2323 4423 2610 4493 spirituali
2661 4421 2959 4477 alacritate
3005 4420 3157 4475 omni
3201 4419 3423 4475 mortali
3462 4426 3675 4472 natura

1970 4515 2207 4579 facilior,
2241 4513 2343 4583 qui
2379 4513 2434 4566 in
2466 4511 2687 4567 cunctis
2718 4517 2979 4579 tempora
3008 4516 3336 4576 aucupatur
3356 4515 3409 4561 et
3441 4519 3666 4567 causas,

1974 4604 2151 4674 hujus
2180 4601 2454 4658 nimirum
2486 4599 2680 4654 arrisit
2700 4597 3115 4668 opportunitati
3143 4595 3402 4650 tristitia}.

2044 4693 2143 4747 Die
2172 4689 2370 4761 itaque
2395 4687 2671 4759 quadam,
2707 4701 2840 4742 cum
2872 4684 3151 4740 vecordia;
3187 4681 3474 4738 interioris
3505 4695 3674 4750 squa-

1973 4777 2123 4833 lidus
2181 4777 2331 4843 tabo,
2386 4785 2442 4831 et
2470 4776 2758 4831 exhausto
2806 4771 3057 4841 suspirio
3088 4769 3518 4840 profundissimi
3550 4769 3667 4824 Ian-

1975 4867 2174 4938 guoris
2223 4865 2486 4932 anhelus,
2550 4863 2864 4934 potandum
2929 4874 3167 4930 equum,
3240 4858 3340 4928 ipsi
3399 4857 3670 4922 insidens,

1973 4956 2208 5012 duceret
2264 4955 2336 5010 ad
2387 4967 2591 5024 aquas,
2651 4967 2681 5005 e
2727 4950 2956 5020 regione
3003 4947 3342 5003 altrinsecus
3381 4947 3438 5000 in
3495 4947 3674 5002 altera

1975 5043 2234 5099 ﬂuminis
2289 5042 2576 5111 crepidine
2617 5039 2866 5109 positum
2923 5037 3238 5091 daamonem
3285 5034 3668 5104 conspicatur.

1975 5131 2254 5202 Apparuit
2310 5139 2501 5186 autem
2559 5129 2611 5184 ei
2668 5128 2724 5182 in
2758 5124 2943 5196 specie
2999 5124 3106 5178 viri
3136 5123 3464 5194 cujusdam,
3501 5137 3672 5192 quem

1973 5219 2281 5277 contractis
2333 5217 2606 5274 cruribus
2636 5216 2972 5271 existentem
3029 5225 3419 5280 saepenumero
3477 5213 3672 5267 videre

1976 5316 2368 5367 consueverat.
2431 5306 2750 5363 Videbatur
2788 5303 2958 5359 etiam
3003 5309 3058 5357 et
3114 5301 3233 5371 ipse
3277 5315 3474 5370 eques,
3521 5302 3670 5357 acci-

1977 5394 2179 5462 pitrem
2229 5407 2407 5448 manu
2451 5401 2707 5463 gestans;
2755 5390 2912 5455 lutei,
2974 5399 3039 5446 ut
3069 5389 3423 5460 praeferebat,
3470 5391 3674 5446 coloris

1978 5483 2232 5538 tunicam
2268 5482 2501 5537 habens.
2536 5480 2715 5547 Quem
2744 5494 2877 5537 cum
2932 5478 3022 5535 ille
3064 5479 3292 5534 eminus
3322 5480 3671 5546 attendisset,

1979 5578 2034 5624 et
2086 5569 2416 5625 recordatus
2471 5567 2703 5639 cogniti,
2748 5583 2918 5639 quem
2966 5567 3082 5624 fore
3140 5567 3398 5638 putabat,
3434 5567 3680 5624 hominis
