3902 6082
298 305 403 358 819

1191 302 1248 354 V.
1291 300 1625 358 GUIBERTI
1663 299 1957 355 ABBATIS
1991 298 2046 354 S.
2091 299 2331 353 MARIAS
2372 298 2462 354 DE
2503 295 2899 354 NOVIGENTO

3711 298 3822 350 8'20

301 447 589 497 consuetae
627 439 930 496 debilitatis
957 445 1012 493 et
1055 437 1270 502 formae,
1324 451 1440 507 prae
1471 435 1834 493 vehementia
1872 435 1993 490 ino-
2033 433 2082 489 A
2108 433 2382 490 beneﬁcia
2401 433 2521 504 jam
2551 437 2793 502 experta
2817 445 3154 501 proponere,
3184 430 3404 500 potiora
3433 430 3491 486 in
3515 438 3820 501 posterum

307 529 455 599 pina;
512 527 784 583 novitatis
820 526 1094 594 haesisset,
1151 539 1403 596 nequam
1452 523 1708 594 spiritus,
1746 524 1996 593 procaci-

305 617 435 672 tatis
482 616 738 685 antiquze
786 629 901 670 non
931 614 1248 678 immemor,
1299 615 1522 683 primus
1571 612 1773 668 effert:
1811 613 1996 668 «Non

304 718 453 764 sum,
520 702 727 773 inquit,
786 717 960 772 quem
1008 702 1274 757 aestimas.
1328 703 1485 757 Scias
1549 709 1738 756 autem
1766 715 1852 756 me
1880 715 2000 756 esse

304 790 616 856 diabolum,
660 791 733 846 ad
763 791 1057 846 diuturnae
1114 798 1228 845 tuae
1274 789 1538 845 torsionis
1567 790 1873 858 prabenda
1903 804 1999 844 re-

304 879 493 934 media
523 878 785 935 missum.
809 879 1073 950 Magister
1101 893 1355 948 namque
1378 893 1559 942 meus,
1596 878 1695 948 qui
1729 878 2000 933 omnibus

306 967 364 1020 in
396 981 637 1023 maerore
668 966 882 1035 positis,
927 967 971 1022 si
1004 967 1112 1022 sibi
1151 968 1489 1030 assentiant,
1529 966 2002 1036 compassibiliter

304 1053 613 1126 suffragari
652 1056 947 1131 dignatur,
969 1055 1041 1109 ad
1077 1063 1128 1110 te
1155 1069 1244 1110 me
1269 1055 1496 1124 dirigit;
1525 1068 1650 1118 nec,
1683 1055 1724 1108 si
1757 1054 1805 1108 ei
1832 1062 2001 1122 prout

305 1142 408 1197 tibi
462 1143 663 1198 dixero
711 1143 1074 1212 acquiescere
1131 1142 1290 1208 velis,
1345 1142 1613 1197 solatium
1653 1142 1998 1198 morabitur.

306 1231 449 1286 Cum
497 1231 649 1286 enim
709 1232 781 1286 sit
829 1231 1098 1299 liberalis,
1133 1245 1238 1286 nec
1280 1231 1422 1285 desit
1451 1231 1744 1298 opulentia
1776 1231 2003 1286 inﬁnita

307 1321 655 1387 dandorum,
695 1318 1096 1375 affectantibus
1147 1333 1300 1389 opes,
1364 1332 1542 1388 supra
1593 1333 1769 1388 quam
1819 1319 2005 1375 valeas

305 1407 599 1473 aestimari,
634 1407 834 1477 largus
865 1415 947 1462 est
989 1421 1299 1462 munerum
1351 1406 1626 1470 subsidio,
1677 1406 2000 1476 egentibus,

308 1495 463 1550 ultra
493 1508 670 1563 quam
707 1495 926 1564 sperari
956 1495 1009 1549 id
1039 1503 1244 1564 posset,
1291 1509 1406 1549 non
1457 1493 1644 1550 differt
1692 1494 2005 1550 adminicu-

309 1584 448 1638 lum.
495 1583 581 1637 Tu
611 1597 768 1649 vero,
820 1583 920 1652 qui
949 1591 1114 1638 vetus
1141 1583 1520 1638 infortunium
1571 1583 1747 1636 animi
1773 1582 2005 1653 aegritu-

2109 522 2379 590 polliceri,
2440 523 2508 577 de
2571 521 2699 575 fidei
2734 519 3108 575 translatione
3155 519 3353 574 sedulo
3381 518 3519 574 satis
3562 519 3814 574 hortari.

2108 610 2204 664 Ille
2257 618 2446 666 autem
2497 609 2745 679 largitati
2792 613 2942 662 446
2989 607 3318 662 omnimodo
3368 607 3486 662 fieri
3541 605 3824 677 gratula-

2109 697 2341 753 bundus
2370 705 2641 767 expertae,
2673 695 2950 766 obsequia
2980 695 3122 751 tanti
3175 694 3451 764 principis
3479 693 3825 750 liberalitati

2108 787 2455 855 sempiterna
2515 787 2863 856 prom‘ttere,
2899 798 3074 854 super
3115 799 3243 854 ejus
3294 797 3452 847 vero,
3505 782 3664 854 quod
3700 782 3826 837 fre-

2109 889 2295 945 quens
2331 876 2695 945 exigebatur,
2758 874 2991 927 hominii
3053 873 3343 942 pensione,
3373 872 3594 944 jugiter
3634 870 3826 926 indu-

2109 966 2226 1018 cias
2251 964 2568 1019 obsecrare.

2117 1059 2125 1063 ‘
2181 1052 2369 1122 Igitur
2397 1066 2528 1107 cum
2562 1052 2730 1107 homo
2763 1050 2937 1106 isdem
2980 1050 3341 1105 creberrimis
3385 1055 3440 1104 et
3501 1049 3650 1103 inter
3689 1062 3824 1103 Ine-

2110 1140 2234 1194 dias
2283 1139 2646 1195 invisibiliter
2704 1147 2928 1194 turmas
2981 1136 3442 1207 apparitionibus
3479 1144 3820 1206 urgeretur,

2113 1227 2211 1282 Dei
2253 1237 2420 1295 nutu,
2456 1243 2556 1298 per
2589 1228 2856 1283 Latinum
2889 1227 3086 1282 orbem
3121 1225 3624 1294 Hierosolymitani
3663 1225 3828 1279 itine-

2113 1317 2192 1370 ris
2239 1315 2390 1371 fania
2413 1316 2759 1386 porrigitur,
2789 1324 2843 1370 et
2874 1315 3139 1383 quisque,
3171 1312 3273 1384 qui
3324 1313 3523 1382 aliquo
3547 1327 3670 1366 sese
3704 1312 3822 1366 cri-

2112 1403 2265 1458 mine
2298 1411 2653 1472 persenserat
2697 1401 3058 1471 implicitum,
3103 1401 3259 1466 illuc,
3294 1414 3476 1454 novas
3533 1400 3653 1454 Deo
3691 1413 3824 1468 ρω-

2113 1492 2385 1546 nitentias
2438 1491 2748 1560 aperiente,
2816 1489 3101 1560 dirigitur.
3135 1489 3290 1544 Inter
3321 1502 3468 1557 quos
3499 1488 3602 1542 iste
3636 1487 3824 1556 profi-

2111 1580 2240 1636 cisci
2273 1580 2500 1649 delegit,
2528 1579 2622 1634 sed
2655 1579 2963 1643 nefarium,
2993 1577 3149 1647 quod
3177 1591 3309 1632 cum
3341 1576 3569 1631 diabolo
3603 1588 3822 1645 magna

307 1671 442 1727 dine
499 1685 723 1740 semper
775 1672 1074 1726 recentiori
1119 1671 1396 1740 deploras,
1429 1671 1474 1726 si
1523 1671 1664 1740 quid
1716 1679 1797 1726 est
1851 1672 2003 1725 unde
2042 1711 2085 1765 B
2108 1669 2229 1739 jam
2274 1683 2346 1723 ex
2378 1677 2538 1738 parte
2586 1667 2897 1738 pepigerat,
2933 1666 3116 1721 fiedus
3147 1665 3308 1720 nulla
3336 1663 3698 1765 confessione
3741 1677 3823 1759 re-

309 1757 593 1828 queraris,
627 1773 937 1828 exprome;
991 1760 1174 1814 sciens
1218 1759 1450 1814 indubie
1482 1767 1532 1814 te
1572 1759 1752 1814 multo
1786 1759 2004 1828 majora

311 1855 710 1917 sumpturum,
744 1862 922 1917 quam
973 1862 1291 1917 praesumas
1334 1862 1660 1916 exposcere.
1691 1847 1746 1903 Si
1769 1847 2004 1902 fratrem

308 1935 575 1992 intuleris
627 1936 1011 2002 interfectum,
1049 1935 1282 1990 ultionis
1331 1935 1668 1990 sententiam
1699 1935 2003 1991 accelerari

308 2038 652 2094 cognosces;
688 2023 733 2079 si
764 2024 1034 2094 quaelibet
1078 2024 1376 2094 quzesieris
1420 2024 1793 2090 incrementa,
1828 2024 2004 2079 mira-

309 2112 443 2167 bere
473 2111 708 2167 factum.
746 2133 774 2161 ››

381 2201 534 2271 Ergo
559 2201 713 2267 velis,
744 2200 970 2270 jubeas,
1003 2199 1223 2255 suberit
1250 2215 1352 2270 pro
1386 2200 1527 2256 velle
1551 2199 1814 2256 facultas.

381 2289 715 2343 Attenderat
765 2288 856 2344 ille
885 2287 1180 2343 insolitum
1231 2288 1396 2343 valde
1445 2303 1636 2358 pecus,
1681 2289 2005 2345 mirabatur

308 2375 602 2432 diabolum
664 2390 796 2431 cum
865 2375 1118 2430 maximo
1181 2383 1412 2445 stupore
1484 2377 1844 2445 loquentem;
1907 2379 2002 2432 sed

309 2471 597 2535 quantum
622 2464 1046 2534 pollicitationis
1075 2463 1359 2521 lenocinio
1387 2465 1745 2531 trahebatur,
1780 2473 2002 2521 tantum

310 2553 707 2622 pollicitatoris
757 2553 1016 2622 nequitia
1063 2553 1404 2608 terrebatur.
1444 2553 1591 2608 Vicit
1621 2553 1849 2608 tandem
1881 2569 2000 2609 am-

309 2639 446 2696 bitio
475 2641 905 2710 promissorum,
937 2649 990 2696 et
1016 2655 1074 2696 se
1105 2641 1318 2696 fatetur
1360 2641 1551 2696 oblata
1585 2650 1880 2712 gratanter
1907 2657 2001 2698 ac-

309 2729 491 2797 cipere
522 2743 533 2781 :
572 2750 591 2775 ι
625 2731 912 2794 Attamen,
954 2728 1142 2798 inquit
1190 2728 1472 2796 diabolus,
1503 2729 1546 2784 si
1589 2738 1640 2784 te
1676 2730 2003 2800 hujusmem

309 2815 630 2885 sponsionis
689 2816 912 2871 fructus
941 2816 1207 2883 oblectat,
1239 2826 1292 2872 et
1323 2825 1375 2872 te
1426 2817 1700 2888 principis
1742 2821 1870 2886 mei,
1899 2821 2002 2890 qui

309 2905 379 2958 ad
411 2912 464 2959 te
486 2918 574 2958 me
607 2904 774 2970 misit,
805 2904 1057 2974 gratuita
1087 2905 1481 2960 benevolentia
1531 2914 1828 2977 utcunque
1877 2909 2003 2978 pel—

2115 1758 2274 1813 texit.
2330 1756 2584 1812 Profecto
2616 1756 2812 1826 itaque
2840 1762 2894 1810 et
2945 1753 3372 1810 aemulationem
3419 1751 3519 1806 Dei
3555 1751 3818 1815 habenti,

2113 1845 2242 1901 licet
2291 1860 2402 1900 non
2464 1845 2782 1900 secundum
2828 1842 3144 1909 scientiam,
3203 1841 3344 1896 dum
3385 1855 3625 1910 operum
3657 1839 3820 1894 initio

2113 1931 2394 1988 bonorum
2422 1933 2700 1988 confessio
2741 1947 2856 1987 non
2886 1939 2970 1987 est
2999 1931 3293 2000 praemissa
3324 1929 3627 1992 malorum,
3658 1935 3820 1982 tanta

2112 2020 2312 2090 gratia
2342 2021 2463 2087 Dei,
2501 2022 2649 2075 inter
2677 2021 2957 2086 eundum,
2997 2019 3280 2074 hominem
3304 2026 3612 2074 comitatur
3644 2015 3817 2072 uber-

2113 2116 2219 2172 tas,
2275 2108 2332 2163 iu
2365 2115 2590 2164 tantum
2626 2109 2736 2164 Deo
2790 2108 3008 2179 placuit
3039 2107 3221 2174 labor,
3257 2105 3579 2177 quamlibet
3619 2105 3822 2159 minus

2113 2195 2281 2266 plena
2313 2196 2520 2266 pietate
2551 2204 2958 2266 praesumptus,
2993 2203 3058 2251 ut
3084 2195 3141 2249 in
3170 2195 3291 2264 ipso
3320 2193 3710 2264 expeditionis
3741 2191 3822 2246 iti-

2112 2298 2269 2349 nere,
2306 2284 2482 2339 nullis
2533 2299 2665 2339 eum
2707 2285 2969 2340 funestus
2997 2291 3232 2339 exactor
3271 2281 3616 2351 compellare
3643 2280 3820 2335 aude-

2111 2381 2198 2428 ret
2227 2371 2503 2442 angariis.
2560 2371 2706 2438 Quin
2756 2371 2963 2441 potius,
3016 2384 3084 2426 ac
3137 2371 3180 2425 si
3226 2369 3369 2425 nihil
3426 2384 3560 2425 cum
3614 2368 3815 2423 eodem

2112 2461 2396 2530 pactionis
2426 2461 2634 2517 habitze
2671 2461 3039 2528 meminisset,
3083 2460 3261 2515 nullis
3292 2457 3381 2514 vel
3428 2458 3486 2513 in
3515 2457 3744 2513 visione
3768 2457 3817 2511 ei

2111 2557 2416 2619 appareret
2446 2549 2648 2604 modis.

2181 2639 2358 2706 Capta
2391 2645 2672 2706 postremo
2703 2635 3075 2703 Hierusalem,
3108 2649 3241 2691 cum
3281 2634 3338 2690 in
3365 2635 3485 2703 ipsa
3513 2647 3649 2688 cum
3683 2632 3817 2686 aliis

2113 2726 2185 2781 ad
2263 2733 2487 2793 tempus
2552 2723 2944 2780 diversaretur
3013 2723 3174 2790 urbe,
3249 2727 3305 2777 et
3365 2728 3528 2777 nocte
3611 2721 3819 2790 aliqua

2112 2828 2246 2868 cum
2293 2812 2644 2882 quibusdam
2701 2820 3007 2881 putaretur
3065 2811 3317 2866 dormire
3363 2811 3663 2877 militibus,
3709 2810 3820 2864 sol-

2110 2901 2302 2957 licitus
2355 2915 2528 2970 super
2585 2901 2706 2956 suis
2761 2915 3139 2970 suorumque,
3174 2900 3276 2970 qui
3306 2900 3415 2954 sub
3445 2899 3557 2964 dio,
3583 2913 3689 2968 pro
3723 2913 3816 2952 re-

309 2991 484 3060 lexit;
524 3007 655 3047 cum
701 2992 830 3061 ipsis
871 2991 1187 3060 effectibus,
1225 3001 1335 3048 tam
1389 2994 1458 3049 de
1493 2994 1708 3051 ultione
1738 2998 1999 3066 germani
2038 3019 2078 3070 ε
2111 2991 2294 3060 giouis
2347 2988 2782 3055 consuetudine,
2831 2988 3274 3044 commanebant
3319 2987 3503 3056 equis,
3560 2987 3820 3055 respexit

309 3094 486 3151 quam
517 3081 586 3136 de
631 3080 993 3136 successibus
1050 3081 1410 3137 fortunarum
1443 3099 1573 3152 qua:
1606 3086 1997 3154 pronuntiavi,

307 3183 448 3225 vera
479 3169 834 3238 probaveris,
873 3169 978 3224 hoc
1009 3184 1171 3224 meus
1199 3171 1315 3239 ipse
1367 3172 1638 3241 magister
1666 3186 1700 3226 a
1725 3181 1777 3227 te
1804 3172 1998 3242 exigit,

308 3264 598 3327 quatenus
623 3256 943 3312 hominium
976 3257 1084 3313 sibi
1112 3257 1302 3322 facias,
1332 3266 1388 3313 et
1413 3260 1692 3314 translata
1712 3261 1820 3316 ﬁde
1848 3261 2004 3317 Chri-

307 3344 632 3413 stianitatis,
665 3345 724 3400 in
761 3345 948 3414 ipsum
983 3345 1404 3402 indivisibiliter
1449 3356 1502 3402 te
1548 3349 1594 3402 ei
1637 3349 2000 3404 cohaesurum

307 3434 604 3502 spondeas,
637 3433 709 3488 ab
763 3434 850 3488 his
878 3434 1051 3489 etiam
1106 3450 1236 3504 quae
1281 3437 1528 3490 vetuerit
1575 3445 2002 3506 perseveranter

307 3522 614 3578 abstineas.
658 3522 804 3578 Sunt
859 3531 1050 3579 autem
1086 3523 1376 3592 specialia,
1411 3539 1444 3579 a
1479 3525 1714 3594 quibus,
1767 3541 1900 3582 cum
1929 3529 2000 3583 ad

307 3611 496 3680 ipsum
545 3612 910 3678 concesseris,
961 3612 1214 3668 cohiberi
1265 3627 1688 3683 usquequaque
1717 3622 1770 3670 te
1815 3616 1995 3672 velit:

306 3714 378 3755 ne
434 3713 700 3770 unquam
746 3700 1006 3756 videlicet
1047 3700 1224 3756 ullam
1292 3701 1637 3772 ingrediaris
1680 3703 1997 3771 ecclesuam,

307 3803 378 3844 ne
407 3803 579 3858 quem
609 3790 776 3845 etiam
807 3789 1156 3858 baptizatum
1184 3803 1345 3846 sacro
1367 3791 1437 3846 de
1458 3791 1609 3846 fonte
1639 3793 1938 3862 suscipias,
1973 3817 1994 3842 ι

305 3883 359 3931 et
391 3876 622 3932 tertium
653 3876 928 3945 quiddam
963 3876 1174 3945 pariter
1223 3878 1405 3932 vetuit
1437 3879 1592 3947 quod
1615 3880 1906 3936 exciderat
1928 3881 2000 3936 ab

303 3965 430 4033 ejus
473 3964 575 4033 qui
606 3963 745 4018 mihi
776 3964 1036 4018 narravit
1090 3949 1382 4019 memoria.
1409 3965 1510 4021 Cui
1548 3966 1716 4021 homo
1748 3967 1868 4024 haec
1897 3969 1995 4025 ait:

308 4071 336 4102 α
369 4052 540 4107 Facili
589 4065 623 4106 a
682 4066 769 4106 me
808 4051 1174 4106 observantia
1207 4061 1474 4121 poterunt
1505 4054 1628 4109 sine
1649 4056 1846 4126 aliqua
1871 4071 1999 4127 pro-

304 4139 710 4195 crastinatione
735 4139 931 4205 teneri,
989 4139 1058 4194 de
1083 4140 1340 4196 hominio
1371 4156 1506 4196 vero
1563 4143 1843 4209 faciendo,
1894 4145 1998 4201 ali-

305 4237 452 4293 quas
483 4231 608 4293 peto
639 4223 900 4279 inducias
929 4223 1073 4279 dari.
1113 4247 1132 4272 ι
1180 4225 1539 4281 Abhorrebat
1568 4240 1706 4282 sane
1749 4229 1996 4284 multum

2111 3078 2183 3133 ad
2212 3078 2353 3142 illos,
2387 3083 2441 3132 et
2473 3077 2714 3145 speciem
2745 3077 2952 3131 stantis
2983 3076 3351 3132 considerans
3382 3074 3633 3130 hominis
3666 3075 3820 3128 inter

2109 3181 2221 3230 eos,
2256 3165 2440 3220 furem
2483 3165 2812 3233 suspicatus
2851 3166 3133 3235 exsurgit,
3162 3172 3215 3219 et
3243 3165 3376 3233 quis
3404 3171 3546 3217 esset
3570 3162 3816 3218 vocibus

2108 3253 2378 3310 turbatus
2426 3254 2687 3322 inquirit.
2751 3254 2852 3308 Cui
2887 3268 3021 3308 mox
3076 3253 3186 3318 ille,
3243 3251 3580 3306 habitudine
3633 3265 3812 3320 quam

2105 3349 2433 3398 consuescet
2465 3341 2639 3407 illata,
2671 3341 2838 3410 quasi
2878 3355 3145 3398 reverens
3172 3354 3238 3395 ac
3271 3339 3649 3409 pudibundus
3681 3339 3764 3394 ait
3792 3356 3804 3391 ;

2110 3451 2138 3481 «
2161 3431 2362 3487 Nonne
2393 3444 2482 3486 me
2529 3430 2726 3485 nosti?
2761 3451 2788 3478 ››
2823 3430 2893 3484 At
2927 3429 3041 3497 ille,
3075 3427 3253 3484 veluti
3305 3435 3470 3484 vetus
3495 3427 3606 3482 sibi
3638 3427 3811 3482 inno-

2112 3528 2347 3575 varetur
2377 3518 2769 3588 opprobrium,
2819 3517 2998 3574 multo
3037 3516 3294 3572 severius
3339 3516 3542 3571 infert:
3581 3538 3601 3562 ε
3641 3515 3807 3580 Novi,

2109 3607 2378 3677 inquit.»
2436 3607 2657 3674 Quibus
2708 3607 3016 3676 utrobique
3071 3605 3325 3674 prolatis,
3376 3618 3482 3658 nec
3527 3602 3625 3658 ille
3687 3611 3812 3673 post

2107 3695 2615 3766 interrogationem
2697 3694 2919 3764 aliquid
2999 3692 3484 3763 percunctationis
3561 3691 3814 3747 attexuit

2107 3800 2213 3840 nec
2244 3786 2344 3841 iste
2389 3786 2689 3855 quidpiam
2731 3785 3016 3854 responsis
3069 3783 3294 3853 adjecit.
3331 3782 3468 3848 Quae
3500 3783 3810 3852 apparitio,

2107 3883 2394 3943 quantum
2435 3875 2506 3930 ad
2554 3875 2843 3930 hominem
2895 3874 3168 3942 quamvis
3217 3872 3397 3928 otiosa
3454 3870 3647 3938 fuerit,
3697 3872 3813 3926 Deo

2108 3969 2302 4018 tamen
2339 3963 2724 4032 dispensante,
2749 3961 3026 4030 quiddam
3051 3959 3212 4014 nobis
3241 3973 3352 4014 non
3377 3958 3553 4013 otiose
3583 3957 3807 4012 innuit.-

2107 4051 2400 4106 diabolum
2460 4050 2721 4106 videlicet
2782 4065 2897 4105 non
2937 4049 3212 4104 obliviose
3255 4048 3575 4115 praeterisse
3621 4046 3807 4102 homi-

2109 4154 2258 4207 nem,
2292 4140 2387 4194 sed
2436 4155 2506 4194 ex
2539 4140 2662 4209 ipsa
2690 4139 2781 4194 sui
2806 4139 3128 4194 ostensione
3155 4145 3209 4191 et
3228 4134 3435 4191 effectu
3475 4134 3813 4190 enuntiasse

2107 4227 2246 4296 quid
2296 4227 2561 4293 voluerit,
2584 4235 2639 4283 et
2660 4227 2883 4282 silentio
2919 4225 3250 4295 prodidisse,
3281 4232 3424 4294 quia
3455 4225 3807 4293 nequiverit.

305 4312 473 4367 homo
526 4311 690 4373 idem,
741 4311 933 4367 liberae
962 4312 1154 4368 adhuc
1178 4313 1416 4369 rationis
1436 4313 1671 4380 intuitu,
1704 4317 1859 4384 quod
1888 4331 1996 4371 ex-
2035 4311 2078 4364 D
2109 4315 2255 4382 Quid
2289 4315 2454 4385 plura
2476 4315 2505 4370 7
2536 4315 2740 4384 Rediit,
2779 4314 2875 4370 sed
2931 4328 3037 4369 nec
3082 4314 3227 4368 inter
3286 4312 3646 4388 redeundum
3680 4313 3808 4367 dia-

303 4399 596 4456 secrabilis
624 4401 762 4456 adeo
820 4415 856 4455 a
911 4415 969 4456 se
1007 4401 1136 4457 ﬁdei
1200 4403 1484 4459 traductio
1531 4412 1858 4473 peteretur;
1898 4408 1993 4463 sed

305 4489 656 4546 tolerabilius
702 4489 1000 4560 judicabat
1051 4489 1392 4547 Christianis
1434 4493 1638 4548 ofﬁciis
1682 4494 1989 4564 abstinere,

301 4593 478 4649 quam
506 4577 686 4648 ipsius
713 4579 1067 4634 credulitatis
1094 4578 1468 4636 fundamento
1493 4594 1705 4637 carere.

370 4665 632 4736 Denique
650 4681 754 4722 nec
770 4681 950 4733 mora,
983 4667 1041 4722 in
1070 4675 1298 4723 tantum
1331 4667 1618 4735 fraternae,
1650 4678 1993 4740 suggerente

299 4753 570 4823 maligno,
629 4755 1034 4823 suppeditatur
1074 4754 1127 4810 ei
1156 4758 1560 4824 opportunitas
1616 4758 1870 4825 ultionis,
1929 4767 1993 4815 ut

297 4841 790 4897 crebrescentibus
831 4845 1065 4898 omnino
1093 4853 1511 4913 superarentur
1562 4846 1668 4902 viri
1701 4855 1834 4902 vota
1872 4848 1994 4903 for-

300 4930 473 4985 tunis.
507 4931 570 4984 In
602 4930 877 5000 huncque
939 4931 1172 4988 modum
1219 4934 1559 4990 succedente
1607 4935 1877 5003 remedio,
1920 4935 1992 4991 ab

297 5017 453 5073 illius
495 5017 686 5073 animo
711 5018 1152 5076 oblitterabatur
1181 5021 1390 5077 sensim
1415 5023 1676 5078 maeroris
1704 5008 1989 5090 atrocitas,

295 5119 430 5161 cum
459 5113 651 5162 tamen
683 5106 913 5162 interim
941 5108 1100 5164 nullo
1152 5109 1319 5165 modo
1350 5124 1441 5166 res
1480 5119 1854 5180 praesumeret
1882 5111 1992 5167 sibi

296 5205 332 5247 a
395 5193 622 5250 diabolo
670 5202 950 5253 attentare
1004 5198 1345 5267 prohibitas.
1390 5199 1533 5255 Cum
1577 5200 1796 5255 interea
1842 5199 1990 5256 anti-

297 5293 451 5349 quus
494 5281 766 5339 humanae
804 5291 1028 5342 natura:
1071 5287 1249 5343 hostis
1287 5288 1487 5344 sedulo
1544 5288 1726 5344 eidem
1773 5288 1992 5345 homini

293 5381 590 5436 apparere,
647 5385 752 5426 nec
801 5373 990 5440 modo,
1041 5383 1106 5431 ut
1150 5376 1374 5442 assolet,
1429 5376 1794 5432 solitudinem
1840 5378 1985 5447 ejus,

295 5463 396 5510 aut
426 5465 638 5513 secreta
685 5461 966 5530 aucupari
1024 5462 1164 5530 loca,
1201 5465 1296 5520 sed
1325 5463 1384 5518 in
1426 5463 1614 5520 media
1632 5465 1802 5520 etiam
1825 5466 1987 5538 vulgi

293 5543 535 5600 astantis
585 5545 930 5616 frequentia,
991 5549 1374 5621 improvidum
1419 5551 1610 5608 subito
1656 5553 1981 5623 convenire,

2106 4403 2272 4460 bolus
2323 4419 2382 4459 se
2425 4403 2506 4458 illi
2556 4402 2995 4472 conspicabilem
3051 4415 3302 4471 usquam
3334 4400 3806 4470 importunumve

2103 4493 2364 4563 praebuit.
2422 4493 2494 4547 At
2541 4506 2608 4547 eo
2656 4491 2812 4546 domi
2863 4491 3193 4557 constituto,
3256 4489 3460 4546 nefarii
3506 4489 3804 4545 confestim

2101 4581 2321 4638 consilii
2398 4580 2703 4636 miserabili
2755 4594 3011 4650 personae
3087 4580 3464 4635 resuscitatur
3529 4592 3804 4646 assessor,

2101 4679 2166 4726 ut
2196 4672 2296 4726 vix
2345 4684 2529 4739 pauca
2583 4677 2838 4738 tempora
2887 4669 2960 4724 ab
3007 4667 3806 4738 hujusmodicommonitorio

2103 4759 2304 4814 feriata
2366 4758 2570 4813 forent.
2607 4777 2634 4809 ει
2688 4758 2932 4815 Possunt
2973 4757 3233 4812 homines
3279 4756 3352 4811 ab
3398 4755 3486 4810 his
3541 4770 3693 4825 quos
3721 4771 3804 4813 ve.

2102 4855 2304 4903 rentur
2358 4845 2678 4902 interstitiis
2745 4845 3044 4914 aliquibus
3099 4843 3404 4914 disparari,
3449 4857 3666 4914 eosque
3730 4845 3799 4899 ab

2101 4935 2604 5006 inquietudinibus
2649 4934 2949 4990 conclavia
3012 4947 3120 4989 sua
3176 4933 3536 5002 parietesque
3593 4933 3800 4988 distin-

2101 5032 2320 5095 guunt;
2354 5023 2711 5093 spiritualem
2768 5037 2908 5078 vero
2965 5022 3284 5091 nequitiam
3335 5035 3442 5076 nec
3484 5023 3797 5090 prasentize

2102 5113 2445 5182 populorum
2496 5127 2600 5168 nec
2632 5111 2990 5168 munimenta
3042 5109 3430 5166 claustrorum
3472 5123 3507 5164 a
3536 5109 3660 5166 suis
3699 5125 3795 5166 ex-

2099 5201 2368 5257 cursibus
2391 5210 2608 5257 arcent.
2649 5223 2675 5249 »

2169 5291 2298 5346 Viro
2327 5289 2505 5360 igitur
2539 5289 2616 5344 illi
2645 5289 2786 5344 adeo
2817 5287 3185 5344 individuum
3235 5286 3576 5356 perpetienti
3621 5295 3794 5358 atque

2100 5377 2384 5433 lethaliter
2431 5375 2744 5432 fastidienti
2795 5376 3094 5443 latronem,
3137 5375 3228 5431 die
3271 5374 3526 5444 quadam
3561 5374 3790 5430 obvium

2097 5465 2308 5520 habere
2345 5464 2586 5535 contigit
2614 5465 2925 5534 quemdam
2960 5464 3168 5520 Christi
3203 5463 3580 5527 sacerdotem,
3609 5463 3790 5518 scien-

2099 5554 2196 5620 tia,
2246 5553 2617 5624 benignitate,
2674 5567 2741 5610 ac
2794 5553 2887 5623 pia
2918 5552 3205 5609 hilaritate
3258 5552 3643 5623 pracipuum,
3693 5567 3786 5608 no-
