3902 6082
157 284 264 337 82f

1231 283 1452 339 GESTA
1491 283 1607 337 DEI
1647 281 1788 337 PER
1824 280 2168 352 FRANCOS.
2194 311 2260 319 —
2285 280 2420 336 LIB.
2464 280 2605 338 VIII.

3562 284 3667 338 822

154 412 323 469 mine
351 412 660 470 Cononem.
712 412 819 469 Cui
863 427 1018 480 cum,
1058 414 1374 470 secundum
1423 413 1691 484 temporis
1731 425 1862 482 qua
1901 410 1950 466 A
1978 410 2243 481 opusculi
2292 410 2505 467 referre
2547 408 2850 480 principio,
2885 408 3164 479 quosdam
3212 408 3315 481 qui
3343 409 3667 481 Hierosoly-

158 510 311 557 tunc
330 509 452 557 erat
479 501 807 573 angustiam
841 501 965 573 (suo
985 502 1137 557 enim
1168 503 1416 572 quisque
1446 501 1864 557 sollicitabatur

158 589 417 657 itinere),
454 603 581 644 eam
629 602 806 658 quam
842 589 1166 658 patiebatur
1210 590 1656 659 exprompsisset
1688 591 1861 646 mise-

158 677 335 740 riam,
361 677 493 732 data
524 690 625 746 pro
656 677 774 731 loco
803 676 1188 733 consolatione
1220 679 1307 732 vir
1336 678 1520 733 bonus
1560 679 1650 734 ille
1684 692 1860 749 quam

158 763 371 833 potuit,
403 770 457 817 et
498 770 731 831 accepta
776 765 1076 833 sponsione
1128 765 1196 819 de
1251 764 1460 831 reditu,
1521 765 1759 821 dimisit.
1791 771 1859 820 At

157 854 360 902 tamen
389 846 790 902 cruentissima
822 847 939 902 fera
974 862 1085 902 non
1135 848 1313 914 siluit,
1354 850 1448 903 sed
1499 849 1859 906 creberrima

159 935 396 991 interim
427 936 706 992 lenocinio
745 936 1030 992 suasionis
1078 936 1304 993 irritare
1350 952 1465 992 non
1510 938 1693 993 desiit.
1744 938 1859 994 Nec

154 1038 345 1091 mora,
380 1024 568 1089 homo,
601 1025 991 1080 molestiarum
1022 1034 1077 1080 et
1107 1039 1249 1095 pene
1282 1026 1631 1096 quotidiana
1675 1027 1858 1081 inter-1

155 1111 486 1181 pellationis
536 1112 857 1183 impatiens,
922 1113 990 1169 ad
1044 1113 1325 1169 medicum
1381 1114 1565 1180 rediit,
1628 1114 1856 1169 confes-

150 1200 317 1256 sione
370 1202 440 1256 ad
504 1216 719 1271 purum
766 1201 916 1257 facta
971 1202 1362 1271 panitentiam
1429 1202 1585 1257 omni
1645 1202 1854 1259 affectu

146 1286 412 1356 suscipit,
467 1294 540 1354 et,
600 1294 886 1357 suscepta,
960 1295 1352 1343 exsecutorem
1414 1287 1713 1357 proprium
1751 1289 1855 1343 de-

146 1374 353 1444 inceps
399 1389 708 1445 nunquam
750 1375 911 1431 vidit.
961 1375 1106 1430 Ecce
1166 1375 1261 1444 pia
1315 1375 1422 1430 ista
1470 1376 1853 1446 peregrinatio

146 1476 464 1531 pensemus
493 1471 779 1534 quantum
812 1463 1059 1519 valuerit
1090 1464 1265 1533 puris,
1301 1478 1431 1534 qua
1457 1472 1679 1520 tantum
1707 1470 1853 1519 attu-

146 1549 283 1607 lerit
308 1552 497 1607 tutela
527 1565 594 1607 ac
625 1551 953 1608 securitatis
980 1551 1243 1620 impuris.

222 1657 452 1729 [XXX]
488 1658 619 1724 Qua
620 1658 873 1728 fortiter
889 1656 952 1712 in
977 1656 1206 1712 Oriente
1222 1661 1385 1730 gesta
1404 1662 1558 1726 sunt,
1588 1659 1700 1713 soli
1728 1660 1849 1713 Deo

147 1744 476 1801 tribuenda.
534 1778 603 1788 ~—
660 1747 892 1804 Constat
949 1762 1185 1817 quoque
1247 1748 1697 1804 consideratione
1762 1747 1847 1804 di~

142 1833 516 1904 gnissimum,
549 1849 663 1890 non
689 1834 813 1891 sine
844 1848 906 1891 re
936 1835 1006 1891 ab
1039 1833 1217 1905 hujus
1251 1835 1439 1906 gratia
1486 1835 1849 1904 profectionis

149 1934 320 1991 reges
384 1922 655 1992 abjectos,
721 1936 792 1979 ne
874 1937 1129 1992 persona
1203 1923 1464 1979 videlicet
1524 1925 1850 1994 spectabilis

146 2010 477 2066 sublimitas
513 2010 750 2068 effectus
779 2011 886 2067 sibi
918 2012 1212 2067 videretur
1249 2026 1519 2083 arrogare
1549 2026 1844 2082 supernos.

145 2099 337 2170 Igitur
389 2098 597 2155 calesti
631 2099 873 2155 Domino
907 2100 1202 2156 referenda
1233 2100 1362 2157 laus
1387 2108 1490 2168 est,
1535 2116 1601 2157 ac
1659 2103 1848 2160 homi-

142 2189 241 2244 nis
274 2189 513 2244 tacenda
557 2188 805 2258 penitus.
841 2189 964 2245 Non
998 2195 1077 2245 tot
1136 2189 1369 2245 militias
1421 2190 1634 2249 ducum
1666 2193 1850 2263 coegit

140 2276 411 2347 quilibet,
468 2286 571 2333 aut
638 2277 846 2333 meruit
916 2277 1256 2347 triumphos.
1323 2279 1523 2334 Panos
1592 2280 1847 2350 Regulus

142 2364 375 2421 obtudit
424 2365 682 2430 rebelles,
744 2364 871 2420 laus
925 2366 983 2421 in
1025 2380 1156 2421 eum
1187 2365 1360 2421 studii
1413 2366 1675 2422 refertur.
1720 2366 1847 2423 Ale-

137 2452 369 2508 xander
429 2467 607 2522 agens
656 2454 775 2509 an
820 2468 1001 2524 regna
1028 2454 1323 2523 stragibus
1358 2454 1678 2510 immodicis
1713 2454 1844 2510 fati-

143 2554 312 2610 gans,
370 2541 562 2612 Magni
612 2542 917 2611 pravaluit
979 2557 1183 2612 parare
1230 2558 1459 2598 nomen.
1494 2543 1617 2608 Hic,
1658 2557 1845 2600 comes

143 2628 487 2698 Stephanus,
516 2620 608 2686 cui
643 2631 825 2686 indita
862 2630 1052 2687 fuerat
1085 2633 1232 2686 sacri
1279 2632 1569 2688 exercitus
1613 2646 1844 2687 summa

142 2718 409 2786 curandi,
462 2719 630 2788 quasi
690 2734 822 2789 qua
879 2720 983 2775 soli
1040 2720 1439 2790 competebant
1465 2721 1579 2776 Deo
1611 2728 1845 2776 temera-

143 2805 266 2862 rius
318 2814 674 2876 usurpasset,
709 2822 776 2863 ac
802 2807 847 2863 si
880 2808 1129 2879 ignavia
1171 2808 1589 2864 condemnatus
1636 2808 1843 2879 abjici—

142 2901 259 2962 tur,
308 2901 364 2950 et
424 2895 593 2967 Hugo
649 2896 915 2967 Magnus,
949 2896 1127 2952 veluti
1168 2897 1338 2952 homo
1390 2896 1532 2967 regii
1567 2897 1836 2964 nominis,

1972 499 2259 556 mitanum
2303 499 2491 556 adorsi
2520 499 2868 555 videbantur
2899 497 3026 567 iter,
3061 498 3202 554 illud
3233 500 3388 569 quod
3445 500 3666 569 Apulos

1969 589 2350 659 Epirotasque
2380 588 2619 654 dirimit,
2656 588 2856 643 locatis
2884 587 3155 657 pupibus,
3207 602 3409 657 aquor
3438 588 3665 659 ingres-

1967 693 2077 747 sos,
2105 688 2178 746 et,
2214 686 2410 735 utrum
2445 677 2797 748 inexplorato
2814 691 2932 732 sese
2952 677 3342 732 commiserint
3364 676 3528 744 mari,
3563 691 3662 732 seu

1967 767 2195 822 carinas
2224 766 2403 821 nimia
2433 766 2521 821 sui
2556 765 2964 821 numerositate
3007 765 3404 833 depresserint,
3450 765 3659 831 nescio,

1965 861 2186 909 constat
2229 861 2419 908 tamen
2468 861 2765 908 sexcentos
2813 866 2953 921 pene
3015 850 3130 905 illic
3177 853 3373 907 navim
3428 848 3663 923 fregisse

1966 939 2141 995 viros.
2186 940 2293 1004 Qui
2344 939 2839 1008 intercipientibus
2877 953 3074 993 omnes
3112 938 3217 993 sali
3268 940 3484 995 turbidi
3541 955 3663 1009 pro-

1964 1025 2120 1081 cellis
2150 1026 2350 1094 enecti,
2396 1040 2501 1081 nec
2558 1039 2739 1093 mora,
2798 1025 3148 1095 impatientis
3194 1034 3337 1081 astu
3368 1026 3553 1097 pelagi
3585 1027 3657 1081 ad

1963 1114 2350 1170 continentem
2383 1114 2568 1183 ejecti,
2609 1129 2674 1169 eo
2703 1114 2826 1182 ipso
2870 1114 3070 1183 quoin
3114 1113 3302 1181 birris,
3358 1115 3543 1184 palliis
3591 1129 3660 1170 ac

1962 1202 2176 1257 tunicis
2206 1202 2286 1257 uti
2322 1210 2740 1257 consueverant
2786 1202 3062 1268 universi,
3117 1203 3175 1257 in
3206 1203 3509 1273 superficie
3543 1218 3660 1259 sca-

1962 1290 2247 1360 pularum.
2276 1295 2412 1344 sunt
2442 1288 2695 1359 insignes
2748 1290 2939 1345 crucis
2998 1291 3160 1361 signo
3213 1296 3443 1361 reperti.
3500 1293 3657 1356 Quod

1960 1391 2191 1433 sacrum
2239 1376 2449 1447 stigma
2507 1376 2788 1433 divinitus
2842 1379 2957 1434 cuti
3015 1392 3214 1434 eorum
3267 1380 3516 1448 potuisse
3564 1380 3662 1435 im-

1963 1465 2154 1535 primi,
2183 1465 2255 1519 ob
2286 1465 2539 1533 ipsorum
2574 1463 2704 1519 fidei
2731 1465 3079 1521 evidentiam
3123 1466 3458 1533 faciendam,
3490 1481 3658 1523 nemo

1960 1553 2088 1609 licet
2144 1552 2324 1607 fidelis
2381 1552 2657 1622 ambigat,
2709 1561 2902 1609 tamen
2944 1553 2995 1608 ei
3039 1554 3141 1624 qui
3182 1554 3289 1609 hoc
3336 1557 3578 1624 scripsit,
3609 1556 3657 1611 si

1960 1639 2198 1697 advivit.
2252 1640 2488 1696 sollicite
2528 1642 2889 1709 pensandum
2929 1650 3035 1711 est,
3070 1656 3143 1697 an
3202 1656 3291 1698 res
3338 1643 3418 1699 ita
3473 1658 3533 1699 se
3558 1644 3658 1699 ha-

1886 1703 1930 1759 B
1960 1732 2107 1788 beat.
2163 1730 2284 1788 Via
2340 1731 2495 1787 enim
2528 1703 2706 1802 hujus
2764 1746 2897 1787 cum
2947 1703 3407 1790 Christianarum
3438 1734 3657 1804 ubique

1956 1818 2213 1891 gentium
2248 1819 2669 1889 percrebuisset
2700 1819 2953 1887 initium,
2985 1827 3040 1875 et
3070 1821 3126 1875 id
3157 1834 3272 1876 non
3302 1822 3424 1878 sine
3458 1822 3656 1879 divina

1957 1908 2076 1963 fieri
2109 1907 2404 1963 voluntate
2434 1920 2536 1977 per
2566 1907 2891 1962 Romanum
2934 1908 3283 1965 clamaretur
3321 1909 3648 1979 imperium,

1955 1996 2197 2067 quilibet
2252 2004 2524 2052 extrema
2591 1995 2962 2066 vulgaritatis
3029 1997 3308 2064 homines,
3370 2006 3425 2053 et
3479 1998 3651 2052 etiam

1955 2084 2254 2141 muliebris
2283 2083 2617 2154 indignitas,
2649 2083 2755 2139 hoc
2776 2084 2885 2139 sibi
2936 2090 3014 2139 tot
3043 2085 3249 2153 modis,
3280 2093 3359 2141 tot
3389 2085 3651 2155 partibus

1955 2186 2311 2243 usurpavere
2357 2171 2726 2226 miraculum.
2782 2171 2885 2226 Hic
2938 2171 3231 2242 paulisper
3280 2172 3531 2228 intextas
3576 2186 3648 2227 ex

1954 2262 2271 2318 suffusione
2315 2259 2619 2330 sanguinis
2646 2259 2818 2328 rigas,
2854 2260 3044 2315 crucis
3069 2268 3354 2323 astruens,
3397 2267 3648 2316 ostenta-

1953 2351 2050 2407 bat
2105 2350 2163 2404 in
2203 2348 2405 2405 oculo:
2444 2347 2549 2403 iste
2578 2346 2947 2417 pupillarem,
2977 2361 3095 2418 qua
3117 2348 3262 2404 fade
3292 2349 3645 2416 cacutiebat,

1953 2438 2262 2504 maculam,
2295 2437 2471 2493 eundi
2502 2437 2609 2493 sibi
2650 2437 3155 2493 commonitorium
3185 2438 3513 2509 perhibens,
3547 2452 3649 2507 pro

1949 2527 2158 2583 calesti
2185 2525 2496 2582 exhibebat
2529 2524 2782 2581 oraculo.
2834 2525 3015 2589 Alius,
3053 2534 3154 2582 aut
3215 2540 3499 2582 novorum
3547 2541 3647 2596 po-

1952 2630 2176 2672 morum
2224 2613 2429 2681 succis,
2490 2627 2592 2669 seu
2650 2614 2911 2684 quolibet
2967 2629 3173 2687 genere
3220 2614 3360 2684 fuci,
3412 2615 3647 2672 cuilibet

1950 2703 2246 2775 particula
2305 2703 2560 2773 corporis
2612 2702 2959 2759 moliebatur
3015 2704 3262 2773 speciem
3321 2704 3529 2772 crucis,
3580 2712 3646 2759 ut

1950 2793 2097 2848 sicut
2120 2791 2421 2847 oculorum
2449 2790 2723 2846 subsellia
2755 2791 2912 2863 pingi
2936 2791 3318 2860 solentstibio,
3354 2793 3431 2847 ita
3464 2791 3645 2847 divini

1952 2880 2011 2935 in
2045 2895 2103 2936 se
2131 2878 2459 2950 spectaculi,
2496 2878 2583 2934 vel
2621 2879 2833 2935 vireret
2852 2879 2939 2935 vel
2964 2880 3214 2947 ruberet,
3246 2879 3451 2936 fraude
3496 2880 3645 2936 facta

137 2966 558 3053 sequestratur.
618 2966 803 3040 Pulsis
838 2998 974 3055 ergo
1004 2983 1202 3054 magni
1231 2966 1478 3038 nominis
1508 2984 1752 3052 umbris,
1779 2992 1835 3040 et
1871 2973 1912 3027 C
1940 2976 1995 3026 θῐ
2025 2967 2361 3024 commentis
2397 2966 2661 3023 οεῐθηεὶοι

136 3071 235 3126 cui
257 3070 611 3128 innitebatur
642 3073 892 3142 potentia
922 3081 1182 3139 extrusa,
1219 3074 1317 3127 uni
1339 3071 1460 3142 jam
1496 3072 1838 3130 incumbens

137 3158 240 3215 Dei
284 3159 557 3229 subsidio,
590 3160 833 3230 pusillus
888 3174 1029 3231 grex
1082 3161 1171 3216 ille
1225 3162 1521 3227 remansit,
1561 3169 1634 3227 et,
1672 3169 1733 3218 ut
1762 3162 1830 3218 ad

136 3260 259 3303 rem
290 3256 526 3304 ventum
552 3256 658 3314 est,
690 3250 1009 3306 secundum
1050 3249 1364 3319 Scriptura
1414 3249 1654 3316 dictum,
1718 3265 1855 3307 non-

132 3349 210 3393 ex
235 3349 461 3405 genere,
497 3336 592 3392 sed
637 3336 883 3408 eligente
931 3339 1062 3400 Deo.
1108 3359 1135 3387 «
1171 3338 1609 3407 Insuspicabilis
1656 3347 1836 3409 porta-

133 3428 219 3479 vit
261 3424 527 3481 diadema
557 3425 766 3497 (Ecclz'.
800 3441 878 3493 xt,
936 3426 1016 3497 5).
1076 3448 1104 3475 »
1158 3428 1441 3482 Honorem
1498 3427 1693 3496 itaque
1744 3427 1832 3484 sui

132 3513 385 3570 nominis
433 3515 602 3579 Deus,
665 3514 767 3585 qui
816 3514 951 3570 facit
1008 3514 1318 3581 mirabilia,
1370 3514 1571 3571 nolens
1612 3516 1817 3571 deferr.

135 3601 321 3669 alteri,
374 3602 493 3671 ipse
516 3602 672 3659 solus
698 3603 822 3658 dux
841 3601 969 3673 ejus
999 3603 1126 3667 fuit,
1162 3603 1279 3672 ipse
1323 3603 1494 3670 rexit,
1553 3603 1669 3673 ipse
1699 3618 1831 3659 cor-

133 3688 307 3756 rexit,
338 3689 454 3760 ipse
484 3690 556 3746 ad
585 3690 950 3746 efficientiam
998 3698 1181 3760 coepta
1211 3690 1441 3755 direxit,
1494 3691 1611 3760 ipse
1642 3693 1833 3748 bucu-

136 3790 295 3846 sque.
343 3790 522 3848 regna
578 3778 849 3848 porrexit.
900 3778 1097 3849 Agnos
1152 3778 1348 3849 igitur,
1389 3793 1462 3835 ex
1504 3778 1658 3848 lupis
1686 3793 1833 3849 quos

128 3863 363 3931 fecerat,
389 3864 447 3919 in
469 3879 574 3921 suo
595 3879 711 3920 non
741 3879 940 3921 eorum
976 3866 1210 3921 brachio
1231 3867 1621 3937 congregavit,
1667 3867 1833 3922 sinus

127 3952 222 4008 sui
262 3951 509 4009 tuitione
538 3953 773 4021 levavit,
811 3954 919 4024 pia
966 3955 1086 4023 spei
1145 3953 1357 4025 gaudio
1411 3953 1571 4022 fetos,
1596 3954 1668 4010 ad
1698 3969 1831 4024 qua

128 4038 601 4095 desideraverant
631 4038 878 4095 videnda
911 4038 1178 4109 portavit.

806 4170 1032 4228 CAPUT
1054 4172 1153 4227 IX.

2018 3055 2340 3112 Meminerit
2392 3055 2570 3111 lector
2611 3054 2837 3111 abbatis
2895 3054 3071 3121 illius,
3107 3070 3281 3125 quem
3330 3070 3508 3125 supra
3548 3072 3643 3112 re-

1943 3144 2049 3202 tuli
2103 3144 2223 3216 (lib.
2278 3159 2353 3211 IV,
2413 3157 2539 3213 cap.
2588 3144 2643 3213 '7)
2696 3143 2845 3199 ferro
2889 3143 3000 3199 sibi
3028 3143 3324 3214 scalpsisse
3375 3144 3639 3212 frontem,

1942 3240 1998 3289 et
2039 3247 2212 3305 quem
2246 3232 2609 3302 postmodum
2642 3231 2889 3287 dixerim
2919 3231 3135 3288 factum
3168 3230 3443 3289 Casarea
3471 3233 3644 3289 Pala-

1942 3322 2107 3378 stina
2140 3321 2482 3391 pontificem.
2525 3321 2721 3376 Testor
2751 3320 2953 3387 Deum,
2989 3335 3097 3387 me,
3135 3321 3413 3377 Bellovaci
3457 3336 3557 3392 per
3586 3322 3640 3376 id

1940 3409 2212 3479 temporis
2242 3410 2640 3475 constitutum,
2676 3407 2886 3463 vidisse
2915 3408 2987 3464 ad
3020 3423 3079 3464 se
3099 3423 3351 3464 versum.
3370 3409 3639 3478 obliqua-

1944 3504 2026 3553 tas
2052 3496 2486 3567 aliquantulum
2540 3495 2630 3551 die
2664 3496 2849 3551 media
2876 3496 3081 3563 nubes,
3114 3504 3178 3552 ut
3205 3496 3307 3551 vix
3339 3498 3639 3567 quidpiam

1939 3585 2132 3654 majus
2161 3597 2340 3652 quam
2384 3589 2485 3637 aut
2513 3581 2695 3652 gruis,
2720 3590 2821 3638 aut
2847 3581 3093 3652 speciem
3122 3583 3459 3639 viderentur
3487 3599 3636 3655 pra-

1941 3671 2141 3727 tulisse
2190 3669 2443 3737 ciconia,
2495 3684 2626 3726 cum
2649 3684 2796 3736 ecce,
2834 3684 3063 3726 crucem
3096 3670 3320 3727 calitus
3348 3671 3454 3729 sibi
3478 3673 3638 3727 'mis-

1933 3774 2057 3818 sam
2087 3757 2329 3815 urbana
2363 3757 2573 3828 passim
2609 3771 2773 3813 voces
2805 3757 3239 3814 conclamavere
3270 3758 3631 3829 frequentia.

1938 3846 2270 3905 Ridiculum
2301 3852 2385 3901 est
2411 3844 2564 3915 quod
2596 3842 2805 3911 dicam,
2849 3843 2946 3899 sed
3004 3858 3117 3899 non
3147 3844 3404 3900 ridiculis
3433 3853 3637 3901 aucto-

1937 3937 2100 3993 ribus
2156 3949 2273 3990 rem
2325 3933 2644 4004 probatam.
2701 3932 3041 3989 Muliercula
3093 3933 3359 4002 quadam
3415 3934 3474 3989 in
3530 3935 3637 3990 hoc

1936 4025 2122 4093 ipsum
2154 4021 2481 4092 promoveri
2544 4028 2794 4091 coeperat
2845 4020 2972 4076 iter.
3027 4020 3215 4084 Quam
3243 4021 3408 4078 novis
3448 4022 3635 4078 nescio

1938 4111 2153 4182 quibus
2178 4109 2519 4166 rudimentis
2578 4109 2854 4176 imbutus,
2883 4117 3088 4178 prater
3132 4108 3330 4165 inertis
3360 4111 3500 4182 jura
3524 4125 3633 4167 na-

1938 4207 2104 4267 tura,
2166 4198 2577 4254 versabundus
2632 4197 3092 4268 prosequebatur
3144 4212 3332 4254 anser.
3380 4197 3447 4254 Et
3483 4213 3630 4267 ecce,

200 4280 460 4357 [XXXL]
500 4283 828 4341 FuIchen’us
866 4284 1228 4341 Carnofensis
1245 4285 1592 4358 suggillatur
1620 4289 1677 4341 et
1704 4303 1827 4342 cor-
1866 4268 1911 4322 D
1939 4287 2093 4344 fama
2118 4285 2319 4343 volans
2359 4287 2621 4357 Pegaseis
2650 4285 2901 4341 motibus
2961 4294 3109 4353 acta,
3138 4294 3193 4342 et
3225 4293 3415 4343 castra
3445 4289 3633 4357 reple-

122 4369 357 4443 rigitur.
384 4375 430 4425 l.
463 4374 742 4427 Asserem
770 4373 971 4445 plures
993 4389 1161 4428 cruce
1188 4372 1463 4429 divinitus
1499 4374 1822 4447 insignitas,

123 4458 439 4532 refellitur.
503 4492 572 4499 —
627 4461 928 4518 Prasentis
978 4460 1229 4517 historia
1291 4464 1537 4533 corpori,
1592 4472 1826 4520 auctore

124 4546 334 4603 mundi
382 4549 648 4619 propitio,
681 4550 924 4620 posituri
963 4550 1164 4616 calces,
1202 4549 1570 4606 Fulcberium
1615 4567 1825 4622 quem-

122 4636 285 4702 dam,
354 4637 761 4694 Carnotensem
821 4638 1261 4709 presbyterum,
1325 4644 1474 4693 44¢
1531 4640 1632 4710 qui
1694 4640 1823 4697 Bal-

121 4722 292 4779 duini
324 4724 478 4793 apud
528 4726 795 4782 Edessam
830 4726 994 4783 ducis
1020 4725 1241 4782 dudum
1273 4727 1605 4797 capellanus
1648 4729 1823 4785 exsti-

122 4820 293 4875 terat,
327 4814 594 4883 quadam
626 4831 756 4887 qua
785 4831 889 4872 nos
918 4817 1208 4872 latuerant
1237 4815 1368 4877 alia.
1401 4816 1625 4873 diverse
1650 4818 1824 4875 etiam

121 4914 157 4955 a
186 4899 356 4956 nobis
385 4900 600 4972 aliqua,
625 4903 723 4959 sed
755 4917 959 4973 pauca,
991 4904 1226 4972 hacque
1244 4901 1523 4959 fallaciter
1542 4910 1597 4959 et
1623 4905 1824 4961 scabro

121 4995 189 5045 ut
210 4988 422 5056 cateri,
440 5004 720 5058 sermone,
743 4990 1374 5061 fudissecomperimus.
1399 4990 1579 5062 Cujus
1591 4991 1695 5048 etsi
1710 5007 1824 5049 non

120 5075 343 5142 omnia,
381 5078 662 5133 nonnulla
697 5086 885 5134 tamen
916 5078 1251 5150 detegenda,
1286 5086 1341 5134 et
1371 5078 1510 5135 huic
1534 5079 1825 5136 schedula

122 5164 588 5234 compaginanda
608 5167 959 5223 censuimus.
984 5166 1128 5224 Cum
1139 5166 1295 5222 enim
1314 5166 1404 5222 vir
1420 5167 1595 5223 isdem
1609 5168 1826 5238 ampul-

124 5250 212 5306 las
241 5258 299 5307 et
318 5252 743 5323 sesquipedalia
773 5254 951 5311 verba
981 5254 1243 5325 projiciat
1274 5254 1441 5323 (Hon.
1477 5257 1552 5309 Α.
1600 5256 1664 5310 Ρ.
1708 5256 1820 5325 97),

122 5346 179 5395 et
206 5337 430 5395 luridos
462 5340 726 5398 inanium
783 5343 1140 5397 schematum
1197 5342 1414 5399 colores
1469 5344 1821 5416 exporrigat,

122 5425 288 5482 nuda
319 5427 459 5483 mihi
511 5444 703 5485 rerum
755 5437 1047 5502 gestarum
1092 5429 1302 5485 exinde
1349 5429 1517 5486 libuit
1568 5429 1825 5486 membra

122 5515 436 5586 corripere,
466 5516 698 5587 meique
724 5518 1150 5589 qualiscunque
1179 5517 1395 5590 eloquii
1426 5533 1611 5585 sacco,
1639 5518 1824 5589 potius

124 5616 308 5673 quam
328 5612 609 5674 pratexta
636 5614 958 5665 contexere.
991 5606 1214 5665 Dicitur
1236 5607 1296 5664 in
1325 5608 1437 5677 sui,
1483 5608 1593 5664 nisi
1633 5606 1817 5676 fallor,

1938 4376 2021 4432 vit
2083 4382 2140 4432 et
2188 4375 2383 4443 urbes,
2438 4389 2473 4430 a
2519 4375 2633 4431 Deo
2680 4374 2753 4430 ad
2826 4373 3183 4430 Hierusalem
3240 4375 3632 4431 redimendam

1932 4465 2106 4521 etiam
2159 4477 2391 4520 anseres
2427 4463 2758 4519 destinatos.
2822 4463 2937 4519 Nec
2992 4470 3218 4518 tantum
3271 4463 3633 4518 deferebatur

1932 4552 2161 4608 mulieri
2209 4552 2448 4619 misera,
2509 4558 2572 4607 ut
2598 4551 2724 4621 ipsa
2754 4565 3016 4607 anserem
3065 4551 3392 4618 ductitaret,
3425 4551 3521 4606 sed
3562 4565 3630 4606 ea

1934 4640 2067 4696 duci
2104 4639 2397 4696 ferebatur
2427 4639 2500 4695 ab
2534 4653 2754 4695 ansere.
2786 4638 2949 4706 Quod
2976 4640 3052 4693 ita
3095 4637 3387 4694 Cameraci
3429 4639 3630 4708 proba-

1934 4736 2060 4785 tum
2090 4735 2196 4795 est,
2230 4735 2314 4795 ut,
2344 4735 2531 4784 stante
2562 4727 2698 4783 hinc
2727 4735 2783 4783 et
2812 4726 2945 4783 inde
2973 4726 3206 4797 populo,
3248 4740 3352 4798 per
3380 4728 3626 4784 mediam

1932 4816 2229 4874 ecclesiam
2285 4815 2495 4872 mulier
2549 4816 2621 4871 ad
2679 4815 2859 4871 altare
2912 4815 3258 4885 procederet,
3291 4822 3347 4871 et
3399 4830 3569 4871 anser
3598 4831 3629 4872 e

1934 4904 2175 4976 vestigio
2227 4904 2491 4960 mulieris
2540 4916 2574 4959 a
2607 4911 2783 4974 tergo,
2815 4902 2976 4959 nullo
3015 4903 3375 4972 sollicitante,
3431 4919 3623 4961 succe-

1932 4993 2109 5050 deret.
2142 4992 2250 5069 Qui
2280 4992 2514 5063 quidem
2547 4992 2699 5047 intra
2728 4991 3160 5064 Lotharingiam
3193 5007 3345 5062 mox,
3379 5002 3443 5050 ut
3470 5009 3626 5051 com-

1932 5082 2206 5152 perimus,
2234 5080 2389 5137 obita
2432 5080 2537 5136 sibi
2572 5087 2752 5136 morte
2783 5079 3060 5144 decessit;
3100 5081 3203 5150 qui
3232 5095 3369 5136 sane
3415 5083 3627 5139 rectius

1935 5168 2288 5225 Hierusalem
2339 5169 2490 5235 isset,
2550 5168 2617 5230 si,
2672 5168 2854 5238 pridie
2909 5181 3088 5238 quam
3149 5167 3620 5240 proficisceretur,

1933 5272 2054 5313 sua
2124 5258 2377 5329 seipsum
2422 5256 2667 5312 domina
2729 5257 2871 5312 festa
2930 5255 3197 5311 convivia
3264 5257 3621 5325 prabnissct.

1932 5344 2089 5413 Quod
2124 5353 2301 5402 totum
2334 5346 2405 5401 ob
2436 5344 2543 5400 hoc
2564 5357 2596 5398 a
2622 5343 2788 5400 nobis
2821 5342 3067 5399 historia
3096 5343 3289 5399 veraci
3325 5344 3622 5415 attexitur,
3688 5411 3700 5419 α

1933 5442 1998 5491 ut
2028 5433 2375 5490 senoverint
2423 5432 2642 5503 quique
2690 5431 3082 5498 commonitos,
3127 5454 3155 5479 ‹‹
3197 5438 3484 5503 quatenus
3532 5449 3627 5491 ne.

1934 5535 2255 5592 quaquam,
2318 5521 2426 5576 fide
2474 5519 2634 5591 vulgi
2692 5519 2903 5578 fabulis
2949 5520 3247 5588 attributa,
3301 5520 3629 5580 Christiana

1937 5610 2192 5681 gravitas
2222 5609 2522 5679 levigetur.
2564 5628 2585 5655 ι
