3902 6082
277 325 384 378 823

1192 317 1253 369 V.
1295 313 1626 372 GUIBERTI
1662 314 1955 369 ABBATIS
1982 314 2046 369 Β.
2089 314 2330 371 ΜΑΒΙΑΕ
2366 313 2456 366 DE
2495 312 2890 371 NUVIGENTO

3686 311 3806 367 824

355 451 643 526 [XXXIL]
671 448 933 507 Secundo
967 449 1170 520 Pyrro,
1199 450 1262 501 ut
1290 446 1661 502 Antiochiam
1705 446 1971 508 traderet,
2010 447 2057 498 Α
2086 445 2237 500 rium
2287 445 2517 516 linguas
2572 459 2770 501 omnes
2832 451 3147 515 acceperat,
3203 443 3434 514 propria
3510 441 3809 498 dentibus

288 537 569 596 Christum
596 531 959 605 apparuisse,
977 529 1279 601 falsitatis
1306 531 1589 602 arguitur.
1622 559 1694 571 —
1722 531 1980 600 Denique

288 638 493 684 rursus
530 622 680 678 idem
718 620 980 691 perhibet
1009 627 1230 687 auctor,
1269 621 1446 689 Pyrro
1494 619 1813 675 Antiochiae
1844 632 1981 688 pro-

2089 533 2347 589 membra
2386 533 2694 589 disciderit.

2161 621 2469 696 [XXXIV].
2494 623 2704 689 Quarto
2733 621 2791 677 in
2821 621 3116 678 obsidione
3149 619 3518 677 Antiochena
3543 618 3815 675 rutilum

288 712 458 771 ditori
523 711 705 766 Deum
755 707 1134 778 apparuisse;
1192 716 1247 763 et
1312 716 1373 763 ut
1433 708 1669 763 Francis
1723 707 1983 776 proderet
2072 710 2554 781 jubarcrucisin
2574 711 2804 765 modum
2834 709 3613 782 apparuisse.—Praaterea
3643 708 3804 764 dum

290 802 490 859 urbem
547 798 606 853 iu
661 797 877 853 visione
928 796 1185 867 jussisse.
1245 795 1430 852 Facile
1480 796 1586 851 hoc
1626 795 1677 851 ei
1723 795 1830 851 fuit
1881 795 1983 864 qui

290 889 428 944 Cain
466 894 522 943 et
553 890 710 957 Agar
756 899 815 941 se
871 884 1205 950 audibilem,
1230 894 1282 939 et
1321 883 1761 953 conspicabilem
1811 883 1985 938 asinae

290 976 564 1048 angelum
597 973 862 1045 praebuit.
891 973 1108 1030 Verum
1146 988 1344 1028 omnes
1390 974 1490 1042 qui
1522 981 1720 1028 sancta
1757 971 1987 1028 civitate

291 1075 518 1135 recepta
575 1064 814 1130 rediere,
847 1069 902 1117 et
955 1060 1058 1131 qui
1112 1076 1286 1131 super
1336 1061 1507 1131 gestis
1552 1060 1624 1115 ad
1677 1074 1781 1115 nos
1815 1060 1987 1115 rebus

290 1154 562 1224 epistolas
616 1152 897 1211 direxere.
969 1151 1252 1220 praecipue
1310 1150 1576 1204 Ansellus
1632 1150 1700 1204 de
1766 1149 1989 1204 Bibodi-

294 1251 504 1308 monte,
554 1240 633 1295 nil
683 1239 797 1295 tale
849 1238 1066 1305 dixere,
1118 1238 1228 1292 imo
1280 1252 1381 1293 nec
1460 1238 1619 1307 Pyrri
1685 1237 1774 1292 vir
1841 1237 1987 1292 idem

296 1332 640 1387 mentionem
697 1327 924 1392 habuit,
955 1326 1052 1382 sed
1086 1340 1120 1380 a
1150 1326 1333 1382 tribus
1373 1340 1499 1381 eam
1531 1326 1759 1382 civibus
1805 1325 1990 1380 tradi-

294 1428 413 1474 tam
443 1416 674 1473 ntinime
706 1415 902 1472 tacuit.
933 1415 999 1469 In
1031 1428 1149 1483 qua
1201 1414 1371 1469 etiam
1406 1413 1650 1469 refertur
1678 1412 1834 1483 quod
1881 1427 1990 1467 an—

297 1515 529 1576 tequam
585 1513 697 1560 tres
747 1502 824 1557 illi
882 1516 1140 1572 proceres
1204 1502 1273 1556 de
1307 1501 1468 1579 urbis
1508 1501 1793 1556 deditione
1845 1501 1993 1556 serio

300 1595 721 1659 tractavissent,
769 1592 1018 1647 fucatam
1086 1590 1295 1646 nostris
1368 1590 1704 1645 obtulerunt
1772 1603 1990 1659 pacem,

300 1683 644 1753 spondentes
682 1695 803 1737 sese
845 1681 1170 1735 reddituros
1199 1678 1458 1748 proxime
1487 1678 1797 1733 civitatem.
1856 1678 1994 1744 Qua:

2091 801 2151 854 in
2173 798 2467 855 obsidione
2507 800 2865 855 Aulim-liena
2903 806 3225 864 morantur,
3275 795 3505 863 astruit,
3539 795 3657 851 nisi
3700 795 3816 850 fal-

2096 888 2197 951 lor,
2234 895 2406 942 noctu
2444 887 2706 954 rutilum,
2745 889 2799 941 iu
2850 886 3083 941 modum
3136 885 3303 956 ignis,
3357 898 3533 954 super
3573 883 3818 939 exerci-

2094 985 2218 1032 tum
2271 976 2572 1031 emicuisse
2612 975 2808 1046 jubar.
2866 985 2922 1031 et
2972 975 3240 1044 speciem,
3303 973 3461 1028 haud
3506 971 3817 1043 ambigua

2097 1066 2300 1132 forma,
2354 1066 2564 1134 pariter
2594 1064 2925 1120 exhibuisse
2952 1062 3159 1119 crucis.
3196 1062 3358 1127 Quod
3401 1061 3630 1131 quique
3685 1060 3816 1114 illic

2095 1153 2421 1222 sapientum
2453 1153 2782 1208 incendium
2841 1151 2913 1206 ad
2958 1151 3105 1207 bella
3151 1149 3395 1205 retulere
3439 1149 3667 1214 futura,
3708 1146 3819 1202 ubi

2097 1250 2288 1297 tamen
2345 1249 2509 1307 esset,
2561 1241 2717 1310 quod
2772 1254 2920 1296 crux
2976 1240 3269 1294 videretur
3324 1238 3584 1303 innuere,
3647 1242 3820 1290 certa

2098 1330 2273 1395 salus,
2313 1338 2367 1385 et
2410 1343 2751 1385 successura
2808 1328 3065 1384 victoria.
3116 1329 3230 1382 Hoc
3281 1341 3395 1381 non
3444 1324 3815 1389 refellimus;

2100 1418 2156 1473 id
2186 1418 2353 1488 plane
2388 1417 2696 1474 uberrimis
2745 1414 3082 1473 testimoniis
3133 1414 3511 1484 approbatur.
3549 1413 3694 1478 Hoc,
3723 1412 3817 1467 iu-

2100 1519 2298 1573 quam,
2334 1505 2611 1561 rimarum
2640 1504 2843 1574 plenus
2868 1505 3070 1573 poterit
3090 1501 3335 1557 tacuisse
3349 1501 3658 1555 Parmeno.
3699 1496 3819 1552 Nec

2100 1592 2373 1648 dissimile
2404 1593 2543 1662 quid
2575 1592 2724 1647 inter
2754 1591 2877 1661 ipsa
2908 1590 3014 1645 viae
3034 1589 3213 1660 hujus
3239 1589 3399 1643 initia
3430 1585 3696 1642 constitit
3726 1599 3821 1639 ac-

2105 1680 2326 1747 cidisse,
2386 1681 2540 1751 quod
2598 1679 2834 1750 quidem
2889 1679 3155 1748 superius
3207 1692 3361 1743 cum,
3422 1675 3493 1730 de
3550 1673 3816 1729 motibus

304 1740 507 1828 mutuo
537 1770 671 1825 data
698 1769 975 1824 securitas
998 1767 1055 1822 in
1086 1740 1311 1822 tantum
1340 1765 1541 1829 valuit,
1567 1775 1631 1822 ut
1655 1767 1805 1821 intra
1834 1740 1995 1822 urbis
2033 1740 2077 1795 Β
2107 1740 2419 1836 eclypti'cis‘
2440 1775 2495 1823 et
2550 1740 2824 1834 siderum,
2871 1740 2981 1836 qui.
3022 1765 3180 1819 visus
3229 1771 3314 1820 est
3349 1740 3419 1834 [Γ.
3469 1761 3582 1818 visi
3625 1763 3814 1827 suntj,

303 1857 515 1914 mcenia
544 1857 847 1927 aliquoties
875 1857 944 1912 de
970 1856 1204 1911 Francis
1232 1855 1583 1924 exciperent,
1629 1856 1837 1925 suique
1865 1869 1998 1911 cum

302 1946 513 2001 nostris
563 1943 970 2000 conventicula
1025 1943 1230 1998 crebra
1286 1943 1607 1998 miscerent.
1660 1943 1808 1998 Dum
1862 1957 2000 2013 ergo

302 2034 593 2090 exercitus
622 2033 818 2089 minus
844 2033 991 2087 inter
1025 2032 1130 2087 ista
1157 2031 1288 2098 sibi,
1321 2031 1612 2087 nimietate
1654 2030 1996 2094 securitatis,

304 2122 589 2194 invigilat,
625 2121 920 2191 praetensis
951 2120 1124 2176 Turci
1155 2119 1376 2175 insidiis
1405 2120 1686 2189 quosdam
1716 2134 1787 2175 ex
1820 2120 1999 2174 Fran-

308 2210 390 2266 cis
435 2210 793 2276 interimunt,
841 2224 946 2264 nec
993 2209 1100 2278 ipsi
1143 2215 1331 2263 tamen
1382 2208 1677 2263 indemnes
1720 2208 1996 2263 existunt.

310 2298 392 2355 lbi
422 2298 731 2369 quemdam
761 2297 937 2353 nostri
956 2296 1201 2368 egregiae
1224 2294 1704 2365 indolisjuvenem
1725 2296 1824 2366 qui
1845 2296 2000 2365 apud

310 2401 503 2458 regem
558 2387 910 2442 Francorum
971 2399 1160 2440 comes
1232 2382 1442 2440 stabuli
1506 2383 1710 2450 fuerat,
1772 2384 2003 2439 nomine

310 2475 629 2542 Walonem,
662 2475 955 2529 amittunt.

387 2561 697 2636 [XXXIIL]
734 2559 924 2616 Tertio
949 2560 1213 2615 lanceam
1246 2557 1609 2614 Dominicam
1637 2575 2002 2630 respuens.—

312 2653 547 2706 Lanceae
601 2650 914 2706 Dominicte
949 2648 1341 2704 inventionem
1392 2662 1615 2703 cassare
1666 2648 1897 2715 dicitur,
1950 2657 2005 2704 et

313 2739 454 2808 quia
504 2737 734 2793 falsitati
776 2736 1063 2793 obnoxius
1117 2743 1259 2803 erat,
1317 2736 1603 2792 hominem
1663 2736 2003 2793 damnatum

317 2825 653 2896 prtesumpti
687 2825 836 2895 ignis
886 2824 1187 2880 adustione
1214 2832 1474 2880 testatur.
1517 2824 1621 2880 Cui
1665 2839 1782 2880 non
1840 2825 2004 2881 modo

313 2927 486 2983 super
530 2914 635 2968 hac
664 2927 724 2968 re
757 2913 1159 2969 modernorum
1221 2912 1541 2968 testimonia
1599 2912 2001 2983 refragantur;

315 3003 412 3058 scd
438 3000 610 3057 etiam
641 3000 1010 3056 vetustissimi
1043 3001 1264 3070 quique
1304 3000 1412 3056 fide
1443 2999 1770 3070 plenissima
1816 3001 2005 3070 stipu-
2043 3033 2083 3089 ρ

315 3090 513 3146 lantur
559 3088 735 3158 quod,
790 3103 922 3144 cum
967 3088 1101 3143 olim
1139 3089 1259 3144 loca
1298 3096 1497 3144 sancta
1523 3097 1878 3158 expeterent,
1912 3103 2009 3145 an-

318 3187 550 3248 tequam
581 3175 754 3233 Turci
785 3176 1033 3232 Orientis
1056 3190 1124 3231 ac
1158 3175 1336 3245 Syriae
1389 3190 1568 3247 regna
1608 3177 2005 3246 pervaderent,

316 3267 575 3323 eamdem
609 3265 666 3321 in
691 3264 888 3321 eadem
938 3264 1081 3320 urbe
1126 3263 1385 3320 lanceam
1427 3265 1667 3321 adorare
1713 3265 2007 3322 deoscula-

320 3353 486 3425 rique
522 3352 785 3409 solerent.
815 3352 1095 3423 Nunquid
1143 3366 1278 3407 nam
1329 3339 1612 3409 Fulcherii
1672 3354 2004 3423 presbyteri,

319 3442 454 3513 qui,
478 3447 627 3497 448
667 3441 875 3497 nostris
904 3442 1059 3511 apud
1086 3440 1448 3497 Antiochiam
1493 3441 1641 3498 fame
1692 3442 2013 3511 periclitan-

320 3530 493 3595 tibus,
549 3529 784 3586 feriatus
821 3529 1173 3600 epulabatur
1204 3529 1451 3598 Edessaa,
1500 3537 1580 3585 tot
1610 3530 2006 3599 prudentium,

318 3618 422 3688 qui
449 3618 758 3675 interfuere
784 3617 921 3674 dum
969 3617 1337 3687 reperiretur,
1390 3617 1635 3689 ingeniis
1670 3618 2008 3687 praevalebit

320 3705 596 3779 argutia?
626 3721 761 3762 cum
785 3707 955 3761 etiam
990 3704 1328 3773 Balduinus,
1359 3706 1460 3776 qui
1495 3713 1619 3775 post
1658 3719 1851 3778 regem
1883 3707 2011 3763 Bal-

319 3795 567 3852 duinum
597 3794 825 3850 Edessa:
874 3793 1119 3863 przefatae
1158 3794 1405 3864 praefuit,
1455 3795 1512 3849 in
1559 3808 1664 3850 sua
1712 3794 1785 3849 ad
1816 3795 2012 3851 archi-

318 3883 654 3953 episcopum
686 3884 1001 3937 Manassem
1051 3882 1389 3951 proﬁteatur
1420 3882 1671 3952 epistola,
1716 3897 1851 3940 cum
1883 3898 2009 3940 eam

322 3971 486 4027 beato
515 3970 804 4026 revelante
823 3970 1057 4026 Andrea
1083 3980 1388 4040 repertam,
1420 3975 1546 4027 tum
1596 3984 1631 4026 a
1660 3972 1868 4027 nostris
1899 3986 2013 4028 au-

320 4058 567 4124 daciam,
599 4065 798 4114 contra
853 4058 1067 4114 Turcos
1090 4058 1425 4129 ingruentes
1445 4059 1764 4128 praeliandi,
1800 4060 2013 4116 fiducia

322 4147 502 4216 ipsius
525 4145 853 4202 admissam.
887 4146 1050 4202 Sicne
1075 4148 1394 4216 spectabilis
1438 4147 1728 4204 Podiensis
1754 4148 1847 4204 ille
1885 4150 2014 4220 epi-

321 4249 530 4305 scopus
572 4234 886 4305 desipuisse
926 4235 1248 4306 putabitur,
1283 4244 1347 4292 ut
1377 4237 1574 4291 incerti
1611 4236 1858 4293 nominis
1887 4237 2011 4293 lan-

2109 1855 2367 1925 lapsibus
2405 1854 2689 1925 loquerer,
2738 1869 2828 1909 me
2875 1853 3112 1924 contigit
3161 1851 3496 1922 preterisse.
3547 1849 3815 1915 Quadam

2107 1943 2259 1998 enim
2291 1943 2470 1999 aestivi
2502 1943 2612 1998 diei
2665 1942 2987 2012 vespertina
3034 1941 3287 1996 irruente
3327 1940 3488 2007 hora,
3522 1945 3696 1994 tanta
3746 1937 3815 1991 ab

2110 2032 2399 2102 aquilonis
2436 2031 2607 2102 plaga
2657 2029 3033 2102 conflagratio
3064 2028 3356 2100 apparuit,
3400 2035 3463 2084 ut
3504 2027 3753 2099 plurimi
3787 2040 3818 2080 e

2109 2119 2373 2176 domibus
2387 2121 2632 2190 propriis
2662 2133 2781 2175 sese
2795 2119 3172 2189 proriperent,
3206 2124 3533 2187 quaerentes
3566 2115 3817 2185 quinam

2112 2208 2300 2263 hostes
2332 2208 2661 2278 provincias
2684 2221 2819 2263 suas
2858 2207 2997 2262 adeo
3038 2206 3201 2277 gravi
3227 2203 3595 2260 ambustione
3624 2209 3819 2258 vasta-

2111 2304 2255 2351 rent.
2287 2296 2425 2362 Quze
2448 2297 2643 2352 omnia
2674 2296 3003 2352 futurorum
3034 2294 3314 2350 exstitisse
3344 2300 3611 2363 portenta
3640 2291 3818 2347 bello—

2112 2398 2263 2451 rum,
2302 2383 2537 2440 indubie
2585 2385 2918 2440 retinemus.
2969 2384 3043 2438 At
3085 2383 3207 2454 jam
3249 2383 3340 2438 his
3371 2379 3617 2448 omissis,
3682 2394 3817 2449 qua:

2112 2472 2353 2541 carptim
2386 2471 2692 2528 delibanda
2721 2472 3071 2540 censuimus,
3107 2470 3398 2527 relationis
3438 2468 3643 2525 seriem
3684 2482 3814 2538 pro-

2114 2572 2446 2629 sequamur.

2187 2735 2464 2809 [XXXV.j
2506 2737 2720 2791 Iterum
2750 2648 3396 2807 ἀξῗὶιέᾗεξίψηίἰαηω
3421 2732 3685 2790 civitatis
3713 2733 3821 2787 ob—

2113 2821 2351 2878 sidione.
2392 2853 2443 2863 -
2508 2822 3032 2893 Hierosolymorum
3079 2824 3261 2894 igitur
3308 2822 3509 2877 civitas
3556 2821 3816 2885 obsessa,

2114 2910 2359 2979 exprimi
2388 2925 2501 2966 non
2536 2916 2957 2982 potestquanta
3007 2912 3078 2967 sit
3123 2911 3338 2967 civium
3388 2923 3626 2965 suorum
3685 2909 3817 2963 ani-

2115 2997 2376 3052 mositate
2434 3000 2684 3055 defensa.
2743 2999 2978 3056 Videres
3033 3006 3235 3054 contra
3284 2996 3538 3053 balearia
3595 2996 3818 3050 instru-

2117 3101 2327 3161 menta,
2355 3087 2575 3157 quibus
2605 3094 3002 3158 compererant
3045 3100 3187 3141 saxa
3221 3086 3503 3155 torqueri,
3550 3084 3819 3140 trabibus

2116 3182 2381 3251 obtegere
2424 3191 2643 3244 muros,
2691 3184 2865 3246 atque
2916 3174 3172 3245 psiathiis
3204 3174 3429 3230 Graecos
3476 3174 3637 3242 ignes
3697 3171 3817 3241 inji-

2117 3284 2242 3325 cere
2276 3266 2578 3333 machinis,
2611 3264 2926 3335 przesertim
2958 3262 3059 3334 qui
3092 3262 3346 3319 materiei
3378 3261 3625 3330 inopiam
3654 3259 3813 3314 difﬁ-

2117 3358 2387 3413 cultatem
2431 3353 2750 3410 maximam
2807 3360 3087 3408 noverant
3134 3350 3480 3418 obsidionis;
3538 3349 3633 3404 sed
3674 3348 3811 3418 quia

2121 3445 2363 3501 Francia
2411 3440 2786 3513 praeminebat
2846 3439 3116 3510 ingeniis,
3174 3439 3397 3494 furores
3446 3436 3671 3507 ignium
3735 3448 3815 3490 τε-

2118 3532 2333 3604 spersio
2392 3537 2558 3587 curat
2606 3517 2772 3604 (ceti,
2822 3537 2877 3584 et
2925 3535 3215 3598 praeacuta
3245 3527 3386 3582 falce
3429 3524 3726 3589 reciditur,
3766 3523 3812 3577 si

2119 3532 2333 3604 spersio
2392 3537 2558 3587 curat
2606 3528 2772 3687 ﬂecti,
2822 3537 2877 3584 et
2925 3535 3215 3598 praeacuta
3245 3528 3386 3582 falce
3429 3528 3726 3589 reciditur,
3766 3528 3812 3577 si

2119 3621 2261 3692 quid
2300 3619 2618 3692 videretur_
2659 3615 2962 3688 ependisse
3012 3629 3112 3686 pro
3143 3615 3343 3671 muris.
3377 3614 3565 3670 Uncos
3602 3612 3817 3668 ferreos

2120 3684 2306 3780 longis
2331 3684 2640 3771 hastilibus
2680 3684 2922 3771 addunt,
2949 3684 3165 3774 quibus
3195 3710 3407 3758 nostra
3437 3701 3615 3771 partis
3640 3713 3674 3755 e
3700 3713 3820 3754 ma-

2121 3798 2826 3870 chinis.,propugnantes
2896 3793 3161 3848 loricatos
3242 3790 3605 3860 corripiunt;
3683 3801 3818 3858 quae

2121 3887 2301 3945 nostri
2321 3883 2700 3942 mucronibus
2724 3880 2956 3948 exertis,
3006 3894 3108 3950 pro
3152 3878 3456 3935 hastilibus
3488 3876 3666 3933 fustes
3696 3877 3821 3932 red-

2120 3976 2287 4032 dunt.
2319 3972 2426 4030 Sed
2454 3972 2513 4027 in
2541 3986 2607 4027 eo
2627 3970 2718 4027 vel
2748 3970 2999 4025 maxime
3029 3968 3478 4024 Sarracenorum
3507 3965 3819 4021 vehemens

2123 4063 2478 4136 probabatur
2532 4059 2827 4126 instantia,
2862 4059 3004 4129 quia
3057 4057 3103 4113 si
3134 4070 3306 4127 quem
3362 4067 3601 4110 suorum
3638 4054 3820 4108 conti-

2122 4152 2294 4223 gisset
2345 4147 2755 4206 ictuanostris
2804 4148 2993 4214 obrui,
3052 4145 3301 4217 percussi
3348 4144 3613 4214 cylpeum
3666 4141 3817 4197 dicto

2120 4238 2292 4295 citius
2318 4236 2615 4294 constabat
2645 4236 2719 4292 ab
2743 4235 2855 4292 alio
2906 4235 3051 4306 rapi,
3084 4241 3141 4291 et
3189 4233 3248 4288 in
3287 4231 3507 4298 eodem,
3535 4228 3692 4285 unde
3726 4229 3816 4285 ille

317 4338 480 4379 ceam
531 4322 641 4379 sub
713 4330 871 4379 tanta
923 4324 1244 4381 reverentia
1303 4324 1491 4391 ferret,
1537 4323 1677 4380 dum
1738 4324 2017 4381 adversus
2054 4328 2341 4390 Druerat,
2372 4322 2493 4379 loco
2515 4320 2780 4377 constitui
2830 4320 2955 4391 [al.,
3005 4317 3273 4391 restitui],
3308 4324 3370 4374 ut
3399 4315 3608 4372 nostris
3655 4315 3815 4371 dare-

320 4412 620 4469 Curbaran
651 4426 1070 4484 congressurus
1097 4410 1436 4483 egreditur?
1486 4411 1570 4467 lbi
1602 4420 1751 4468 certe
1792 4420 2014 4469 constat

320 4499 597 4569 quiddam
629 4500 997 4557 memorabile
1014 4499 1248 4567 factum,
1267 4499 1421 4570 quod
1451 4499 1684 4567 scilicet,
1705 4500 1845 4557 dum
1875 4501 2016 4557 Cur-

321 4586 500 4642 baran
523 4586 673 4643 idem
705 4586 896 4643 berbaa
920 4587 1109 4659 ignem
1135 4586 1397 4657 jussisset
1418 4587 1645 4658 subjici,
1686 4589 2014 4660 praesulque

320 4674 468 4732 idem
524 4676 880 4732 Francorum
910 4676 982 4731 ad
1027 4675 1177 4731 bella
1234 4675 1668 4745 properantium
1713 4678 2010 4748 conspice-

319 4771 407 4820 ret
459 4776 561 4819 ora
625 4777 693 4818 ac
743 4763 940 4819 oculos
997 4762 1343 4832 proﬂuentes
1396 4763 1541 4818 fumi
1597 4763 1872 4821 densitate
1900 4764 2016 4820 suf-

320 4848 505 4917 fundi,
558 4849 693 4904 hinc
740 4862 961 4904 sacram
1022 4848 1329 4919 przeferens
1377 4848 1656 4918 lanceam,
1730 4850 1861 4906 inde
1921 4850 2014 4920 pia

320 4936 560 4993 dextera
615 4943 814 4991 contra
867 4942 1222 5006 emergentes
1276 4935 1519 4992 nebulas
1547 4938 1738 4993 crucis
1771 4938 2014 5008 pingens

318 5025 587 5096 effigiem,
646 5024 743 5080 ubi
795 5023 931 5079 Jesu
986 5024 1392 5094 omnipotentis
1447 5024 1710 5081 flebiliter
1754 5024 2015 5080 evocavit

319 5110 630 5178 auxilium,
663 5111 814 5167 dicto
842 5109 1103 5179 celerius,
1156 5112 1214 5167 in
1271 5126 1367 5169 eos
1396 5112 1497 5183 qui
1528 5113 1856 5180 amiserant,
1888 5113 2014 5182 ejus

320 5199 503 5270 pietas
540 5198 670 5255 tetri
712 5197 944 5268 vaporis
1008 5200 1230 5256 retorsit
1285 5199 1543 5271 globum.
1587 5200 1782 5268 Porro,
1842 5199 1887 5255 si
1945 5200 2014 5256 de

320 5288 636 5344 inventoris
679 5287 914 5344 interitu
943 5287 1155 5358 agitur,
1189 5287 1292 5359 qui
1321 5288 1543 5358 aliquot
1570 5294 1694 5358 post
1732 5287 1883 5357 ignis
1919 5302 2015 5344 ex-

321 5375 656 5451 perientiam
718 5376 970 5433 traditur
1031 5377 1245 5433 vixisse
1290 5376 1513 5443 diebus,
1569 5376 1767 5442 fateor,
1824 5376 2011 5432 dicam

321 5464 605 5535 quomodo
633 5465 735 5522 iste
764 5463 990 5531 obierit,
1042 5465 1111 5522 de
1142 5480 1258 5536 quo
1289 5465 1572 5522 incertum
1601 5473 1686 5520 est
1733 5478 1807 5520 an
1845 5464 2014 5522 laesus

321 5552 512 5617 fuerit,
567 5551 612 5605 si
642 5553 793 5609 dicat
815 5552 953 5608 mihi
986 5566 1091 5610 cur
1122 5554 1190 5623 is,
1224 5554 1324 5625 qui
1353 5553 1508 5624 apud
1530 5553 1763 5611 beatum
1794 5554 2011 5627 Grego-

2124 4419 2221 4467 tur
2265 4411 2338 4466 ad
2367 4409 2456 4466 sui
2488 4409 2977 4465 exanimationem
3028 4406 3266 4477 intelligi
3298 4405 3584 4460 neminem
3614 4417 3814 4459 eorum

2118 4499 2370 4570 jactibus
2398 4496 2547 4553 laedi.

2197 4586 2465 4661 [XXXVI
2474 4584 2510 4655 .]
2536 4586 2679 4656 Ipsa
2707 4586 2767 4638 in
2792 4583 3111 4640 obsessione
3141 4581 3507 4638 Boemundus
3530 4594 3649 4635 non
3678 4579 3812 4634 ade-

2120 4677 2235 4731 rat.
2291 4673 2442 4730 Petit
2479 4672 2978 4744 Hierosolymam.
3032 4702 3101 4712 —
3153 4671 3413 4728 Feliciter
3451 4669 3627 4741 igitur
3674 4668 3813 4724 urbe

2121 4771 2307 4833 capta,
2350 4762 2719 4818 Boemundus
2754 4761 2855 4832 qui
2889 4760 3224 4829 Antiochiae,
3269 4760 3437 4827 fame,
3488 4757 3808 4817 cruoribus.

2122 4865 2189 4906 ac
2232 4850 2444 4922 frigore
2491 4850 2867 4915 Francorum,
2917 4848 3246 4904 obtinuerat
3278 4845 3615 4916 principari,
3662 4844 3810 4913 apud

2120 4953 2269 5005 eam,
2351 4938 2568 4993 caeteris
2654 4936 3170 5008 proficiscentibus,
3230 4935 3434 4990 maluit
3521 4932 3806 4993 remorari,

2122 5041 2297 5098 quam
2347 5040 2451 5097 pro
2500 5027 2633 5082 Jesu
2677 5025 2904 5080 Domini
2942 5024 3191 5095 sepulcri
3234 5022 3571 5079 liberatione
3600 5021 3807 5097 vexari.

2121 5114 2191 5169 Et
2220 5113 2361 5169 dum
2385 5112 2675 5169 contendit
2700 5111 2886 5183 inepte
2906 5126 3011 5182 pro
3044 5113 3219 5168 unius
3238 5110 3378 5167 tedis
3408 5108 3809 5176 turriculaeque

2120 5200 2396 5263 custodia.
2431 5198 2700 5269 praeteriti
2732 5198 2820 5255 sui
2855 5198 3111 5255 universi
3135 5197 3344 5254 laboris
3375 5196 3629 5252 fructum
3657 5196 3809 5250 visus

2120 5297 2203 5345 est
2233 5288 2493 5344 amisisse
2518 5295 2574 5345 et
2614 5287 2844 5360 gaudia.
2889 5286 3037 5355 Quid
3084 5287 3237 5343 enim
3280 5285 3385 5342 sibi
3436 5284 3651 5354 profuit
3679 5297 3806 5339 cur—

2122 5391 2268 5444 rere,
2302 5377 2399 5433 ubi
2429 5376 2706 5446 consequi
2741 5375 2927 5431 noluit
2957 5372 3488 5445 comprehendere?
3530 5372 3800 5431 Attamen.

2121 5465 2262 5536 quia
2290 5466 2569 5521 hactenus
2611 5463 2889 5520 exercitui
2940 5461 3234 5519 Dominico
3266 5461 3585 5531 plurimum
3615 5460 3805 5517 emolu-

2122 5554 2297 5611 menti
2328 5553 2505 5608 armis
2547 5552 2789 5608 contulit
2844 5559 3017 5622 atque
3049 5550 3304 5617 consilio,
3353 5563 3470 5605 non
3497 5556 3584 5605 est
3624 5549 3803 5605 absur-
