3938 6082
157 361 265 416 825

1223 357 1453 416 GESTA
1489 358 1606 413 DEI
1645 358 1782 413 PER
1820 356 2161 414 FRANCOS.
2189 387 2259 398 —
2285 357 2415 413 LIB.
2455 357 2599 413 VIII.

3560 359 3670 413 826

165 491 302 548 dum
343 487 542 560 paucis
586 487 837 559 qualiter
891 487 1149 545 intexere
1202 489 1369 545 illum
1407 488 1710 560 contigerit
1757 487 1851 543 illo
1893 494 1933 543 A
1967 497 2209 558 petrata,
2244 490 2373 545 fecit
2421 490 2733 544 Carnotum
2785 487 2911 559 ejus
2945 487 3181 557 nuptias
3211 488 3267 543 in
3298 500 3512 559 magna
3543 487 3671 557 glo-

163 577 266 633 ire.
316 578 401 634 Ad
451 576 797 633 Belduinum
854 576 1049 648 itaque
1086 577 1436 633 Edessenum
1469 577 1751 648 legatione
1780 576 1858 632 di-

1968 578 2076 632 ria.
2116 576 2330 632 Deinde
2375 576 2432 632 in
2480 576 2787 646 Appuliam
2827 589 3141 647 regressus,
3184 589 3458 645 magnam
3499 571 3668 645 regni

167 674 337 733 recta,
386 665 652 722 sollicitat
705 673 769 720 ut
812 679 1007 720 secum
1061 665 1275 734 pariter
1331 665 1404 720 ad
1484 664 1851 720 iuvisendum
1965 667 2580 738 Coustantinopolitani
2628 667 2988 737 imperatoris
3014 674 3231 736 partem
3262 665 3367 721 sibi
3417 665 3667 735 subegit,

166 753 477 810 Salvatoris
515 753 851 824 sepulcrum
901 754 1111 809 veniat.
1166 755 1291 822 Ipse
1319 754 1530 809 etenim
1562 767 1677 808 non
1708 766 1854 807 ava-

165 841 313 898 ritia
340 842 596 909 obtentu,
631 842 726 897 sed
765 842 1012 911 propria
1038 841 1285 896 civitatis
1306 840 1547 896 tuitione
1578 848 1854 907 retentus,

167 930 301 986 urbi
355 930 617 986 similiter
676 944 1049 1000 nequaquam
1088 928 1419 984 obsidenda
1462 936 1855 985 concurrerat.

165 1018 625 1075 Christianorum
677 1019 844 1088 plane
877 1018 999 1087 ipsa
1027 1024 1150 1073 erat
1183 1016 1405 1081 civitas,
1437 1025 1492 1072 et
1531 1017 1861 1087 circumpo-

168 1108 291 1163 sita
373 1106 706 1178 gentilitatis
780 1107 932 1162 vires
979 1106 1179 1162 crebro
1232 1106 1558 1175 patiebatur
1604 1105 1856 1161 infestas.

165 1194 431 1264 Cumque
462 1195 552 1250 vir
588 1195 765 1251 isdem
807 1208 865 1249 se
894 1193 1289 1263 spopondisset
1320 1194 1562 1257 iturum,
1595 1193 1864 1249 conﬂatis

166 1282 373 1351 utique
403 1283 669 1352 equitum
700 1282 1074 1351 peditumque
1112 1280 1290 1351 copiis
1321 1281 1674 1352 ingentibus,
1711 1295 1864 1350 pra-

171 1371 367 1426 sertim
416 1384 549 1426 cum
572 1371 653 1425 eis
684 1370 1045 1426 incumberet
1086 1384 1203 1425 non
1249 1370 1415 1425 modo
1472 1383 1861 1440 quorumque,

169 1459 269 1515 sed
313 1458 600 1529 contigua
631 1458 866 1513 omnino
914 1458 1307 1514 universitatis
1354 1464 1558 1525 metus,
1604 1458 1865 1513 Hieroso-

170 1546 519 1615 lymitanum
550 1554 686 1601 sunt
716 1546 824 1601 iter
847 1546 1041 1601 adorsi
1092 1546 1358 1616 Cumque
1396 1546 1761 1615 singulorum
1805 1546 1862 1600 in

171 1634 344 1691 simul
372 1634 768 1700 contubernia,
805 1635 1223 1700 convenissent,
1258 1642 1313 1689 et
1334 1633 1538 1704 viginti
1566 1634 1867 1690 hominum

171 1721 352 1777 millia
382 1722 559 1777 ferme
589 1721 964 1791 complessent
992 1719 1143 1776 inter
1174 1720 1434 1777 eundum
1472 1735 1568 1777 eos
1618 1721 1867 1776 crudelis

169 1810 513 1866 victualium
557 1819 939 1881 coangustare
966 1810 1138 1880 coepit
1167 1818 1407 1880 egestas,
1458 1817 1523 1865 ut
1575 1824 1679 1864 nec
1704 1823 1862 1865 esca-
1904 1782 1950 1839 Β

171 1912 305 1954 rum
337 1897 702 1954 condimenta
736 1897 892 1967 pani,
927 1911 1116 1967 neque
1148 1905 1475 1967 suppeteret
1502 1902 1657 1951 419
1706 1898 1871 1967 panis

169 1986 244 2042 ad
273 1999 448 2042 escas.
480 1985 914 2042 Provinciarum
946 1999 1171 2055 nempe,
1196 1985 1476 2041 diuturna
1504 1985 1868 2040 diversarum

171 2074 539 2131 obsidionum
587 2087 767 2139 mora,
809 2080 863 2129 et
903 2072 1141 2143 prolixis
1174 2072 1340 2144 longe
1374 2073 1602 2142 lateque
1627 2073 1870 2143 expedi-

171 2162 450 2230 tionibus,
478 2162 687 2232 opibus
708 2162 1026 2226 exhausta,
1053 2174 1168 2216 non
1186 2160 1549 2216 sufﬁciebant
1580 2161 1870 2217 ullatenus

171 2258 347 2306 tanta
368 2250 711 2305 animalium
733 2249 1113 2319 virorumque
1132 2247 1472 2319 frequentia
1502 2249 1871 2319 suppeditare

171 2336 479 2407 stipendia.

250 2430 299 2480 Α
347 2424 555 2481 Turcis
597 2425 855 2497 captivus
900 2420 1206 2479 abducitur
1252 2423 1635 2480 Baemundus.
1671 2424 1872 2480 Liber-

182 2517 307 2569 tate
329 2529 598 2569 concessa
623 2514 775 2568 redit
802 2515 865 2568 in
886 2511 1168 2580 Galliam,
1190 2511 1348 2567 ducit
1368 2512 1761 2569 Constantiam
1779 2530 1871 2567 re-

169 2602 268 2675 gis
289 2602 502 2674 ﬁliam,
533 2618 604 2656 ac
630 2617 842 2656 veneno
868 2600 1181 2655 exstinctus
1208 2604 1309 2656 est.
1335 2630 1393 2640 —
1430 2603 1663 2657 Arctata
1693 2602 1874 2672 igitur

178 2691 610 2747 miserabilibus
633 2690 837 2745 iuediis
857 2690 1187 2757 multitudo,
1210 2689 1570 2746 asininarum
1607 2690 1870 2746 carnium

174 2777 670 2848 equinarumque,
709 2791 841 2847 qua
860 2777 1004 2832 alias
1029 2776 1327 2841 didicerat,
1358 2777 1554 2832 edulia
1588 2776 1871 2847 repetivit,

176 2881 286 2922 nec
306 2865 380 2921 ab
409 2880 609 2921 eorum
650 2879 784 2931 usu,
816 2865 1014 2921 habita
1042 2864 1214 2921 etiam
1248 2866 1307 2919 in
1358 2865 1569 2921 talibus
1600 2866 1876 2935 parcitate

175 2953 478 3009 calamitas
520 2954 628 3008 ista
678 2951 903 3019 desivit,
935 2952 1117 3007 donec
1150 2952 1509 3008 Tiberiadem
1563 2952 1872 3021 civitatem,

177 3042 447 3113 quinque
491 3041 788 3096 hominum
824 3041 1089 3103 millium,
1137 3043 1246 3097 sub
1295 3040 1552 3109 Domino,
1616 3041 1876 3111 pastione
1912 3075 1954 3134 ε

178 3129 486 3195 celebrem,
535 3129 830 3184 desideriis
867 3127 1071 3184 affecta
1118 3128 1353 3184 subivit.
1408 3128 1489 3184 Ibi
1552 3129 1879 3199 aliquantu-

179 3219 305 3274 lum
334 3219 420 3273 "ea
464 3231 642 3288 quam
674 3217 1002 3287 patiebatur
1047 3216 1177 3273 tabe
1207 3214 1330 3289 [at.,
1364 3216 1541 3289 rabie]
1579 3217 1705 3272 cibo
1736 3217 1875 3274 ube-

180 3306 319 3364 riori
361 3306 562 3376 sopita,
598 3305 830 3361 tandem
872 3305 1325 3375 Hierosolymam
1376 3305 1727 3375 pervenitur,
1780 3305 1878 3361 sed

180 3409 252 3451 ea
282 3394 421 3449 adeo
451 3392 646 3449 fatida
676 3406 875 3448 recens
901 3404 1180 3447 casorum
1216 3391 1566 3446 cadaverum
1600 3404 1877 3446 numero-

181 3482 350 3538 sitate
380 3480 684 3551 reperitur,
713 3487 776 3535 ut
808 3493 1102 3549 nusquam
1133 3492 1279 3534 aura
1308 3479 1418 3533 nisi
1449 3479 1881 3548 corruptissima

182 3568 415 3625 narium
460 3568 645 3623 orisve
670 3567 958 3637 spiracqu
988 3565 1344 3622 hauriretur.
1378 3564 1486 3632 Qui
1548 3579 1582 3621 a
1625 3580 1755 3636 rege
1783 3564 1882 3621 Go-

180 3655 403 3713 defrido
435 3655 797 3727 gratulanter
851 3654 1094 3724 excepti,
1142 3653 1435 3709 Dominico
1483 3653 1640 3723 quod
1691 3651 1877 3707 immi-

182 3745 357 3802 nebat
399 3744 708 3800 interfuere
751 3743 958 3799 Natali.
1032 3741 1215 3809 Quod,
1254 3748 1317 3797 ut
1358 3741 1599 3797 rationis
1636 3754 1881 3796 censura

183 3832 579 3904 responderat,
652 3831 937 3887 Bethleem
997 3839 1214 3898 actum,
1271 3844 1385 3887 non
1418 3830 1585 3885 modo
1636 3843 1706 3885 ex
1775 3843 1882 3885 sua

184 3931 392 3979 mutua
430 3922 531 3992 qui
579 3927 968 3977 convenerant
1013 3919 1252 3984 visione,
1292 3919 1391 3975 sed
1441 3919 1626 3990 magis
1654 3933 1727 3974 ex
1774 3932 1881 3974 sua

183 4009 425 4066 victoria
452 4024 556 4066 suo
596 4007 1020 4079 insperabiliter
1071 4006 1281 4063 saculo
1331 4007 1605 4078 prastita,
1647 4008 1883 4065 Francis

183 4113 365 4169 supra
411 4112 589 4169 quam
656 4097 810 4153 credi
842 4104 1023 4167 potest
1076 4109 1166 4152 res
1208 4096 1527 4166 tripudiosa
1566 4096 1692 4151 fuit.
1742 4096 1880 4152 Inde

184 4186 481 4257 digressis,
531 4200 662 4242 cum
704 4200 811 4241 sua
858 4184 1108 4256 quisque
1145 4186 1461 4255 repetisset,
1499 4198 1533 4239 a
1561 4185 1882 4241 Turcorum

185 4289 368 4331 manu
402 4274 728 4340 immodica,
753 4288 884 4329 cum
914 4273 1115 4329 urbem
1142 4272 1457 4342 quamdam
1492 4272 1694 4338 adiret,
1746 4272 1884 4327 Boe-

1965 764 2021 812 et
2070 756 2348 825 susceptis
2369 770 2441 810 ex
2483 755 2599 810 ﬁlia
2645 754 2798 826 regis
2844 754 3076 810 duobus
3102 754 3254 821 ﬁliis,
3307 767 3530 809 veneno
3579 752 3669 807 vi-

1971 854 2089 902 tam
2119 844 2320 899 ﬁnivit.

2045 931 2385 1007 [XXXVIL]
2436 930 2739 992 Godefridi
2779 930 2933 1002 regis
2973 934 3137 1002 ges-la
3160 926 3495 984 summatim
3537 940 3672 999 per-

1971 1022 2355 1094 stringuntur.
2398 1050 2465 1058 ——
2493 1020 2563 1075 At
2591 1019 2951 1087 Godefridus,
2995 1020 3165 1090 cujus
3184 1018 3242 1073 in
3264 1015 3517 1088 equestri
3554 1014 3670 1085 glo-

1972 1112 2060 1168 ria
2088 1108 2429 1182 quantitatis
2457 1108 2760 1174 exstiterit,
2813 1123 2913 1177 pro
2958 1106 3221 1163 clausula
3270 1104 3476 1169 laudis,
3524 1102 3664 1171 quia

1973 1199 2240 1269 superius
2260 1196 2429 1267 plura
2462 1196 2639 1251 relata
2668 1203 2909 1261 sunt,ex
2942 1194 3159 1264 prafati
3182 1190 3445 1249 Balduini
3483 1188 3671 1245 verbis

1976 1287 2156 1357 accipi
2188 1286 2411 1357 poterit.
2466 1286 2563 1340 Est
2601 1292 2794 1340 autem
2837 1285 2985 1340 idem
3027 1284 3253 1340 comitis
3297 1279 3556 1352 Hugonis
3596 1292 3669 1334 ex

1976 1377 2220 1433 Beiteste
2268 1374 2439 1430 ﬁlius.
2497 1372 2604 1439 Qui
2645 1372 2783 1429 dum
2835 1374 3120 1429 Edesseno
3160 1370 3399 1428 ducatui
3444 1382 3477 1423 a
3512 1373 3668 1438 post-

1979 1465 2215 1521 modum
2247 1477 2380 1533 rege
2419 1461 2700 1517 Balduino
2732 1462 3067 1532 pralicitur,
3104 1461 3223 1531 jam
3257 1457 3481 1513 dudum
3528 1455 3671 1510 Tura

1977 1567 2175 1609 corum
2217 1566 2446 1617 manus,
2506 1551 2647 1620 proh
2687 1548 2875 1605 dolori
2943 1548 3159 1614 incidit,
3200 1555 3255 1604 et
3302 1545 3482 1600 multo
3521 1550 3668 1597 tem-

1979 1655 2115 1712 pore
2160 1640 2415 1705 clausus,
2474 1638 2584 1692 Deo
2623 1652 2682 1692 se
2729 1640 3078 1707 protegente,
3126 1634 3326 1689 vivens
3360 1632 3431 1687 ab
3470 1642 3669 1685 eorum

1981 1729 2249 1786 manibus
2296 1728 2492 1783 evasit.
2533 1725 2738 1781 Exstat
2776 1737 2912 1779 vero
2950 1722 3078 1793 ejus
3119 1718 3453 1790 hujusmodi
3485 1715 3555 1771 de
3582 1729 3669 1781 eo,

1979 1817 2168 1874 verbis
2196 1816 2397 1885 utique
2433 1814 2576 1869 meis
2622 1812 2826 1868 vestita
2873 1809 3154 1866 sententia
3185 1824 3197 1862 :
3227 1829 3247 1855 ι
3283 1805 3510 1861 Festum
3534 1815 3673 1858 san-

1977 1906 2049 1960 cti
2083 1903 2333 1973 Dionysii
2384 1902 2685 1973 agebatur,
2736 1913 2956 1968 rexque
3002 1897 3147 1953 idem
3182 1911 3217 1951 a
3263 1893 3514 1964 quadam
3544 1903 3670 1956 sua,

1981 1990 2260 2046 vocabulo
2296 1989 2628 2056 Morocoria,
2678 1987 2906 2043 civitate
2945 1984 3403 2056 regrediebatur,
3444 1987 3499 2037 et
3544 1991 3673 2034 ecce

1979 2085 2210 2134 centum
2242 2076 2448 2148 viginti
2497 2076 2670 2132 Turci
2700 2074 2883 2131 eidem
2933 2072 3372 2133 insidiabantur,
3406 2069 3557 2138 icum
3585 2066 3672 2121 vi-

1981 2166 2128 2237 ginti
2166 2180 2297 2222 eum
2343 2164 2741 2221 tantummodo
2779 2161 3002 2232 equites
3045 2160 3475 2215 comitarentur.
3518 2153 3674 2217 Quos

1981 2255 2100 2321 ubi,
2152 2252 2361 2324 inquit,
2417 2252 2788 2315 attendimus,
2862 2256 3081 2306 remota
3136 2244 3439 2303 formidine
3506 2253 3671 2297 arma

1980 2342 2357 2412 corripimus;
2396 2340 2499 2412 ipsi
2551 2353 2704 2405 vero,
2745 2337 2884 2409 quia
2916 2342 3149 2406 repente
3191 2336 3557 2403 ingruerant,
3588 2325 3677 2383 fu-

1982 2432 2205 2502 gituros
2247 2445 2350 2487 nos
2387 2443 2490 2500 pro
2525 2436 2716 2484 nostra
2764 2426 3050 2496 paucitate
3092 2421 3397 2492 putabant.
3442 2422 3512 2473 At
3549 2429 3672 2482 nos,

1981 2527 2208 2589 sumpto
2256 2519 2323 2573 de
2364 2517 2617 2587 expertis
2669 2515 2767 2570 Dei
2811 2510 3180 2569 adminiculis
3222 2506 3465 2579 jugibus
3503 2516 3673 2569 ausu,

1980 2620 2273 2675 superque
2304 2604 2488 2675 ipsum
2520 2603 2729 2674 spiritu
2776 2601 3102 2666 innitentes,
3148 2597 3427 2652 barbaros
3470 2604 3677 2662 aggre-

1981 2694 2190 2755 dimur.
2240 2700 2399 2748 tanta
2435 2693 2491 2747 in
2536 2707 2631 2749 eos
2659 2691 2811 2748 cade
2845 2688 3219 2751 bacchamur,
3245 2691 3308 2740 ut
3337 2696 3409 2738 ex
3441 2681 3554 2736 illis
3582 2692 3677 2734 oc-

1986 2783 2205 2853 t0ginta
2239 2782 2419 2849 casis,
2457 2780 2776 2852 nonaginta
2807 2778 3024 2848 pariter
3050 2787 3231 2844 equos
3254 2782 3608 2841 caperemus.
3650 2787 3673 2814 ι

1984 2870 2054 2925 Ει
2087 2876 2209 2939 post
2244 2868 2462 2938 aliqua,
2496 2867 2586 2923 vir
2619 2867 2817 2933 isdem,
2861 2879 2995 2921 cum
3042 2860 3296 2918 irrisorie
3329 2854 3680 2913 meminisset

1982 2970 2182 3013 eorum
2210 2954 2311 3026 qui
2345 2954 2418 3010 ab
2449 2954 2752 3011 Antiochia
2791 2954 3080 3024 fugerant,
3112 2957 3168 3005 et
3204 2947 3304 3017 qui
3358 2940 3679 3002 Constanti-

1984 3044 2234 3115 nopolim
2291 3043 2574 3114 legatione
2625 3042 2809 3099 functi
2868 3040 3117 3095 reditum
3169 3034 3534 3100 distulerant,
3608 3029 3679 3085 ad

1985 3132 2326 3189 animandos
2384 3131 2481 3201 qui
2544 3131 2603 3187 in
2657 3129 2897 3187 Francia
2946 3126 3275 3184 resederant
3329 3123 3583 3178 Francos
3613 3118 3680 3173 de

1984 3235 2092 3277 sua
2131 3220 2365 3275 fortuna
2416 3219 2497 3273 sic
2553 3218 2859 3288 sequitur:
2913 3215 3183 3280 Multum,
3243 3211 3341 3279 ait,
3395 3222 3499 3265 nos
3542 3220 3683 3276 opu-

1984 3308 2169 3364 lenter
2213 3320 2317 3361 nos
2371 3306 2670 3372 habemus,
2718 3312 2773 3359 et
2836 3311 2897 3359 ut
2963 3302 3209 3358 aliorum
3277 3294 3680 3367 supersedeam

1985 3396 2157 3465 gazis,
2199 3393 2393 3450 decem
2423 3394 2638 3464 quibus
2667 3392 2823 3448 solus
2872 3390 3165 3462 principor
3216 3394 3425 3452 castra,
3478 3390 3533 3439 et
3580 3380 3681 3437 ab-

1986 3484 2144 3539 batia
2176 3496 2314 3549 una,
2376 3482 2640 3537 marchas
2680 3480 2817 3536 mihi
2870 3478 3129 3548 pendunt
3178 3473 3477 3530 annuatim
3529 3468 3684 3525 mille

1986 3570 2356 3641 quingentas.
2392 3570 2462 3625 Et
2492 3571 2540 3623 si
2589 3570 2740 3625 Deus
2769 3567 3020 3622 arrideat
3055 3564 3261 3619 urbem
3294 3560 3433 3616 mihi
3464 3557 3680 3627 cepisse

1986 3657 2293 3726 Calepiam,
2327 3663 2558 3711 centum
2589 3668 2723 3711 mox
2761 3668 2883 3708 meo
2913 3651 3221 3707 habiturus
3250 3661 3379 3704 sum
3410 3645 3521 3702 sub
3548 3643 3682 3714 jure
3756 3662 3762 3667 υ

1986 3743 2237 3801 castella.
2290 3741 2676 3814 Retrogradis,
2730 3739 2932 3810 inquit,
2984 3738 3161 3793 nolite
3188 3736 3419 3792 credere
3449 3731 3686 3803 quinos

1987 3834 2177 3890 inedia
2215 3832 2477 3888 fatiscere
2508 3830 2827 3898 celebrant;
2883 3824 3112 3896 scriptis
3150 3823 3340 3895 potius
3373 3822 3512 3877 meis
3543 3833 3676 3876 cre—

1989 3923 2122 3979 dite.
2152 3944 2173 3971 ι
2634 3942 2637 3945 ‘

2654 4006 2876 4063 CAPUT
2906 4006 3009 4062 XI.

2065 4095 2436 4172 [XXXVIIL]
2474 4098 2558 4150 De
2593 4093 2877 4151 Balduino
2918 4111 3069 4168 rege.
3100 4120 3171 4133 —
3200 4090 3325 4147 Rex
3357 4085 3536 4158 igitur
3573 4082 3689 4139 Go-

1990 4186 2265 4249 defridus.
2297 4186 2397 4242 ubi
2447 4192 2573 4254 post
2630 4184 2808 4239 vitam
2866 4182 3117 4239 nobilem
3173 4177 3392 4235 beatior
3455 4172 3691 4229 futurus

1990 4275 2254 4342 excessit,
2306 4271 2803 4343 Hierosolymitani
2871 4279 3245 4340 nequaquam
3299 4258 3690 4332 temperantia

188 4363 447 4419 mundus
488 4361 805 4429 invaditur,
847 4362 903 4416 in
941 4357 1646 4430 remotissimasiPersidis
1695 4360 1883 4430 regio-
1924 4371 1968 4425 1)
1994 4362 2123 4433 ejus
2167 4376 2233 4418 ac
2280 4362 2604 4418 serenitatis
2659 4359 2839 4424 obliti,
2909 4366 2965 4414 et
3016 4358 3367 4427 degenerare
3428 4355 3692 4433 verentes

186 4465 294 4506 nes
323 4449 587 4520 captivus
638 4449 967 4505 abducitur.
1008 4446 1167 4515 Quod
1197 4447 1296 4503 ubi
1334 4447 1610 4503 Tancredi
1645 4446 1887 4502 illustris

188 4537 381 4609 attigit
402 4539 710 4603 notionem,
746 4537 1181 4607 quamprimum
1211 4549 1492 4605 occupare
1519 4534 1878 4590 Antiochiam

190 4634 474 4697 properat,
531 4626 807 4681 Laodicia
837 4625 1114 4695 Pergama
1142 4625 1361 4692 munit;
1419 4631 1681 4693 utraque
1728 4622 1884 4677 enim

186 4715 519 4772 Boemundo
573 4714 773 4770 munia
839 4712 1222 4783 pensitabant.
1272 4711 1598 4767 Laodiciam
1666 4710 1885 4779 pridem

187 4804 475 4860 Robertus
537 4801 972 4858 Northmannia
1034 4814 1222 4856 comes
1249 4798 1556 4864 habuerat,
1597 4800 1693 4854 sed
1746 4812 1883 4854 cum

185 4891 413 4964 prodigi
443 4891 692 4946 hominis
740 4890 1071 4945 exactiones
1102 4887 1285 4944 urbici
1325 4887 1567 4943 tolerare
1615 4901 1728 4941 non
1755 4901 1885 4956 pos-

184 4988 332 5046 sent,
371 4978 550 5049 pulsis
595 4990 837 5034 summa
884 4976 1221 5033 custodibus
1258 4976 1427 5042 arcis,
1473 4976 1600 5045 ejus
1644 4975 1887 5044 abegere

182 5066 531 5133 dominium,
559 5066 807 5137 odioque
832 5065 1014 5135 ipsius
1043 5063 1519 5136 Bothomagensis
1539 5062 1887 5133 abjuravere

183 5164 429 5211 moneta
469 5169 661 5210 usum.
697 5155 769 5210 At
810 5153 1179 5210 Boemuudus
1209 5166 1342 5208 cum
1376 5151 1545 5207 anuis
1574 5150 1795 5220 aliquot
1828 5149 1885 5204 in

183 5257 415 5300 carcere
466 5243 783 5309 resedisset,
832 5242 1085 5307 tandem,
1118 5255 1251 5297 cum
1312 5249 1492 5310 pacto,
1543 5247 1667 5295 tum
1712 5253 1883 5308 pecu-

183 5332 374 5389 niaria
424 5332 811 5401 redemptione
855 5330 1178 5387 resolvitur.
1228 5328 1342 5385 Nec
1370 5328 1551 5385 multo
1586 5335 1709 5398 post
1753 5334 1890 5382 tem-

183 5435 325 5491 pore
355 5427 577 5485 exacto,
613 5419 917 5475 Antiochia
970 5417 1264 5473 Tancredo
1294 5417 1615 5483 commissa,
1655 5414 1887 5484 navigio

188 5511 249 5565 in
276 5508 521 5579 Appulia
564 5516 925 5564 transvectus
980 5506 1137 5561 venit
1174 5506 1232 5560 in
1277 5505 1598 5570 Frauciam,
1648 5512 1701 5559 et
1732 5505 1879 5561 Cou-

189 5599 398 5655 stautia
449 5597 601 5666 regis
633 5596 875 5668 Philippi
934 5596 1052 5652 filia
1082 5594 1261 5651 multo
1305 5607 1447 5650 auro
1488 5607 1521 5649 a
1570 5600 1729 5664 patre
1774 5591 1885 5649 im—

1995 4450 2177 4520 ipsius
2207 4462 2572 4521 germanum,
2600 4448 2805 4503 ducem
2836 4446 3213 4507 Edessenum,
3271 4438 3459 4494 missis
3511 4436 3686 4490 inter-

1993 4538 2269 4608 pretibus,
2325 4537 2396 4592 ad
2427 4537 2581 4606 regis
2613 4536 2750 4606 jura
2778 4533 3136 4603 compellant.
3195 4528 3301 4594 Qui
3348 4524 3582 4595 quidem
3632 4521 3689 4575 in

1994 4626 2232 4690 ducatu,
2283 4623 2585 4692 splendore
2627 4637 2685 4678 se
2742 4620 2964 4685 habuit,
3025 4615 3406 4687 utclypeum
3444 4623 3689 4666 aureum

1994 4712 2204 4784 quovis
2236 4711 2342 4767 iter
2370 4723 2566 4781 agens,
2599 4723 2716 4779 pra
2745 4723 2804 4763 se
2834 4706 2968 4762 ferri
2993 4705 3219 4770 faceret,
3269 4699 3373 4771 qui
3424 4696 3684 4769 aquilam

1993 4812 2325 4871 expressam
2356 4798 2414 4853 in
2442 4812 2501 4853 se
2544 4798 2798 4853 haberet.
2852 4795 2990 4849 Erat
3019 4798 3212 4848 autem
3240 4785 3547 4845 schematis
3581 4784 3689 4840 Ar-

1996 4886 2183 4959 golici.
2240 4886 2451 4941 Morem
2500 4884 2655 4941 enim
2707 4881 3020 4953 gentilibus
3086 4890 3311 4949 gerens,
3382 4875 3692 4943 hucusque

1995 4982 2225 5045 togatus
2266 4974 2594 5037 incesserat,
2644 4970 2886 5027 barbam
2928 4967 3247 5031 remiserat,
3294 4977 3416 5019 sese
3443 4962 3690 5017 adoran-

1998 5062 2153 5117 tibus
2212 5060 2574 5125 ﬂectebatur,
2619 5060 2740 5115 solo
2779 5056 3071 5128 tapetibus
3096 5053 3291 5111 stratis
3319 5049 3689 5116 vescebatur;

1995 5160 2053 5207 at
2076 5152 2124 5206 si
2162 5149 2316 5221 quod
2367 5148 2748 5217 municipium
2797 5145 2886 5201 vel
2919 5145 3121 5200 urbem
3176 5155 3297 5197 sua
3345 5138 3581 5195 ditionis
3611 5136 3694 5190 in-

1995 5245 2190 5303 traret,
2224 5244 2357 5292 ante
2385 5237 2511 5305 ejus
2538 5232 2855 5306 gradientis
2896 5229 3251 5295 vehiculum,
3301 5227 3551 5283 duorum
3593 5236 3693 5278 ore

1991 5324 2258 5395 equitum
2300 5325 2531 5396 gemina
2561 5322 2702 5379 tuba
2753 5325 3151 5390 perstreperet.
3212 5313 3509 5388 Legatioui
3553 5327 3691 5383 ergo

1994 5416 2413 5484 obtemperans,
2495 5411 2944 5480 Hierosolymam
2992 5406 3275 5479 proﬁcisci
3329 5404 3687 5477 aggreditur.

1995 5503 2100 5559 Sed
2131 5502 2231 5558 ubi
2266 5503 2539 5573 contigua
2570 5498 2877 5571 gentilitas,
2902 5495 3206 5566 profecturi
3238 5501 3527 5563 aucupata
3558 5504 3689 5562 pro-

1998 5592 2268 5660 positum,
2326 5587 2751 5658 contemplatur
2815 5594 3070 5651 euntem,
3127 5582 3473 5649 conscensis,
3544 5592 3690 5635 aura
