3902 6082
259 241 364 295 827

1145 242 1203 294 V.
1245 239 1576 297 GUIBERTI
1614 240 1906 296 ABBATIS
1942 241 2005 296 S.
2052 239 2294 298 MARUE
2337 240 2425 296 DE
2465 239 2858 297 NOVIGENTO

3667 247 3787 299 828

263 373 368 430 sibi
403 373 693 430 incassum
727 372 1168 438 obsecundante,
1203 371 1498 440 Liburnis,
1540 385 1670 428 cum
1693 371 1815 427 dux
1849 385 1951 441 per
1987 370 2037 427 A
2066 385 2244 428 causa
2274 371 2561 439 miraculi,
2594 372 2834 428 luminis
2872 386 3070 428 omnes
3099 387 3315 429 munus
3357 373 3642 430 unimoda
3679 374 3781 428 in-

263 463 515 532 ejusdem
544 461 809 531 aequoris,
855 461 992 515 satis
1045 460 1309 515 mediocri
1345 460 1640 525 comitatu,
1676 474 1952 530 propera-

264 557 348 604 ret
394 563 616 616 arenas,
677 548 1031 604 ferventibus
1083 549 1273 616 remis,
1331 548 1644 617 rostrisque
1704 550 1954 603 cavanti-

265 637 373 692 bus
415 637 618 702 undas,
669 637 896 691 obviam
953 652 1010 692 se
1049 637 1304 706 praebere
1365 645 1722 703 concertans,
1777 637 1953 692 littori

263 724 496 778 classem
531 724 813 792 appellere
847 725 1196 780 maturabat.
1241 730 1392 778 450
1421 727 1492 779 At
1527 726 1668 792 dux,
1696 725 1954 779 omnium

262 827 394 882 quae
436 813 557 867 fieri
590 812 808 868 deXtris
844 814 1076 882 quirent
1105 813 1471 868 mortalibus-
1495 827 1717 882 expers,
1749 827 1953 868 moero-

261 901 424 957 ribus
456 902 671 956 intimis
703 902 890 972 pulsat
917 902 1292 960 Altissimum.
1325 911 1379 957 et
1425 903 1696 974 proponit
1722 901 1773 956 ei
1800 901 1955 972 quod

263 988 568 1044 subiturus
623 989 952 1045 obedienter
1020 998 1163 1056 erat,
1212 1005 1310 1060 pro
1373 991 1481 1046 fide
1532 991 1658 1061 ejus
1719 991 1951 1050 tuenda.

264 1080 427 1149 regni
455 1080 774 1149 negotium,
819 1081 886 1135 Et
916 1095 1064 1147 ecce,
1101 1095 1230 1150 quae
1281 1080 1591 1136 mobilitate
1624 1081 1958 1136 ferebantur

265 1166 502 1238 aligera,
540 1183 734 1236 naves,
771 1168 1008 1224 limacea
1049 1170 1374 1224 morositate
1423 1169 1717 1236 resistunt,
1765 1176 1956 1238 etquo

265 1257 602 1326 ampliorem
637 1258 814 1314 tonsis
843 1259 1028 1314 salum
1069 1258 1436 1313 verrentibus
1467 1258 1716 1328 quisque
1749 1258 1956 1312 nititur

266 1345 337 1399 ad
394 1360 746 1414 processum,
781 1354 956 1415 tanto,
998 1347 1117 1416 spei
1171 1361 1290 1401 suae
1339 1347 1655 1402 mutatione
1691 1346 1953 1413 ridicula,

265 1431 575 1488 studiosius
607 1447 791 1501 prorae
847 1435 1190 1489 rotabantur
1227 1434 1298 1488 ad
1336 1448 1570 1503 puppes.
1627 1435 1707 1488 Ita
1754 1434 1960 1502 impro-

267 1518 474 1574 borum
518 1519 645 1574 fuso
673 1521 979 1587 molimine,
1025 1522 1145 1576 dux
1178 1522 1382 1576 merita
1415 1521 1675 1576 libertate
1722 1521 1952 1590 potitus,

265 1604 334 1660 de
361 1606 686 1676 recipienda
731 1622 994 1676 purpura
1035 1608 1268 1663 evidens
1305 1607 1530 1663 coalitus
1574 1608 1816 1675 sumpsit
1856 1621 1956 1661 au-

264 1694 527 1762 spicium.
560 1694 706 1750 Illud
742 1710 829 1750 me
859 1696 1211 1765 praeterierat
1238 1695 1394 1765 quod
1428 1695 1672 1750 Pisanus
1719 1693 1953 1750 antistes

265 1781 590 1846 Daibertus,
645 1796 777 1837 cum
823 1783 1021 1852 aliqua
1069 1797 1188 1838 sum
1229 1782 1408 1851 plebis
1461 1780 1807 1850 frequentia,
1838 1780 1954 1848 epi-

265 1883 432 1939 scopo
467 1869 719 1939 quodam
751 1869 938 1939 Apulo
969 1871 1172 1926 comite
1203 1870 1650 1939 Hierosolymam
1679 1869 1798 1940 jam
1821 1882 1954 1924 cum

264 1958 615 2024 Boemundo,
638 1965 690 2014 et
727 1958 832 2013 hoc
861 1958 984 2027 ipso
1011 1958 1155 2013 duce
1184 1965 1568 2027 praecesserat.

333 2048 522 2116 Regna
594 2045 878 2117 capessite
942 2044 1266 2099 Balduinus
1319 2044 1542 2099 Arabes
1594 2046 1826 2100 coercet.
1886 2073 1954 2081 —

265 2134 482 2189 Primos
519 2148 654 2189 suos
693 2142 816 2204 post
866 2148 1046 2205 regna
1083 2143 1315 2203 accepta
1369 2133 1718 2204 procinctus,
1765 2141 1819 2188 et
1865 2133 1954 2185 iu-

263 2229 352 2276 tra
425 2220 587 2276 sinus
683 2221 1006 2278 exercuisse
1066 2223 1400 2292 perhibetur
1483 2221 1774 2277 Arabicos.
1847 2219 1955 2275 Ubi

262 2311 401 2366 dum
431 2311 502 2366 ad
543 2310 699 2366 Sinai
744 2311 954 2365 montis
983 2325 1171 2380 usque
1215 2311 1436 2365 devexa
1469 2311 1813 2380 procederet,
1861 2323 1953 2364 re-

263 2400 409 2469 perit
463 2399 767 2464 incultum,
816 2407 870 2454 et
908 2398 1246 2468 Ethiopicis
1292 2398 1474 2454 simile
1525 2398 1823 2453 hominum
1859 2412 1953 2468 ge-

261 2501 390 2542 nus.
420 2485 662 2552 Quibus,
685 2500 786 2555 pro
816 2485 1028 2556 agresti
1060 2500 1171 2540 usu
1201 2499 1269 2540 ac
1298 2485 1656 2540 deformitate
1703 2484 1952 2549 insolita,

261 2574 393 2628 vitae
443 2573 680 2628 indulsit
711 2587 944 2628 munus.
986 2571 1070 2627 Ibi
1111 2572 1170 2626 in
1215 2571 1452 2626 ecclesia
1484 2586 1615 2640 quae
1645 2572 1838 2626 Sancti
1874 2571 1958 2626 di-

261 2662 498 2717 cebatur
557 2663 748 2716 Aaron
781 2661 988 2726 oravit,
1028 2659 1127 2714 ubi
1173 2673 1280 2715 sua
1328 2660 1480 2714 Deus
1515 2673 1646 2714 cum
1692 2659 1955 2728 patribus

261 2750 497 2806 oracula
540 2749 850 2806 celebravit
906 2757 961 2804 et
1017 2749 1306 2804 exercitus
1353 2748 1422 2802 de
1473 2748 1954 2804 Contradictionis

262 2839 412 2894 fonte
446 2839 678 2908 potavit.
715 2837 842 2900 Ubi,
877 2837 1017 2907 quia
1055 2836 1272 2904 Moyses
1305 2835 1363 2890 in
1397 2835 1562 2892 labiis
1587 2835 1948 2903 distinxerat,

2059 463 2310 520 tentione
2369 461 2612 531 precari.
2647 462 2760 517 Nec
2818 469 2957 517 tunc
3011 471 3134 517 erat
3183 463 3517 532 importuna
3548 446 3778 517 dilatio

2057 551 2202 622 quin
2235 550 2529 606 desideriis
2551 557 2810 617 ,zestuata
2842 549 3056 618 petitio,
3091 549 3267 605 alacri
3309 551 3591 606 leniretur
3618 547 3778 603 eﬁ'e-

2061 646 2176 694 ctu.
2234 637 2448 692 Audivi
2493 651 2525 690 a
2567 636 2844 706 personis,
2892 652 3021 706 quae
3068 637 3205 692 illuc
3276 637 3409 703 iere,
3456 636 3776 701 senilibus,

2063 732 2214 802 quod
2251 744 2506 800 papyrus
2531 730 2616 784 vel
2653 728 2901 784 lichinus
2937 730 3093 797 (nam
3111 738 3238 785 utro
3263 737 3502 784 utantur
3535 728 3779 783 utrius-

2062 836 2176 892 que
2230 835 2344 875 uon
2401 817 2562 888 novi)
2625 817 2853 888 gentilis
2893 818 3061 873 semel
3115 817 3421 887 cujusdam
3473 816 3545 871 sit
3593 815 3781 870 theca

2062 909 2348 975 sublatus,
2397 907 2729 975 ferrumque
2785 906 3058 961 remansit
3108 906 3307 974 inane;
3360 905 3479 970 sed,
3534 904 3781 958 coalitus

2063 998 2288 1053 labente
2320 993 2618 1060 miraculo,
2661 1008 2733 1048 ex
2767 993 2914 1049 ferro
2966 994 3158 1048 lumen
3206 992 3456 1048 emersit.
3489 993 3780 1058 Dumque

2061 1084 2266 1140 fraude
2321 1084 2564 1138 virtutes
2628 1081 2788 1151 cupit
2863 1095 3140 1136 enervare
3190 1093 3489 1149 supernas,
3539 1078 3775 1143 didicit,

2068 1196 2090 1222 ι
2126 1181 2326 1229 contra
2353 1186 2518 1228 suam
2553 1170 2807 1241 ipsarum
2860 1177 3150 1235 naturam,
3201 1169 3313 1224 Deo
3367 1181 3471 1223 suo
3512 1166 3780 1221 militare

2064 1269 2322 1316 naturas.
2356 1279 2383 1308 ››

2139 1348 2304 1420 [XL]
2338 1347 2416 1400 0b
2447 1348 2686 1417 peccata
2709 1343 3174 1400 Chrislianorum
3194 1341 3450 1413 ampli-ua
3478 1339 3643 1396 haud
3676 1355 3780 1407 ap-

2057 1440 2247 1510 paret.
2280 1467 2348 1475 —
2389 1435 2555 1490 Anno
2579 1448 2735 1504 ergo,
2767 1448 2837 1490 ex
2869 1447 2986 1503 quo
3009 1446 3113 1488 rex
3137 1431 3407 1500 praefatus
3433 1433 3778 1496 susceperat

2062 1533 2304 1594 sceptra,
2357 1521 2640 1592 sequenti,
2695 1521 2822 1590 ejus
2895 1519 3068 1574 fuisse
3129 1519 3376 1573 traditur
3445 1513 3772 1571 difficultas

2063 1620 2223 1668 tanta
2273 1609 2537 1666 miraculi
2585 1615 2646 1663 ut
2700 1607 2798 1662 vix
2844 1607 3176 1662 imminente
3242 1612 3406 1660 nocte
3469 1601 3772 1659 orantium

2065 1699 2445 1768 ﬂentiumque
2493 1697 2807 1766 potuissent
2864 1702 3000 1750 vota
3042 1693 3336 1762 compleri.
3381 1692 3580 1748 Sermo
3626 1703 3775 1760 prae-

2065 1788 2165 1843 fati
2195 1786 2457 1856 praesulis
2487 1785 2672 1840 factus
2725 1785 2797 1838 ad
2833 1784 3130 1854 populum,
3172 1784 3240 1838 de
3264 1782 3619 1838 confessione
3649 1780 3772 1834 sola

2064 1876 2246 1932 licitat
2320 1881 2705 1944 peccatorum.
2786 1873 2908 1929 Rex
2976 1880 3031 1928 et
3105 1871 3313 1941 praesul
3383 1867 3772 1926 resarciendis

2064 1965 2306 2034 pacibus
2339 1963 2575 2029 instant,
2609 1961 2656 2015 si
2690 1975 2807 2030 qua
2839 1960 2969 2014 fidei
3008 1960 3412 2029 honestatique
3457 1971 3579 2013 non
3629 1971 3774 2011 con-

2065 2059 2307 2122 gruunt,
2321 2050 2530 2120 corrigi
2550 2049 2982 2118 promittuntur.
3002 2050 3242 2114 Interea,
3261 2054 3500 2118 urgente
3513 2043 3769 2115 negotio,

2068 2149 2181 2196 tam
2231 2138 2558 2193 enormium
2601 2135 2911 2191 criminum
2967 2136 3043 2190 ibi
3083 2151 3148 2191 eo
3184 2134 3274 2190 die
3323 2141 3407 2189 est
3438 2133 3591 2187 facta
3625 2146 3770 2186 con-

2063 2227 2246 2289 fessio,
2286 2233 2347 2281 ut
2383 2224 2489 2278 nisi
2527 2223 2820 2293 pmnitudo
2878 2223 3225 2287 succederet,
3260 2220 3433 2290 digne
3468 2219 3593 2273 fieri
3614 2218 3770 2274 vide-

2065 2323 2225 2371 retur
2248 2313 2502 2378 luminis,
2535 2311 2736 2377 sancti,
2764 2311 2956 2367 ablata
2973 2311 3262 2376 dilatione,
3287 2307 3554 2363 sublatio.
3591 2307 3774 2376 Cujus

2064 2411 2255 2460 tamen
2289 2402 2461 2458 etiam
2519 2409 2678 2466 tunc,
2720 2410 2842 2469 post
2881 2399 3316 2469 correptionem,
3360 2413 3474 2454 non
3514 2411 3773 2452 remora-

2067 2501 2162 2549 tur
2193 2489 2473 2547 accensio.
2533 2493 2600 2543 At
2645 2487 2822 2543 altero
2874 2489 3107 2558 posthac
3154 2501 3329 2552 anno,
3381 2485 3480 2542 ubi
3525 2484 3599 2539 ad
3639 2497 3770 2538 eam

2065 2593 2304 2640 ventum
2332 2589 2417 2637 est
2448 2581 2648 2636 horam
2676 2593 2795 2648 qua
2816 2579 3145 2648 sepulcrum
3191 2576 3505 2647 gloriosum
3529 2573 3770 2627 flamma

2066 2670 2310 2728 cmlestis
2339 2669 2608 2730 efﬁceret,
2668 2667 3073 2722 universorum
3122 2664 3349 2735 penitus
3395 2669 3531 2716 vota
3578 2658 3768 2727 suspi-

2066 2761 2246 2825 ciunt,
2289 2758 2501 2814 Graecis
2558 2756 2738 2826 igitur
2784 2770 2850 2810 ac
2894 2754 3066 2824 Syris,
3119 2751 3407 2808 Armeniis
3452 2749 3669 2819 pariter
3701 2758 3770 2799 ac

2065 2848 2304 2914 Latinis,
2339 2846 2674 2916 quibusque
2703 2857 2802 2913 per
2830 2856 3070 2898 suarum
3103 2841 3437 2911 linguarum
3462 2836 3764 2899 idiomata,

261 2943 366 2985 nec
396 2930 574 2984 Deum
601 2941 792 2984 coram
841 2926 972 2982 ﬁliis
1001 2925 1177 2981 Israel
1209 2924 1684 2991 sanctificaverat,
1739 2938 1772 2978 a
1805 2932 1954 2980 terra
1994 2943 2034 3000 (ς
2067 2940 2246 2994 Deum
2299 2950 2365 2991 ac
2410 2935 2536 3004 ejus
2563 2931 3014 2987 convocamibus
3062 2937 3317 2995 sanctos;
3376 2941 3527 2997 rege,
3579 2937 3768 2993 proce-

260 3030 393 3071 eum
427 3015 578 3071 Deus
605 3013 995 3084 promissionis
1049 3013 1330 3069 absentat.
1366 3013 1436 3067 Et
1482 3012 1605 3068 istic
1638 3011 1951 3083 presbyteri

260 3105 415 3161 illius
467 3104 577 3160 mei
618 3103 886 3159 titubavit
948 3102 1178 3173 opinio,;
1231 3116 1348 3156 non
1412 3101 1565 3157 enim
1620 3101 1798 3168 Sinai,
1855 3101 1952 3156 sed

262 3205 424 3246 mons
465 3190 542 3246 Or
571 3189 930 3260 dignoscitur
960 3204 1100 3257 esse,
1146 3189 1324 3244 Petrae
1363 3188 1657 3258 quondam
1691 3188 1949 3242 Arabum

260 3277 652 3335 conterminus
689 3277 840 3345 urbi,
884 3277 984 3333 ubi
1019 3284 1074 3332 et
1104 3277 1299 3332 Aaron
1353 3275 1642 3332 hominem
1689 3275 1871 3341 exuit,
1899 3282 1953 3330 et

260 3382 415 3438 aqua
436 3367 504 3423 de
527 3367 728 3423 intimo
760 3380 1045 3436 percussae
1079 3364 1241 3434 rupis
1267 3365 1525 3434 emergit.

331 3455 645 3528 [XXXIX]
666 3459 810 3528 Juge
838 3453 1188 3510 miraculum
1206 3452 1620 3524 Hierosolymis
1645 3452 1714 3507 de
1735 3449 1955 3506 lumine

257 3545 530 3601 divinitus
558 3561 813 3600 accenso.
862 3576 930 3584 —
961 3546 1026 3600 In
1065 3544 1163 3599 illa
1191 3551 1390 3600 sancta
1416 3542 1945 3610 Hierosolymorum

259 3635 487 3691 civitate
515 3644 679 3692 vetus
701 3637 991 3706 quoddam
1024 3637 1372 3693 miraculum
1416 3637 1770 3704 inoleverat;
1797 3635 1951 3704 quod

259 3731 425 3779 vetus
459 3723 672 3780 idcirco
711 3724 958 3780 dixerim
991 3725 1130 3795 quia
1175 3739 1248 3780 ex
1271 3740 1387 3795 quo
1432 3724 1581 3780 idem
1615 3724 1734 3778 fieri
1766 3738 1951 3792 cmpe-

260 3811 354 3876 rit,
403 3811 558 3867 orbis
611 3811 726 3867 fere
771 3812 1006 3868 Latinus
1049 3813 1291 3883 ignorat.
1341 3813 1416 3868 At
1449 3826 1552 3867 nos
1598 3811 1952 3881 conjicienda

261 3900 664 3971 perpendimus
684 3901 842 3970 quia,
877 3908 1178 3970 postquam
1211 3901 1420 3956 calcari
1443 3907 1575 3955 ante
1601 3900 1725 3956 haec
1759 3908 1953 3955 nostra

260 3996 520 4058 tempora
568 3989 737 4056 cmpit
776 4001 810 4043 a
849 3988 1136 4058 gentibus,
1200 3989 1256 4044 id
1293 4003 1393 4058 pro
1439 4001 1677 4044 suorum
1721 3987 1822 4057 qui
1873 3987 1950 4043 ibi

261 4075 564 4146 degebant,
617 4089 715 4144 per
758 4075 887 4131 idve
949 4075 1218 4145 temporis
1260 4077 1695 4143 conveniebant,
1741 4091 1954 4133 annue-

261 4167 335 4222 rit
368 4166 671 4235 Dominus;
703 4166 859 4236 quod
907 4167 1168 4224 videlicet
1224 4168 1281 4223 in
1342 4168 1462 4237 ipso
1514 4169 1767 4238 paschali
1807 4168 1947 4225 Sab-

263 4257 412 4324 bato,
441 4255 692 4325 sepulcri
747 4255 968 4325 lampas
1011 4255 1291 4312 Dominici
1339 4256 1607 4312 videatur
1637 4257 1952 4327 quotannis

261 4357 499 4400 accensa
555 4343 854 4398 divinitus.
899 4344 1038 4398 Erat
1067 4351 1259 4399 autem
1293 4343 1347 4399 id
1379 4344 1554 4399 moris
1587 4344 1645 4399 in
1695 4344 1838 4400 urbe
1867 4353 1949 4410 ut,

261 4430 576 4487 circumitis
607 4430 817 4502 pagani
861 4433 1263 4487 universorum
1293 4432 1534 4497 tedibus,
1587 4431 1952 4503 singularum

262 4521 413 4577 focos
459 4533 647 4589 usque
695 4519 770 4574 ad
824 4519 1048 4575 favillas
1095 4519 1556 4590 exstinguerent,
1587 4529 1643 4576 et
1689 4528 1849 4577 tanta
1898 4521 1951 4575 id

262 4607 433 4663 fiebat
457 4607 530 4662 ab
555 4607 798 4663 ethnicis
837 4607 1128 4678 indagine,
1161 4615 1448 4677 quantum
1488 4608 1737 4678 idipsum
1778 4616 1953 4678 puta-

263 4694 435 4750 batur
468 4694 588 4750 fieri
629 4694 880 4751 fidelium
923 4693 1147 4760 fraude,
1181 4708 1296 4749 non
1337 4693 1464 4749 fide.
1499 4695 1641 4751 Cum
1679 4709 1818 4766 ergo
1849 4696 1957 4750 hoc

264 4782 429 4838 modo
474 4781 772 4838 Vulcanus
827 4781 1229 4838 eliminaretur
1275 4781 1347 4836 ab
1405 4783 1632 4852 oppido,
1685 4797 1754 4838 ea
1815 4784 1956 4839 hora

264 4886 382 4942 qua
414 4879 626 4928 nostrae
654 4871 950 4943 religionis
991 4871 1335 4941 obsequium
1369 4870 1587 4939 plebem
1619 4870 1958 4926 catholicam

265 4960 504 5016 solemni
550 4959 986 5016 resurrectionis
1026 4966 1202 5028 atque
1240 4957 1651 5028 baptismatum
1685 4959 1957 5012 interesse

266 5047 502 5102 mandat
529 5047 736 5115 ofﬁcio,
766 5046 1008 5101 vidisses
1037 5060 1137 5115 per
1178 5046 1509 5101 universam
1537 5045 1776 5116 gentiles
1804 5057 1960 5099 exer-

266 5135 338 5191 tis
369 5136 746 5192 mucronibus
777 5136 1048 5191 oberrare
1087 5134 1404 5200 basilicam,
1449 5142 1808 5203 mortemque
1848 5147 1954 5188 no—

267 5232 518 5280 strorum
565 5225 897 5296 quibusque
929 5225 1167 5294 minari;
1219 5238 1480 5280 cerneres
1520 5223 1647 5278 fidei
1692 5230 1900 5278 nostra
1928 5235 1960 5278 θ

271 5312 503 5380 regione
547 5313 792 5369 cultores
839 5313 1157 5384 indigenas,
1189 5312 1350 5383 gravi
1399 5326 1571 5382 penes
1615 5312 1794 5368 Deum
1827 5326 1962 5368 mae-

271 5412 401 5453 rore
427 5400 702 5467 torqueri,
730 5415 825 5455 eos
871 5415 1004 5456 vero
1051 5400 1129 5456 nil
1183 5400 1392 5465 minus,
1445 5414 1593 5469 quos
1642 5399 1710 5454 de
1755 5398 1962 5454 abditis

277 5486 478 5541 mundi
523 5486 736 5542 finibus
787 5489 1064 5544 orationis
1110 5496 1241 5544 vota
1284 5488 1379 5544 illo
1424 5494 1835 5544 contraxerant
1875 5487 1962 5543 vel

2061 3028 2244 3093 ribus,
2298 3032 2354 3080 et
2404 3020 2635 3092 populo,
2697 3019 3031 3089 poenitentia
3055 3018 3436 3086 cordiumque
3467 3012 3766 3084 rugitibus

2061 3111 2546 3184 prosequentibus
2576 3109 2788 3176 cleros;
2841 3109 3048 3164 misero
3102 3121 3299 3162 omnes
3345 3102 3762 3160 exulceraban-

2061 3210 2158 3259 tur
2187 3200 2416 3265 affectu,
2443 3197 2599 3267 quod
2641 3211 2708 3252 ea
2733 3196 2874 3252 urbe
2899 3196 3018 3266 jam
3063 3209 3098 3249 a
3123 3192 3463 3250 Christianis
3506 3191 3759 3254 obtenta,

2060 3291 2200 3346 inibi
2253 3285 2668 3356 contingebant
2725 3299 2856 3354 quze
2905 3297 3210 3354 nunquam
3241 3280 3498 3337 evenisse
3527 3278 3637 3334 sub
3672 3291 3762 3348 pa-

2061 3379 2229 3451 ganis
2259 3375 2580 3432 audierant.

2132 3463 2366 3521 Interim
2443 3459 2784 3516 Fulcherius
2848 3457 3232 3522 Carnotensis,
3303 3461 3600 3524 assumpto
3651 3451 3758 3507 sibi

2061 3550 2405 3623 patriarchae
2448 3547 2699 3603 Daiberti
2733 3546 3045 3616 capellano,
3078 3545 3137 3599 in
3171 3551 3421 3600 montem
3457 3539 3759 3612 proficisci-

2059 3646 2156 3695 tur
2187 3636 2432 3695 Oliveti?
2493 3636 2574 3692 lbi
2634 3635 2788 3690 enim
2837 3633 3088 3688 suboriri
3120 3632 3217 3688 Dei
3250 3631 3486 3686 lucerna
3517 3628 3754 3694 solebat,

2059 3728 2105 3783 si
2137 3725 2372 3797 quando
2413 3723 2821 3792 Hierosolymis
2853 3737 2969 3777 non
2997 3721 3213 3777 aderat.
3253 3718 3358 3775 Sed
3398 3716 3661 3778 reversis,
3691 3724 3756 3780 et

2058 3815 2141 3872 nil
2195 3822 2427 3886 gratum
2475 3812 2547 3866 ad
2622 3808 3003 3881 praestolantis
3065 3806 3314 3863 ecclesiae
3376 3801 3756 3859 referentibus

2058 3917 2248 3969 aures,
2291 3900 2577 3956 orationes
2607 3913 2640 3954 a
2672 3898 2914 3954 diversis
2959 3896 3332 3968 geminantur
3348 3893 3417 3948 ad
3450 3891 3749 3962 populum,

2059 4006 2175 4048 non
2226 3998 2415 4045 tamen
2452 4002 2583 4057 quae
2631 4001 2817 4058 mgros
2864 3985 3111 4050 foveant,
3166 3983 3261 4039 sed
3306 3980 3607 4036 incentisz
3656 3977 3751 4034 lu-

2060 4080 2340 4152 gentium.
2366 4077 2450 4132 Ea
2478 4075 2618 4141 dies,
2669 4089 2728 4130 re
2761 4074 2988 4141 infecta,
3022 4072 3320 4130 universos
3365 4071 3423 4126 in
3455 4082 3563 4125 sua
3599 4076 3752 4123 recta

2060 4167 2305 4232 remisit;
2342 4178 2456 4220 nox
2491 4162 2722 4234 gemina
2752 4161 2948 4230 irruit,
2984 4160 3250 4230 aerisque
3289 4157 3554 4214 maestitia
3589 4170 3755 4227 gene-

2062 4257 2255 4313 raliter
2279 4254 2540 4310 omnium
2571 4259 2800 4322 pectora
2833 4250 3014 4306 torsit.
3060 4251 3123 4304 1n
3153 4248 3405 4304 crastino
3437 4245 3755 4301 deliberant

2063 4354 2129 4401 ut
2179 4344 2247 4399 ad
2279 4340 2556 4411 templqu
2593 4354 2777 4409 usque
2825 4338 3076 4405 Domini,
3105 4337 3294 4392 debito
3339 4350 3472 4391 cum
3515 4347 3755 4389 mmrore

2063 4432 2388 4504 procedant.
2435 4431 2648 4496 lerant,
2698 4427 2892 4499 gaudii
2943 4441 3179 4496 prorsus
3228 4423 3520 4480 Paschalis
3564 4422 3758 4477 imme-

2062 4536 2270 4583 mores,
2305 4520 2445 4576 dum
2499 4517 2698 4574 nullus
2739 4517 2941 4574 habitu
2982 4515 3235 4572 differta
3276 4513 3366 4568 die
3394 4515 3752 4577 Parasceves,

2063 4623 2193 4666 cum
2240 4623 2369 4664 ecce
2411 4607 2483 4662 ab
2531 4605 2760 4663 aedituis
2801 4605 3049 4660 ecclesiae
3102 4610 3226 4673 post
3269 4601 3538 4656 euntium
3601 4607 3756 4669 terga

2063 4699 2389 4754 concinitur
2419 4696 2559 4766 quia
2590 4694 2741 4750 sacri
2772 4692 3131 4748 monumenti
3151 4691 3372 4758 lampas
3399 4687 3749 4743 accenditur.

2063 4784 2208 4849 Quid
2243 4789 2387 4838 45l
2455 4780 2762 4837 immorer?
2794 4781 2972 4836 Tanto
2991 4794 3056 4834 eo
3087 4778 3175 4833 die
3199 4777 3403 4848 gratia,
3437 4781 3607 4830 aucto
3637 4789 3752 4829 suae

2064 4873 2342 4930 ubertatis
2383 4886 2456 4927 ex
2489 4871 2761 4926 dilatione
2803 4883 3096 4935 successu,
3125 4866 3381 4932 emicuit,
3419 4873 3483 4921 ut
3517 4863 3614 4919 illa
3659 4864 3748 4918 Dei

2065 4961 2298 5017 claritas
2319 4975 2432 5015 non
2461 4959 2697 5028 quidem
2725 4958 2917 5024 simul,
2952 4957 3046 5013 sed
3071 4955 3342 5020 vicissim,
3386 4954 3536 5008 intra
3567 4951 3751 5022 sepul-

2065 5048 2147 5104 cri
2187 5047 2502 5110 ecclesiam,
2543 5045 2832 5115 lampades
2867 5045 3042 5100 ferme
3091 5042 3522 5114 quinquaginta
3571 5041 3754 5111 tetige-

2066 5137 2160 5191 rit.
2205 5136 2337 5190 Hzec
2375 5149 2488 5190 non
2531 5134 2699 5190 modo
2732 5134 2878 5188 inter
2918 5145 3082 5188 sacra
3121 5130 3409 5201 contigere
3468 5129 3749 5199 mysteria,

2069 5236 2274 5278 verum
2304 5235 2437 5277 cum
2488 5221 2732 5291 peractis
2761 5220 2965 5277 officiis
3014 5235 3117 5275 rex
3168 5220 3470 5288 pranderet
3517 5219 3574 5272 in
3604 5219 3748 5284 aula,

2067 5311 2294 5381 cogitur
2315 5310 2719 5380 frequentibus
2749 5309 2971 5365 nuntiis
2994 5308 3064 5364 ad
3093 5322 3243 5364 nova
3272 5305 3750 5363 videndalumina

2071 5400 2277 5469 rejecta
2329 5412 2673 5469 consurgere
2716 5412 2932 5453 mensa.
2987 5396 3102 5453 Dici
3151 5411 3266 5450 non
3317 5403 3496 5465 potest
3548 5396 3750 5464 quibus

2071 5486 2433 5544 convaluerit
2485 5500 2693 5542 maeror
2749 5485 2840 5541 illc
2877 5484 3115 5552 solatiis,
3169 5498 3302 5540 cum
3337 5497 3403 5538 eo
3438 5482 3551 5549 die,
3608 5484 3749 5555 quod
