3902 6082
157 324 275 378 829

1229 319 1448 376 essm
1486 321 1606 376 DEI
1651 321 1789 377 PER
1832 278 2162 376 FRANCOS.
2198 350 2257 360 —
2289 321 2426 376 LIB.
2461 321 2610 376 VIII.

3557 324 3662 377 830

151 468 470 524 nunquam
522 457 984 522 praesumpserat,
1033 452 1186 508 intra
1223 452 1481 508 eamdem
1522 452 1744 517 urbem,
1794 452 1852 506 in
1891 454 1940 509 A
1971 453 2103 506 nisu
2130 450 2357 508 virtutis
2381 452 2608 522 irrupit,
2655 459 2718 508 ut
2748 451 2959 522 pectori
3004 451 3185 522 ipsius
3237 452 3346 509 telo
3393 459 3663 522 transpo—

155 543 374 613 templo
433 541 678 608 Domini,
731 540 990 596 coronari
1040 554 1141 596 rex
1195 541 1317 613 ipse
1363 541 1729 608 consenserit,
1789 541 1861 596 ob

155 629 344 699 hujus
375 629 626 685 favorem
661 628 933 683 muneris.

236 717 426 790 [XLL]
459 715 678 772 Franci
714 716 971 787 patriam
999 718 1318 787 repetentes
1363 734 1401 770 α
1455 716 1655 771 Turcis
1680 717 1863 773 truci-

151 806 394 862 dantur.
452 837 497 844 ——
537 805 723 876 Igitur
772 805 998 871 Franci,
1042 806 1142 875 qui
1177 818 1399 860 sacram
1445 806 1566 860 suis
1610 808 1860 862 redeme-

152 903 296 951 rant
347 895 656 951 cruoribus
705 894 929 959 urbem,
977 908 1110 949 cum
1142 893 1213 948 ad
1247 892 1414 947 dulce
1439 893 1645 958 solum,
1681 895 1862 949 visuri

156 990 444 1052 parentes,
482 982 627 1037 filios
658 995 726 1035 ac
773 994 1002 1048 uxores,
1054 980 1239 1036 redire
1271 981 1562 1050 gestirent,
1595 995 1714 1051 qua
1761 996 1864 1037 ve-

155 1079 388 1148 nerant,
415 1084 516 1140 per
546 1069 964 1125 mediterranea
987 1068 1218 1134 scilicet,
1247 1069 1331 1124 tisi
1361 1069 1596 1125 forsitan
1624 1085 1864 1126 numero

153 1171 228 1212 ac
267 1158 529 1224 audacia,
564 1157 835 1226 repedare
864 1157 1201 1212 deliberant.
1238 1157 1500 1227 Cumque
1530 1172 1631 1227 per
1661 1159 1864 1214 Nicmae

157 1259 341 1316 quam
377 1245 596 1314 pridem
635 1253 925 1314 coeperant
955 1244 1094 1300 ﬁnes
1125 1246 1492 1315 praetergredi
1543 1246 1714 1301 libere
1766 1260 1865 1300 co-

161 1334 371 1405 gitant,
410 1333 602 1398 Turci,
641 1347 788 1403 quos
847 1333 990 1388 uIbe
1022 1333 1241 1389 reddita
1294 1333 1434 1388 inibi
1468 1333 1862 1402 praediximus,

160 1419 515 1489 objiciendos
544 1419 857 1490 aliquando
883 1421 1135 1487 Francis,
1177 1419 1251 1476 ab
1300 1421 1640 1490 imperatore
1696 1434 1865 1490 repo-

163 1509 324 1575 sitos,
380 1508 580 1564 obvios
631 1509 712 1564 eis
761 1508 878 1564 acri
923 1522 1100 1564 manu
1145 1523 1205 1564 se
1234 1509 1530 1575 exhibent,
1571 1516 1626 1564 et
1661 1516 1722 1563 ut
1747 1522 1866 1578 pre-

161 1597 359 1666 sbyter
389 1597 480 1651 ille
516 1611 696 1658 meus,
729 1597 839 1651 nisi
874 1596 1034 1660 falso,
1069 1596 1300 1663 fatetur,
1350 1597 1586 1650 immani
1633 1604 1861 1651 centum

165 1685 348 1740 millia
377 1685 784 1756 digladiatione
818 1684 1128 1739 trucidant.
1188 1683 1293 1739 Sed
1327 1684 1383 1738 in
1440 1685 1582 1740 tanti
1625 1698 1866 1753 expres-

162 1774 328 1828 sione
371 1772 599 1829 numeri
670 1786 871 1828 vereor
926 1773 1118 1828 virum
1169 1772 1308 1840 falli,
1361 1773 1501 1842 quia
1541 1787 1674 1828 eum
1723 1773 1865 1828 alias
1903 1751 1946 1806 Β

159 1860 338 1916 etiam
387 1874 554 1929 aquo
608 1859 1015 1929 promptiorem
1075 1860 1133 1914 in
1187 1861 1703 1930 supputationibus
1731 1875 1864 1916 con-

161 1952 278 2000 stat
347 1945 566 2013 haberi,
625 1947 782 2001 verbi
851 1946 1059 2018 gratia,
1110 1961 1205 2003 eos
1252 1947 1355 2018 qui
1417 1948 1866 2018 Hierosolymam

159 2033 400 2102 profecti
459 2042 614 2102 sunt,
665 2035 925 2106 sexagies
980 2044 1221 2091 centena
1287 2037 1466 2092 millia
1519 2037 1692 2092 audet
1751 2039 1867 2106 ipse

164 2129 386 2177 taxare.
422 2122 527 2178 Cui
556 2123 914 2180 sufficientia:
974 2126 1150 2180 miror
1174 2125 1222 2180 si
1254 2125 1513 2181 omnium
1550 2125 1867 2195 Cisalpina-

163 2224 298 2265 rum
331 2211 601 2278 partium,
637 2210 747 2265 imo
785 2211 955 2267 totius
1008 2212 1325 2268 Occidentis
1357 2226 1533 2283 regna
1591 2213 1867 2278 valerent,

165 2313 301 2354 cum
363 2298 613 2354 sciamus
665 2299 901 2356 indubie
935 2301 1088 2371 quod
1146 2301 1202 2355 in
1238 2301 1420 2370 primo
1451 2316 1552 2371 pro
1584 2301 1870 2357 moenibus

166 2382 373 2442 Nicaeae
428 2402 758 2458 congressu,
815 2392 913 2445 vix
961 2400 1254 2461 equestres
1284 2392 1504 2462 integre
1560 2399 1871 2460 apparatus

168 2476 509 2532 habentium
536 2486 767 2533 centum
823 2479 1000 2535 millia
1035 2480 1206 2536 fuisse
1254 2481 1577 2536 tradantur.
1613 2481 1684 2535 Et
1717 2481 1764 2535 si
1803 2481 1871 2535 de

169 2563 284 2620 illis
317 2563 487 2632 plane
543 2573 965 2646 agatueosque
1007 2569 1116 2622 sub
1165 2568 1272 2623 hac
1323 2567 1464 2622 forte
1517 2575 1869 2639 percenseat,

170 2650 275 2720 qui
326 2659 545 2706 motum
601 2653 834 2722 quidem
866 2655 1042 2710 eundi
1075 2655 1329 2723 fecerint,
1360 2656 1456 2710 sed
1491 2669 1593 2725 per
1619 2655 1874 2710 diversas

170 2753 646 2808 quaquaversum
682 2743 1026 2810 provincias,
1064 2751 1213 2799 terra
1241 2751 1295 2798 et
1345 2743 1511 2809 mari,
1557 2744 1752 2799 morbo
1785 2743 1870 2797 fa-

171 2840 401 2896 meque,
441 2827 769 2892 defecerint,
813 2843 917 2884 nec
957 2830 1037 2884 sic
1064 2830 1315 2899 profecto
1368 2837 1538 2886 tantae
1573 2831 1872 2886 hominum

170 2913 444 2970 intinitati
474 2915 807 2984 supplendae
837 2916 1183 2973 suffecerint.
1232 2919 1466 2975 Francis
1493 2933 1648 2990 ergo,
1685 2926 1748 2974 ut
1780 2918 1872 2973 di-

168 3012 329 3059 ctum
392 3009 492 3068 est,
539 3003 698 3057 ferali
750 3005 901 3060 crede
935 3007 1252 3074 prostratis,
1289 3007 1547 3077 plerique
1594 3007 1871 3076 supersti-

166 3099 316 3156 tum,
351 3090 526 3145 rebus
555 3091 871 3148 Jerusalem
926 3102 1301 3151 revertuntur
1355 3096 1596 3151 amissis.
1649 3094 1870 3162 Quibus

166 3179 605 3236 liberalissimus
660 3195 763 3237 rex
817 3190 872 3237 et
929 3182 1095 3238 valde
1142 3184 1454 3251 condoluit,
1487 3192 1542 3240 et
1595 3183 1871 3240 beneﬁcia

169 3266 426 3337 plurima
483 3269 743 3338 contulit,
787 3277 842 3325 et
867 3270 1115 3326 reditum
1148 3271 1217 3325 ad
1242 3272 1484 3340 patriam
1517 3271 1704 3342 pelagi
1735 3286 1870 3326 eve-

165 3355 358 3411 ctione
389 3357 586 3412 suasit.

835 3445 1067 3503 CAPUT
1105 3446 1230 3506 XII.

243 3530 465 3603 [XLIL]
504 3532 676 3587 Τυνεὶ
697 3533 1066 3590 debellanlur
1091 3536 1164 3589 ab
1192 3534 1686 3604 Jerosolymorum
1716 3551 1864 3604 rege.

240 3624 312 3674 At
352 3621 732 3690 Babylonicus
762 3623 1044 3692 princeps,
1077 3638 1190 3678 non
1223 3631 1339 3678 tam
1386 3623 1454 3678 de
1485 3623 1869 3692 Jerosolymo—

168 3723 304 3764 rum
337 3710 659 3778 amissione,
702 3727 877 3781 quam
918 3712 988 3768 de
1028 3714 1378 3768 Francorum
1410 3711 1512 3782 qui
1545 3711 1684 3767 inibi
1714 3712 1868 3768 dese-

167 3797 376 3852 derant
446 3799 818 3869 contiguitate
873 3801 1183 3868 confectus,
1242 3801 1457 3856 crebris
1531 3801 1870 3870 aggreditur

165 3885 634 3954 expeditionibus
663 3901 853 3957 regem
886 3889 1116 3958 pulsare
1145 3903 1380 3953 novum,
1412 3896 1466 3944 et
1517 3902 1612 3958 per
1642 3889 1868 3944 Accha—

167 3988 274 4029 ron
336 3974 582 4030 civitatis
633 3985 858 4045 portum
898 3977 1341 4047 frequentiorem
1391 3976 1735 4033 moliebatur
1773 3977 1869 4032 in-

166 4077 428 4119 cursum.
480 4065 779 4120 Accharon
845 4074 1033 4122 autem
1093 4065 1375 4122 Robertus
1437 4065 1865 4121 Northmanno-

168 4166 303 4207 rum
360 4167 548 4209 comes
585 4155 903 4223 obsederat,
937 4155 1076 4210 dum
1129 4154 1492 4224 Jerosolymae
1541 4155 1867 4211 obsidenda

171 4240 399 4296 Domini
443 4242 731 4298 exercitus
788 4246 1086 4312 properat;
1145 4242 1240 4298 sed
1272 4242 1395 4298 dux
1440 4257 1571 4298 eum
1605 4242 1867 4299 Godefri-

1969 539 2075 596 sito
2124 540 2399 596 vexillum
2485 542 2642 610 quod
2728 541 2833 596 telo
2897 543 3078 596 inerat
3137 541 3350 610 pariter
3405 540 3658 609 inferret,

1967 637 2351 699 exemplaque
2403 630 2566 685 hasta
2621 644 2655 684 a
2693 631 2932 686 vulnere
2963 630 3240 685 vexillum
3283 638 3573 685 teneretur
3605 631 3662 684 in

1971 726 2211 788 pectore.
2291 718 2414 784 Qua
2488 719 2576 775 sui
2651 733 3010 788 suorumque
3064 720 3423 774 animositate
3481 719 3663 774 hostes

1970 807 2264 862 conterriti
2298 808 2480 877 primo
2537 816 2858 877 cesserunt;
2893 807 2986 862 sed
3039 822 3140 876 pro
3179 821 3418 863 numero
3474 821 3541 862 ac
3570 807 3662 861 vi—

1970 895 2149 959 ribus,
2201 895 2473 950 redeunte
2527 897 2661 965 ipsis
2719 897 2981 962 audacia,
3045 895 3254 950 nostris
3315 894 3665 950 unanimiter

1971 982 2277 1052 ingruunt,
2307 991 2363 1039 et
2393 984 2460 1038 de
2484 984 2622 1053 fuga
2653 986 2905 1055 cogitare
2934 983 3302 1052 compellunt.

2042 1072 2159 1126 Hoc
2200 1072 2307 1128 sibi
2357 1072 2658 1128 infortunii
2701 1073 2970 1128 accidisse
3017 1072 3087 1126 ad
3120 1071 3175 1125 id
3224 1085 3338 1126 non
3369 1071 3492 1125 sine
3521 1084 3662 1140 pru-

1971 1159 2163 1214 dentia
2193 1159 2454 1226 retulere,
2503 1161 2658 1229 quod
2702 1174 3072 1230 nequaquam
3135 1159 3270 1214 huic
3304 1166 3456 1212 tanto
3484 1172 3665 1227 nego—

1974 1247 2048 1301 tio
2111 1256 2315 1316 praesto
2375 1263 2601 1303 crucem
2669 1250 3026 1305 Dominicam
3095 1250 3365 1305 habuere.
3428 1248 3662 1302 Crucem

1971 1343 2165 1390 autem
2219 1336 2422 1406 ipsam,
2487 1345 2548 1392 ut
2613 1337 2827 1404 ferunt,
2875 1352 3007 1393 cum
3064 1338 3274 1394 abditis
3316 1335 3664 1404 quibusdam

1973 1423 2191 1490 lateret,
2257 1424 2337 1479 uti
2387 1423 2605 1493 pridem
2668 1424 2884 1490 lancea,
2953 1425 3109 1490 locis,
3183 1424 3327 1493 Syro
3393 1422 3664 1491 quodam,

1973 1511 2183 1575 nescio,
2241 1526 2314 1566 an
2370 1513 2660 1580 Armenio,
2715 1513 2901 1569 indice
2952 1518 3304 1582 repererunt.
3362 1509 3483 1564 Tali
3532 1521 3668 1579 ergo

1971 1604 2362 1675 castigatiores
2414 1604 2616 1671 effecti,
2664 1620 2776 1660 non
2821 1615 2936 1661 tam
2984 1607 3194 1660 damno
3237 1617 3413 1672 quam
3473 1608 3669 1668 coeptae

1975 1693 2227 1749 victoriae
2273 1709 2454 1761 naevo,
2517 1709 2648 1750 cum
2698 1695 3028 1764 Babylonici
3061 1692 3336 1764 principis
3386 1690 3670 1760 prioribus

1975 1795 2089 1836 non
2145 1782 2388 1850 impares
2435 1783 2610 1851 copiae
2660 1798 2782 1838 sese
2830 1784 2996 1839 tertio
3039 1781 3398 1847 obtulissent,
3433 1792 3534 1834 rex
3564 1791 3671 1846 op-

1977 1868 2172 1934 timus,
2207 1882 2324 1937 qua
2373 1869 2554 1924 valuit
2608 1870 2949 1940 frequentia,
3001 1872 3095 1926 sed
3126 1886 3196 1927 ex
3254 1872 3364 1924 Deo
3396 1866 3667 1931 securior,

1975 1953 2245 2020 occurrit,
2305 1963 2360 2010 et
2418 1969 2521 2025 pro
2583 1956 2852 2013 facultate
2910 1959 3106 2014 locatis
3155 1957 3456 2013 ordinibus
3512 1959 3672 2009 tanta

1975 2043 2301 2100 animorum
2364 2046 2721 2102 vehementia
2775 2046 2908 2102 hinc
2964 2047 3213 2114 indeque
3286 2040 3670 2103 concurritur,

1979 2139 2158 2200 tanto,
2203 2133 2332 2189 licet
2395 2134 2561 2190 valde
2614 2135 2844 2204 impari,
2892 2133 3188 2190 carniﬁcio
3241 2145 3372 2200 pars
3423 2137 3670 2195 utraque

1979 2224 2318 2292 conciditur,
2352 2232 2416 2280 ut
2442 2239 2516 2280 ex
2547 2225 2741 2296 gentili
2775 2226 3006 2295 agmine
3037 2239 3134 2280 sex
3162 2223 3360 2287 millia,
3388 2233 3460 2275 ex
3492 2218 3668 2272 Fran-

1977 2310 2058 2366 cis
2087 2317 2316 2366 centum
2351 2310 2556 2366 milites
2606 2319 3016 2367 sternerentur.
3057 2312 3126 2366 Et
3157 2310 3298 2380 quia
3328 2322 3438 2363 non
3496 2303 3670 2373 aqui—

1980 2397 2188 2463 larum,
2233 2411 2346 2452 non
2405 2397 2722 2454 draconum
2771 2398 3034 2468 insigniri
3092 2395 3378 2467 superbiis
3428 2404 3672 2448 curave-

1980 2493 2138 2550 runt,
2189 2485 2286 2540 sed
2345 2485 2579 2540 humilis
2631 2485 2908 2542 Crucitixi
2953 2485 3348 2554 opprobrium,
3399 2481 3506 2536 sibi
3546 2493 3675 2533 cru-

1980 2588 2099 2628 cem
2167 2574 2428 2630 videlicet
2513 2574 2890 2643 przetulerunt
2957 2575 3200 2629 victores
3259 2570 3406 2626 illico
3469 2567 3675 2623 lauda-

1981 2664 2195 2719 tissime
2223 2665 2547 2730 existentes,
2577 2674 2736 2734 terga
2759 2678 2852 2719 eos
2890 2663 3093 2718 dedere
3120 2661 3547 2731 compulerunt.

2058 2749 2306 2823 [XLIIL]
2344 2750 2558 2807 Franci
2589 2753 2902 2808 Caesaream
2928 2749 3183 2804 obsident
3228 2764 3299 2802 ac
3327 2744 3678 2817 expugnant.

1981 2869 2050 2880 —
2087 2841 2187 2896 His
2218 2840 2290 2895 ita
2325 2841 2522 2910 probe,
2555 2848 2620 2896 ut
2647 2840 2901 2903 decebat,
2933 2839 3202 2907 explosis,
3231 2851 3261 2892 e
3287 2833 3529 2904 vestigio
3565 2844 3682 2901 quo

1983 2928 2432 2984 numerosiorem
2492 2928 2672 2996 potuit
2726 2926 2936 2982 confiat
2988 2925 3328 2987 exercitum,
3382 2930 3436 2977 et
3495 2921 3680 2976 Cresa-

1982 3030 2137 3072 ream
2170 3017 2602 3072 Palaestinorum
2632 3016 2925 3078 eximiam,
2959 3029 3073 3069 non
3104 3012 3367 3069 contuitu
3395 3009 3677 3073 millium,

1981 3105 2076 3160 sed
2103 3119 2201 3174 spe
2236 3105 2429 3174 potius
2457 3105 2669 3159 virium
2705 3103 2999 3158 obsidione
3023 3101 3351 3171 lpraecingit.
3385 3098 3677 3153 Accelera-

1981 3201 2079 3250 tur
2111 3193 2305 3263 itaque
2349 3192 2565 3248 fabrica
2621 3191 3045 3258 machinarum,
3104 3188 3405 3259 multiplex
3457 3187 3678 3241 circum

1983 3296 2178 3338 muros
2208 3282 2434 3338 ballista
2490 3282 2828 3352 porrigitur.
2861 3280 3022 3346 Quod
3070 3279 3306 3334 arietem
3334 3276 3607 3341 vocitant,
3640 3287 3675 3328 a

1982 3370 2166 3426 fronte
2212 3372 2422 3426 ferrata
2479 3371 2667 3425 trabes
2719 3369 3031 3425 inducitur.
3083 3369 3422 3437 Comparata
3479 3362 3674 3418 mueni-

1979 3459 2090 3514 bus
2118 3468 2306 3514 castra
2336 3459 2661 3527 phalarum,
2704 3458 2801 3513 sed
2839 3463 2988 3511 459
3024 3472 3135 3512 non
3170 3471 3287 3511 una
3334 3453 3668 3524 procedunt,

1978 3555 2052 3613 et,
2089 3559 2389 3601 murorum
2444 3544 2895 3614 propugnaculis
2943 3545 3287 3608 assistentes,
3339 3555 3452 3596 non
3486 3539 3671 3594 solum

1979 3635 2272 3690 variorum
2331 3633 2512 3688 imbre
2569 3632 2870 3688 missilium
2946 3633 3288 3688 Sarracenos
3345 3626 3668 3698 illapidant,

1979 3722 2071 3777 sed
2104 3721 2274 3776 etiam
2319 3720 2538 3775 collatis
2594 3719 2970 3775 mucronibus
3003 3717 3315 3788 aliquando
3357 3715 3667 3770 trucidant.

1981 3811 2221 3865 Fervere
2257 3808 2333 3863 ibi
2387 3822 2649 3864 cerneres
2705 3808 2974 3862 maximis
3033 3813 3316 3862 tormenta
3362 3803 3670 3872 lapidibus,

1975 3908 2030 3954 et
2077 3912 2190 3953 non
2245 3897 2410 3952 modo
2468 3895 2738 3965 parietem
2825 3895 2978 3950 muri
3047 3908 3258 3950 vexare
3319 3891 3670 3960 forasticum,

1975 4001 2178 4042 verum
2237 3997 2468 4054 procera
2499 3984 2720 4039 acrium
2757 3983 3004 4039 molibus
3044 3983 3258 4039 ictuum
3306 3981 3554 4038 civitatis
3604 3980 3674 4035 ir-

1976 4075 2150 4130 ritare
2199 4073 2424 4143 palatia.
2480 4073 2713 4128 Pulsare
2743 4085 2920 4142 quam
2954 4070 3164 4140 saepius
3187 4071 3336 4125 aedes
3367 4083 3434 4125 ac
3464 4067 3674 4124 muenia

1976 4164 2132 4220 saxis
2159 4163 2490 4229 omiserant,
2523 4169 2575 4218 et
2605 4175 2735 4216 cum
2792 4159 3019 4230 liquore
3077 4159 3342 4228 plumbeo
3373 4158 3504 4214 ferri
3541 4171 3673 4213 can-

1977 4253 2162 4310 dentis
2211 4251 2436 4318 oli‘ulas,
2495 4259 2558 4306 ut
2632 4249 3022 4320 conflagretur
3066 4248 3363 4318 Oppidum,
3416 4253 3673 4302 armenta

169 4327 302 4394 dIIS.
351 4328 748 4384 fructuosioris
803 4329 1014 4400 negotii
1071 4330 1568 4399 contemplatione.
1627 4331 1866 4386 diduxe—
1905 4325 1948 4378 Ι)
1980 4354 2212 4396 recussa
2253 4339 2611 4408 dispergunt.
2667 4339 2888 4393 Interea
2933 4337 3081 4392 aries
3112 4336 3294 4392 muris
3324 4334 3582 4401 illiditur,
3617 4340 3672 4389 et

170 4423 282 4470 rat.
341 4416 722 4485 Babylonicus
798 4418 994 4488 itaque
1056 4419 1242 4474 missis
1290 4419 1616 4488 ingentibus
1669 4419 1867 4487 copiis,

169 4518 366 4574 regem
414 4504 803 4562 Christianum
853 4506 1001 4562 bello
1060 4507 1300 4562 lacessit.
1359 4507 1466 4574 Qui
1511 4521 1617 4563 suo
1668 4507 1871 4562 humili

170 4607 365 4664 grege,
424 4594 590 4649 cuia
639 4596 880 4651 Domino
909 4596 1157 4651 dicitur:
1201 4619 1220 4644 ι
1272 4597 1397 4652 Noli
1457 4598 1653 4652 timere
1706 4598 1892 4660 (Luc:

168 4697 274 4751 xu,
310 4683 416 4751 32),
455 4705 475 4732 ι
511 4685 776 4752 conﬂato,
816 4693 872 4741 et
918 4685 1169 4751 aciebus,
1205 4693 1269 4740 ut
1300 4692 1540 4755 poterat,
1594 4685 1869 4740 distribu-

167 4773 265 4838 tis,
303 4772 566 4842 profanos
603 4773 860 4843 impetiit,
906 4782 962 4829 et
991 4789 1096 4829 nec
1147 4787 1327 4840 mora,
1379 4773 1553 4829 veluti
1603 4774 1870 4842 pecuaria

171 4860 347 4915 bruta
375 4860 661 4927 caedendo,
716 4876 828 4916 non
870 4862 1034 4918 aliter
1073 4876 1250 4931 quam
1301 4861 1700 4931 rapidissimus
1734 4862 1867 4930 pul-

166 4962 363 5004 verem
441 4950 610 5005 turbo
662 4950 942 5018 dispersit.
1013 4950 1270 5006 Secundo
1343 4964 1549 5005 novem
1621 4949 1866 5006 militum

169 5036 333 5092 milia
387 5038 637 5105 miserat,
702 5038 918 5108 quibus
971 5038 1421 5108 Ethiopicorum
1482 5039 1734 5108 peditum
1796 5040 1865 5094 ad

168 5125 370 5193 millia,
405 5126 518 5181 fere
535 5127 762 5197 viginti,
788 5141 996 5183 manus
1015 5127 1300 5198 gregaria,
1333 5127 1586 5182 suberat.
1610 5130 1866 5191 Quorum

167 5214 438 5270 occursui
477 5229 577 5271 rex
614 5215 744 5284 pius
773 5215 1057 5286 equitum,
1113 5215 1391 5284 peditum,
1422 5215 1521 5271 vix
1551 5215 1705 5271 mille
1735 5229 1866 5271 coe-

169 5312 354 5375 gerat,
381 5311 435 5359 et
477 5312 686 5372 tamen,
739 5312 950 5374 septem
994 5303 1328 5375 agminibus
1372 5304 1580 5360 exinde
1629 5303 1866 5373 disposi-

169 5392 261 5458 tis,
320 5393 378 5446 in
433 5407 632 5448 eorum
700 5392 1146 5449 confertissimas
1217 5392 1514 5463 plalanges
1569 5392 1868 5464 magnani-

169 5494 264 5535 ma
294 5481 599 5536 securitate
629 5495 686 5536 se
717 5480 880 5536 fudit.
911 5481 1016 5537 Ubi
1062 5481 1324 5550 princeps
1352 5481 1519 5545 idem,
1554 5481 1865 5550 quemdam

166 5569 398 5624 eminus
456 5569 706 5640 equitem
783 5569 1084 5641 gentilium
1128 5571 1510 5642 conspicatus,
1569 5579 1726 5626 tanto
1771 5570 1867 5626 ad-

1977 4429 2117 4484 dum
2151 4427 2389 4482 inferius
2445 4426 2698 4482 foramen
2730 4425 2976 4492 affectat,
3033 4425 3304 4480 universa
3349 4425 3668 4490 circumpo-

1976 4515 2065 4571 siti
2127 4513 2470 4570 munimenti
2527 4514 2782 4568 soliditas
2848 4514 3158 4570 fatiscendo
3218 4513 3466 4567 laxatur.
3522 4511 3671 4565 Dum

1974 4618 2112 4674 ergo
2145 4603 2348 4658 Franci
2380 4602 2648 4658 nituntur
2700 4603 2770 4657 ad
2809 4603 3028 4668 intima,
3057 4609 3110 4656 et
3138 4600 3393 4654 studium
3427 4597 3672 4653 laesionis

1977 4691 2320 4747 Sarracenos
2374 4689 2612 4758 impellit
2656 4690 2728 4744 ad
2772 4697 2989 4753 extera,
3043 4688 3223 4743 caedes
3252 4687 3501 4756 agebant
3549 4699 3673 4739 mu-

1975 4786 2124 4834 tuas.
2161 4777 2265 4833 Ubi
2297 4776 2467 4832 etiam
2504 4777 2784 4832 machinae
2814 4776 3044 4846 jactura
3089 4774 3362 4839 cadentis,
3422 4771 3672 4841 plurima

1976 4866 2044 4920 de
2077 4880 2210 4920 nece
2238 4872 2588 4933 nostrorum,
2638 4865 2859 4920 animos
2913 4863 3152 4918 diversae
3207 4861 3386 4932 partis
3413 4861 3672 4915 exsusci-

1977 4960 2073 5009 tat.
2118 4951 2415 5008 Sarraceni
2474 4966 2744 5022 namque,
2807 4967 2936 5006 cum
2971 4950 3085 5006 sint
3117 4951 3174 5004 in
3202 4948 3476 5019 expositis
3523 4947 3671 5002 acie-

1975 5042 2084 5098 bus
2137 5045 2365 5108 inertes,
2432 5041 2586 5095 intra
2643 5039 2910 5109 praesidia
2966 5039 3112 5094 mira
3170 5045 3308 5095 sunt
3361 5036 3669 5107 sagacitate

1973 5129 2228 5185 rebelles.

2045 5218 2232 5290 Igitur
2260 5218 2350 5273 die
2377 5215 2686 5272 obsidionis
2726 5215 3011 5281 vicesima,
3044 5229 3176 5270 cum
3205 5229 3308 5271 rex
3364 5213 3541 5269 fretus
3565 5212 3669 5282 ju—

1973 5313 2207 5362 ventute
2239 5303 2543 5361 lectissima
2569 5302 2885 5372 oppidanos
2915 5301 3169 5372 graviter
3201 5307 3449 5370 urgeret,
3491 5314 3521 5354 e
3555 5313 3671 5355 ma-

1973 5393 2145 5449 china
2192 5405 2358 5448 muro
2385 5398 2616 5460 repente
2644 5390 2834 5446 insilit.
2873 5391 2998 5445 Post
3027 5389 3208 5459 ipsum
3259 5388 3421 5444 miles
3478 5389 3666 5455 irruit,

1974 5481 2190 5537 hostem
2249 5481 2509 5550 fugacem
2542 5478 2769 5547 disjicit.
2827 5477 3061 5534 Francis
3105 5477 3298 5548 itaque
3332 5490 3522 5547 regem
3555 5484 3671 5533 tota

1971 5569 2266 5626 alacritate
2312 5567 2707 5642 sequentibus,
2762 5582 2860 5642 per
2892 5567 3093 5624 urbem
3125 5565 3347 5624 inﬁnita
3378 5564 3548 5620 turba
3577 5578 3670 5640 pe.
