3938 6082
299 283 394 336 831

1192 278 1251 331 ν.
1297 276 1627 332 GUIBERTI
1667 276 1955 332 ABBATIS
1992 276 2046 330 S.
2090 275 2330 330 ΜΑΒΙΑΞ
2367 274 2461 330 DE
2505 274 2897 331 NOVIGENTO

3699 273 3804 327 832

299 411 549 474 rimitur,
593 408 806 465 nemini
854 407 1129 478 parcitur,
1161 407 1272 463 nisi
1305 407 1457 476 quod
1487 405 1756 476 puellaris
1800 405 1872 460 ad
1901 406 1996 461 ob-
2032 409 2078 462 Α
2106 404 2285 460 ricam
2319 404 2622 460 ﬂaminum
2653 403 3088 474 importunitate
3116 403 3390 458 defertur.
3425 403 3606 470 Quam
3649 403 3800 458 idem

299 500 562 571 sequium
595 498 828 552 inventa
857 503 1144 550 servatur.
1195 495 1409 550 Passim
1463 509 1599 565 gaza
1628 494 1992 563 disquiritur,

297 597 352 645 et
385 602 495 644 non
529 585 694 642 modo
750 598 904 653 arca,
953 599 1156 640 verum
1209 584 1505 639 Sarraceni
1566 585 1803 639 tacentis
1859 583 1996 654 gula

299 675 640 742 discutitur;
693 673 886 727 fauces
935 671 1087 727 enim
1143 686 1275 741 quae
1323 670 1635 742 glutierant
1691 671 1992 739 Byzantea,

297 776 492 832 pugno
525 759 900 821 succutiente,
962 759 1249 829 rejiciunt,
1272 768 1327 815 et
1356 774 1486 828 qua:
1517 759 1707 814 ofﬁcia
1731 759 1812 814 eis
1861 760 1996 815 locis

296 849 546 906 indebita
582 857 954 917 usurparant,
988 850 1114 904 auri
1147 849 1359 904 frustra
1417 847 1762 902 feminarum
1824 861 1991 916 puer-

295 939 452 1008 peria
496 937 768 992 fundunt.
800 936 914 992 Nec
957 951 1138 1004 mora,
1181 945 1360 1006 captaa
1390 935 1607 990 civitati
1641 936 1992 990 Francorum

295 1027 517 1082 colonia
549 1027 663 1081 illic
717 1024 1066 1092 habitatura,
1097 1024 1422 1079 dimittitur.
1479 1021 1602 1077 Non
1636 1022 1814 1076 multo
1873 1029 1993 1090 post

293 1116 593 1171 Accharon
626 1117 979 1188 aggreditur,
1014 1122 1068 1169 et
1111 1112 1401 1168 diuturnis
1437 1110 1827 1166 moliminibus
1865 1109 1990 1164 fati-

296 1209 509 1271 gatam,
582 1203 812 1273 proprio
879 1201 987 1256 sub
1040 1201 1173 1270 jure
1243 1205 1480 1253 coercet.
1555 1197 1754 1253 Plures
1817 1198 1988 1252 etiam

297 1291 654 1356 postmodum
696 1291 838 1345 alias
875 1288 1087 1358 cepisse
1114 1286 1470 1357 dignoscitur
1524 1284 1722 1353 urbes;
1769 1285 1865 1339 sed
1915 1283 1992 1338 ita

295 1376 609 1433 meditullio
640 1379 853 1435 rabidae
885 1377 1018 1432 ilius
1075 1375 1409 1446 gentilitatis
1453 1374 1758 1439 intersitas,
1795 1382 1855 1430 ut
1896 1375 1986 1429 vix

292 1464 513 1534 aliquid
563 1473 753 1522 tutum
814 1475 1143 1521 nostrorum
1198 1463 1336 1518 inibi
1366 1463 1529 1518 liceat
1566 1462 1816 1532 cogitare
1847 1463 1992 1519 colo.

294 1551 403 1608 niis
449 1553 577 1623 [al.,
624 1554 916 1623 colonias]
968 1553 1309 1608 Sarracenos
1371 1559 1562 1606 tamen
1619 1550 1763 1606 bella
1803 1551 1988 1606 conti—

293 1654 412 1695 nua
442 1641 660 1697 crebris
717 1641 856 1697 adeo
915 1640 1165 1695 victoriis
1213 1639 1664 1708 contemptibiles
1708 1639 1988 1695 Christia-

2104 492 2360 548 insulani
2399 493 2739 562 corripiunt,
2779 493 3090 562 quemdam
3121 491 3248 561 ejus
3303 493 3547 546 comitiae
3595 491 3804 560 episco-

2103 596 2243 651 pum
2297 597 2430 638 cum
2476 581 2819 638 ofﬁcialibus
2859 581 3108 649 caedunt,
3154 581 3254 636 diu
3297 580 3479 651 ipsam
3514 581 3803 636 detentam

2103 672 2460 740 pos:modum
2503 671 2660 727 abire
2712 671 3069 740 permittunt.
3121 670 3256 736 Quae
3323 685 3456 726 cum
3505 670 3575 724 ad
3609 669 3804 723 virum

2102 761 2368 826 venisset,
2432 758 2906 816 incontinentiam
2948 759 3236 814 ethnicam
3285 774 3387 815 rex
3430 759 3544 828 ipse
3586 757 3808 812 habens

2100 861 2220 903 non
2265 847 2387 903 sine
2439 849 2658 903 ratione
2706 855 3047 915 suspectam,
3113 862 3147 902 a
3188 856 3309 904 toro
3357 847 3587 917 proprio
3647 857 3808 914 prcr-

2099 950 2198 991 sus
2267 936 2607 999 abstentam,
2685 943 2903 990 mutato
2971 935 3191 1002 habitu,
3253 937 3442 1005 posuit
3495 949 3621 991 eam
3666 946 3804 989 cum

2098 1024 2496 1080 monachahus
2529 1024 2658 1078 aliis
2684 1023 2835 1092 apud
2867 1023 3088 1078 beatam
3137 1024 3371 1079 Matrem
3421 1023 3514 1078 Dei
3552 1021 3807 1092 Virginis

2099 1112 2298 1166 Matris
2327 1115 2573 1167 Annam.
2603 1113 2726 1181 Ipse
2761 1126 2893 1167 vero
2925 1113 3136 1182 gaudet
3165 1111 3361 1168 vivere
3390 1113 3614 1178 cmlebs,
3657 1115 3802 1180 quia

2098 1208 2330 1255 nonest
2385 1201 2437 1256 ei
2483 1200 2808 1256 colluctatio
2847 1199 3128 1254 adversus
3174 1214 3405 1256 carnem
3451 1209 3504 1255 et
3557 1204 3804 1271 sangui-

2099 1302 2249 1346 nem.
2285 1288 2380 1342 sed
2411 1295 2611 1343 contra
2645 1287 2848 1342 mundi
2878 1295 3123 1341 rectores
3153 1287 3372 1358 (Ephes
3426 1303 3498 1354 v1,
3539 1291 3642 1353 l2).

2171 1381 2242 1450 [X
2254 1381 2442 1451 LVII]
2462 1379 2636 1434 Miles
2645 1379 2878 1452 sagittis
2891 1381 3184 1448 confossus
3196 1379 3472 1451 etcapitis
3487 1381 3803 1436 abscisione

2095 1468 2375 1540 martyrii
2399 1469 3006 1540 patmampromeruit.
3037 1469 3277 1525 —Circa
3310 1470 3631 1539 paschalem
3661 1473 3802 1526 anni

2097 1558 2365 1626 praeteriti
2417 1558 2797 1622 festivitatem,
2856 1558 3017 1612 miles
3074 1557 3162 1613 ille
3222 1558 3571 1627 przelibatus,
3626 1575 3800 1629 quem

2100 1645 2431 1712 praafectum
2467 1646 2755 1701 Tiberiadi
2795 1646 3070 1714 diximus,
3122 1645 3216 1701 cui
3252 1647 3486 1702 victoria
3535 1647 3632 1702 illa
3680 1661 3802 1716 pro-

294 1728 384 1783 nis
408 1729 686 1784 militibus
733 1728 1048 1795 reddidere,
1103 1735 1168 1782 ut
1221 1741 1374 1781 anno
1432 1727 1718 1796 prwterito
1774 1727 1987 1783 mirum
2027 1704 2069 1760 Β
2100 1741 2352 1800 venerat,
2415 1734 2474 1789 in
2512 1735 2764 1804 quodam
2827 1734 2972 1790 bello
3024 1741 3352 1790 nostrorum
3403 1736 3552 1804 parti
3608 1704 3799 1791 minus

293 1816 572 1886 quiddam
605 1816 1047 1887 cognoverimus
1073 1815 1347 1870 evenisse.

929 1904 1152 1959 CAPUT
1194 1903 1343 1958 XIII.

366 1990 614 2063 [XLIV.J
649 1991 801 2048 Miles
859 1991 1097 2060 quidam
1154 1988 1477 2058 protervius
1505 2004 1680 2059 quam
1713 1990 1991 2046 debuerat

293 2088 491 2136 contra
521 2096 710 2152 regem
739 2095 859 2138 sese
889 2081 1188 2146 habuerat,
1224 2095 1396 2150 quem
1432 2094 1535 2135 rex
1568 2081 1686 2149 ipse
1705 2079 1989 2135 Tiberiadi

292 2167 508 2223 civitati
540 2168 890 2238 praefecerat.
924 2170 1045 2225 Rex
1101 2182 1238 2238 ergo
1272 2168 1480 2223 citatus
1508 2168 1581 2223 ob
1626 2166 1987 2222 insolentiam

292 2254 540 2310 hominis
571 2255 674 2322 ira,
704 2256 1026 2327 jussiteum
1058 2269 1092 2310 a
1113 2269 1232 2310 suae
1264 2254 1498 2310 ditionis
1529 2261 1681 2309 terra
1705 2254 1984 2310 recedere.

291 2343 400 2410 Qui
452 2358 581 2400 cum
637 2345 867 2401 duobus
909 2343 1221 2414 equitibus,
1266 2343 1404 2398 dum
1446 2342 1606 2398 abire
1635 2351 1984 2412 properaret,

293 2432 594 2503 armigeris
617 2433 844 2488 totidem
882 2433 1206 2498 comitatus,
1260 2432 1545 2486 maximas
1572 2431 1766 2486 subito
1797 2431 1989 2500 copias

294 2521 627 2591 gentilitatis
681 2519 937 2576 offendit.
995 2517 1125 2584 Qui,
1166 2533 1271 2574 suo
1327 2517 1591 2578 difﬁdens
1623 2533 1882 2583 numero,
1916 2520 1987 2574 ad

293 2608 476 2663 Deum
516 2621 651 2663 vero
699 2615 997 2676 utcunque
1043 2616 1389 2675 respectans,
1449 2607 1678 2662 concisa
1728 2608 1986 2674 camisia,

293 2709 471 2764 quam
501 2695 846 2750 subuculam
874 2695 1097 2760 dicunt,
1121 2694 1298 2749 hastae
1331 2709 1432 2762 pro
1459 2694 1668 2750 vexillo
1699 2697 1987 2765 apposuit,

293 2783 605 2852 itidemque
658 2783 839 2838 socios
878 2782 1062 2838 facere
1105 2781 1294 2852 jussit.
1329 2783 1625 2848 Fecerunt,
1658 2791 1714 2839 et
1741 2784 1988 2840 clamore

292 2867 534 2931 sublato,
614 2867 913 2936 sonipedes
993 2865 1316 2922 calcaribus
1378 2874 1607 2937 urgent,
1672 2868 1988 2938 obviosque

291 2955 562 3011 feruntur
594 2955 653 3010 in
710 2955 916 3010 hostes.
947 2954 1055 3021 Qui
1123 2955 1306 3010 territi
1363 2955 1676 3024 repentinis
1721 2958 1983 3025 ausibus,

290 3045 430 3100 dum
490 3044 776 3100 aestimant
858 3044 1013 3113 quod
1074 3043 1240 3112 quasi
1300 3049 1545 3112 praevios
1609 3055 1988 3115 sequerentur

291 3132 488 3188 multae
546 3132 824 3199 cohortes,
873 3131 1070 3201 fugam
1132 3132 1351 3199 ineunt,
1408 3146 1588 3202 seque
1649 3134 1833 3190 tribus
1881 3136 1991 3191 illis

289 3221 586 3277 caedendos
615 3228 938 3292 exponunt.
973 3219 1214 3276 Plurimi
1256 3221 1642 3289 perimuntur,
1677 3222 1988 3293 plusquam

291 3309 438 3365 ferre
511 3309 804 3365 sufﬁciant
849 3309 1030 3379 spolia
1080 3309 1408 3378 rapiuntur.
1461 3310 1585 3376 Quo
1632 3319 1843 3367 eventu
1899 3313 1991 3368 ille

289 3397 542 3453 secundo
600 3398 1028 3468 compungitur,
1093 3397 1323 3468 Deoque
1379 3398 1846 3468 gratulabundus
1902 3415 1986 3456 re-

289 3485 468 3553 diens,
540 3485 660 3556 regi
735 3486 1137 3555 prosternitur,
1192 3488 1241 3542 ei
1299 3487 1663 3542 obediturum
1725 3489 1991 3559 deinceps

291 3574 530 3631 ﬁdeliter
561 3576 877 3645 pollicetur.

363 3663 580 3736 [XLV.]
611 3665 866 3719 Pecunia:
879 3664 958 3718 ad
974 3663 1247 3718 solvenda
1273 3662 1553 3718 militibus
1577 3663 1869 3736 stipendia
1892 3662 1992 3718 mi-

286 3753 548 3808 rabiliter
565 3753 951 3825 reperiuntur.
974 3753 1383 3823 —Aliquando
1414 3753 1561 3808 idem
1597 3767 1697 3808 rex
1733 3753 1990 3823 pecunia:

288 3843 496 3913 grandi
527 3843 954 3913 angustabatur
988 3842 1202 3911 inopia,
1224 3850 1286 3897 ut
1315 3842 1484 3896 etiam
1521 3843 1777 3897 deessent
1807 3857 1991 3897 mens-

289 3939 424 3986 trua
451 3945 582 4001 quae
628 3931 910 3987 militibus
953 3930 1314 3986 debebantur
1345 3930 1647 4000 stipendia,
1691 3945 1821 3986 cum
1863 3945 1991 3986 ecce

289 4033 346 4075 se
374 4019 456 4075 eis
488 4019 760 4074 muniﬁca
798 4018 1138 4074 mirabiliter
1167 4017 1412 4087 praebuit
1441 4019 1638 4074 divina
1666 4019 1986 4075 clementia.

289 4110 356 4164 In
390 4115 613 4162 tantum
645 4121 901 4176 namque
920 4108 1040 4177 jam
1066 4107 1452 4174 vexabantur,
1470 4115 1533 4164 ut
1561 4123 1694 4164 eum
1724 4108 1991 4164 satellites

288 4211 357 4252 ac
400 4195 608 4250 milites
655 4195 912 4250 deserere
970 4194 1407 4251 meditarentur.
1466 4197 1609 4253 Cum
1657 4211 1806 4262 ecce,
1849 4198 1989 4265 Jop-

2097 1823 2458 1878 accommode
2499 1823 2644 1878 facto
2693 1823 2940 1892 capitur,
2976 1830 3031 1877 et
3079 1823 3138 1878 in
3193 1824 3503 1892 quamdam
3542 1823 3797 1894 ipsorum

2097 1911 2395 1983 gentilium
2424 1911 2646 1979 urbem,
2681 1911 2752 1966 ab
2773 1910 2909 1980 ipsis
2937 1910 3104 1966 vivus
3136 1911 3464 1967 abducitur.
3509 1912 3637 1978 Qui,
3666 1927 3797 1967 cum

2095 1999 2376 2070 sacrilega
2439 2005 2588 2053 453
2654 1999 2793 2054 inibi
2844 1999 3032 2054 nescio
3072 2015 3202 2069 quae
3248 1999 3388 2054 festa
3439 2010 3797 2070 peragerent,

2096 2088 2418 2144 exhibitum
2451 2087 2752 2157 praafatum
2805 2087 3079 2157 equitem,
3125 2087 3192 2141 de
3225 2087 3469 2156 propria-2
3499 2088 3686 2158 gratia
3734 2090 3800 2142 ﬁ-

2095 2175 2183 2229 dei
2211 2175 2520 2231 diflidenda
2544 2175 2987 2245 abjurandaque
3025 2174 3389 2243 compellant.
3422 2178 3492 2230 At
3525 2175 3587 2243 is,
3625 2176 3801 2245 digna

2096 2263 2204 2320 sibi
2231 2263 2544 2318 admodum
2575 2263 2750 2318 animi
2797 2263 3196 2318 obﬁrmatione
3247 2268 3418 2318 tantae
3465 2263 3624 2319 nefas
3654 2264 3797 2320 abu-

2097 2350 2271 2406 sionis
2301 2351 2595 2422 abjiciens,
2654 2351 2883 2420 penitus
2930 2350 3018 2405 vel
3058 2351 3258 2406 audire
3307 2351 3648 2420 perhorruit.
3685 2352 3801 2407 Nec

2095 2451 2273 2503 mora,
2305 2438 2395 2492 vir
2454 2438 2564 2504 ille,
2597 2453 2730 2493 cum
2782 2438 2936 2492 omni
2961 2439 3080 2507 jam
3140 2439 3529 2495 nominandus
3577 2439 3796 2523 favore,

2095 2527 2426 2595 corripitur.
2465 2526 2749 2596 Alligatus
2797 2525 2996 2596 stipiti,
3033 2534 3095 2582 ut
3141 2527 3352 2593 ferunt,
3385 2542 3583 2597 campo
3617 2530 3803 2584 medio

2095 2617 2338 2681 sistitur,
2368 2629 2432 2671 ac
2469 2629 2775 2670 numeroso
2814 2615 3157 2684 sagittarum
3215 2616 3474 2685 undique
3517 2618 3804 2687 grandine

2097 2703 2442 2760 terebratur.
2498 2704 2636 2758 Inde
2692 2711 2955 2772 exempto
3011 2711 3206 2758 vertex
3237 2718 3270 2757 a
3314 2703 3497 2773 capite
3523 2719 3682 2759 serra
3711 2705 3802 2759 di-

2095 2791 2334 2855 viditur,
2385 2791 2670 2860 idemque,
2706 2790 2758 2844 in
2816 2790 3048 2845 modum
3103 2790 3309 2859 poculi,
3343 2792 3461 2861 regi
3492 2791 3804 2848 Damasce-

2093 2894 2187 2945 no,
2225 2893 2258 2933 a
2299 2894 2414 2948 quo
2458 2879 2581 2933 haec
2607 2878 2974 2948 gerebantur,
3021 2877 3091 2931 ad
3134 2885 3406 2932 terrorem
3467 2888 3799 2935 nostrorum

2028 3001 2068 3055 ρ
2097 2968 2264 3036 quasi
2290 2967 2512 3055 exinde
2544 2966 2796 3055 bibituro
2840 2959 3160 3055 conﬁcitur.
3204 2965 3333 3032 Qui,
3385 2967 3494 3055 sub
3542 2966 3803 3055 infracta:

2101 3063 2230 3110 voto
2279 3052 2647 3108 confessionis
2708 3053 3075 3117 occumbens,
3133 3067 3205 3108 ex
3265 3053 3566 3121 praedicata
3621 3053 3803 3108 milite

2097 3141 2528 3212 praedicandum
2572 3141 2627 3194 in
2657 3141 2866 3196 saecula
2895 3147 3209 3210 martyrem
3243 3141 3390 3195 fecit.
3447 3140 3628 3195 Isdem
3668 3140 3803 3195 Ger-

2096 3229 2297 3286 vasius
2328 3228 2665 3295 vocabatur,
2699 3227 2855 3296 apud
2879 3235 3134 3282 castrum
3162 3229 3435 3284 Basilicas
3459 3227 3590 3298 pagi
3630 3228 3800 3283 Sues-

2096 3318 2295 3375 sionici
2336 3317 2604 3372 nobiliter
2633 3316 2937 3371 oriundus.

2743 3403 2970 3460 CAPUT
3012 3404 3154 3460 XIV.

2167 3489 2464 3562 [XLVIIL]
2498 3493 2625 3556 Quae
2653 3490 2853 3546 retulit
2875 3490 3209 3557 Guibe'rtus,
3237 3507 3275 3544 a
3299 3489 3440 3544 viris
3465 3489 3803 3544 sinceritate

2093 3578 2318 3650 ﬁdeque
2346 3578 2600 3650 praeditis-
2653 3579 2893 3650 accepit.
2929 3611 2996 3618 —
3031 3581 3162 3635 Haec
3223 3581 3521 3645 hactenus,
3566 3581 3679 3634 Deo
3724 3579 3806 3634 fa-

2095 3676 2284 3734 vente,
2315 3667 2536 3738 digesta
2566 3681 2599 3721 a
2643 3667 2781 3723 viris
2811 3668 3141 3723 omnimoda
3168 3667 3421 3738 praeditis
3467 3667 3802 3724 sinceritate

2095 3756 2496 3826 comperimus.
2547 3755 2654 3822 Qui
2685 3756 2733 3811 si
2762 3756 3010 3826 uspiam,
3046 3757 3289 3812 aliorum
3349 3758 3528 3812 secuti
3583 3757 3808 3825 opinio-

2097 3859 2217 3911 nes,
2253 3845 2378 3899 falsi
2405 3859 2626 3911 sumus,
2673 3845 2859 3900 studio
2893 3859 3262 3915 nequaquam
3296 3845 3524 3901 fallendi
3581 3845 3635 3900 id
3665 3846 3805 3901 feci-

2098 3948 2245 3989 mus.
2289 3933 2514 3989 Gratias
2566 3933 2794 4004 agimus
2860 3934 2992 3999 Deo,
3053 3933 3301 3989 civitatis
3356 3933 3510 3988 illius
3558 3941 3802 3999 sanctze,

2098 4036 2200 4092 per
2261 4030 2584 4078 nostrorum
2650 4021 2859 4088 studia,
2920 4023 3305 4091 Redemptori.
3359 4023 3480 4090 Ipse
3545 4035 3806 4090 namque

2097 4111 2292 4166 eadem
2325 4125 2461 4166 cum
2504 4110 2751 4166 obsideri
2811 4112 3086 4180 coepisset,
3149 4111 3375 4166 cuidam
3409 4111 3465 4165 in
3521 4111 3807 4166 Bethania

2098 4198 2425 4254 consistenti
2457 4198 2827 4265 anachoritae,
2883 4200 2965 4254 uti
3008 4214 3106 4268 pro
3145 4207 3299 4255 certo
3342 4198 3505 4254 nobis
3553 4197 3805 4253 relatum

289 4287 422 4355 pitae
445 4283 691 4353 juvenes
715 4297 847 4338 cum
884 4283 1138 4350 lavandi,
1172 4285 1286 4339 imo
1322 4284 1554 4340 ludendi
1587 4286 1772 4354 gratia
1829 4284 1986 4339 haud
2025 4277 2068 4330 ι)
2097 4293 2197 4351 est,
2260 4285 2533 4341 revelavit
2603 4286 2891 4342 civitatem
2977 4287 3213 4356 quidem
3274 4287 3428 4342 illam
3490 4286 3808 4340 instantius

293 4372 490 4443 procul
530 4385 562 4427 a
593 4371 770 4427 maris
809 4372 993 4427 littore
1028 4381 1444 4443 mergerentur,
1497 4372 1794 4441 reperiunt
1837 4386 1988 4441 qua—

289 4463 421 4517 dam
451 4461 542 4517 die
566 4461 618 4516 in
653 4460 774 4531 ipso
796 4474 1110 4516 arenarum
1143 4461 1364 4530 salique
1393 4460 1678 4531 conﬁigio,
1711 4461 1992 4516 manticas

289 4550 514 4620 magnis
541 4549 667 4605 auri
696 4549 1050 4619 ponderibus
1082 4549 1299 4619 plenas,
1331 4563 1480 4618 quas
1517 4549 1827 4604 amiserant
1876 4549 1991 4604 Ve-

289 4635 448 4698 netii,
489 4651 635 4706 quos
663 4637 743 4701 ibi
772 4637 1106 4692 constiterat
1145 4636 1379 4707 fregisse
1402 4636 1661 4691 carinas.
1697 4635 1835 4702 Quae
1870 4636 1990 4706 regi

289 4723 511 4791 delata),
553 4724 778 4779 cunctis
827 4725 1173 4780 miraculum
1231 4722 1546 4779 ineffabile!
1584 4724 1703 4795 regi
1735 4739 1874 4794 pene
1903 4725 1994 4779 de-

291 4820 517 4882 sperato
549 4821 603 4867 et
629 4827 792 4868 novae
824 4812 1239 4869 Christianitati
1299 4812 1593 4882 praebuere
1630 4813 1918 4869 solatium.

343 4899 617 4973 '[XLVL]
709 4901 818 4956 Cur
869 4917 1103 4956 uxorem
1166 4917 1266 4955 rea:
1354 4900 1701 4972 repudiarit.
1760 4931 1829 4940 —
1887 4901 1992 4957 Sed

293 4991 569 5059 quoniam
620 4989 926 5044 calumniae
968 4998 1160 5058 patere
1213 4989 1588 5061 dignoscitur,
1649 4990 1790 5060 quia
1823 4992 1991 5045 uxori

294 5079 507 5134 dicitur
531 5077 752 5134 dedisse
783 5078 1110 5146 repudium,
1161 5092 1336 5134 causa
1364 5079 1445 5135 sic
1490 5079 1752 5134 traditur.
1792 5079 1995 5134 Mulier

299 5167 419 5234 ipsa
444 5179 515 5221 ex
534 5166 766 5235 optimis
787 5173 950 5222 terrae
966 5167 1213 5222 oriunda
1230 5167 1560 5237 gentilibus,
1582 5166 1994 5236 postmaritum

296 5254 416 5323 ipso
433 5254 673 5324 jubente
709 5255 1157 5324 Hierosolymam
1174 5256 1430 5322 tendens,
1455 5256 1524 5310 ad
1554 5263 1779 5324 portum
1813 5269 1996 5324 usque

296 5341 489 5395 Sancti
533 5342 829 5408 Simeonis,
859 5343 1085 5397 marina
1137 5343 1445 5409 evectione,
1492 5344 1819 5398 devenerat.
1873 5343 1996 5409 Qua

296 5429 354 5483 in
397 5429 723 5485 celeriorem
772 5430 848 5484 ibi
901 5430 1179 5485 translata
1241 5431 1520 5497 carinam,
1563 5430 1700 5484 dum
1758 5443 1996 5486 cursum

295 5532 466 5572 suum
503 5518 774 5587 expedire
808 5518 1032 5583 nititur,
1076 5533 1130 5573 in
1166 5518 1411 5573 insulam
1447 5518 1757 5588 quamdam
1789 5518 1995 5574 barba-

2101 4373 2494 4439 obsidendam,
2568 4374 2686 4430 solo
2738 4383 2931 4430 autem
2985 4375 3075 4430 die
3138 4375 3479 4430 Parasceves
3531 4373 3810 4428 invaden-

2101 4460 2254 4528 dam,
2288 4463 2430 4518 hora
2461 4475 2593 4518 vero
2622 4475 2740 4531 qua
2769 4461 3030 4518 Christus
3059 4462 3218 4517 cruci
3249 4461 3442 4517 illatus
3470 4469 3553 4516 est
3580 4459 3810 4527 capien-

2101 4548 2256 4614 dam,
2289 4555 2352 4604 ut
2385 4563 2443 4604 se
2486 4563 2608 4604 esse
2663 4548 2984 4604 ostenderet
3041 4549 3143 4616 qui
3195 4562 3321 4603 eam
3373 4549 3562 4603 denuo
3590 4560 3621 4600 a
3657 4546 3810 4625 _suis

2101 4637 2397 4704 aerumnis,
2465 4636 2854 4692 membrorum
2907 4650 3146 4692 suorum
3205 4635 3418 4701 dolore,
3480 4634 3808 4689 redimeret.

2105 4727 2236 4782 Haec
2282 4726 2372 4781 vir
2431 4725 2628 4788 isdem,
2705 4725 2900 4780 accitis
2951 4724 3303 4795 quibusdam
3382 4729 3591 4778 nostra)
3626 4721 3812 4791 partis

2104 4815 2482 4886 principibus,
2509 4814 2802 4880 indicavit,
2837 4829 2968 4884 quae
2993 4813 3190 4868 omnia
3213 4811 3415 4867 modus
3447 4811 3607 4867 urbis
3625 4819 3809 4879 captae

2104 4902 2388 4972 probavit.
2473 4901 2698 4958 Gratias
2752 4901 2943 4957 itidem
3001 4902 3134 4968 Deo,
3182 4900 3285 4970 qui
3323 4913 3430 4956 sua
3483 4899 3649 4962 facta,
3700 4913 3809 4953 suo

2104 4990 2341 5060 Spiritu,
2375 5003 2472 5045 ore
2504 4997 2695 5046 nostro
2725 4989 3063 5059 composuit.

2177 5079 2477 5144 Caeterum,
2511 5078 2554 5132 si
2589 5078 2886 5148 quidpiam
2939 5079 3012 5133 ab
3046 5079 3132 5132 his
3177 5077 3370 5132 minus
3406 5089 3539 5146 quae
3601 5075 3812 5130 assolet

2103 5157 2294 5222 Julius
2322 5167 2512 5222 Caesar
2565 5179 2695 5222 cum
2733 5167 2921 5222 Hircio
2957 5166 3160 5231 Pansa,
3199 5166 3252 5220 in
3313 5163 3559 5219 Historia
3586 5161 3808 5227 Gallici,

2107 5255 2420 5324 Hispanici,
2450 5255 2782 5321 Pharsalici,
2812 5255 3191 5310 Alexandrini
3220 5252 3626 5320 Numidicique
3648 5249 3807 5311 belli,

2108 5344 2413 5412 diligenter
2459 5343 2762 5411 putabitur
2791 5343 3164 5412 explicatum,
3215 5342 3491 5396 nimirum
3539 5338 3807 5408 perpendi

2107 5431 2273 5486 debet
2318 5431 2542 5486 eosdem
2601 5433 2752 5500 ipsos
2811 5432 2912 5500 qui
2975 5430 3209 5486 fecerint
3245 5439 3298 5484 et
3345 5430 3445 5497 qui
3475 5427 3806 5496 scripserint

2111 5519 2272 5574 bellis
2335 5518 2674 5574 interfuisse.
2726 5518 2885 5573 Unde
2946 5518 3007 5573 ﬁt
3058 5526 3121 5573 ut
3164 5517 3236 5572 ab
3276 5530 3474 5572 eorum
3533 5513 3808 5570 relatibus
