3902 6082
133 232 243 284 833

1224 236 1446 292 GESTA
1489 237 1601 291 DEI
1647 240 1783 296 PER
1828 241 2164 296 FRANCOS.
2193 274 2253 282 -—
2291 243 2418 299 LIB.
2469 246 2543 299 ΙΧ.

3537 262 3640 313 83ἰ

129 361 279 416 nihil
306 363 649 429 excipaitur,
698 377 828 432 quae
855 364 1164 433 genraliter
1217 367 1653 438 specialiterque
1691 380 1829 427 sunt
1867 374 1912 426 Α
1946 381 2046 438 ret,
2078 372 2308 430 collium
2343 390 2745 448 praeoccupare
2790 381 3048 449 viciniae,
3085 384 3339 442 locorum
3386 403 3639 447 summo-

128 457 311 516 acta;
352 458 492 518 quot
542 450 634 504 hic
689 450 887 516 millia,
924 460 1062 519 quot
1109 467 1139 507 e
1191 455 1420 524 regione
1452 456 1708 522 fuerunt,
1733 459 1832 527 qui

129 544 424 603 praetores,
455 539 556 607 qui
590 538 758 608 legati
797 537 932 593 huic
956 539 1292 597 distinendae
1323 545 1543 610 manui,
1577 548 1677 614 qui
1718 547 1830 603 du-

127 628 354 695 ces,qui
400 625 633 680 aliunde
656 625 944 694 principes
985 626 1361 697 praefuerunt,
1414 630 1556 700 quid
1604 632 1828 701 equita-

127 720 249 776 tus,
301 712 440 780 quid
511 711 651 766 levis
696 721 996 767 armatura
1045 714 1344 783 peregerit,
1401 725 1542 785 quot
1601 718 1832 786 spiculis

126 806 297 853 scuta
355 799 612 868 trajecta.
670 807 724 854 et
780 807 841 854 ut
896 815 1096 856 eorum
1157 805 1382 872 proprie
1433 807 1621 862 verbis
1675 817 1826 874 utar,

135 907 158 934 (
204 893 507 956 postquam
555 885 836 953 consules,
883 893 983 941 aut
1031 901 1130 956 pro
1184 891 1518 946 consulibus
1575 894 1830 949 cecinere

130 973 409 1042 receptui,
440 994 466 1020 »
498 981 638 1042 quot
658 973 938 1042 dirempto
962 973 1155 1042 prmlio
1187 976 1299 1032 sint
1331 978 1652 1047 desiderati,
1689 989 1830 1050 quot

127 1061 331 1115 saucii.
394 1059 506 1115 Nos
563 1059 666 1128 qui
700 1060 822 1114 haec
851 1061 1180 1128 scribimus,
1221 1065 1371 1120 sicut
1400 1066 1513 1120 alia
1558 1068 1828 1137 professio

126 1147 364 1214 detinet,
417 1155 472 1204 et
495 1162 690 1203 rerum
735 1149 878 1204 visio
911 1150 1133 1206 nullam
1163 1153 1377 1221 praebet
1409 1155 1732 1225 audaciam,
1768 1158 1824 1213 in

126 1238 430 1294 referendo
451 1239 651 1294 audita
679 1239 1013 1295 censuimus
1039 1240 1344 1310 aliquoties
1373 1244 1542 1300 etiam
1589 1258 1826 1314 parsum

129 1325 219 1380 iri.
255 1327 342 1383 Ex
381 1326 744 1382 Julianorum
792 1327 1098 1396 disciplina
1161 1331 1465 1399 quiritum,
1529 1331 1825 1403 legionarii

128 1415 361 1484 milites,
393 1423 619 1481 turmae,
657 1416 935 1484 manipuli
969 1426 1024 1472 et
1054 1418 1312 1474 cohortes
1335 1435 1437 1490 pro
1456 1422 1576 1476 suis
1605 1423 1826 1493 quique

124 1508 502 1577 cogebantur,
539 1507 719 1578 signis
746 1507 1029 1576 assistere,
1067 1519 1292 1580 propter
1319 1521 1646 1582 opportuna
1677 1515 1820 1583 loca,

124 1609 245 1650 non
300 1609 464 1650 secus
511 1609 577 1650 ac
625 1595 830 1664 oppida
886 1596 972 1651 vel
1020 1598 1204 1661 urbes,
1237 1606 1422 1654 castra
1461 1600 1607 1654 vallo
1639 1602 1823 1656 turri-

121 1683 355 1752 busque
397 1682 764 1754 praecingere,
800 1684 897 1740 ubi
929 1685 1185 1741 acierum
1227 1687 1526 1755 productio
1557 1687 1818 1744 immine-

1950 476 2078 530 pere
2102 463 2429 532 iniquitates
2460 469 2769 539 excedere;
2813 471 2888 526 ibi
2941 473 3209 531 calonum
3273 476 3640 549 lixarumque

1949 563 2255 606 numerosa
2287 553 2493 620 officia,
2540 557 2832 612 exercitus
2885 561 3289 628 impedimenta
3337 566 3636 621 ditissima.

1947 634 2019 688 At
2050 636 2226 706 hujus
2255 639 2488 706 ordinis,
2526 642 2635 697 imo
2668 644 2984 714 industriae,
3018 649 3158 717 quia
3189 665 3329 719 pene
3357 652 3436 706 nil
3457 654 3639 709 exsti-

1949 723 2013 778 tit
2070 727 2223 793 apud
2271 735 2514 795 nostros,
2565 745 2677 785 non
2737 732 2924 787 dicam
2971 735 3245 792 Francica
3299 739 3633 808 temeritate,

1946 812 2042 865 sed
2067 813 2175 868 fide
2206 825 2544 882 experrecta
2571 826 2624 872 et
2654 819 2874 875 viribus
2901 831 3028 877 acta
3061 838 3150 878 res
3178 833 3281 881 est.

2016 900 2218 957 Dicant
2247 904 2349 972 qui
2375 905 2578 961 volunt
2612 907 2780 976 plura
2801 924 2888 965 me
2909 911 3165 966 omisisse
3194 927 3370 982 quam
3403 915 3639 984 scripse-

1942 989 2074 1052 rim,
2119 1004 2223 1059 ego
2279 992 2458 1048 malui
2514 995 2703 1050 minor
2743 1012 2863 1052 esse
2907 1012 3086 1069 quam
3127 999 3359 1056 nimius.
3415 1001 3468 1057 Si
3519 1018 3636 1071 qua

1945 1077 2091 1131 facta
2122 1078 2233 1132 alia
2265 1079 2397 1148 quis
2424 1085 2668 1147 noverit,
2706 1085 2954 1151 mandet,
2985 1085 3082 1142 ubi
3116 1087 3418 1142 scribenda
3445 1088 3634 1144 libue-

1945 1164 2034 1218 rit.
2086 1163 2455 1222 Gratulemur
2501 1168 2613 1223 Deo
2658 1171 2944 1241 tantisque
2991 1173 3321 1241 victoribus,
3357 1175 3458 1244 qui
3506 1176 3631 1232 fru-

1945 1254 2238 1307 mentariae
2289 1255 2369 1308 rei
2422 1253 2630 1323 inopia,
2664 1256 2827 1313 fossis
2865 1260 3190 1318 didicerunt
3230 1263 3491 1321 victitare
3533 1280 3630 1321 ra-

1941 1338 2186 1395 dicibus.
2227 1341 2435 1411 Siquis
2473 1344 2540 1398 de
2592 1343 2960 1416 Parthorum,
3003 1365 3149 1419 quos
3202 1352 3418 1408 Turcos
3480 1354 3630 1410 dixi-

1940 1443 2090 1497 mus,
2125 1438 2224 1485 aut
2266 1430 2504 1486 Caucasi
2539 1435 2767 1489 nomine
2794 1438 3067 1507 ambigat,
3111 1439 3368 1496 Solinum
3410 1443 3488 1497 De
3520 1458 3633 1498 me-

1939 1517 2334 1586 morabilibus,
2389 1521 2718 1597 Pompeium
2778 1525 3028 1591 Trogum
3080 1526 3149 1580 de
3198 1528 3418 1598 origine
3502 1529 3634 1585 Par-

1939 1606 2421 1674 thica,Jordanem
2445 1609 2745 1665 Gothicum
2775 1613 2842 1666 de
2873 1612 3079 1669 Baetica
3105 1622 3342 1685 retegat.

1089 1811 1234 1864 Deus
1261 1825 1385 1878 ergo
1420 1811 1637 1866 tandem
1666 1817 1759 1881 pio
1791 1814 1966 1868 labori
1994 1816 2145 1870 limes
2174 1817 2418 1872 assistat.
2451 1819 2648 1874 Amen.

1029 1959 1310 2003 EXPLICIT
1362 1961 1538 2005 LIBER
1587 1963 1694 2006 VIII
1743 1963 2067 2008 GESTORUM
2121 1966 2220 2009 DEI
2272 1967 2384 2010 PER
2434 1968 2728 2013 FBANCOS.

1437 2222 1788 2308 LIBER
1873 2221 2290 2324 NONUS,

1304 2379 1409 2442 AB
1459 2378 1646 2443 ALIO
1697 2379 1982 2444 EDITUS
2031 2379 2427 2445 AUCTORE.

1723 2523 2011 2533 _—_

187 2631 265 2682 De
303 2625 594 2682 Balduino
636 2644 789 2698 rege,
852 2627 1064 2682 Pacem
1119 2626 1229 2681 init
1282 2644 1413 2682 cum
1459 2626 1808 2698 imperatore
1847 2629 1889 2682 B
1920 2627 2045 2682 dem
2086 2629 2437 2698 ,sponsiones
2501 2641 2856 2688 sacramento
2918 2633 3360 2701 lirmaverimns,
3421 2637 3616 2692 vindi-

110 2714 487 2785 Babylonico.
522 2744 590 2753 —
619 2716 787 2769 Anno
832 2714 1139 2770 Dominicae
1175 2715 1591 2769 Incarnationis
1621 2713 1812 2768 mille-

109 2802 256 2856 simo
303 2802 609 2856 centesimo
642 2799 1000 2866 duodecimo,
1051 2814 1154 2855 rex
1195 2799 1516 2855 Balduinus
1547 2814 1809 2869 saepenu-

112 2903 270 2943 mero
356 2888 615 2943 hostibus
677 2887 947 2942 lacessitis
998 2887 1211 2943 multas
1288 2888 1811 2943 Ascalonicensium

110 2987 336 3047 strages
366 2976 633 3040 dederat;
675 2975 770 3031 sed
803 2975 1100 3045 quoniam,
1149 2991 1278 3046 quae
1310 2977 1664 3047 largirentur
1711 2991 1809 3045 pe-

109 3065 357 3135 regrina:
389 3065 626 3130 militiae,
669 3064 943 3119 donativa
971 3063 1315 3133 defecerant,
1349 3079 1418 3119 ne
1451 3079 1645 3120 rerum
1672 3077 1810 3133 prae-

111 3155 267 3208 clare
328 3160 622 3222 gestarum
668 3151 842 3206 facies
884 3159 1208 3206 mutaretur
1261 3151 1506 3207 nimium
1581 3151 1808 3207 vereba-

111 3250 228 3308 tur,
264 3242 332 3296 de
356 3240 764 3310 suspendenda
796 3239 1231 3306 necessitudine,
1265 3240 1455 3310 sagaci
1498 3241 1808 3297 intentione

112 3339 440 3399 pertractat,
509 3329 766 3385 adhibito
825 3328 1176 3398 propensiori
1257 3329 1586 3400 principum
1659 3335 1806 3383 454

109 3419 367 3474 consilio.
393 3419 516 3474 Non
562 3431 740 3487 parva
770 3430 1022 3485 namque
1075 3415 1280 3486 legatio
1335 3415 1805 3481 Sarracenorum,

107 3521 288 3563 causa
316 3506 746 3576 expostulandze
787 3505 964 3574 pacis,
1005 3518 1073 3558 ea
1109 3511 1436 3572 tempestate
1483 3503 1808 3572 Hieroson-

109 3597 221 3652 mis
240 3601 606 3651 convenerat.
633 3594 793 3649 Unde
810 3593 1023 3662 justam
1048 3599 1229 3656 ratus,
1273 3604 1448 3659 quam
1480 3603 1513 3643 a
1547 3589 1810 3646 barbaris

105 3684 440 3752 rogabatur,
492 3680 624 3736 belli
684 3679 1073 3746 emissionem,
1117 3679 1344 3733 directa:
1417 3676 1687 3746 legationi
1747 3685 1808 3732 ut

106 3781 356 3842 utraque
418 3786 550 3841 pars
634 3777 950 3838 opportuno
1031 3766 1334 3821 conveniat
1411 3765 1529 3820 loco
1587 3765 1802 3833 indicit,

111 3884 132 3908 ι
189 3875 426 3930 zequum
480 3860 534 3913 in
591 3870 904 3927 regnorum
956 3855 1170 3909 finibus
1224 3861 1466 3908 tractare
1498 3853 1563 3907 de
1597 3853 1806 3909 foedere

106 3949 264 4018 pacis
295 3969 313 3994 ι
357 3948 717 4003 existimans.
765 3943 1025 4012 Regressi
1058 3941 1246 3996 nuntii
1282 3941 1594 4010 principem
1629 3955 1801 3996 suum

108 4036 398 4091 mandatis
454 4036 780 4089 instruunt:
828 4031 1053 4100 placent
1104 4028 1305 4084 delatae
1357 4027 1665 4097 pactiones,
1702 4027 1803 4082 de-

105 4125 376 4182 nuntiata
406 4123 769 4195 praestolatur
808 4122 943 4176 dies.
978 4121 1100 4186 Qua
1146 4120 1508 4182 adventante,
1536 4116 1804 4187 designa-

105 4223 201 4271 tus
232 4213 305 4268 ab
346 4213 607 4281 utrisque
653 4209 1013 4280 principibus
1062 4209 1257 4264 aditur
1296 4207 1473 4263 locus.
1535 4205 1648 4260 Nec
1691 4219 1804 4260 mo-

107 4305 239 4359 dica
291 4311 618 4358 nostrarum
671 4302 920 4370 partium
961 4312 1094 4352 cum
1139 4295 1626 4354 Christianissimo
1671 4308 1803 4365 rege

102 4391 341 4446 accessit
394 4388 752 4459 frequentia;
811 4386 1008 4442 Gentis
1061 4400 1192 4440 vero
1225 4384 1479 4454 profana)
1511 4398 1645 4439 cum
1697 4395 1802 4436 suo

102 4478 451 4534 admiraviso
487 4475 753 4530 immanis
789 4474 1019 4528 emersit
1049 4471 1415 4542 populositas.
1472 4469 1596 4526 Non
1637 4468 1802 4524 valde

102 4568 326 4638 procul,
359 4582 388 4622 e
419 4566 650 4636 regione
682 4565 767 4619 his
813 4573 866 4618 et
920 4563 1028 4618 illis
1071 4562 1530 4623 consistentibus,
1586 4559 1801 4614 barba-

99 4670 204 4712 rus
249 4655 362 4726 regi
423 4653 936 4723 Hierosolymitano
966 4665 1065 4720 per
1096 4652 1430 4718 interpretes
1482 4648 1715 4702 mandat
1738 4654 1801 4702 ut

97 4757 249 4814 quas
287 4743 419 4798 velit
477 4743 766 4812 pactiones
808 4741 1014 4805 edicat,
1058 4753 1116 4793 se
1170 4750 1404 4807 quoque
1453 4733 1800 4790 omnimodis

95 4839 530 4886 exsecuturum.
589 4830 735 4884 Tum
798 4842 932 4883 vero
974 4828 1094 4882 Rex
1137 4841 1149 4880 :
1185 4850 1205 4875 ι
1241 4826 1348 4878 Pro
1398 4837 1524 4887 suo,
1585 4822 1797 4891 inquit,

95 4919 237 4983 ritu,
303 4918 495 4974 virum
548 4916 686 4970 satis
740 4915 1063 4970 censorium
1126 4912 1457 4967 audivimus
1507 4917 1560 4965 et
1632 4909 1800 4964 malle

95 5006 297 5072 occidi,
330 5020 507 5076 quam
560 5005 798 5074 prodere
832 5004 930 5074 jus
973 5005 1119 5058 data;
1140 5001 1480 5057 securitatis.
1521 5001 1598 5055 De
1651 5014 1800 5055 com-

97 5093 384 5149 meatibus
428 5101 929 5162 mercatorumque
991 5092 1278 5147 mercibus
1330 5098 1480 5146 terra
1535 5089 1798 5158 marique

1920 2723 2068 2772 ctam
2122 2717 2400 2773 cmlestem
2462 2720 2513 2774 ei
2575 2723 2674 2790 qui
2757 2721 2941 2777 foedus
3000 2724 3322 2793 corruperit
3399 2725 3614 2794 impre-

1922 2805 2204 2860 cabimur.
2265 2827 2283 2853 ›
2356 2807 2477 2873 Quo
2531 2809 2700 2874 dicto,
2767 2807 2934 2866 favor
2986 2813 3290 2881 utrobique
3375 2813 3616 2881 tollitur,

1921 2895 2229 2965 statimque
2270 2895 2555 2965 principes
2585 2897 2802 2952 mutuis
2841 2912 2959 2953 sese
3001 2913 3259 2968 recepere
3290 2900 3614 2970 colloquiis.

2002 2983 2210 3036 Urbem
2237 2983 2664 3054 Jerosolymam
2712 2984 3031 3056 imperafor
3062 2987 3187 3058 ipse
3199 2988 3622 3056 fraudulenter

1917 3069 2137 3126 invisit.
2159 3101 2230 3111 —
2250 3073 2354 3127 Ubi
2381 3073 2501 3142 jam
2531 3075 2764 3144 majoris
2787 3075 3009 3131 ﬁduciae
3040 3077 3195 3146 apud
3235 3091 3426 3146 regem
3479 3079 3620 3134 bar-

1919 3159 2095 3213 barus
2139 3159 2358 3214 aditum
2429 3161 2680 3217 invenit:
2741 3185 2760 3210 σ
2816 3162 3121 3229 Quoniam,
3186 3163 3394 3234 inquit,
3441 3165 3619 3220 armis

1918 3248 2152 3317 abiectis
2180 3249 2460 3305 bellorum
2499 3265 2704 3306 causas
2736 3251 3023 3307 interdum
3056 3253 3396 3321 exemimus,
3432 3254 3615 3309 multa

1919 3336 2058 3389 mihi
2091 3337 2324 3392 accessit
2366 3339 2815 3409 Hierosolymam
2843 3339 3069 3395 videndi
3107 3339 3302 3402 libido.
3344 3341 3502 3410 quia,
3537 3355 3609 3396 ex

1916 3438 1982 3477 eo
2023 3431 2274 3493 tempore
2320 3441 2436 3495 quo
2490 3442 2614 3481 eam
2676 3427 2998 3498 expugnati
3052 3442 3084 3481 a
3124 3429 3360 3483 Francis
3427 3429 3616 3484 amisi-

1918 3524 2066 3574 mus,
2123 3511 2342 3566 meliori
2405 3521 2558 3568 statu
2619 3513 2984 3569 reformatam
3052 3515 3404 3570 audivimus.
3466 3517 3609 3572 Cum

1917 3596 2293 3664 quantislibet
2344 3599 2509 3654 sociis
2569 3599 2714 3655 infra
2770 3601 2973 3656 urbem
3031 3601 3254 3656 admitti
3347 3603 3610 3670 deposco.

1918 3685 2077 3739 Illam
2130 3692 2353 3741 tantum
2400 3687 2645 3754 videam,
2683 3696 2737 3743 et
2788 3688 3010 3754 vidisse,
3049 3689 3187 3743 satis
3222 3689 3360 3743 mihi
3393 3689 3610 3744 factum

1919 3771 2186 3841 pensabo.
2244 3793 2270 3820 ‹‹
2329 3773 2440 3827 Nec
2494 3773 2683 3829 renuit
2741 3787 2863 3837 rex,
2927 3775 3142 3844 quippe
3194 3789 3368 3844 quem
3428 3775 3606 3830 dolosi

1921 3859 2309 3915 fraudulentia
2340 3861 2586 3916 hominis
2616 3861 2844 3916 latebat.
2895 3863 3033 3917 Tota
3068 3863 3392 3933 regreditur
3424 3864 3607 3919 Asca-

1843 3935 1884 3989 C
1914 3947 2096 4002 Ionem
2159 3947 2540 4003 barbarorum
2573 3963 2800 4004 manus.
2860 3950 3261 4006 Admiravisus
3307 3953 3607 4022 perpaucis

1912 4033 2164 4099 retentis,
2207 4049 2398 4105 regem
2438 4049 2622 4104 usque
2680 4035 3122 4104 Hierosolymam
3159 4037 3485 4093 comitatur.
3521 4040 3604 4094 Ea

1915 4121 2142 4176 interim
2203 4122 2292 4177 die
2343 4121 2650 4177 siluerunt.
2705 4123 2769 4177 In
2826 4124 3161 4191 crastinum,
3213 4126 3321 4180 sub
3369 4126 3606 4182 honoris

1912 4211 2147 4266 obtentu
2181 4210 2554 4280 quisbusdam
2601 4219 2927 4268 nostrorum
2970 4213 3304 4282 proceribus
3333 4215 3606 4281 vallatus,

1918 4312 2032 4353 non
2098 4298 2263 4352 modo
2312 4305 2693 4366 spectaturus,
2726 4313 2926 4355 verum
2959 4302 3372 4370 exploraturus
3402 4303 3607 4359 urbem

1912 4386 2179 4454 procedit.
2218 4386 2323 4441 Ubi
2386 4385 2595 4455 templa
2648 4387 2734 4442 vel
2762 4389 3026 4444 ecclesias
3068 4389 3372 4459 fulgentes,
3404 4405 3605 4447 eversa

1910 4489 2148 4530 suorum
2197 4473 2440 4542 antiqua
2494 4473 2756 4536 delubra.
2815 4478 3134 4532 destructas
3199 4491 3348 4544 aras,
3391 4486 3606 4532 statum

1910 4564 2070 4619 urbis
2116 4578 2268 4619 more
2309 4563 2634 4619 Christiano
2703 4564 3068 4621 immutatum
3137 4567 3297 4633 vidit,
3355 4565 3480 4623 felle
3537 4567 3607 4622 de

1910 4650 2088 4705 nimio
2144 4649 2487 4718 lacrymasse
2542 4651 2893 4720 perhibetur.
2949 4651 3133 4706 Nostri
3185 4653 3439 4722 quidem,
3502 4653 3604 4722 qui

1911 4737 2052 4792 nihil
2107 4736 2239 4791 mali
2291 4735 2360 4790 de
2418 4737 2542 4792 viro
2591 4738 3057 4806 suspicabantur,
3091 4739 3370 4808 ejusmodi
3405 4740 3606 4796 ﬂetum

1910 4827 2172 4896 pietatem
2224 4824 2596 4881 zestimavere.
2649 4827 2889 4881 Demum
2925 4827 2994 4881 ad
3061 4842 3295 4898 regem:
3358 4851 3378 4877 ι
3454 4829 3602 4895 Νοη,

1911 4912 2118 4982 inquit,
2169 4911 2392 4966 delatus
2445 4921 2649 4967 vestrae
2699 4913 2893 4983 gloriae
2962 4928 3066 4969 nos
3118 4913 3324 4970 delusit
3380 4929 3601 4983 rumor,

1907 5016 2039 5057 cum
2097 5001 2316 5070 potiora
2367 5015 2543 5071 quam
2611 5001 2907 5056 audieram
2973 5001 3090 5072 ipse
3177 5003 3341 5058 modo
3424 5003 3606 5058 oculis

1908 5089 2334 5160 usurpaverim.
2418 5088 2588 5144 Plane
2639 5089 2928 5156 proﬁteor,
3002 5104 3342 5160 quanquam
3393 5099 3601 5147 nostra}

97 5181 349 5248 tuendis,
383 5182 451 5236 de
479 5181 771 5250 lignorum
802 5181 1190 5235 vectatoribus
1229 5192 1340 5232 non
1380 5175 1794 5247 inquietandis,
1838 5229 1880 5283 Β
1907 5179 2049 5247 parti
2087 5179 2360 5248 derogare
2385 5178 2603 5242 videar,
2632 5177 2813 5233 multo
2861 5193 3038 5248 quam
3090 5179 3299 5234 nostris
3329 5181 3604 5250 tempori-

97 5271 167 5326 de
214 5270 513 5326 nocturnis
575 5269 1092 5340 frequentibusque
1144 5266 1460 5322 latrociniis
1517 5265 1796 5329 vetandis,

97 5361 169 5415 de
221 5360 599 5415 diffundenda
654 5359 862 5428 passim
896 5371 1052 5426 pace,
1115 5355 1282 5411 fidem
1321 5369 1388 5409 ac
1434 5354 1798 5410 securitatem

100 5461 208 5504 suo
250 5447 370 5503 ritu
426 5447 513 5502 vel
571 5459 725 5501 more
756 5443 1080 5511 confirmet;
1114 5448 1168 5498 et
1215 5455 1346 5497 cum
1377 5440 1514 5510 ipsis
1544 5454 1647 5496 nos
1677 5453 1801 5496 eas-

1910 5265 2038 5330 bns,
2091 5264 2295 5320 urbem
2351 5278 2508 5320 nunc
2543 5264 2790 5320 feliciora
2841 5266 3097 5321 obtinere
3129 5266 3499 5323 incrementa.
3533 5274 3604 5324 At

1912 5367 2014 5409 nos
2063 5352 2472 5409 munificentiae
2544 5360 2750 5410 vestrm
2797 5355 3223 5423 respondentes,
3273 5356 3411 5413 huic
3463 5359 3604 5416 satis

1911 5439 2348 5508 cooperabimur
2405 5439 2616 5510 gloriae.
2677 5439 2822 5510 Opes
2869 5441 3170 5499 advectare
3229 5443 3602 5516 Babylonicas
