3902 6082
293 232 397 284 835

1172 225 1231 277 v.
1273 224 1611 280 GhlBERTl
1653 224 1945 279 ABBATIS
1981 222 2041 278 s.
2093 197 2463 279 Haemon
2505 222 2899 279 novrcnnro

3694 226 3806 277 836

295 371 638 422 mercatores
667 362 744 414 eis
777 375 874 430 per
901 372 1055 414 mare
1085 357 1424 425 direximus,
1467 373 1614 429 quas
1642 360 1781 414 satis
1817 358 1970 414 tenui
2012 363 2053 414 A
2082 357 2454 414 Dissimulata
2511 366 2702 414 tamen
2751 357 3118 426 conscientia,
3168 359 3322 414 mille
3351 360 3612 415 homines
3642 375 3792 414 cum

296 454 474 525 pretio
527 448 924 506 distrahendas
973 445 1108 500 huic
1159 445 1288 500 urbi
1339 446 1678 502 inferetnus:
1733 460 1986 516 quarum

297 542 525 614 copiosa
580 538 852 594 varietate
903 550 1017 604 quo
1057 534 1306 604 amplius
1359 533 1646 604 indigetis,
1705 549 1770 590 eo
1827 535 1988 590 vobis

300 638 572 702 perpetuo
627 625 958 695 profuturas
1013 622 1308 678 noveritis.
1343 644 1360 667 ο
1419 623 1674 688 Dixerat,
1731 629 1785 677 et
1815 622 1988 708 regi§s

295 719 556 775 munitus
588 712 980 783 stipatoribus,
1014 711 1086 765 ad
1114 725 1220 766 sua
1242 724 1426 779 usque
1456 709 1768 764 reducitur.

362 804 500 877 Regi
554 801 969 869 Hierosolyma
1016 801 1316 852 struuntur
1341 797 1578 851 insidiae.
1610 827 1676 835 -—
1706 797 1819 852 Nec
1849 811 1987 851 cun-

291 902 499 959 ctatus,
537 889 742 946 libellis
793 886 1142 943 transmissis
1187 886 1503 954 principem
1548 882 1856 952 Babylonis
1888 896 1986 950 per

291 977 675 1036 internuntios
727 975 990 1031 adoritur
1030 989 1041 1027 :
1090 997 1116 1020 ‹‹
1166 973 1309 1028 Cum
1365 981 1571 1026 vestrm
1616 971 1986 1026 sublimitatis

289 1083 517 1133 nomen,
551 1065 802 1121 delatum
827 1064 1052 1132 ubique
1089 1071 1396 1127 terrarum,
1440 1069 1522 1116 tot
1556 1061 1824 1131 gentibus
1852 1062 1985 1130 iter-

290 1156 404 1212 rori
441 1152 752 1216 incumbat,
779 1150 935 1220 quod
963 1148 1273 1204 Christiani
1307 1149 1544 1203 advenze
1606 1146 1769 1217 regni
1812 1145 1984 1200 vestri

291 1244 432 1300 lines
479 1238 892 1303 mutilaverint,
943 1244 1156 1292 aeterno
1223 1235 1479 1304 subjacet
1531 1234 1756 1304 pudori.
1847 1234 1985 1288 Ecce

291 1346 420 1401 pars
453 1330 706 1385 maxima
752 1325 1075 1394 Babylonici
1139 1323 1383 1392 imperii,
1431 1323 1688 1378 externis
1744 1322 1983 1377 subacta

290 1419 534 1490 legibus,
593 1413 849 1483 antiquis
896 1412 1102 1467 ritibus
1128 1411 1434 1466 numinum
1480 1411 1672 1475 sacris,
1729 1410 1875 1464 luxu
1929 1416 1984 1463 et

288 1508 581 1575 voluptate
627 1517 739 1572 qua
802 1500 888 1556 uti
946 1499 1269 1554 solebamus
1312 1507 1494 1554 vacat.
1553 1501 1754 1553 Vereor
1807 1498 1982 1551 iratos

289 1596 441 1659 deos,
495 1607 598 1649 nec
635 1591 987 1645 Mathomum
1040 1587 1183 1642 velle
1260 1585 1626 1656 patrocinari.
1689 1584 1848 1652 Quod
1931 1581 1978 1636 si

288 1685 510 1739 viribus
563 1679 858 1748 armisque
918 1676 1224 1745 resumptis
1282 1675 1633 1730 Christianos
1663 1689 1696 1728 a
1745 1681 1896 1728 terra
1927 1678 1981 1726 et
2020 1661 2062 1715 Β

291 1771 532 1828 urbibus
590 1781 783 1822 arcere
843 1765 1160 1832 volueritis,
1224 1763 1379 1818 etdii
1412 1778 1512 1818 vos
1554 1762 1888 1825 exau‘dient,
1928 1767 1982 1814 et

290 1859 614 1914 Mathomus
653 1853 1050 1923 opitulabitur.
1101 1854 1262 1906 Ferte
1302 1865 1488 1920 opem,
1523 1851 1700 1906 armis
1738 1849 1982 1904 camelos

287 1955 534 2010 onerate,
591 1947 945 1999 armatorum
1019 1941 1396 1995 nihilominus
1471 1939 1751 2009 quotlibet
1805 1935 1982 1992 millia

286 2033 532 2103 dirigite.
601 2029 895 2085 Biennales
935 2043 969 2083 a
1004 2043 1136 2097 rege
1168 2028 1676 2097 Hierosolymitano
1719 2025 1982 2081 inducias

286 2119 664 2184 obtinuimus,
730 2117 931 2171 urbem
990 2114 1173 2184 ipsam
1213 2114 1598 2180 immunitam,
1635 2113 1774 2168 levis
1827 2113 1983 2166 viros

284 2214 616 2269 armaturae,
670 2203 824 2258 fusos
871 2201 1204 2256 auxiliarios
1245 2200 1512 2255 vidimus.
1551 2199 1738 2268 Opum
1771 2205 1984 2252 vestra-

284 2311 416 2352 rum
485 2305 731 2349 munera
767 2298 1204 2358 mercatumque
1264 2288 1340 2343 illi
1407 2287 1857 2357 repromisimus,
1918 2295 1982 2342 ut

283 2398 423 2454 erga
451 2397 553 2438 nos
595 2382 651 2435 in
687 2378 846 2434 nullo
885 2386 1176 2446 suspectos
1237 2392 1332 2432 eos
1362 2376 1750 2432 redderemus.
1783 2375 1837 2431 Si
1877 2388 1981 2444 pro

284 2471 589 2536 mercibus,
625 2482 917 2523 armorum
947 2467 1204 2520 sarcinas
1235 2465 1346 2520 illis
1393 2465 1741 2530 direxeritis,
1801 2464 1982 2518 facilis

283 2559 440 2630 apud
471 2572 572 2613 vos
599 2555 706 2612 erit
767 2554 945 2623 ipsius
985 2554 1216 2623 jactura
1248 2551 1429 2606 urbis.
1487 2573 1506 2598 ι
1563 2551 1661 2605 His
1711 2551 1978 2620 acceptis,

284 2655 574 2715 tyrannus
613 2658 710 2712 spe
747 2643 1032 2697 dictorum
1065 2641 1450 2695 animabatur.
1494 2639 1785 2694 Mirareris
1815 2639 1980 2694 deni-

285 2747 399 2802 que
445 2731 690 2786 militum
737 2727 1076 2805 audaciam,_
1098 2740 1391 2781 armorum
1452 2726 1834 2794 quantitatem
1873 2740 1980 2780 va-

284 2821 555 2887 riumque
593 2817 897 2886 fulgorem,
925 2822 1319 2869 armentorum
1353 2813 1809 2881 victualiumque
1860 2810 1982 2865 infi-

284 2906 542 2970 nitatem,
598 2902 726 2958 auri
777 2909 1236 2971 caeterarumque
1291 2913 1465 2968 opum
1505 2899 1978 2967 immensitatem;

283 3009 415 3066 quae
447 2992 638 3049 omnia
670 2999 893 3046 mature
926 2998 1126 3060 parata
1157 2989 1405 3044 navibus
1447 2988 1845 3057 imponuntur,
1877 3000 1980 3041 nec

281 3084 466 3137 multo
499 3088 621 3149 post
652 3078 993 3134 Ascalonam
1027 3085 1424 3147 exponuntur.

357 3171 705 3238 Deteguntur
723 3183 792 3219 ac
813 3165 1199 3219 dissolvuntur
1213 3161 1438 3219 insidia
1457 3160 1608 3234 regis
1645 3163 1883 3233 paratae.
1912 3189 1980 3198 —-

285 3259 525 3314 Demum
580 3270 711 3310 cum
739 3255 860 3309 dies
907 3253 1327 3308 transmittendi
1361 3251 1568 3322 negotii
1602 3249 1981 3319 repromissus

287 3349 543 3409 instaret,
576 3345 745 3400 mittit
775 3345 847 3399 ad
881 3358 1070 3413 regem
1104 3352 1408 3412 tyrannus,
1441 3350 1494 3396 et
1523 3341 1593 3396 ad
1635 3341 1979 3409 Iconducen—

285 3435 388 3490 das
450 3445 682 3498 merces,
735 3431 1047 3501 quemlibet
1090 3444 1121 3484 a
1177 3431 1349 3485 latere
1410 3430 1561 3499 regis
1630 3426 1976 3497 expostulat.

286 3523 391 3578 Sed
419 3536 484 3578 eo
510 3529 760 3590 tempore
787 3533 888 3575 rex
920 3519 1076 3589 apud
1113 3519 1298 3574 Cavas
1319 3520 1616 3590 {castrum,
1656 3517 1713 3570 in
1766 3515 1981 3570 Arabia

285 3613 482 3675 situm,
529 3615 902 3664 concesserat.
966 3608 1082 3662 Hoc
1129 3621 1243 3662 non
1292 3607 1456 3661 valde
1515 3604 1714 3675 procul
1765 3618 1797 3658 a
1845 3603 1980 3658 Sina

287 3705 477 3754 monte
505 3697 574 3750 ad
606 3695 897 3766 regionem
932 3695 1204 3750 tuendam
1255 3700 1689 3760 construxerat;
1743 3705 1876 3748 nam
1926 3701 1980 3748 et

283 3801 347 3842 eo
379 3799 564 3855 usque
594 3798 838 3854 regnum
869 3782 1230 3837 dilataverat.
1281 3781 1541 3850 Denique
1579 3780 1978 3849 procurando-

285 3889 417 3931 rum
458 3873 740 3943 regalium
768 3873 908 3926 dum
939 3885 1042 3926 rex
1093 3870 1335 3934 abesset,
1371 3870 1457 3924 vir
1485 3869 1722 3939 quidam
1781 3868 1981 3924 fidelis-

285 3963 484 4027 simus,
539 3967 594 4015 et
651 3959 944 4030 vigilantis
992 3958 1228 4027 ingenii,
1309 3957 1710 4028 Hierosolymis
1793 3957 1980 4011 officio

286 4049 672 4120 fungebatur;
721 4047 891 4117 cujus
942 4060 1152 4116 purum
1210 4061 1417 4102 nomen
1475 4047 1821 4118 ignorantes.
1863 4058 1980 4114 qua

286 4137 476 4193 nescio
501 4135 796 4190 occasione
863 4135 1220 4191 Mathonium
1284 4135 1649 4206 agnominari
1700 4134 1978 4203 comperi-

2021 2954 2060 3008 C
2091 2949 2210 3005 citu
2263 2958 2527 3013 venturo,
2559 2955 2752 3014 noctu,
2808 2948 2971 3004 vobis
3023 2951 3324 3018 soporatis,

2095 446 2428 516 quingentis
2483 446 2724 502 sarcinis
2765 446 3214 515 Hierosolymam
3269 447 3456 502 duxit.
3510 447 3808 502 Distribu-

2095 534 2284 603 tisque
2315 533 2580 604 singulis,
2611 547 2742 603 qua:
2783 533 2929 588 turri
2959 533 3136 588 David
3164 534 3437 605 contigua
3464 541 3653 599 erant,
3693 536 3809 588 ho-

2096 622 2418 691 spitalibus,
2454 623 2782 677 Mathonius
2815 621 2871 677 in
2916 622 3207 688 Arabiam,
3240 622 3339 677 ubi
3379 636 3482 677 rex
3525 622 3810 676 moraba-

2097 717 2212 774 tur,
2245 711 2402 765 venit
2435 726 2447 764 :
2481 731 2507 758 ‹‹
2553 710 2716 769 Sunt.
2754 709 2960 780 inquit,
2989 711 3389 780 Hierosolymis
3415 710 3805 765 funestissimi

2095 807 2457 864 mercatores,
2497 799 2597 869 qui
2631 799 2792 854 nobis
2826 814 2939 853 non
2973 813 3169 868 opum,
3205 799 3300 853 sed
3332 813 3629 854 armorum
3672 812 3809 851 sar-

2095 887 2252 942 cinas
2305 888 2643 942 attulerunt.
2690 889 2758 941 Et
2817 888 2926 942 nisi
2959 887 3070 941 cito
3099 885 3480 954 subveniatis,
3533 887 3807 940 futuram

2093 976 2262 1030 timeo
2300 976 2656 1030 eversionem
2685 982 2738 1030 et
2769 974 2954 1045 gentis
2980 981 3035 1030 et
3066 975 3240 1030 urbis.
3282 996 3301 1020 ι

2161 1105 2380 1161 Omisso
2430 1105 2608 1174 igitur
2660 1118 2762 1159 rex
2816 1103 3063 1174 negotio,
3121 1103 3195 1158 ad
3257 1103 3459 1158 urbem
3525 1102 3807 1158 festinato

2094 1193 2434 1264 regreditur,
2488 1200 2543 1247 et
2601 1190 3080 1247 commeatoribus
3113 1192 3386 1259 evocatis,
3417 1191 3536 1247 foro
3576 1205 3806 1246 merces

2092 1282 2301 1352 exponi
2347 1280 2538 1350 jussit.
2564 1280 2727 1347 Quod
2772 1279 2850 1333 illi
2894 1279 3054 1334 nullo
3095 1279 3260 1334 modo
3304 1279 3420 1333 fieri
3457 1293 3616 1348 posse
3639 1278 3803 1332 dice-

2092 1373 2248 1439 bant,
2299 1371 2478 1426 donec
2517 1371 2554 1425 ii
2607 1384 2753 1438 quos
2787 1377 3191 1438 praecesserant
3240 1370 3326 1424 vel
3377 1371 3512 1424 socii
3567 1369 3658 1424 vel
3701 1369 3805 1423 do-

2092 1458 2232 1514 mini
2263 1457 2577 1525 venalium,
2610 1457 3009 1524 adventarent,
3041 1457 3526 1526 vehementerque
3560 1457 3797 1511 resiste-

2089 1546 2246 1600 bant.
2277 1543 2407 1599 Mox
2442 1551 2633 1598 autem
2666 1557 2789 1608 rex,
2821 1543 3091 1598 omnibus
3119 1544 3391 1598 custodite
3426 1544 3795 1612 mancipatis,

2093 1633 2335 1688 reserari
2377 1632 2632 1688 sarcinas
2686 1631 2834 1686 fecit.
2891 1631 3039 1698 Quid
3099 1633 3312 1701 plura?
3358 1635 3428 1688 Et
3464 1631 3695 1704 fulgore
3745 1642 3797 1688 et

2092 1735 2299 1791 genere
2356 1728 2759 1790 apparuerunt
2807 1733 2970 1774 arma
3028 1721 3168 1774 satis
3217 1720 3584 1789 spectabilia;
3647 1721 3798 1774 inter

2091 1821 2222 1877 quae
2276 1807 2446 1862 etiam
2505 1820 2765 1875 reperere
2838 1806 3142 1862 classicum
3203 1821 3346 1862 auro
3430 1809 3795 1877 gemmisque

2091 1904 2145 1952 et
2200 1897 2450 1950 novitate
2503 1895 2688 1965 operis
2746 1895 2991 1966 insigne.
3029 1919 3046 1943 ι
3102 1899 3250 1961 Haec,
3298 1897 3376 1950 ait
3422 1911 3544 1960 rex,
3599 1899 3798 1952 merci-

2092 1983 2285 2038 monia
2314 1991 2367 2038 et
2400 1983 2720 2052 periculosa
2773 1985 2912 2038 satis
2943 1990 3080 2038 sunt
3124 1991 3178 2038 et
3210 1982 3394 2037 utilia.
3444 1984 3792 2044 Periculosa.

2091 2071 2136 2125 si
2169 2079 2487 2140 praeparato
2533 2071 2681 2125 malo
2726 2086 2840 2125 non
2896 2070 3228 2137 resistimus,
3265 2071 3446 2126 utilia.
3479 2072 3622 2140 quia
3665 2071 3794 2126 belli

2092 2159 2408 2228 proderunt
2442 2159 2661 2214 usibus.
2693 2158 2877 2228 Super
2904 2159 2991 2214 his
3023 2159 3201 2229 igitur
3255 2159 3416 2214 vobis
3465 2159 3603 2228 ipsis
3655 2175 3792 2214 con-

2091 2247 2278 2314 sulite,
2311 2262 2344 2302 o
2371 2247 2481 2302 viri
2528 2247 2714 2303 fortes.
2760 2269 2779 2295 ι
2840 2248 2919 2302 Ad
2954 2248 3074 2303 hac
3127 2249 3473 2304 Eustachius
3517 2249 3791 2305 Caesarcze

2091 2350 2299 2401 comes,
2365 2335 2701 2405 respondit:
2759 2359 2778 2384 ε
2843 2337 2940 2390 His
2990 2338 3426 2407 quamprimum
3471 2339 3787 2408 productis,

2091 2438 2288 2478 omnes
2341 2423 2611 2478 damnate
2667 2423 2972 2492 capitibus.
3022 2424 3210 2480 Unum
3273 2426 3373 2495 qui
3428 2425 3508 2481 rei
3585 2428 3790 2481 seriem

2091 2511 2358 2577 declaret,
2415 2517 2723 2566 reservate.
2784 2534 2802 2557 ι
2869 2511 2993 2574 Quo
3040 2512 3210 2588 facto,
3265 2513 3364 2568 uni
3420 2513 3790 2568 securitatem

2092 2598 2224 2653 vitae
2249 2598 2548 2664 dederunt,
2575 2597 2618 2652 si
2671 2605 2882 2653 cuncta
2909 2613 2981 2653 ex
3012 2599 3212 2654 ordine
3243 2600 3475 2669 pandat.
3512 2599 3624 2666 Qui
3665 2601 3746 2654 ait
3778 2616 3790 2653 :

2096 2709 2116 2736 ι
2150 2687 2282 2742 Ideo
2311 2700 2476 2741 arma
2504 2685 2744 2740 sarcinis
2777 2685 3116 2741 inclusimus
3154 2695 3219 2742 ut
3272 2702 3373 2742 vos
3412 2689 3599 2757 specie
3659 2687 3792 2760 [al.,

2091 2773 2212 2846 spe]
2263 2774 2557 2830 venalium
2605 2774 3016 2843 deciperemus.
3070 2776 3141 2830 Et
3191 2775 3310 2831 ideo
3367 2789 3791 2846 praecessumus,

2091 2869 2156 2918 ut
2183 2870 2305 2918 arte
2341 2863 2569 2917 conscia
2598 2869 2816 2916 turrem
2859 2870 2913 2915 et
2943 2864 3185 2930 iportam
3240 2864 3573 2933 contiguam
3618 2879 3797 2920 exer-

3403 2951 3784 3019 aperiremus.

2087 3036 2194 3103 Qui
2229 3045 2419 3092 tamen
2453 3037 2771 3107 ingressuri
2813 3051 2927 3091 non
2976 3044 3162 3103 erant,
3217 3037 3397 3092 donec
3443 3038 3791 3093 adveniente

2087 3126 2445 3194 crepusculo.
2479 3124 2782 3180 classicum
2813 3124 2920 3178 sibi
2958 3131 3181 3192 notum,
3211 3125 3281 3179 de
3310 3139 3583 3194 supremo
3612 3127 3791 3181 turris

2089 3215 2373 3269 audirent.
2412 3213 2532 3268 Non
2561 3221 2755 3267 autem
2786 3227 2916 3267 cum
2949 3213 3187 3282 impetu,
3236 3213 3330 3268 sed
3371 3211 3694 3283 sigillatim,
3726 3220 3786 3269 ut

2091 3309 2217 3372 pote
2263 3303 2524 3356 inermes.
2573 3300 2772 3356 Turris
2806 3315 2939 3356 vero
2987 3315 3022 3354 a
3066 3300 3413 3369 quibusdam
3447 3300 3782 3367 obtinenda,

2089 3389 2160 3444 ab
2191 3387 2316 3443 aliis
2341 3402 2574 3457 quoque
2604 3388 2672 3442 ad
2703 3388 2946 3442 exitium
2967 3395 3223 3443 vestrum
3255 3388 3443 3443 statim
3475 3388 3597 3443 haec
3625 3403 3788 3444 arma

2089 3476 2388 3531 sumenda.
2438 3497 2457 3523 ι
2505 3475 2603 3530 His
2651 3475 2865 3530 auditis
2899 3483 3247 3545 acceptoque
3285 3475 3539 3540 consilio.
3586 3478 3788 3534 Eusta-

2089 3563 2255 3618 chius
2286 3564 2365 3618 ait
2393 3578 2404 3617 :
2447 3584 2473 3611 «
2507 3563 2624 3618 Hoc
2654 3563 2836 3618 solum
2873 3565 3027 3619 omni
3061 3573 3321 3633 superest
3355 3565 3782 3633 meditamento,

2093 3659 2154 3706 ut
2187 3665 2289 3706 nos
2311 3651 2420 3706 illis
2442 3652 2699 3706 eamdem
2733 3651 2912 3708 vicem
2944 3652 3280 3708 referamus.

2161 3782 2346 3852 Igitur
2373 3798 2504 3838 cum
2535 3783 2722 3838 omnis
2761 3783 3140 3840 barbarorum
3188 3784 3542 3840 convenisset
3573 3786 3785 3840 exerci-

2091 3870 2467 3937 tus,irruente
2502 3879 2663 3926 nocte
2691 3871 2843 3928 circa
2885 3873 3084 3929 urbem
3129 3888 3260 3929 cum
3295 3887 3503 3943 magno
3531 3874 3790 3928 consedit

2089 3957 2331 4013 silentio.
2380 3959 2717 4014 Nostrorum
2768 3968 2960 4015 autem
2994 3974 3126 4030 pars
3173 3961 3424 4014 maxima
3469 3961 3636 4015 novis
3676 3961 3790 4016 illo-

2090 4061 2220 4103 rum
2254 4049 2368 4118 (35)
2405 4049 2578 4104 armis
2620 4049 2863 4116 munita,
2899 4058 3116 4119 portam
3167 4048 3526 4104 observabat.
3581 4050 3653 4103 At
3686 4049 3784 4104 ubi

2089 4135 2450 4191 illucescente
2480 4149 2510 4190 a
2547 4137 2879 4192 custodibus
2907 4139 3082 4193 turris
3111 4138 3411 4193 classicum
3443 4137 3583 4191 illud
3630 4138 3788 4192 inso-

287 4238 435 4279 mus.
471 4222 592 4288 Hic,
627 4222 938 4291 aliquando
965 4238 998 4278 a
1030 4223 1367 4278 Christianis
1414 4231 1614 4292 captus
1655 4222 1981 4278 adolescens
2019 4247 2062 4300 ι)
2091 4223 2237 4288 nuit,
2271 4236 2544 4292 aperuere
2577 4232 2818 4293 portam.
2843 4227 3003 4280 Tunc
3035 4227 3184 4281 lento
3230 4225 3542 4280 introibant
3576 4227 3784 4297 gradu,

287 4310 758 4381 baptismumque
801 4310 1062 4379 adeptus,
1094 4318 1157 4365 ut
1209 4311 1463 4380 corporis
1496 4311 1703 4382 gratia,
1751 4311 1829 4366 ita
1861 4325 1979 4366 mo-

288 4399 512 4456 ralitate
545 4406 822 4467 susceptae
876 4395 1241 4466 professionis
1286 4406 1639 4454 excreverat.
1674 4400 1839 4453 Hunc
1871 4397 1984 4453 ita-

287 4502 401 4558 que
435 4485 794 4557 potissimum
845 4484 998 4539 cives
1041 4485 1515 4554 angariaverunt,
1553 4498 1617 4539 eo
1648 4484 1803 4554 quod
1840 4491 1984 4539 esset

288 4576 549 4632 barbarae
573 4573 790 4644 linguae
821 4571 1224 4642 peritissimus.
1265 4573 1489 4626 Interea
1533 4571 1687 4640 apud
1718 4571 1980 4626 Sarrace-

287 4679 390 4720 nos
441 4661 830 4718 fraudulentia
868 4661 998 4716 talis
1024 4659 1489 4726 machinabatur,
1523 4668 1586 4715 ut
1620 4675 1734 4715 non
1777 4659 1984 4714 milites

286 4771 381 4812 eos
396 4755 891 4826 quiadvenerant,
924 4757 1075 4806 456
1114 4751 1210 4806 sed
1227 4751 1624 4821 negotiatores,
1656 4765 1770 4806 non
1797 4764 1979 4818 arma,

287 4843 384 4898 sed
419 4841 642 4897 venalia
673 4842 805 4911 quis
835 4841 1119 4896 mstimare
1154 4848 1360 4910 posset,
1392 4853 1465 4894 ex
1499 4839 1715 4908 quibus
1743 4839 1982 4894 sarcinae

287 4938 714 5000 componuntur
744 4930 1093 5000 quingentae.
1121 4928 1242 4995 Quo
1265 4926 1603 4998 perveniens
1634 4926 1979 4994 Mathonius,

289 5019 535 5075 ofﬁciose
583 5017 918 5087 suscipitur,
968 5025 1025 5072 et
1077 5030 1265 5086 neque
1300 5014 1583 5071 conviviis
1629 5028 1828 5069 eorum
1881 5021 1984 5069 aut

287 5107 542 5161 conciliis
590 5112 838 5169 arcetur,
895 5111 1090 5173 utpote
1123 5103 1220 5173 qui
1251 5104 1564 5172 putabatur
1602 5102 1755 5172 quod
1781 5117 1980 5158 eorum

289 5206 403 5248 non
465 5193 804 5262 intelligeret
847 5205 1156 5247 sermones.
1213 5191 1283 5245 Et
1333 5191 1471 5245 dum
1520 5189 1739 5257 sedulo,
1790 5191 1983 5246 minus

291 5279 542 5348 providis
569 5294 767 5336 eorum
809 5277 1226 5334 conventiculis
1260 5293 1380 5334 sese
1406 5279 1767 5346 insuspectus
1815 5278 1982 5336 inter-

289 5365 424 5420 serit
490 5379 636 5435 quos
718 5366 1124 5432 deliberarant,
1211 5365 1373 5422 facile
1450 5367 1750 5436 perpendit
1799 5367 1978 5425 dolos.

360 5485 470 5554 (35)
503 5487 815 5556 Hucusque
847 5485 1092 5542 ineditis.

2094 4327 2197 4368 nec
2222 4311 2294 4366 ab
2327 4311 2569 4368 invicem
2604 4314 3082 4382 impediebantur.
3136 4314 3401 4369 Admisso
3447 4323 3605 4370 certa
3655 4330 3788 4384 sup-

2093 4400 2387 4468 putatione
2435 4399 2754 4456 millenario
2820 4402 3076 4457 clausere
3137 4411 3380 4472 portam,
3440 4402 3784 4473 sublatoque

2092 4487 2349 4542 tumultu
2381 4487 2600 4556 profani
2633 4490 3075 4545 truncabantur.
3107 4489 3266 4556 Quod
3311 4504 3442 4545 cum
3490 4491 3786 4546 audissent

2093 4575 2342 4631 forenses
2387 4590 2522 4630 suos
2558 4576 2612 4630 in
2648 4583 2974 4632 nostrorum
3006 4577 3312 4646 perniciem
3365 4579 3614 4648 grassari
3674 4595 3787 4635 cre-

2093 4663 2319 4719 debant.
2373 4664 2683 4735 Postquam
2729 4680 2864 4720 vero
2919 4667 3034 4722 sole
3089 4667 3214 4722 fuso
3271 4667 3392 4722 dies
3469 4668 3784 4728 incanduit.

2089 4751 2272 4808 sciens
2315 4767 2417 4807 rex
2452 4768 2565 4809 non
2595 4768 2718 4809 esse
2743 4762 2933 4810 tutum
2969 4755 3288 4810 innumeris
3329 4769 3540 4824 paucos
3586 4771 3784 4813 occur-

2092 4855 2233 4907 rere,
2266 4855 2543 4898 cmsorum
2601 4843 2790 4910 capita
2821 4842 3014 4898 fundis
3047 4855 3112 4896 ac
3142 4842 3472 4898 balearibus
3505 4847 3780 4913 torqueri,

2091 4935 2264 4998 atque
2308 4928 2515 4998 jactari
2557 4929 2730 4999 jussit
2764 4929 2822 4984 in
2852 4939 3058 4996 castra,
3095 4937 3157 4985 ut
3188 4944 3428 4986 suorum
3461 4933 3642 4987 territi
3677 4948 3784 4988 mo-

2090 5015 2245 5072 tibus
2266 5016 2337 5070 ad
2369 5016 2566 5085 fugam
2595 5026 2956 5088 cogerentur.
2988 5017 3110 5084 Quo
3157 5017 3304 5072 facto
3338 5025 3533 5073 tantus
3589 5020 3782 5075 multi-

2091 5103 2351 5160 tudinem
2381 5104 2592 5159 invasit
2618 5105 2822 5159 horror
2874 5113 2934 5160 ut
2975 5105 3257 5160 subitoab
3299 5107 3382 5160 eis
3402 5107 3661 5161 omnium
3707 5123 3786 5163 reo

2091 5206 2222 5247 rum
2273 5193 2546 5248 memoria
2603 5201 2808 5262 praeter
2866 5193 3062 5263 fugam
3097 5194 3402 5258 recederet,
3439 5193 3784 5266 Iucrumque

2093 5289 2362 5350 putarent
2410 5282 2454 5335 si
2512 5280 2597 5336 vel
2648 5282 2817 5350 equis
2863 5281 3184 5336 conscensis
3216 5281 3606 5339 elaberentur.
3650 5286 3782 5351 Qui-

2091 5367 2198 5422 bus
2228 5367 2601 5438 fugientibus,
2651 5367 2977 5439 nostrisque
3033 5369 3429 5440 sequentibus,
3486 5379 3648 5426 tanta
3694 5386 3783 5428 ex-
