3902 6082
110 246 224 297 837

1228 245 1319 302 DE
1360 245 1526 302 VITA
1566 246 1700 302 SUA
1741 248 1924 304 LIBRI
1968 249 2163 304 TBES.
2200 279 2266 288 —
2301 248 2433 306 LIB.
2479 253 2516 303 Ι.

3521 258 3625 312 838

106 378 261 434 stitit
307 394 666 449 paganorum
728 380 1088 436 mortificatio
1135 387 1198 436 ut
1248 395 1433 451 usque
1489 382 1823 439 Ascalonem
1862 386 1908 439 Α
1938 391 2187 453 quantas
2233 384 2301 441 de
2348 384 2603 440 tentoriis
2648 384 2975 456 Babylonire
3015 402 3150 458 opes
3197 390 3376 445 nostri
3431 397 3623 447 sustu-

107 479 527 540 persequentes
552 470 821 525 omnibus
864 470 1166 540 peremptis
1196 471 1293 526 vix
1330 472 1449 542 jam
1494 472 1821 529 invenirent

108 570 294 626 quem
352 564 797 626 prosternerent.
865 557 1097 613 Reversi
1155 558 1354 630 itaque
1405 574 1538 615 cum
1592 575 1820 617 summa

100 644 475 715 jubilationis
530 645 703 701 laude
754 645 1018 714 victores,
1077 646 1226 701 sicut
1283 648 1471 703 testati
1522 655 1659 703 sunt
1718 649 1820 719 qui

108 731 450 801 adfuerunt,
472 733 592 804 jam
624 746 723 788 cor
750 732 1035 800 meditari,
1066 733 1151 788 vel
1185 734 1384 805 lingua
1438 734 1641 804 nequit
1689 737 1817 803 fari,

1931 472 2063 527 lere.
2100 474 2256 527 Hanc
2286 472 2405 528 suis
2455 473 2717 528 Christus
2746 473 2994 530 inimicis
3021 476 3437 545 confusionem,
3476 478 3627 534 hanc

1929 560 2049 615 suis
2072 559 2333 615 fidelibus
2360 560 2601 616 contulit
2623 560 2941 628 victoriam,
2974 578 3107 618 cum
3136 571 3193 620 et
3232 565 3355 621 illos
3385 565 3627 636 dejicere

1930 648 2112 704 voluit
2144 649 2200 704 iu
2232 648 2506 719 laqueum
2547 665 2719 720 quem
2759 651 3137 721 tetenderant,
3168 660 3223 709 et
3257 653 3357 709 hos
3386 668 3420 709 a
3460 655 3626 710 malis

1930 748 2269 791 conservare
2290 750 2421 806 quae
2454 751 2569 792 non
2603 746 3061 807 promeruerant.

1772 868 1971 918 FINIS

1398 1148 1685 1231 νεκ.
1750 1149 2345 1235 συππλ-ιιι

641 1334 827 1442 DE
916 1335 1250 1445 VITA
1346 1338 1616 1447 SUA
1707 1339 2027 1448 SIVE
2120 1341 3100 1456 MONODIARUM

1316 1556 1824 1660 LIBRI

1941 1560 2417 1663 TRES.

1434 1927 1781 2012 LIBER
1856 1928 2142 2013 PBIM
2156 1929 2317 2014 US.

1102 2077 1174 2138 In
1223 2095 1351 2156 quo
1392 2076 1804 2156 potissimum
1853 2077 1933 2136 de
1981 2077 2187 2155 ipsius
2218 2077 2349 2139 vita
2397 2078 2626 2156 agitur.

690 2324 917 2380 CAPUT
945 2324 1247 2381 PRIMUM.

190 2417 347 2466 458
373 2410 556 2483 Deﬂel
577 2410 750 2465 trium
761 2414 1011 2465 slaluum
1022 2409 1148 2465 vita?
1173 2427 1287 2465 sua
1301 2414 1556 2482 peccata.
1583 2441 1641 2453 -ο
1675 2411 1820 2468 Con-

118 2500 289 2555 fiteor
300 2500 668 2570 amplitudini
684 2507 813 2566 tuae,
832 2501 1001 2567 Deus,
1022 2500 1378 2555 inﬁnitorum
1392 2514 1652 2555 errorum
1671 2516 1822 2556 meo-

116 2603 257 2645 rum
287 2589 585 2655 decursus,
608 2596 663 2644 et
683 2589 1058 2645 creberrimos
1074 2588 1143 2643 ad
1171 2587 1819 2654 miserationisinternaz,

115 2691 272 2749 quos
303 2685 490 2733 tamen
525 2677 831 2747 inspirasti,
878 2689 1167 2731 recursus.
1232 2675 1516 2731 Conﬁteor
1564 2676 1823 2745 pueritiae

117 2781 190 2822 ac
198 2767 529 2837 juventutis
560 2780 697 2821 meae
722 2766 891 2828 mala.
924 2764 1114 2820 adhuc
1146 2764 1317 2819 etiam
1366 2763 1425 2819 in
1456 2772 1685 2819 matura
1716 2763 1825 2819 bac

115 2862 291 2910 aetate
344 2854 668 2921 aestuantia,
717 2861 771 2910 et
822 2855 1138 2909 inveterata
1198 2852 1549 2922 pravitatum
1610 2852 1819 2919 studia,

117 2942 369 2997 necdum
421 2941 529 2997 sub
592 2941 888 3012 defatigati
942 2939 1197 3010 corporis
1243 2946 1473 3009 torpore
1519 2942 1820 2996 cessantia.

114 3029 373 3097 Quoties,
440 3030 698 3093 Domine,
765 3028 1466 3099 perseverantissimarum
1514 3027 1824 3098 impurita-

117 3128 249 3174 tum
300 3131 559 3173 mearum
611 3118 898 3183 recordor,
929 3123 985 3172 et
1012 3116 1261 3186 qualiter
1291 3130 1392 3186 pro
1426 3116 1637 3171 eisdem
1677 3130 1825 3172 com-

114 3207 308 3279 pungi
352 3221 575 3277 semper
634 3205 938 3263 donaveris
997 3205 1353 3271 reminiscor,
1411 3205 1823 3274 patientissima

118 3310 226 3358 tua
253 3300 314 3354 in
372 3314 463 3355 me
513 3301 753 3364 viscera,
787 3312 965 3368 supra
998 3312 1175 3368 quam
1209 3297 1447 3367 cogitari
1492 3299 1685 3367 possit.
1714 3299 1822 3354 ad—

116 3389 325 3445 miror.
385 3386 439 3443 Si
491 3386 851 3456 compunctio
882 3393 937 3441 et
991 3384 1267 3440 orationis
1302 3383 1542 3440 allectus
1599 3399 1822 3457 nequa-

114 3489 303 3547 quam
336 3476 459 3531 sine
493 3483 591 3531 tua
617 3473 860 3544 spiritali
886 3473 1167 3529 infusione
1196 3473 1503 3539 habentur,
1538 3476 1823 3543 quomodo

114 3574 239 3622 tam
276 3564 581 3635 dignanter
611 3562 768 3619 illabi
809 3569 1171 3633 peccatorum
1225 3560 1553 3631 pectoribus
1592 3562 1821 3630 pateris,

115 3657 174 3707 et
203 3650 477 3705 aversisa
506 3659 577 3716 te,
614 3650 725 3705 imo
780 3659 830 3706 te
887 3649 1268 3714 irritantibus,
1319 3655 1535 3703 tantam
1576 3648 1823 3719 gratiam

117 3737 418 3807 dilargiris
445 3738 473 3793 7
497 3738 583 3794 Tu
614 3741 743 3807 scis,
777 3739 1090 3809 paternitas
1142 3750 1355 3808 magna
1405 3736 1597 3801 nimis,
1646 3751 1825 3806 quam

117 3827 413 3882 obstinata
442 3825 720 3881 adversus
767 3840 864 3881 eos
910 3825 1012 3895 qui
1042 3824 1320 3880 offensam
1372 3833 1627 3881 nostram
1680 3825 1825 3880 inci-

115 3915 291 3982 dunt,
324 3913 497 3969 corda
527 3915 803 3984 gerimus,
833 3921 888 3968 et
922 3912 991 3967 iis
1034 3913 1135 3982 qui
1178 3911 1350 3967 semel
1391 3920 1494 3967 aut
1523 3911 1826 3982 pluraliter

116 4002 180 4057 in
213 4014 335 4063 nos.
362 4008 464 4056 aut
491 4001 706 4068 vultus,
758 4008 859 4056 aut
906 3999 1085 4057 verba
1117 3999 1396 4067 tulerunt,
1455 4012 1631 4070 quam
1672 4013 1826 4071 aegre

118 4089 496 4145 remittimus.

193 4178 266 4230 At
299 4182 360 4230 tu
402 4189 517 4230 non
573 4174 736 4230 modo
790 4174 943 4244 pius,
1000 4181 1058 4229 at
1104 4188 1241 4228 vero
1295 4172 1417 4243 ipsa
1474 4173 1673 4243 pietas,
1715 4172 1827 4228 imo

118 4264 252 4334 ejus
282 4263 463 4333 origo.
502 4262 605 4328 Qui
655 4276 788 4317 cum
848 4261 1275 4333 generalissime
1331 4261 1716 4332 progrediaris
1753 4262 1825 4318 ad

120 4363 345 4417 omnes,
416 4364 604 4406 nonne
686 4348 933 4420 singulis
1021 4348 1234 4418 poteris
1311 4361 1432 4405 esse
1479 4347 1828 4405 sufficiens?

119 4438 385 4506 Quidni?
433 4438 575 4495 Cum
626 4437 881 4493 mundus
925 4435 982 4490 in
1053 4435 1154 4491 Dei
1199 4435 1526 4506 ignorantia
1611 4436 1829 4506 positus

118 4534 294 4593 esset,
326 4540 457 4582 cum
510 4527 565 4581 in
601 4524 848 4580 tenebris
904 4538 971 4578 ac
1000 4523 1198 4578 mortis
1228 4524 1434 4579 umbra
1476 4532 1825 4592 versaretur,

119 4630 261 4672 cum
291 4623 453 4671 nocte
476 4629 647 4670 suum
682 4619 988 4683 peragente
1030 4625 1267 4667 cursum
1322 4610 1613 4667 silentium
1671 4627 1827 4668 com-

121 4720 305 4763 mune
336 4711 570 4767 teneret,
601 4704 772 4773 cujus
803 4701 1023 4769 merito,
1056 4699 1228 4770 cujus
1274 4712 1410 4754 voce
1452 4700 1637 4768 potuit
1674 4713 1825 4755 com-

118 4793 330 4865 pellari
389 4791 583 4847 Sermo
638 4790 999 4859 omnipotens
1052 4796 1206 4854 tuus,
1265 4793 1329 4842 ut
1378 4800 1412 4841 a
1471 4785 1652 4857 regali
1698 4787 1829 4842 sede

117 4879 388 4939 veniret?
413 4878 573 4950 (Sap.
607 4891 764 4945 xviii,
800 4877 885 4965 14,
921 4878 1026 4965 15.)
1072 4875 1141 4929 Et
1168 4872 1270 4965 qui
1302 4872 1589 4965 universa;
1621 4873 1826 4965 huma-
1864 4911 1910 4965 Β

117 4969 324 5027 uitatis
353 4965 704 5039 negligentia
755 4963 897 5034 quin
945 4960 1234 5018 misereris
1277 4968 1419 5016 tunc
1456 4960 1678 5015 obstrui
1712 4976 1826 5017 non

120 5066 373 5129 poteras,
403 5057 615 5111 mirum
659 5068 772 5110 non
809 5053 853 5107 si
911 5065 1049 5123 erga
1098 5064 1283 5106 unum
1344 5049 1611 5119 quamvis
1667 5063 1830 5104 enor-

118 5149 298 5205 miter
330 5154 679 5218 peccatorem
711 5142 1157 5199 miserabundus
1176 5141 1409 5197 existas.
1442 5138 1564 5195 Non
1594 5152 1826 5209 possum

120 5226 317 5292 diceré
362 5234 517 5304 quod
563 5231 789 5288 facilius
816 5228 1061 5301 singulis
1104 5228 1444 5294 miserearis,
1496 5239 1672 5297 quam
1714 5238 1808 5280 om

121 5322 324 5388 nibus,
357 5335 491 5377 cum
546 5319 857 5390 utrobique
902 5316 1006 5374 tibi
1035 5323 1254 5372 constet
1298 5314 1357 5370 in
1404 5314 1563 5370 nullo
1594 5312 1832 5370 claudas

123 5411 224 5487 υἱ,
271 5408 504 5483 clauda]
538 5408 799 5477 facilitas,
848 5406 1002 5464 facili
1047 5406 1202 5462 enim
1250 5404 1475 5461 facilius
1529 5402 1830 5475 quidpiam

122 5498 289 5571 apud
334 5504 387 5555 te
438 5511 553 5554 non
600 5504 703 5554 est.
759 5496 908 5553 Fons
936 5507 1071 5551 cum
1107 5493 1204 5559 sis,
1248 5500 1305 5551 et
1357 5493 1449 5564 ('5)
1479 5506 1612 5549 cum
1661 5491 1819 5561 quod

1860 2324 2164 2381 Bemanas
2192 2327 2460 2382 omnibus
2511 2327 2736 2395 debeas,
2795 2328 2962 2397 plane
3000 2329 3153 2399 quod
3230 2330 3492 2386 omnium
3539 2339 3624 2386 est

1931 2413 2177 2484 singulis
2208 2429 2318 2469 non
2342 2415 2664 2483 przeeludis.

2002 2501 2237 2571 Semper
2262 2515 2397 2573 ergo
2428 2515 2690 2571 peccans,
2719 2511 2773 2559 et
2823 2503 2970 2559 inter
3000 2505 3355 2574 peccandum
3401 2520 3626 2577 semper

1931 2594 2000 2651 ad
2028 2601 2079 2649 te
2110 2593 2354 2661 rediens,
2406 2608 2479 2649 an
2512 2594 2587 2664 pii
2650 2596 2851 2667 fugax,
2894 2597 3124 2665 piumve
3174 2597 3458 2660 deserens,
3492 2612 3625 2653 eum

1930 2684 2001 2738 ad
2052 2683 2315 2752 pietatem
2363 2697 2681 2751 recurrero,
2736 2684 2930 2754 perdet
2971 2683 3148 2753 pietas
3214 2684 3372 2755 quod
3420 2690 3527 2750 est,
3571 2691 3627 2739 et

1928 2772 2097 2828 etiam
2133 2770 2449 2833 offensione
2471 2772 2771 2842 multiplici
2815 2773 3044 2841 obruta,
3101 2774 3431 2829 invenietur
3474 2773 3627 2827 inso-

1930 2859 2088 2915 lens?
2118 2860 2321 2915 Nonue
2369 2859 2471 2915 tibi
2503 2859 2717 2915 dicitur
2761 2862 2900 2931 quia
2930 2876 3043 2917 non
3094 2860 3414 2917 continebis
3452 2875 3510 2915 in
3542 2861 3628 2915 ira

1933 2956 2032 3003 tua
2066 2946 2487 3004 misericordias
2521 2954 2650 3003 tuas
2675 2947 2704 3001 ?
2735 2948 2923 3017 (Ρεαι.
2976 2963 3164 3016 LXXVI,
3220 2950 3320 3018 to.)
3367 2950 3478 3003 Has
3509 2962 3627 3003 non

1931 3039 2099 3095 modo
2130 3038 2189 3093 in
2223 3041 2506 3108 praesenti,
2538 3039 2633 3094 sed
2670 3040 2726 3094 in
2757 3048 3036 3096 aeternum
3065 3041 3288 3096 futuras
3321 3039 3468 3096 idem
3499 3053 3629 3094 can-

1931 3133 2033 3182 tat.
2063 3125 2150 3181 Tu
2189 3128 2298 3181 scis
2328 3126 2472 3194 quia
2506 3140 2622 3181 non
2654 3125 2781 3181 ideo
2827 3141 2993 3197 pecco
3035 3127 3189 3197 quod
3222 3134 3272 3182 te
3303 3125 3628 3181 misericor-

1929 3216 2056 3271 dem
2091 3215 2293 3282 sentio,
2330 3215 2423 3269 sed
2448 3229 2648 3271 secure
2673 3216 2942 3285 proﬁteor
2962 3224 3013 3272 te
3042 3216 3165 3272 ideo
3204 3214 3627 3270 misericordem

1929 3302 2064 3365 dici,
2113 3302 2265 3371 quod
2315 3304 2392 3357 sis
2447 3303 2674 3357 veniam
2734 3303 3161 3372 postulantibus
3220 3310 3446 3372 praesto.
3505 3302 3631 3359 Non

1929 3396 1983 3444 te
2015 3390 2321 3445 miserante
2368 3390 2579 3446 abutor
2628 3388 2746 3460 (³⁸),
2786 3391 3011 3460 quoties
3058 3404 3159 3460 per
3204 3389 3475 3459 peccandi
3524 3403 3631 3445 ne-

1930 3476 2243 3531 cessitatem
2276 3490 2506 3545 peccare
2559 3478 2884 3547 compellor,
2929 3492 3130 3534 verum
3165 3476 3408 3547 profana
3460 3476 3633 3532 nimis

1929 3571 2073 3619 esset
2103 3564 2323 3631 abusio,
2355 3565 2424 3631 si,
2455 3566 2597 3635 quia
2626 3566 2919 3635 perfacilis
2944 3574 3068 3635 post
3123 3573 3420 3635 peccatum
3477 3564 3549 3619 ad
3580 3571 3632 3619 te

1931 3657 2016 3704 est
2055 3650 2290 3717 reditus,
2334 3666 2561 3722 semper
2609 3667 2697 3708 me
2752 3654 3025 3722 peccandi
3083 3652 3299 3709 delecte
3340 3666 3628 3708 excessus.

1932 3736 2106 3791 Pecco
2149 3736 2456 3807 siquidem,
2497 3738 2614 3805 sed,
2649 3738 2867 3795 ratione
2898 3743 3044 3793 45'!
3101 3744 3345 3809 recepta,
3406 3740 3463 3794 in
3493 3736 3630 3794 alie-

1932 3831 2087 3879 ctum
2141 3824 2328 3879 cordis
2375 3825 2647 3881 transisse
2695 3840 2783 3881 me
2831 3828 3082 3896 poenitet,
3136 3834 3370 3895 tamque
3422 3833 3633 3882 sterco-

1932 3911 2074 3967 rosis
2106 3911 2363 3981 copbinis
2386 3926 2545 3969 mens
2575 3913 2831 3984 graviter
2858 3913 3043 3970 invita
3073 3913 3417 3970 succumbit.

2006 3997 2110 4053 Sed
2138 3998 2287 4054 inter
2317 3999 2422 4055 has
2461 3999 2830 4070 quotidianas
2877 4001 3250 4072 aegritudines
3292 3999 3633 4070 qualiscun-

1935 4101 2048 4157 que
2103 4088 2537 4144 resurrectionis
2565 4102 2599 4144 a
2631 4088 2794 4158 lapsu
2824 4088 2966 4158 quid
2997 4088 3279 4144 facerem?
3318 4088 3495 4144 Multo
3537 4100 3635 4143 sa-

1935 4174 2069 4230 nius
2108 4189 2298 4231 nonne
2346 4184 2429 4231 est
2476 4176 2535 4232 in
2569 4184 2620 4233 te
2670 4176 2743 4232 ad
2812 4184 3038 4247 tempus
3098 4176 3258 4242 eniti,
3318 4175 3377 4231 in
3432 4183 3483 4231 te
3539 4174 3630 4231 vel

1936 4269 2330 4318 momentauee
2374 4263 2677 4333 respirare,
2731 4277 2906 4333 quam
2969 4277 3205 4334 prorsus
3261 4278 3375 4319 non
3436 4262 3634 4319 memi-

1935 4348 2089 4405 nisse
2118 4350 2350 4405 remedii
2406 4359 2462 4406 et
2515 4350 2585 4406 de
2632 4353 2815 4422 gratia
2869 4352 3214 4422 desperare?
3246 4352 3316 4407 Et
3363 4350 3503 4422 quid
3554 4362 3639 4412 est

1937 4437 2258 4506 desperare,
2293 4437 2403 4492 nisi
2444 4437 2500 4492 in
2530 4439 2717 4494 omnis
2744 4438 2943 4509 flagitii
2998 4439 3367 4494 volutabrum
3416 4452 3536 4492 sese
3564 4448 3638 4492 ex

1937 4524 2347 4580 deliberatione
2401 4524 2717 4595 projicere?
2758 4525 2863 4580 Ubi
2902 4526 3053 4581 enim
3093 4525 3250 4580 carni
3296 4524 3415 4595 jam
3457 4523 3640 4579 nulla-

1936 4618 2106 4666 tenus
2137 4611 2375 4681 spiritus
2403 4611 2741 4678 reluctatur,
2773 4620 2828 4666 et
2861 4610 3097 4666 infelicis
3126 4611 3334 4666 animm
3375 4610 3638 4666 substan-

1936 4697 2016 4752 tia
2073 4697 2434 4767 voluptatum
2509 4697 2808 4768 dispendio
2881 4698 3237 4769 profligatur.
3301 4699 3352 4753 Is
3408 4705 3490 4754 est
3538 4697 3638 4768 qui

1936 4798 2224 4856 aquarum
2258 4793 2590 4855 tempestate
2622 4786 2991 4857 demergitur,
3024 4785 3310 4855 profundo
3351 4785 3635 4852 sorbetur,

1936 4875 2009 4929 ad
2041 4872 2271 4942 reprobi
2306 4874 2609 4930 cumulum
2668 4886 2872 4930 sensus
2917 4887 2979 4927 os
3008 4873 3249 4942 desuper
3300 4870 3453 4942 putei
3506 4885 3639 4942 per-

1938 4970 2203 5034 urgetur.

2010 5050 2159 5104 Dum
2196 5063 2354 5121 ergo,
2404 5051 2556 5106 Deus
2617 5049 2784 5112 bone,
2842 5054 2965 5118 post
3022 5047 3127 5102 has
3186 5045 3475 5102 interioris
3527 5046 3640 5102 mei

1939 5139 2190 5195 hominis
2246 5137 2608 5194 temulentias
2652 5136 2722 5191 ad
2758 5143 2808 5191 te
2856 5134 3141 5204 resipisco,
3196 5135 3285 5189 sin
3332 5133 3476 5188 alias
3510 5147 3637 5204 pro-

1943 5227 2087 5292 ficio,
2139 5226 2338 5282 saltem
2381 5226 2606 5281 interim
2665 5236 3035 5294 nequaquam
3066 5237 3100 5277 a
3152 5222 3260 5277 mei
3319 5221 3642 5292 cognitione

1942 5313 2161 5370 delicio.
2203 5311 2494 5379 Quomodo
2522 5312 2674 5365 enim
2705 5310 2779 5365 ad
2812 5310 2894 5365 tui
2945 5310 3204 5366 notitiam
3245 5308 3638 5376 scintillarem,

1943 5402 1991 5458 si
2042 5401 2112 5457 ad
2173 5413 2263 5456 me
2318 5399 2631 5455 videndum
2688 5398 3057 5454 czecutirem?
3109 5396 3165 5452 Si
3227 5396 3416 5468 plane,
3468 5396 3644 5468 juxta

1941 5487 2266 5555 Jeremiam,
2346 5486 2437 5541 vir
2513 5498 2644 5541 sum
2696 5485 2900 5541 videns
2972 5492 3370 5554 paupertatem
3454 5498 3644 5541 meam
