3902 6082
312 185 416 237 839
1218 178 1284 233 V.

1349 175 1678 232 GUIBERTI
1737 176 2028 232 ABBATIS
2075 179 2128 231 S.
2191 177 2426 233 MARL‘E
2485 177 2574 234 DE

2637 176 3023 235 NOVIGENTO
3717 188 3751 232 Β
3766 185 3828 235 it)

311 312 544 379 (Thren.
600 327 677 377 ιιι,
731 315 804 379 l};
855 323 1210 380 consequens
1275 315 1360 364 est
1409 317 1474 364 ut
1520 305 1587 362 ea
1633 307 1849 378 quibus
1901 308 1999 362 illa
2038 314 2086 369 A
2115 309 2298 365 forma
2340 317 2560 379 quanto
2609 309 2990 379 appetibilior,
3025 311 3071 365 si
3121 319 3322 366 contra
3370 311 3657 367 lenocinia
3713 314 3829 367 du-

309 403 649 472 suppleatur
676 409 913 470 egestas,
964 398 1202 454 solerter
1240 399 1567 468 exquiram.
1603 398 1671 454 Et
1698 412 1728 452 e
1754 398 1998 464 diverso,

309 493 354 547 si
386 507 501 547 non
527 490 704 545 sciero
731 487 867 556 quid
899 487 968 541 sit
992 487 1230 552 bonum,
1264 488 1416 542 unde
1441 487 1658 541 malum
1694 486 1778 540 vel
1817 499 2001 551 nosse,

308 580 518 635 nedum
569 574 855 632 exsecrari
914 575 1157 643 potero?
1217 574 1271 629 Si
1326 575 1816 644 pulchritudinem
1887 589 1997 628 non

308 667 582 730 noverim,
637 677 943 732 nunquam
985 661 1293 718 fmditatem
1353 665 1574 718 horreo.
1620 663 1765 729 Quia
1825 662 2003 732 igitur

305 763 617 820 utrumque
640 754 879 814 constat,
913 758 974 805 ut
1006 763 1107 818 per
1139 751 1242 804 mei
1295 749 1553 805 notitiam
1589 758 1747 805 tuam
1791 756 1998 818 petam,

302 847 356 896 et
385 841 581 895 fruens
639 847 757 903 tua,
835 838 983 893 illico
1033 852 1159 894 mea
1202 853 1319 893 non
1368 852 1614 904 caream,
1666 838 1908 908 dignum
1937 848 2004 888 ac

302 927 675 998 singulariter
730 925 983 981 salutare
1025 934 1108 980 est
1141 933 1201 981 ut
1233 926 1556 981 obscuritas
1587 923 1826 980 rationis
1866 935 2002 976 mete

304 1029 405 1085 per
433 1013 764 1084 hujusmodi
793 1013 1174 1067 confessiones
1199 1013 1402 1067 crebra
1438 1013 1517 1067 tui
1552 1011 1785 1067 luminis
1817 1009 2003 1079 inqui-

303 1103 504 1158 sitione
539 1109 817 1173 tergatur,
845 1115 962 1170 quo
1005 1099 1284 1156 stabiliter
1334 1100 1640 1165 illustrata,
1694 1111 2001 1167 nunquam

302 1191 567 1260 deinceps
592 1204 626 1244 a
652 1204 709 1246 se
740 1189 1050 1245 nesciatur.

981 1275 1210 1331 CAPUT
1266 1274 1334 1329 ll.

374 1364 667 1442 Bene/{cia
694 1362 810 1418 sibi
838 1378 876 1418 a
911 1365 1017 1416 Deo
1047 1362 1264 1415 collata
1292 1364 1573 1416 memorat
1602 1382 1621 1426 ,-
1650 1362 1827 1431 deque
1855 1359 2004 1429 ipsis

295 1455 523 1527 gratias
541 1453 683 1525 agit.
711 1484 773 1491 —
809 1453 901 1506 Est
935 1452 1129 1520 itaque
1168 1452 1416 1520 primum
1442 1450 1697 1506 conﬁteri
1745 1448 1842 1503 tibi
1871 1462 2001 1517 qua}

301 1544 440 1599 mihi
482 1540 792 1598 contuleris
848 1539 1142 1606 beneficia,
1206 1547 1268 1594 ut
1330 1539 1683 1608 perpendant
1739 1539 1839 1608 qui
1881 1539 2000 1592 11ch

2110 398 2313 462 ruerit,
2345 405 2501 452 tanto
2527 396 2870 452 omnimodae
2913 397 3078 454 titulo
3127 397 3316 454 laudis
3364 401 3636 456 evectior.
3693 402 3832 456 Sal-

2112 485 2320 541 lustius
2349 486 2585 554 Crispus
2615 485 2725 539 nisi
2756 485 2932 540 solam
2965 487 3086 540 sine
3115 485 3371 541 moribus
3421 488 3832 556 pulchritudi-

2113 587 2242 629 nem
2295 572 2455 630 laudi
2485 573 2761 639 duxisset,
2813 587 3115 643 nunquam
3148 574 3217 630 de
3267 575 3500 630 Aurelia
3552 575 3836 631 Orestilla

2112 663 2346 718 dixisset
2382 679 2395 718 :
2435 685 2455 711 ι
2492 664 2554 718 In
2591 677 2722 732 qua.
2758 663 2856 729 ait,
2921 671 3123 732 praeter
3156 664 3397 719 formam
3437 665 3513 718 nil
3550 679 3837 734 unquam

2114 750 2299 806 bonus
2345 749 2625 805 laudavit.
2668 771 2688 798 ι
2729 749 2783 804 Si
2846 749 3087 804 formam
3116 749 3260 818 ejus,
3297 764 3474 819 quam
3515 749 3765 819 excipit,
3799 764 3836 804 a

2111 837 2263 892 bono
2296 836 2516 891 laudari
2544 837 2760 903 asserit,
2793 835 2933 906 quia
2964 843 3154 891 tamen
3183 836 3243 891 in
3282 837 3501 892 caeteris
3545 837 3836 892 omnibus

2115 931 2335 992 turpem
2365 923 2519 986 dicit,
2576 937 2773 977 secure
2815 936 2917 991 pro
2965 922 3232 978 Sallustio
3282 922 3488 992 loquor
3548 923 3632 977 sic
3690 937 3832 977 sen-

2110 1013 2267 1079 sisse,
2298 1027 2405 1067 ceu
2435 1013 2666 1078 diceret,
2700 1011 2872 1080 digne
2923 1011 3050 1066 dote
3101 1020 3324 1066 naturae
3364 1025 3396 1065 a
3456 1014 3570 1068 Deo
3615 1026 3832 1082 appro-

2111 1099 2256 1167 bari,
2281 1100 2406 1155 licet
2431 1113 2557 1155 eam
2591 1106 2807 1154 constet
2836 1099 3134 1168 adjectivis
3174 1099 3529 1168 quibuslibet
3562 1100 3829 1169 impuri-

2111 1187 2324 1243 tatibus
2351 1186 2598 1256 impiari.
2650 1185 2947 1242 Laudatur
2970 1186 3180 1256 itaque
3213 1188 3269 1241 in
3315 1187 3468 1242 idolo
3503 1188 3829 1257 cujuslibet

2112 1275 2365 1331 materiei
2402 1274 2660 1344 partibus
2685 1274 2928 1344 propriis
2967 1274 3149 1330 forma
3203 1277 3568 1342 conveniens,
3599 1285 3653 1332 et
3691 1277 3828 1332 licet

2113 1365 2326 1419 idolum
2358 1364 2430 1418 ab
2481 1364 2767 1432 Apostolo,
2813 1371 3096 1432 quantum
3153 1373 3367 1432 spectat
3397 1365 3468 1419 ad
3503 1365 3701 1431 ﬁdem,
3741 1365 3822 1419 nil

2110 1451 2429 1521 appelletur
2487 1452 2537 1519 (I
2566 1452 2698 1504 Cor.
2751 1466 2868 1516 vni,
2903 1450 2979 1518 4),
3025 1466 3128 1505 nec
3160 1451 3459 1520 quidpiam
3514 1453 3827 1523 profanius

2111 1539 2412 1605 habeatur,
2446 1546 2635 1593 tamen
2668 1539 2764 1593 illa
2802 1540 3189 1595 membrorum
3221 1550 3355 1611 apta
3384 1542 3643 1598 diductio
3704 1558 3821 1597 non

301 1629 506 1685 lecturi
541 1628 654 1683 sint
702 1626 903 1681 famuli
938 1627 1040 1692 tui,
1077 1627 1244 1693 Deus,
1295 1641 1468 1695 quam
1518 1627 1589 1681 sit
1618 1624 1867 1680 crudelis
1912 1624 1997 1678 in-
2039 1609 2083 1664 Β
2114 1627 2215 1682 abs
2238 1641 2296 1682 re
2320 1626 2612 1682 laudatur.

303 1721 593 1790 gratitudo
627 1734 771 1775 mea.
809 1720 862 1775 Si
893 1721 1043 1774 enim
1075 1733 1189 1773 non
1235 1719 1348 1773 alia
1390 1733 1566 1789 quam
1599 1733 1729 1787 quae
1786 1717 2003 1772 caeteris

304 1810 619 1880 impartiris
668 1807 999 1863 hominibus
1050 1807 1189 1862 mihi
1249 1807 1607 1876 praebuisses,
1672 1817 1862 1858 nonne
1935 1817 2002 1858 ea

303 1913 434 1968 quae
465 1898 669 1953 mereri
719 1905 1017 1966 potueram
1051 1894 1531 1950 transcendisses?
1562 1890 1843 1949 Addidisti
1869 1891 2002 1961 plu-

303 1985 452 2039 rima
482 2000 612 2054 quae
663 1998 736 2039 ex
785 1991 884 2039 tuo
939 1983 1322 2052 przedicabilia
1368 1989 1521 2048 sunt,
1566 1981 1644 2035 nil
1703 1987 1898 2034 autem
1929 1993 2001 2032 ex

303 2089 449 2141 meo,
477 2081 531 2128 et
571 2073 684 2128 alia
721 2072 937 2142 quibus
973 2071 1459 2140 supersedendum
1510 2084 1729 2126 censeo.
1765 2068 1819 2125 Si
1847 2069 2000 2124 enim

304 2177 506 2233 genus,
542 2176 674 2230 opes
706 2169 760 2216 et
790 2160 994 2226 forma,
1032 2164 1095 2215 ut
1121 2168 1325 2216 caetera
1354 2160 1402 2215 si
1440 2174 1558 2230 qua
1595 2167 1729 2215 sunt
1761 2167 2000 2221 taceam,

305 2261 376 2319 te,
409 2253 666 2318 Domine,
705 2257 938 2306 auctore
967 2251 1200 2316 dantur,
1244 2250 1406 2306 nulla
1435 2250 1590 2318 apud
1623 2249 1801 2304 bonos
1834 2248 2004 2304 laude

304 2342 590 2406 feruntur,
625 2340 731 2394 nisi
765 2353 918 2405 cum,
948 2338 1020 2394 ab
1053 2338 1140 2392 his
1165 2339 1379 2408 quibus
1409 2353 1442 2393 a
1473 2346 1524 2394 te
1555 2338 1685 2393 data
1718 2345 1872 2404 sunt,
1894 2337 2002 2392 sub

306 2428 506 2498 regula
546 2425 857 2482 honestatis
888 2432 1178 2491 arcentur,
1232 2433 1333 2480 aut
1372 2440 1610 2494 prorsus
1665 2424 2001 2494 contempti-

305 2516 443 2572 bilia
475 2530 576 2585 pro
598 2530 716 2570 suae
749 2513 884 2569 vitio
904 2514 1301 2569 mutabilitatis
1337 2513 1641 2568 habentur.
1671 2513 1814 2579 Quid
1848 2514 2002 2568 enim

304 2605 375 2658 ad
400 2618 486 2659 me
516 2603 584 2658 de
615 2603 704 2657 his
734 2615 864 2671 quae
893 2601 1039 2655 solas
1067 2601 1186 2655 suis
1219 2601 1506 2656 coloribus
1548 2607 1721 2670 atque
1747 2599 2003 2655 nomini-

303 2693 414 2747 bus
441 2704 644 2745 causas
699 2688 945 2744 lasciviaa
997 2688 1396 2757 superbizeque
1455 2689 1828 2753 ministrant;
1872 2704 2002 2758 quze

307 2781 388 2834 sic
418 2778 606 2833 media
636 2785 791 2843 sunt,
839 2785 904 2832 ut
959 2791 1059 2846 pro
1091 2776 1369 2832 mentium
1401 2777 1605 2832 habitu
1644 2776 2000 2832 circumferri

307 2867 377 2922 ad
421 2868 633 2922 bonum
668 2865 1000 2934 malumque
1032 2871 1274 2933 queant;
1309 2879 1439 2934 quae
1470 2872 1627 2918 tanto
1668 2871 1803 2919 sunt
1842 2864 1999 2918 ﬂexi-

309 2954 508 3010 bilitati
542 2952 733 3008 addita
763 2957 982 3020 quanto
1013 2963 1115 3018 pro
1145 2949 1235 3004 sui
1267 2949 1661 3005 transibilitate
1705 2951 2007 3020 suspecta?

310 3044 490 3111 Super
542 3040 757 3110 quibus
801 3038 846 3093 si
889 3037 1002 3092 alia
1033 3038 1179 3092 ratio
1211 3053 1322 3092 non
1357 3045 1700 3104 occurreret,
1739 3037 1836 3092 illa
1871 3037 2007 3093 satis

309 3137 471 3196 esset,
508 3127 661 3198 quod
716 3140 904 3196 neque
947 3139 1130 3195 genus
1168 3139 1357 3195 neque
1389 3124 1628 3194 speciem
1685 3125 1817 3194 quis
1841 3138 2007 3179 suam

308 3214 644 3280 elaboravit,
677 3221 731 3269 et
765 3214 820 3268 in
867 3213 952 3268 his
1003 3212 1324 3282 specialiter
1357 3227 1469 3267 non
1503 3212 1672 3268 habet
1705 3213 1856 3282 quod
1890 3226 2008 3268 non

311 3304 608 3373 acceperit.

381 3392 526 3446 Sunt
555 3390 668 3444 alia
722 3387 989 3458 quaadam
1049 3387 1264 3458 quibus
1316 3387 1700 3457 adipiscendis
1753 3389 2010 3443 humana

311 3477 623 3547 aliquando
654 3474 844 3530 studia
883 3474 1173 3544 cooperari
1231 3483 1492 3545 possunt,
1554 3474 1636 3530 uti
1667 3483 1802 3531 sunt
1853 3491 2005 3546 opes,

312 3567 394 3621 uti
423 3563 675 3635 ingenia,
718 3569 855 3618 teste
883 3563 1184 3618 Salomone
1226 3576 1237 3615 :
1287 3584 1306 3609 ι
1342 3562 1600 3628 Ferrum,
1635 3561 1844 3632 inquit,
1877 3578 2009 3618 cum

309 3661 568 3710 retusum
625 3650 814 3714 fuerit,
874 3649 1055 3705 multo
1119 3649 1310 3704 labore
1359 3657 1676 3705 exacuetur
1721 3651 1905 3721 (Eccl.
1952 3666 2006 3718 χ,

314 3745 418 3808 10).
467 3765 486 3788 υ
519 3739 678 3806 Quod
711 3746 892 3794 totum
941 3745 994 3792 et
1039 3738 1224 3807 ipsum
1274 3737 1445 3792 etiam
1497 3751 1567 3792 ex
1629 3737 1781 3793 facili
1834 3752 2013 3794 asser-

309 3830 462 3886 tione
491 3834 771 3892 cassatur,
801 3826 939 3896 quia
961 3826 1070 3880 nisi
1112 3825 1389 3880 rationem
1419 3824 1543 3892 lux,
1575 3840 1705 3894 quae
1725 3827 2013 3882 illuminat

309 3917 557 3973 ominem
578 3915 864 3969 hominem
881 3914 939 3966 in
954 3913 1110 3967 hunc
1124 3912 1406 3967 mundum
1427 3913 1741 3968 venientem
1759 3913 1956 3983 (Joan.
1973 3931 2009 3981 ι,

312 4007 366 4072 9)
403 4003 644 4068 imbuat,
678 4007 733 4055 et
796 3999 943 4056 fores
996 3999 1389 4056 doctrinarum
1449 3999 1708 4056 Christus
1761 4001 2011 4057 scientiae

311 4089 490 4144 clavis
537 4087 776 4157 aperiat,
832 4085 975 4142 nulli
1028 4086 1272 4142 dubium
1313 4088 1465 4157 quod
1516 4089 1702 4143 omnis
1741 4089 2012 4159 magister

2181 1715 2559 1770 Pulchritudo
2607 1714 2950 1769 extollendo.
2983 1744 3055 1756 —
3091 1716 3160 1772 Et
3211 1724 3361 1772 certe
3398 1718 3674 1786 quamvis
3708 1732 3822 1772 mo-

2113 1809 2410 1857 mentanea
2473 1802 2841 1872 pulchritudo
2898 1803 2970 1858 sit
3025 1804 3381 1874 sanguinum
3439 1805 3820 1861 instabilitate

2110 1890 2409 1957 vertihilis,
2435 1891 2752 1946 secundum
2786 1898 3123 1947 consuetum
3158 1893 3479 1963 imaginarii
3520 1894 3657 1949 boni
3695 1909 3821 1949 mn-

2109 1978 2268 2045 dum,
2332 1979 2482 2033 bona
2535 1979 2731 2049 negari
2785 1994 2899 2034 non
2956 1986 3152 2049 potest.
3207 1979 3259 2034 Si
3309 1979 3460 2035 enim
3527 1981 3820 2050 quidquid

2110 2067 2460 2122 aeternaliter
2480 2081 2513 2122 a
2541 2067 2656 2122 Deo
2685 2067 3010 2122 institutum
3043 2074 3146 2134 est,
3175 2067 3483 2136 pulchrum
3513 2076 3620 2134 est,
3648 2083 3822 2124 omne

2110 2154 2253 2210 illud
2286 2157 2440 2226 quod
2473 2156 2866 2226 temporaliter
2891 2156 3210 2225 speciosum
3251 2163 3353 2223 est,
3383 2163 3616 2212 aeternae
3665 2158 3824 2212 illius

2112 2244 2313 2312 speciei
2368 2244 2536 2314 quasi
2590 2244 2889 2314 speculum
2933 2251 3081 2300 est.«
3145 2243 3460 2300 lnvisibilia
3507 2245 3665 2300 enim
3729 2247 3822 2301 Dei

2111 2345 2214 2399 per
2241 2345 2308 2386 ea
2338 2346 2469 2401 quae
2499 2331 2648 2386 facta
2678 2338 2832 2398 sunt,
2873 2331 3152 2388 intellecta
3183 2332 3643 2402 conspiciuntur,
3690 2357 3710 2379 -
3749 2335 3825 2389 ait

2110 2420 2412 2488 Apostolus
2472 2419 2660 2489 (Rom.
2713 2435 2750 2486 ι,
2797 2420 2907 2488 20).
2970 2419 3170 2490 Angeli
3225 2434 3456 2489 quoque
3515 2420 3824 2478 hominum

2111 2504 2512 2574 conspectibus
2542 2511 2690 2560 458
2724 2520 2783 2561 se
2819 2506 3158 2576 praebentes,
3199 2506 3399 2562 vultus
3425 2521 3654 2576 semper
3679 2517 3828 2564 attu-

2108 2596 2224 2652 lere
2253 2594 2612 2650 clarissimos.
2669 2595 2826 2651 Unde
2861 2609 3009 2651 uxor
3040 2595 3247 2652 Manue
3278 2611 3289 2649 ξ
3328 2618 3347 2644 ι
3380 2596 3568 2664 Venit,
3609 2598 3824 2668 inquit,

2107 2683 2199 2738 vir
2230 2683 2328 2738 Dei
2353 2684 2424 2737 ad
2460 2698 2547 2738 me
2572 2683 2897 2753 angelicum
2941 2683 3156 2738 habens
3195 2683 3421 2739 vultum
3486 2683 3648 2753 (Jud.
3703 2700 3826 2750 xm,

2109 2772 2186 2838 6).
2227 2790 2247 2816 ι
2285 2770 2422 2825 Inde
2466 2785 2496 2825 e
2522 2771 2746 2826 diverso
2776 2771 3082 2838 datmones,
3119 2771 3430 2842 qui.juxta
3463 2773 3633 2840 primi
3671 2773 3824 2828 Petri

2115 2871 2332 2924 vocem,
2372 2879 2391 2904 ι
2430 2858 2538 2913 sub
2569 2857 2814 2928 caligine
2844 2859 2913 2912 ad
2967 2859 3114 2914 diem
3151 2861 3346 2930 magni
3391 2859 3600 2929 judicii
3633 2875 3829 2917 reser-

2063 2940 2085 2958 ⁴
2117 2953 2332 3001 vantur
2366 2947 2461 3016 (II
2493 2947 2646 2999 Petr.
2703 2961 2760 3007 ιι,
2803 2950 2905 3016 t7;
2950 2946 3090 3001 Jud.
3150 2948 3257 3017 l2),
3293 2969 3313 2996 ι
3348 2947 3611 3004 vultibus
3641 2950 3828 3005 solent

2116 3047 2392 3104 apparere
2424 3034 2748 3098 teterrimis,
2785 3049 2898 3089 non
2928 3050 3060 3091 cum
3098 3050 3156 3091 se
3205 3035 3484 3092 fallaciter
3515 3037 3828 3108 transﬁgu-

2117 3129 2248 3178 rant
2275 3122 2329 3176 in
2363 3121 2598 3192 angelos
2629 3121 2773 3177 lucis
2809 3123 2898 3186 (II
2925 3124 3056 3177 Cor.
3099 3139 3182 3190 xi,
3223 3124 3325 3194 14),
3366 3146 3392 3173 ››
3429 3140 3532 3181 nec
3567 3126 3624 3180 id
3656 3127 3827 3196 plane

2116 3209 2351 3280 injuria,
2387 3218 2578 3279 utpote
2617 3209 2719 3280 qui
2779 3211 3101 3267 concivium
3149 3212 3430 3268 nobilium
3471 3214 3767 3270 descivere
3794 3229 3824 3268 ει

2119 3299 2322 3368 gloria.

2189 3387 2275 3442 Ad
2309 3388 2414 3443 hoc
2459 3387 2633 3442 etiam
2678 3395 2871 3442 nostra
2900 3388 3207 3444 electorum
3270 3391 3526 3460 corporis
3572 3391 3821 3448 claritati

2117 3473 2326 3531 Christi
2359 3475 2780 3545 conliguranda
2814 3476 3286 3548 dicuntur(Phil.
3319 3494 3398 3546 ιιι,
3430 3478 3541 3548 2t),
3578 3490 3641 3536 ut
3679 3481 3825 3536 readi-

2119 3570 2224 3630 tas,
2259 3578 2391 3633 quae
2418 3577 2556 3618 casu
2588 3578 2690 3618 seu
2736 3564 2986 3620 naturali
3019 3567 3386 3636 corruptione
3433 3569 3821 3636 contrahitur,

2120 3651 2190 3706 ad
2226 3651 2484 3722 regulam
2528 3651 2924 3722 transfigurati
2958 3653 3014 3707 in
3050 3663 3240 3710 monte
3269 3655 3367 3710 Dei
3416 3656 3541 3711 Filii
3575 3657 3826 3728 corrigi—

2118 3746 2233 3795 tur.
2279 3740 2330 3795 Si
2384 3739 2561 3809 igitur
2619 3741 2844 3796 interna
2882 3742 3231 3810 exemplaria
3281 3743 3522 3812 pulchra
3578 3752 3634 3799 et
3673 3745 3828 3799 bona

2119 3836 2273 3895 sunt,
2307 3828 2645 3898 quicunque
2669 3830 3030 3899 praetendunt
3055 3831 3388 3901 imaginem,
3416 3831 3668 3887 maxime
3691 3849 3827 3889 cum

2120 3916 2191 3971 ab
2221 3931 2422 3971 eorum
2453 3917 2652 3972 ordine
2682 3932 2794 3972 non
2826 3917 3172 3988 discrepant,
3207 3920 3358 3975 unde
3386 3920 3649 3988 pulchra,
3697 3922 3829 3976 inde

2119 4010 2175 4058 et
2206 4003 2354 4058 bona
2393 4011 2544 4058 sunt.
2580 4003 2794 4074 Nempe
2823 4012 2877 4060 et
2907 4006 3024 4075 ipse
3058 4006 3116 4060 Β.
3163 4007 3526 4077 Augustinus
3554 4008 3612 4062 in
3657 4007 3825 4076 libro,

2120 4091 2176 4146 ni
2210 4091 2395 4158 fallor,
2431 4092 2508 4148 De
2563 4093 2826 4148 doctrina
2873 4094 3197 4150 Christiana
3251 4095 3461 4150 dixisse
3503 4097 3824 4153 recolitur:

312 4178 550 4233 auribus
609 4174 826 4231 stolidis
864 4188 1081 4230 vanum
1142 4184 1430 4232 certamen
1486 4176 1796 4246 impendat.
1853 4178 2007 4249 Ergo
2045 4193 2090 4247 ι)
2130 4177 2345 4244 «Quod
2393 4180 2438 4232 is
2491 4179 2594 4248 qui
2627 4180 2936 4248 pulchrum
2995 4181 3168 4237 habet
3215 4196 3424 4252 corpus
3481 4191 3534 4238 et
3595 4192 3826 4254 turpem

311 4265 564 4335 prudens
608 4263 854 4334 quisque
927 4263 1248 4334 quidquam
1304 4264 1410 4319 sibi
1449 4273 1655 4334 praeter
1715 4274 2010 4334 peccatum

313 4367 584 4425 arrogare
615 4351 876 4422 desipiat.

385 4445 638 4504 Guiberti
657 4447 842 4498 mater
860 4443 1103 4514 pulchra
1132 4445 1188 4498 et
1210 4442 1517 4499 virtutibus
1543 4447 1752 4499 ornata
1797 4475 1867 4486 —
1905 4446 2012 4502 Sed

316 4537 403 4593 his
432 4535 672 4603 omissis,
727 4547 844 4589 rem
881 4542 1123 4602 emptam
1183 4541 1526 4602 repetamus.
1588 4534 1878 4602 Dixeram,
1924 4535 2011 4604 pie

312 4633 366 4682 et
393 4631 606 4692 sancte,
658 4622 814 4692 quod
875 4622 945 4678 de
1001 4622 1115 4676 tuis
1166 4621 1263 4676 tibi
1320 4621 1608 4678 beneficiis
1658 4623 2007 4694 gratularer.

313 4714 570 4769 Primum
641 4711 1120 4781 potissimumque
1167 4710 1361 4778 itaque
1418 4712 1634 4780 gratias
1689 4724 1797 4780 ago
1856 4711 2012 4779 quod
2083 4757 2086 4760 .

315 4801 642 4872 pulchram,
703 4798 801 4853 sed
860 4805 1096 4864 castam,
1158 4796 1469 4873 modestam
1543 4797 1683 4852 mihi
1745 4807 2006 4867 matrem,

317 4887 922 4954 timoratissimamque
990 4882 1318 4938 contuleris.
1391 4883 1697 4938 Pulchram
1761 4885 2011 4953 profecto

314 4977 454 5032 satis
507 4973 860 5030 saeculariter
914 4984 980 5026 ac
1015 4972 1199 5039 inepte
1252 4969 1622 5038 protuleram,
1659 4972 1783 5026 misi
1844 4981 2011 5028 certae

316 5063 416 5139 [f.,
466 5059 634 5132 certe]
698 5059 972 5116 castitatis
1005 5057 1366 5113 severissima
1396 5056 1579 5113 fronte
1636 5059 1743 5113 hoc
1800 5074 2008 5116 nomen

318 5155 488 5207 inane
537 5150 873 5205 firmassem.
919 5145 1074 5202 Sicut
1104 5159 1241 5202 sane
1289 5145 1348 5200 in
1389 5145 1622 5200 omnino
1662 5148 2014 5217 pauperibus

311 5237 535 5308 jejunia
593 5236 866 5291 videntur
912 5234 1223 5301 extortitia,
1281 5233 1495 5303 quibus
1540 5249 1654 5289 non
1697 5243 2014 5304 suppetunt

317 5323 578 5379 ciborum
610 5321 906 5393 suffragia,
929 5330 984 5378 et
1017 5323 1137 5377 ideo
1177 5323 1368 5378 minus
1399 5321 1739 5392 laudabilia;
1780 5321 2014 5393 frugali-

321 5419 405 5467 tas
429 5415 619 5464 autem
648 5410 892 5467 divitum
941 5425 1044 5480 pro
1092 5425 1198 5467 sua
1229 5410 1400 5467 habet
1444 5411 1607 5480 copia
1636 5410 1900 5480 pretium,
1934 5413 2014 5468 sic

2119 4265 2393 4333 animam,
2418 4267 2600 4337 magis
2633 4267 2921 4338 lugendus
2950 4277 3033 4325 est
3064 4284 3237 4340 quam
3261 4272 3307 4325 si
3342 4271 3556 4327 foedum
3591 4273 3826 4329 haberet

2119 4361 2176 4409 et
2230 4367 2454 4422 corpus.
2505 4375 2524 4402 ι
2575 4354 2631 4409 Si
2679 4369 2814 4426 ergo
2853 4357 3066 4426 species
3116 4359 3249 4429 jure
3308 4359 3512 4416 vitiosa
3567 4361 3821 4432 lugetur,

2120 4439 2370 4510 profecto
2403 4441 2635 4496 indubie
2663 4441 2811 4497 bona
2841 4457 2930 4498 res
2958 4452 3060 4512 est,
3090 4460 3220 4515 quae
3245 4447 3544 4516 pravitatis
3575 4448 3825 4519 alicujus

2121 4528 2480 4583 ammistione
2517 4531 2934 4600 corrumpitur,
2980 4541 3080 4588 aut
3111 4541 3302 4590 tenore
3355 4535 3672 4592 honestatis
3722 4550 3823 4592 au-

2121 4623 2308 4686 getur.

2191 4706 2368 4758 Gesta
2395 4703 2604 4760 matris
2621 4705 2888 4762 laudibus
2904 4709 3291 4781 prosequitur.
3309 4743 3374 4751 —
3391 4713 3622 4769 Gratias
3647 4715 3823 4782 igitur

2121 4793 2246 4860 tibi,
2280 4794 2451 4861 Deus,
2483 4795 2584 4864 qui
2638 4796 3080 4864 praestillaveras
3104 4800 3292 4856 decori
3319 4801 3448 4872 ejus
3505 4803 3777 4860 virtutem
3806 4823 3817 4869 ;

2121 4878 2276 4934 illius
2325 4881 2478 4935 enim
2560 4881 2917 4938 habitudinis
2991 4886 3248 4955 gravitas
3318 4887 3494 4943 totius
3551 4891 3820 4946 vanitatis

2124 4975 2340 5038 poterat
2389 4969 2685 5026 insinuare
2743 4980 3154 5042 contemptum,
3207 4976 3508 5032 oculorum
3572 4994 3817 5049 namque

2122 5067 2367 5136 pondus,
2403 5067 2612 5122 raritas
2639 5068 2946 5138 eloquendi
2986 5084 3053 5126 ac
3083 5071 3242 5128 faciei
3273 5081 3538 5129 motuum
3573 5075 3817 5131 difticul-

2122 5162 2227 5221 tas,
2283 5153 2514 5210 minime
2563 5155 2892 5213 levitatibus
2935 5157 3279 5215 intuentium
3329 5161 3707 5220 obseeundat.
3739 5165 3819 5219 Tu

2123 5240 2251 5307 scis,
2285 5240 2672 5312 Omnipotens,
2711 5252 2987 5314 tanquam
3022 5246 3292 5314 primaevo
3323 5248 3504 5318 ipsius
3531 5249 3616 5304 tui
3651 5251 3820 5305 nomi-

2123 5327 2210 5382 nis
2241 5328 2487 5383 indidisti
2519 5339 2758 5398 metum,
2799 5340 3078 5402 tanquam
3109 5335 3386 5392 adversus
3416 5337 3615 5392 omnia
3669 5337 3818 5393 leno-

2124 5414 2273 5470 cinia
2303 5415 2482 5471 animi
2501 5418 2891 5476 rebellionem.
2920 5421 3233 5493 Notaquod
3265 5423 3367 5479 vix
3394 5424 3503 5480 aut
3528 5441 3816 5496 nusquam
