3902 6082
106 327 208 380 8H
1232 331 1322 386 DE
1359 332 1517 388 VITA
1553 334 1685 390 SUA
1727 335 1909 392 LIBRI
1950 339 2158 395 TRES.
2192 371 2258 380 —-
2281 342 2409 396 LIB.
2452 343 2495 398 Ι.
3508 359 3615 412 842

109 459 264 513 inter
288 471 512 527 magum
557 459 924 528 professionis
973 461 1213 519 feminas
1263 466 1568 534 reperitur,
1615 481 1807 538 quan-
1846 471 1892 521 A
1921 479 2166 541 negatur
2239 473 2450 541 exitus,
2528 477 2940 547 compassionis
3021 482 3290 538 omnibus
3375 489 3612 545 materia

105 555 234 601 tum
267 548 421 615 apud
447 562 506 601 se
539 556 636 602 tuo
672 549 824 603 dono
855 550 1172 616 continens,
1207 559 1429 608 tantum
1457 555 1809 612 incontinen-

108 635 268 689 tibus
315 633 422 690 fuit
479 649 650 704 parca
683 637 1002 693 detrahere.
1047 641 1117 695 Et
1164 656 1294 696 cum
1328 643 1400 696 ab
1447 645 1659 700 exteris
1705 654 1807 702 aut

105 724 434 779 domesticis
487 725 789 795 aliquoties
836 726 1170 797 hujusmodi
1232 729 1429 786 fabula
1483 740 1801 803 notaretur,

107 814 234 881 ipsa
264 813 466 882 averti,
501 813 622 883 ipsa
669 814 960 882 absistere,
1001 825 1056 874 et
1088 817 1183 873 tali
1226 818 1307 874 sic
1358 822 1620 876 susurrio
1669 822 1804 878 irri--

103 901 240 967 tari,
292 914 359 958 ac
409 901 456 956 si
505 916 612 958 sua
660 902 840 972 ipsius
898 918 1140 973 persona
1196 907 1411 976 pariter
1452 919 1800 979 carperetur.

102 987 299 1044 Verax
330 989 498 1057 Deus,
557 997 620 1046 tu
681 991 825 1046 nosti
885 993 1037 1061 quod
1065 1007 1180 1048 non
1241 1009 1330 1051 me
1379 997 1528 1067 cogit
1579 997 1650 1053 ad
1685 999 1804 1055 haec

102 1076 404 1132 referenda
461 1078 741 1148 privatus,
785 1087 982 1150 utpote
1037 1082 1238 1137 matris
1287 1097 1468 1152 amor,
1528 1086 1625 1141 sed
1682 1102 1799 1143 rem

101 1165 305 1220 haberi
337 1166 646 1236 plusquam
665 1181 920 1223 meorum
936 1169 1242 1226 verborum
1274 1171 1577 1228 efficientia
1606 1175 1799 1244 possit:

99 1261 256 1309 certe
285 1268 417 1310 cum
457 1263 689 1311 caeteros
727 1257 951 1326 generis
980 1259 1086 1313 mei
1139 1267 1240 1315 aut
1291 1261 1567 1318 animales
1620 1271 1674 1319 et
1702 1264 1798 1319 Dei

102 1342 356 1412 ignaros,
390 1351 491 1397 aut
541 1342 744 1398 efferes
777 1345 954 1399 armis
991 1352 1046 1400 et
1072 1347 1315 1403 caedium
1356 1363 1500 1416 reos,
1548 1351 1795 1407 multum

100 1445 244 1486 vero
269 1446 366 1486 eos
417 1432 536 1486 fieri
577 1445 611 1486 a
644 1440 714 1498 te,
749 1433 856 1487 nisi
889 1435 1204 1504 granditer,
1239 1445 1302 1493 ut
1331 1439 1561 1504 assoles,
1597 1454 1796 1496 eorum

99 1518 447 1585 miserearis,
501 1527 777 1576 extorres.
839 1521 941 1576 Sed
998 1523 1066 1578 de
1097 1525 1214 1578 vita
1242 1525 1369 1594 ejus
1423 1530 1799 1596 opportunior

97 1607 341 1662 forsitan
375 1609 430 1662 in
461 1609 565 1663 hoc
591 1623 758 1678 opere
805 1625 923 1666 sese
955 1611 1112 1666 locus
1167 1614 1538 1684 aperiet,jam
1570 1618 1798 1671 acceda-

95 1708 234 1749 mus
262 1696 332 1750 ad
363 1704 574 1752 nostra.

765 1787 986 1843 CAPUT
1037 1791 1127 1844 ΙΙΙ.

171 1873 260 1927 Ex
318 1873 444 1938 hac,
505 1873 766 1943 inquam,
824 1876 902 1930 uti
959 1879 1128 1932 credo
1182 1886 1235 1934 et
1265 1893 1445 1948 spero,
1503 1882 1798 1939 verissima

91 1961 240 2015 mihi
300 1961 560 2016 omnium
622 1977 766 2032 quos
798 1965 998 2034 genuit
1035 1966 1176 2035 ipsa,
1211 1967 1514 2023 deterrimo
1546 1970 1794 2026 tribuisti

90 2048 276 2104 nasci.
310 2049 499 2105 Proles
528 2050 654 2119 ejus
683 2050 946 2107 bifariam
993 2061 1276 2122 postrema
1308 2055 1412 2120 fui,
1465 2057 1795 2114 decedenti-

92 2137 208 2192 bus
231 2138 385 2192 enim
412 2139 521 2194 sub
551 2153 648 2208 spe
679 2139 913 2194 meliore
961 2143 1266 2210 germanis,
1299 2157 1406 2213 ego
1453 2146 1571 2200 vita
1603 2147 1794 2202 omni-

94 2225 283 2281 modis
340 2227 732 2295 desperatione
786 2242 1107 2296 supersum.
1145 2232 1208 2285 Iu
1270 2231 1359 2287 his
1420 2233 1610 2289 adhuc
1654 2234 1794 2288 mihi

92 2313 293 2384 agenti
343 2315 526 2374 malis,
587 2324 648 2370 ut
697 2315 823 2384 ejus
873 2319 1090 2383 merito,
1141 2326 1263 2388 post
1305 2323 1496 2376 Jesum
1555 2331 1610 2376 et
1660 2323 1794 2378 Jesu

92 2409 339 2457 matrem
389 2411 733 2472 sanctosque
759 2404 904 2474 ejus,
963 2420 1088 2474 spes
1137 2407 1472 2464 salvationis
1524 2410 1795 2466 universa

92 2491 329 2546 resedit.
371 2491 494 2546 Scio
521 2506 744 2561 nempe,
777 2508 881 2548 nec
911 2494 1232 2550 discredere
1263 2496 1344 2552 fas
1381 2506 1483 2559 est,
1537 2506 1600 2554 ut
1648 2499 1795 2554 sicut

92 2578 257 2633 mein
273 2579 483 2634 saeculo
500 2580 681 2649 posita
709 2581 942 2637 charius
965 2582 1187 2649 habuit,
1204 2584 1418 2641 clarius
1432 2585 1607 2642 coluit
1634 2588 1795 2657 (erga

91 2669 246 2722 enim
279 2675 534 2724 extreme
555 2676 719 2724 natos
743 2678 954 2725 matres
983 2670 1349 2728 affectuosius
1375 2675 1578 2745 agunt)
1610 2677 1794 2746 magis

93 2756 212 2810 Deo
266 2769 515 2824 priesens
570 2772 685 2813 non
735 2758 992 2829 negligit.
1051 2760 1206 2830 Ignis
1255 2761 1422 2830 plane
1465 2763 1558 2832 ΗΖ,
1603 2764 1787 2836 plena]

95 2844 195 2899 Dei
246 2857 315 2898 ea
362 2858 396 2899 a
429 2846 734 2915 juventute
788 2846 972 2902 fuerat
1030 2848 1086 2902 in
1145 2848 1297 2916 Sion,
1356 2865 1488 2906 cum
1540 2867 1610 2907 ne
1657 2853 1794 2908 dor-

91 2933 331 2988 miendo
383 2933 638 3003 quidem,
694 2935 906 2990 nedum
939 2935 1252 3005 vigilando,
1304 2937 1625 2995 sollicitudo
1684 2941 1792 2998 mei

1916 557 2206 614 afferebat.
2239 561 2365 615 Dies
2397 572 2518 618 erat
2544 580 2676 633 quo,
2735 575 2940 635 praeter
2978 569 3246 638 solemne,
3301 576 3454 643 quod
3487 577 3612 631 sin-

1916 645 2196 716 gulariter
2251 657 2330 704 et‘
2360 664 2464 706 suo
2521 659 2771 722 tempore
2824 656 3148 714 celebratur
3176 660 3448 726 officium,
3480 680 3612 734 quae

1917 748 2015 802 pro
2057 733 2442 793 familiaribus
2504 740 2726 796 actitari
2778 743 2961 799 solent
3000 745 3189 802 officia
3219 763 3333 804 non
3375 733 3606 810 fiebant.

1915 822 2095 892 Igitur
2149 839 2220 880 ex
2299 827 2630 883 necessitate
2691 830 3013 900 censilium,
3077 841 3131 890 et
3184 836 3256 891 ad
3320 839 3609 895 Domincae

1913 909 2108 965 Matris
2151 911 2330 968 altare
2384 915 2774 982 concurritur,
2823 925 2878 973 et
2931 917 3004 974 ad
3024 933 3151 976 eam
3181 936 3311 992 qua:
3341 924 3461 980 sola
3490 927 3610 982 sive

1910 998 2082 1055 etiam
2137 1001 2314 1073 Virgo
2369 1017 2593 1074 semper
2650 1004 2846 1062 futura
2899 1019 3212 1078 pepererat,
3275 1013 3607 1084 bujusmodi

1910 1095 2044 1143 vota
2097 1097 2447 1158 promuntur
2495 1104 2562 1146 ac
2616 1092 2922 1149 oblationis
2974 1096 3096 1152 vice
3129 1097 3184 1154 id
3220 1101 3478 1158 muneris
3499 1103 3607 1172 βίω

1909 1175 2163 1232 Dominze
2197 1190 2310 1232 arae
2347 1178 2682 1248 imponitur,
2712 1181 2864 1250 quod
2905 1182 3168 1240 videlicet
3194 1186 3242 1242 si
3269 1197 3467 1256 partus
3515 1190 3606 1245 ille

1909 1265 2163 1320 cessisset
2195 1265 2249 1319 in
2278 1266 2620 1332 masculum,
2673 1269 2785 1324 Deo
2809 1277 2864 1325 et
2905 1270 3014 1326 sibi
3057 1272 3440 1332 obsecuturus
3486 1277 3606 1332 cle-

1909 1351 2113 1406 ricatui
2146 1355 2468 1410 traderetur
2499 1371 2512 1409 :
2545 1357 2632 1411 sin
2674 1357 2937 1426 deterior,
2969 1361 3304 1429 professioni
3333 1379 3604 1435 congrua

1909 1439 2302 1496 mandaretur.
2346 1448 2496 1498 459
2546 1445 2662 1500 Nec
2705 1461 2866 1501 mora
2902 1448 3310 1518 languidulum
3363 1453 3600 1522 quidam

1909 1527 2090 1582 instar
2145 1529 2509 1586 aborritionis
2572 1533 2713 1604 [lege
2760 1534 3095 1605 abortiouis]
3153 1537 3489 1602 effunditur,
3549 1549 3603 1596 et

1908 1615 2061 1683 quod
2117 1615 2309 1671 fusum
2348 1627 2470 1673 erat
2516 1621 2585 1674 ad
2639 1629 2882 1691 tempus,
2920 1631 2983 1678 ut
3013 1637 3117 1692 par
3155 1633 3276 1680 erat
3331 1627 3602 1696 abjectis-

1907 1703 2069 1767 simo,
2127 1704 2196 1758 de
2243 1705 2504 1761 absoluta
2565 1709 2750 1763 solum
2829 1718 3011 1766 matre
3078 1713 3384 1781 gaudetur.
3466 1716 3604 1771 Erat

1908 1790 2060 1846 illius
2116 1791 2451 1849 homunculi
2489 1810 2682 1851 recens
2729 1798 2862 1852 editi
2888 1799 3028 1854 adeo
3067 1801 3395 1857 miseranda
3431 1804 3600 1858 exili-

1907 1886 2009 1946 tas,
2046 1888 2109 1935 ut
2139 1882 2470 1938 cadaveruli
2515 1886 2979 1954 extemporaliter
3031 1888 3148 1944 nati
3179 1891 3395 1958 species
3433 1900 3604 1960 puta-

1904 1975 2103 2037 retur;
2138 1969 2194 2024 in
2229 1977 2474 2039 tantum,
2509 1980 2572 2028 ut
2600 1973 2802 2028 lduato
2831 1974 3007 2030 ferme
3034 1975 3235 2044 Aprili,
3267 1977 3451 2047 junci,
3495 1981 3597 2050 qui

1905 2055 1963 2110 iu
2027 2070 2094 2111 ea
2152 2059 2423 2114 oriuntur
2447 2060 2678 2130 regione
2701 2069 3020 2130 pertenues,
3057 2063 3317 2134 digitulis
3343 2079 3594 2135 appone-

1903 2152 2126 2214 rentur,
2184 2153 2247 2201 ut
2297 2147 2754 2216 corpulentiores
2803 2150 3154 2207 viderentur.
3218 2153 3297 2206 Ea
3326 2153 3449 2223 ipsa
3505 2156 3595 2210 die

1902 2231 2039 2286 dum
2086 2233 2383 2290 salutifero
2412 2235 2548 2290 fonti
2587 2237 2847 2302 inferrer,
2880 2239 3086 2294 mulier
3116 2241 3404 2310 quaedam,
3439 2243 3596 2312 quod

1903 2319 2042 2374 mihi
2077 2335 2254 2390 puero
2303 2330 2358 2378 et
2395 2322 2488 2394 [f.,
2533 2323 2723 2396 etiam]
2763 2326 2882 2395 jam
2937 2327 3276 2385 adolescenti
3327 2345 3595 2400 saepenu-

1903 2421 2056 2462 mero
2099 2409 2210 2478 joci
2263 2423 2439 2466 causa
2496 2411 2738 2467 relatum
2777 2421 2880 2480 est,
2930 2413 2999 2469 de
3053 2429 3228 2472 manu
3285 2419 3506 2474 rotabat
3538 2419 3596 2474 in

1901 2508 2138 2551 manum
2173 2512 2260 2552 me
2292 2498 2678 2555 transferens:
2716 2501 3010 2558 Hunccine
3037 2505 3324 2561 victurum
3357 2508 3592 2576 putatio,

1901 2597 2071 2652 quem
2135 2599 2308 2655 prope
2365 2595 2575 2642 natura
2653 2587 2920 2646 deficiens
2990 2593 3334 2649 emembrem
3396 2594 3594 2661 edidit,

1900 2678 1953 2726 et
1987 2672 2168 2742 magis
2200 2673 2528 2731 lineamenti
2561 2677 2702 2746 quid
2727 2678 2910 2734 simile
2935 2694 3111 2749 quam
3153 2695 3363 2751 corpus
3393 2683 3595 2739 dedit?

1972 2761 2108 2824 Quae
2139 2762 2352 2830 omnia,
2389 2763 2620 2819 Creator
2653 2779 2834 2833 meus,
2866 2766 3043 2836 hujus
3092 2767 3222 2835 mei,
3255 2782 3372 2838 quo
3402 2768 3596 2824 vivere

1900 2848 2100 2904 videor
2128 2856 2329 2918 status,
2383 2859 2645 2920 portenta
2679 2851 2857 2909 fuere.
2891 2854 3168 2926 Nunquid
3202 2855 3306 2922 tui,
3334 2857 3592 2926 Domine,

1899 2936 2117 2992 servitii
2149 2937 2206 2992 in
2231 2952 2319 2994 me
2360 2940 2591 3009 reperiri
2620 2942 2805 3011 potuit
2853 2943 3114 2998 veritas?
3153 2943 3241 2999 Nil
3275 2943 3331 2999 in
3373 2952 3424 3000 te
3455 2945 3595 3001 soli-

90 3023 150 3078 in
178 3023 307 3092 ejus
335 3021 526 3077 animo
589 3022 864 3078 cessabat.
900 3027 966 3079 At
1019 3038 1176 3081 nunc
1219 3034 1397 3082 morte
1450 3027 1558 3083 sibi
1607 3029 1780 3096 obita,
1823 3048 1864 3110 ς
1900 3025 2062 3092 dum,
2097 3025 2176 3081 nil
2214 3027 2348 3083 inte
2399 3037 2669 3085 constans
2715 3031 2932 3101 habui;
2963 3031 3008 3087 si
3041 3031 3181 3101 quid
3215 3032 3272 3088 in
3304 3033 3594 3091 evidentia

89 3110 395 3168 interstitio
425 3111 614 3166 carnis
639 3111 905 3180 abrupto,
941 3113 1056 3168 scio
1085 3113 1143 3168 in
1178 3115 1529 3170 Hierusalem
1588 3125 1790 3186 poten-

87 3202 208 3258 tius
251 3213 431 3269 quam
486 3197 596 3254 dici
655 3208 830 3270 queat
862 3201 1078 3257 fervere
1107 3202 1422 3266 caminum,
1476 3207 1787 3272 praesertim

87 3303 226 3345 cum
259 3287 371 3343 illic
398 3288 511 3343 Deo
544 3287 730 3357 plena,
779 3302 934 3344 meas
963 3288 1018 3344 in
1050 3290 1265 3359 quibus
1293 3291 1494 3347 volvor
1532 3293 1788 3352 miserias

86 3392 210 3435 non
245 3377 486 3446 ignoret,
531 3385 586 3432 et
641 3383 798 3432 tanto
833 3377 972 3432 mihi
1005 3378 1316 3447 aberranti,
1352 3380 1478 3436 licet
1510 3381 1663 3446 felix,
1701 3383 1786 3437 in-

84 3473 303 3537 gemat,
336 3472 552 3534 quanto
581 3479 616 3520 a
646 3465 768 3520 suis
801 3479 931 3535 quae
967 3467 1131 3523 toties
1178 3467 1569 3539 ingeminabat
1601 3469 1785 3525 moni-

85 3555 182 3620 tis,
217 3552 476 3608 moribus
503 3559 678 3623 atque
707 3553 961 3624 vestigiis
980 3569 1068 3610 me
1088 3548 1412 3613 exorbitare
1435 3558 1780 3613 considerat.

161 3643 331 3697 Pater
354 3647 409 3696 et
437 3641 676 3696 Domine
722 3643 892 3708 Deus,
941 3643 1044 3713 qui
1074 3657 1147 3698 ex
1179 3643 1286 3700 hac
1323 3659 1438 3700 nou
1484 3645 1781 3713 fallaciter,

85 3731 184 3786 sed
214 3743 350 3786 vere
408 3729 554 3784 bona
585 3729 726 3784 mihi
759 3729 1008 3800 qualiter
1037 3739 1091 3786 et
1120 3740 1403 3801 quantum
1439 3733 1583 3789 nosti
1634 3733 1783 3789 malo

82 3819 373 3889 originem
403 3818 672 3885 tribuisti,
705 3832 862 3888 spem
893 3833 1126 3888 quoque
1161 3820 1218 3874 in
1242 3819 1366 3889 ejus
1396 3821 1535 3876 mihi
1581 3821 1782 3877 merito

83 3906 409 3977 praebuisti,
433 3921 609 3977 quam
645 3914 832 3963 tamen
861 3906 1194 3963 nullatenus
1222 3908 1431 3964 habere
1469 3923 1779 3978 praesume-

80 4010 227 4063 rem,
262 3995 371 4050 nisi
403 3995 475 4050 ad
509 4001 560 4050 te
588 4009 660 4049 ex
695 3995 802 4050 mei
845 3994 1045 4050 timore
1085 3996 1319 4064 peccati,
1363 3996 1782 4066 aliquantisper

81 4083 195 4139 sub
223 4090 325 4138 tua
356 4083 542 4153 gratia
581 4083 941 4152 respirarem.
1000 4083 1286 4138 lnduxisti
1346 4085 1559 4153 pariter
1586 4093 1641 4140 et
1681 4084 1781 4140 mi-

83 4185 212 4226 sero
272 4170 427 4226 cordi
474 4184 600 4225 meo
646 4171 834 4225 nescio
890 4170 936 4225 si
991 4184 1147 4240 spem
1224 4177 1288 4226 ut
1343 4171 1776 4228 similitudinem

82 4260 225 4329 spei,
281 4258 435 4328 quod
483 4259 744 4314 videlicet
786 4267 1166 4327 sacrosancto,
1220 4261 1665 4329 supereminenti
1722 4269 1777 4317 et

1899 3113 2058 3168 visus
2090 3128 2219 3169 sum
2263 3115 2596 3172 exhibuisse
2625 3119 2830 3187 operis,
2868 3119 3107 3175 intentio
3137 3120 3426 3176 multoties
3468 3121 3594 3177 red-

1897 3202 2040 3257 didit
2070 3202 2264 3258 minus
2318 3213 2470 3260 recta
2501 3214 2796 3275 pertenue.
2831 3207 2957 3262 Dixi
2997 3209 3121 3273 tibi,
3149 3223 3376 3264 summa
3425 3210 3590 3266 beni-

1897 3289 2087 3358 gnitas
2119 3290 2292 3356 Deus,
2324 3291 2478 3361 quod
2509 3307 2684 3361 spem,
2745 3301 2847 3349 aut
2885 3294 3002 3363 spei
3052 3295 3592 3367 quantulaecunque

1894 3377 2177 3445 specimen
2234 3392 2306 3433 ex
2359 3386 2473 3434 tam
2527 3380 2818 3449 gaudiosaa
2843 3380 2953 3436 diei
3008 3382 3426 3450 praestolatione
3448 3384 3590 3440 mihi

1893 3471 2028 3519 nato
2083 3479 2152 3518 ac
2183 3472 2400 3532 renato,
2461 3467 2555 3522 sed
2595 3474 2650 3522 et
2693 3468 2950 3523 omnium
3008 3477 3131 3538 post
3162 3470 3342 3526 Deum
3399 3470 3590 3528 oblato

1892 3551 2106 3621 reginae
2134 3553 2458 3609 contuleris.
2503 3555 2740 3610 Domine
2766 3555 2936 3622 Deus,
2989 3570 3178 3612 nonne
3211 3571 3284 3613 ex
3311 3571 3379 3613 ea
3407 3572 3580 3629 quam

1892 3638 2033 3694 mihi
2065 3639 2264 3695 dedisti
2296 3642 2516 3696 ratione
2541 3641 2660 3711 jam
2684 3642 2908 3713 colligo,
2952 3643 3090 3714 quia
3119 3645 3238 3701 dies
3269 3645 3587 3702 nativitatis

1891 3726 2247 3782 infructuose
2279 3727 2608 3783 viventibus
2637 3728 2715 3784 nil
2767 3730 2971 3786 utilius
3017 3730 3182 3787 affert
3221 3747 3397 3802 quam
3429 3747 3582 3790 mor-

1891 3815 2010 3870 tis?
2041 3815 2096 3870 Si
2122 3824 2362 3884 constat,
2396 3825 2450 3872 et
2482 3816 2866 3875 irrevincibile
2900 3826 3005 3885 est,
3054 3821 3195 3890 quia
3245 3821 3405 3877 nulla
3457 3837 3584 3893 pos-

1889 3909 2025 3958 sunt
2046 3904 2248 3958 merita
2279 3903 2398 3959 dies
2439 3905 2784 3974 praecessisse
2843 3907 3085 3972 nativos,
3119 3918 3358 3978 possunt
3389 3918 3581 3968 autem

1889 3991 2250 4047 defunctivos
2281 4008 2292 4046 :
2329 3993 2381 4049 Si
2418 3995 2714 4066 contingat
2743 3997 2852 4052 sub
2893 3997 3040 4053 bono
3067 3997 3244 4054 vitam
3276 4013 3392 4055 non
3421 4007 3581 4056 tran-

1887 4076 2017 4147 sigi,
2088 4078 2285 4146 fateor,
2344 4080 2423 4135 nil
2481 4081 2715 4137 omnino
2769 4082 3085 4152 proderunt
3150 4085 3383 4156 gloriosi
3438 4087 3579 4162 dies,

1887 4165 2037 4221 sicut
2067 4180 2171 4222 nec
2200 4167 2430 4235 natalis,
2462 4177 2516 4224 et
2542 4170 2760 4225 mortis.
3435 4196 3440 4202 -

1959 4254 2015 4310 Si
2066 4255 2219 4310 enim
2253 4270 2457 4312 verum
2488 4265 2591 4325 est,
2626 4259 2766 4327 quia
2792 4259 2906 4328 ipse
2936 4260 3065 4317 fecit
3102 4277 3211 4331 me,
3253 4271 3307 4320 et
3337 4281 3452 4322 non
3477 4281 3581 4337 ego

83 4347 427 4402 Christianis
470 4347 741 4402 omnibus
767 4347 1193 4416 exoptatissime
1223 4349 1314 4403 die
1347 4349 1503 4404 nasci
1554 4350 1691 4404 mihi
1721 4357 1777 4406 et
1814 4362 1859 4416 ι)
1890 4341 2008 4411 ipso
2037 4356 2146 4407 me.
2180 4342 2449 4413 diemque
2480 4359 2594 4398 non
2628 4346 2926 4413 praesumi.
2963 4361 3064 4404 nec
3098 4356 3159 4405 ut
3189 4351 3581 4422 prmﬁseretur

82 4435 311 4491 renasci
340 4435 508 4490 etiam
559 4435 868 4491 indulsisti.
930 4436 1127 4490 Totam
1162 4435 1337 4492 ferme
1392 4437 1776 4509 Quadragesi-

83 4538 240 4579 mam
273 4523 382 4580 sub
421 4523 582 4578 nimii
634 4523 843 4579 doloris
885 4523 1185 4579 insolentia
1241 4525 1566 4593 parturiens
1599 4535 1780 4582 mater

78 4619 355 4682 exegerat
386 4613 556 4682 (quos
584 4612 755 4668 etiam
788 4626 1032 4682 angores
1066 4612 1204 4667 mihi
1230 4613 1414 4680 devio,
1456 4621 1510 4670 et
1555 4615 1780 4670 lubrica

82 4701 458 4766 consectanti,
538 4701 700 4756 toties
784 4700 1173 4769 improperare
1247 4701 1484 4769 solebat)
1553 4703 1777 4758 tandem

82 4789 342 4845 solemne
370 4789 705 4855 Sabbatum,
735 4788 932 4859 vigilia
957 4788 1168 4845 scilicet
1197 4789 1487 4844 Paschalis
1523 4790 1778 4847 emicuit.

157 4880 382 4933 Graves
402 4876 691 4932 cruciatu:
724 4878 785 4931 in
812 4877 979 4933 illius
1003 4879 1178 4948 partu
1199 4877 1440 4948 pertulit
1463 4881 1669 4934 mater.
1709 4879 1776 4932 Β.

92 4965 361 5039 Virginis
405 4965 637 5021 servitio
679 4965 1070 5036 mancipatur.
1124 4966 1346 5020 Recens
1393 4971 1564 5020 natus
1606 4983 1781 5038 quam

84 5054 278 5112 tenuis
306 5070 543 5126 corpore
572 5054 704 5114 fuit.
737 5085 805 5093 ——
836 5053 1084 5109 Diutinis
1111 5068 1248 5124 ergo
1277 5054 1629 5112 cruciatibus
1655 5057 1778 5127 agi-

82 5153 228 5211 tata,
264 5152 318 5200 et
367 5145 507 5199 hora
537 5143 960 5214 propinquante
993 5143 1336 5199 tortionibus
1370 5145 1779 5215 augmentatis,

82 5246 220 5288 cum
280 5231 336 5286 in
373 5235 598 5300 partum
632 5231 898 5287 nataliter
928 5231 1023 5302 υἱ,
1057 5231 1421 5303 naturaliter]
1483 5241 1783 5302 putaretur

82 5320 378 5384 enitilum,
415 5320 596 5391 magis
624 5334 858 5376 sursum
877 5320 948 5375 ad
977 5321 1103 5390 ejus
1131 5321 1446 5389 praecordia
1479 5330 1783 5393 retorque-

83 5409 209 5464 bar.
263 5409 387 5463 Jam
418 5417 656 5477 patrem,
685 5408 898 5463 amicos
929 5421 995 5463 ac
1026 5415 1290 5478 parentes
1315 5407 1581 5465 funestus
1610 5424 1784 5478 super

82 5504 340 5566 utroque
391 5509 601 5551 maeror
629 5495 964 5562 obtriverat,
1000 5496 1140 5566 quia
1160 5496 1299 5552 dum
1330 5497 1500 5552 matri
1542 5504 1784 5552 mortem

83 5584 278 5654 proles
343 5583 638 5651 accelerat,
697 5584 871 5654 prolis
916 5583 1175 5641 similiter
1229 5584 1494 5653 exitium,
1535 5585 1677 5642 dum
1733 5584 1781 5641 ei

444 5683 717 5750 PATROL.
770 5682 975 5751 CLVI.

1885 4431 2125 4497 emerui,
2174 4431 2414 4487 collatus
2471 4446 2504 4486 a
2567 4435 2677 4489 Deo
2735 4449 2848 4491 non
2911 4451 3090 4506 spem,
3141 4454 3252 4494 non
3307 4441 3578 4496 honorem

1886 4518 2027 4573 mihi
2071 4519 2300 4588 przebet,
2330 4519 2442 4574 nici
2474 4519 2583 4574 diei
2635 4521 2967 4592 religionem
3000 4539 3369 4595 prosequens,
3403 4527 3579 4596 quid-

1887 4606 2026 4675 quid
2077 4607 2166 4662 die
2214 4607 2591 4675 portenditur,
2654 4624 2781 4664 mea
2835 4611 2953 4666 vita
3011 4613 3388 4670 commendet.
3419 4615 3580 4670 Tunc

1886 4693 2343 4764 plane‘nostrum
2374 4696 2563 4752 natale
2619 4712 2690 4753 ex
2749 4698 2950 4754 festiva
2991 4701 3258 4768 temporis
3305 4703 3581 4772 qualitate

1886 4783 2238 4846 claresceret,
2270 4783 2317 4838 si
2344 4784 2602 4840 studium
2636 4793 2842 4842 nostra:
2895 4786 3136 4842 actionis
3192 4789 3483 4858 suspirata
3507 4790 3580 4846 ad

1889 4871 2176 4941 integrum
2226 4871 2440 4927 virtute
2473 4886 2533 4926 se
2562 4881 2801 4943 regeret,
2825 4881 2880 4929 et
2919 4873 3192 4931 introitus
3244 4876 3426 4946 gloria
3475 4878 3581 4934 ho-

1888 4959 2030 5016 mini
2082 4959 2284 5015 merito
2338 4960 2634 5017 videretur
2681 4961 2926 5028 indulta,
2979 4961 3026 5018 si
3099 4977 3470 5032 perseverans
3524 4967 3582 5023 in

1887 5049 2158 5118 aequitate
2189 5049 2420 5104 animus
2470 5049 2601 5104 vitm
2628 5049 2974 5120 glorificaret
3028 5051 3223 5107 exitia.
3263 5052 3316 5108 Si
3351 5054 3574 5122 Petrus,

1888 5144 1990 5193 aut
2017 5137 2232 5192 Paulus
2257 5137 2506 5208 voeiter;
2539 5137 2585 5192 si
2618 5137 2916 5208 Remigius
2941 5145 3044 5194 aut
3072 5137 3340 5196 Nicolaus
3389 5141 3582 5210 appel-

1889 5232 1990 5300 ler,
2021 5249 2133 5289 non
2157 5234 2320 5302 mihi,
2359 5241 2422 5290 ut
2452 5233 2665 5303 poetice
2703 5234 2911 5305 loquar
2941 5250 2953 5288 :

2104 5321 2368 5377 Proderit
2394 5337 2433 5375 a
2459 5338 2669 5393 magno
2699 5322 3000 5378 dimissum
3028 5339 3234 5378 nomen
3263 5325 3394 5381 Iulo
3422 5341 3434 5384 :

1912 5409 2078 5466 ’Νίεί
2137 5410 2389 5476 illorum,
2452 5424 2598 5480 quos
2652 5411 3014 5479 providentia
3078 5412 3210 5469 fecit
3266 5414 3428 5483 mihi,
3484 5432 3585 5475 seu

1891 5496 2123 5553 fortuna
2167 5497 2561 5567 cognomines,
2593 5501 2878 5569 sagaciter
2907 5499 3172 5570 exempla
3206 5503 3584 5574 resculpsero.

1892 5587 2058 5656 Ecce,
2091 5589 2239 5643 Deus
2271 5601 2448 5654 meus,
2485 5587 2773 5657 quomodo
2799 5588 3038 5646 reflatur
3063 5589 3345 5662 quidquid
3403 5601 3586 5651 tume-

3199 5697 3280 5753 ΞΠ
