3938 6082
343 329 445 383 843

1234 326 1291 379 ν.
1333 325 1659 383 GUIBERTI
1701 325 1988 383 ABBATIS
2025 325 2081 380 S.
2125 325 2365 382 MARLE
2407 326 2496 382 DE
2538 324 2938 382 NOVIGENTO

3734 324 3840 378 844-

345 463 440 520 bat
471 464 529 520 in
559 464 752 518 anima
784 475 927 529 mea,
959 461 1250 531 quomodo
1275 462 1478 531 poterit
1511 461 1842 531 floccipendi
1884 460 2041 530 quod
2079 465 2124 518 A
2152 462 2377 533 Magnis
2408 462 2599 532 itaque
2628 463 2784 518 curis
2826 461 3046 517 illatua
3075 475 3210 516 vere
3238 461 3412 517 vidua
3453 475 3541 516 me
3571 460 3840 516 nutrivit.

347 553 402 607 in
433 552 640 607 fastum
667 551 970 606 videbatur
998 550 1251 606 extendi.

415 639 667 710 Deiparz
712 639 982 709 acceptas
1033 637 1215 706 refert
1258 637 1484 709 gratias
1530 640 1749 694 auctor.
1782 668 1850 676 —
1881 639 1973 704 Et,
2003 652 2035 693 0

343 727 540 783 mundi
571 734 626 782 et
652 727 923 783 cmlorum
959 736 1082 797 post
1104 727 1344 782 unicum
1365 735 1529 783 tuum
1563 728 1822 793 Domina,
1857 741 2035 796 quam

342 816 482 870 bene
511 823 835 882 senserunt,
871 816 972 886 qui
1022 830 1111 870 me
1157 816 1265 871 sub
1317 814 1412 870 illa
1453 815 1553 870 tibi
1585 816 1916 872 necessitate
1943 831 2038 870 vo-

339 902 587 958 verunt!
620 903 709 968 Et,
740 918 773 959 0
805 917 980 973 quam
1028 902 1232 958 melius
1280 901 1398 972 ipse
1447 902 1771 968 sensissem,
1830 903 1877 958 si
1916 916 2033 970 cor,

335 991 456 1062 jam
483 991 720 1047 adultus
772 991 881 1047 sub
941 991 1096 1046 illius
1143 1005 1368 1060 semper
1423 991 1535 1046 voti
1569 991 1870 1059 sententia,
1907 1006 2037 1047 con-

337 1079 712 1134 struxisseml
744 1079 886 1133 Ecce
932 1093 1022 1133 me
1055 1077 1156 1133 tibi
1207 1078 1477 1148 proﬁteor
1506 1078 1673 1148 quasi
1715 1078 2037 1147 specialiter

337 1166 487 1222 dono
512 1166 735 1234 datum,
767 1180 872 1221 nec
902 1180 934 1220 a
965 1181 1056 1220 me
1085 1173 1277 1221 tamen
1309 1165 1406 1221 tibi
1459 1165 1704 1221 diffiteor
1761 1166 2036 1235 sacrilege

337 1253 569 1323 saepius,
623 1268 690 1308 ac
719 1253 962 1309 scienter
1000 1253 1278 1309 ablatum.
1314 1253 1515 1309 Nonne
1546 1268 1635 1308 me
1665 1253 1767 1308 tibi
1800 1253 2033 1320 abstuli,

339 1341 443 1410 qui
472 1341 798 1397 voluntates
827 1341 1032 1397 fetidas
1063 1349 1162 1397 tuo
1184 1341 1344 1396 odori
1375 1340 1646 1410 praetuli?
1679 1341 1896 1397 Verum
1928 1341 2032 1395 etsi

340 1429 630 1484 multoties
673 1429 780 1485 hac
827 1443 915 1484 me
945 1429 1047 1484 tibi
1081 1429 1282 1485 fraude
1311 1429 1589 1496 subduxi,
1623 1429 1694 1483 ad
1736 1435 1789 1484 te
1820 1436 2031 1495 tamen,

335 1524 392 1572 et
423 1531 523 1587 per
545 1525 596 1572 te
621 1518 694 1572 ad
738 1518 836 1573 Dei
870 1518 1072 1586 Patris,
1108 1525 1163 1572 et
1207 1518 1344 1572 dum
1380 1517 1613 1572 unicum
1661 1517 1838 1587 hujus
1868 1517 2034 1572 obla-

338 1606 506 1662 tionis
537 1607 748 1662 intuitu
785 1607 1045 1662 securius
1079 1608 1414 1674 recucurri;
1446 1613 1658 1661 etcum
1689 1606 1761 1661 ob
1804 1612 2035 1676 peccata

337 1695 544 1750 millies
575 1695 826 1751 recidiva
857 1695 1223 1762 tabescerem,
1267 1694 1545 1750 securitas
1602 1694 1743 1748 mihi
1791 1695 1864 1749 de
1919 1693 2034 1749 tuis

2143 551 2393 604 Tandem
2422 550 2628 605 scholae
2669 564 2757 605 me
2805 550 3087 604 traditura
3143 547 3293 604 diem
3343 550 3404 604 Β.
3452 548 3708 619 Gregorii
3767 548 3847 603 fe-

2143 635 2410 693 stivitatis
2439 637 2626 708 elegit.
2679 637 2957 692 Audierat
2988 637 3291 706 praefatum
3322 644 3489 692 tuum
3529 635 3845 700 famulum,

2145 726 2402 793 Domine,
2435 725 2682 780 mirabili
2709 724 3185 794 superemicuisse
3235 737 3430 790 sensu,
3481 722 3705 778 inﬁnita
3726 723 3846 778 ﬂo-

2145 813 2327 868 ruisse
2355 813 2669 882 sapientia;
2701 819 2754 868 et
2786 811 2908 867 ideo
2961 812 3144 867 multa
3175 811 3664 881 eleemosynarum
3693 826 3848 866 con-

2143 901 2297 972 gerie
2329 900 2668 956 confessoris
2697 901 2780 956 tui
2816 900 3065 956 instabat
3108 899 3318 970 saepius
3376 899 3677 955 sollicitare
3707 899 3848 954 suf-

2143 987 2345 1059 fragia,
2398 995 2462 1044 ut
2506 988 2600 1044 cui
2653 988 2980 1057 praebueras
3045 988 3414 1053 intellectum,
3489 986 3852 1042 intellectua-

2143 1076 2316 1132 litatis
2346 1075 2484 1132 mihi
2509 1076 2929 1146 consequentiae
2971 1077 3300 1146 impetraret
3343 1075 3631 1132 affectum.
3690 1076 3848 1130 Tra-

2143 1164 2300 1220 ditus
2327 1177 2464 1235 ergo
2506 1163 2708 1219 litteris
2765 1163 2954 1233 apices
3010 1173 3310 1234 utcunque
3361 1163 3682 1234 attigeram,
3738 1163 3846 1219 sed

2142 1253 2241 1308 vix
2267 1253 2546 1309 elementa
2573 1259 2909 1308 connectere
2965 1265 3189 1320 noram,
3246 1265 3379 1308 cum
3412 1252 3504 1321 pia
3533 1265 3622 1307 me
3651 1258 3848 1307 mater

2140 1339 2440 1395 erudiendi
2471 1339 2644 1394 avida
2669 1339 2948 1407 disposuit
2975 1337 3305 1410 mancipare
3331 1337 3739 1408 grammatica.

2215 1425 2740 1481 Grammaticorum
2764 1441 2829 1480 eo
2854 1429 3106 1497 tempore
3134 1425 3399 1495 paucitas
3427 1428 3482 1479 et
3500 1423 3848 1480 ἱππάσα-

2140 1509 2235 1582 (²⁷)
2264 1515 2403 1568 Erat
2463 1513 2635 1582 paulo
2665 1515 2796 1568 ante
2853 1513 2908 1568 id
2959 1513 3247 1582 temporis,
3292 1521 3347 1569 et
3403 1512 3594 1567 adhuc
3623 1512 3846 1581 partim

2142 1601 2250 1656 sub
2302 1615 2424 1656 meo
2454 1609 2708 1671 tempore
2739 1609 2898 1658 tanta
2927 1602 3436 1672 grammaticorum
3467 1602 3738 1667 charitas,
3771 1608 3846 1656 ut

2144 1689 2204 1743 in
2236 1688 2459 1758 oppidis
2479 1702 2620 1758 pene
2643 1689 2857 1756 nullus,
2891 1689 2946 1744 in
2970 1691 3216 1746 urbibus
3243 1689 3341 1744 vix
3364 1689 3575 1759 aliquis
3596 1690 3840 1758 reperiri

338 1784 702 1839 inexhaustis
766 1784 1085 1839 visceribus
1165 1783 1532 1851 nascebatur,
1601 1781 2032 1838 miserationum
2069 1752 2115 1809 Β
2145 1779 2434 1848 potuisset,
2467 1784 2522 1833 et
2555 1792 2703 1848 quos
2751 1779 2998 1834 inveniri
3040 1779 3377 1850 contigerat,
3415 1793 3612 1835 eorum
3647 1779 3838 1834 scien-

341 1879 575 1928 tuarum
633 1873 1010 1942 antiquarum
1040 1871 1328 1926 beneficiis
1350 1871 1706 1926 admonebar
1736 1877 1798 1926 ut
1838 1883 2033 1940 spera-

338 1973 480 2016 rem.
544 1960 650 2016 Sed
706 1959 847 2029 quid
909 1959 1074 2026 illud,
1134 1958 1566 2030 antiquarum?
1612 1959 1716 2013 Tot
1759 1965 2034 2028 expertus

335 2063 486 2115 sum,
547 2056 601 2104 et
649 2048 906 2118 quotidie
965 2048 1234 2117 experior
1307 2048 1740 2103 miserationum
1797 2054 2032 2102 tuarum

333 2137 718 2202 assiduitates,
753 2143 832 2191 tot
862 2137 1020 2191 evasi
1052 2135 1343 2205 lapsuum,
1378 2143 1430 2191 te
1457 2135 1766 2201 eximente,
1800 2135 2034 2204 captivi-

338 2232 498 2287 tates,
560 2233 624 2280 ut
669 2225 738 2280 de
786 2224 1076 2280 veteribus
1125 2224 1247 2294 jam
1312 2237 1547 2292 prorsus
1599 2230 1784 2278 tacere
1840 2223 2028 2290 libeat,

335 2311 432 2366 ubi
468 2317 628 2366 tanta
650 2309 1056 2366 liberationum
1087 2309 1386 2365 affluentia
1412 2315 1592 2378 regat.
1629 2309 1699 2363 Et
1729 2322 1859 2363 cum
1894 2323 2029 2378 pec-

333 2406 592 2454 catorum
620 2397 948 2454 iterationes
977 2411 1188 2453 saevam
1241 2397 1397 2451 cordi
1441 2411 1564 2452 meo
1593 2397 2031 2452 obdurationem

333 2488 679 2557 parturiant,
712 2487 879 2557 quasi
914 2485 1256 2542 naturaliter
1299 2486 1592 2556 ingenitus
1639 2500 1728 2541 me
1785 2485 1933 2540 illico
1959 2486 2030 2540 ad

334 2587 386 2633 te
418 2591 688 2633 recursus
741 2575 956 2631 emollit
985 2591 996 2629 :
1031 2583 1085 2630 et
1137 2589 1268 2630 cum
1321 2589 1395 2630 ex
1445 2575 1553 2630 mei
1587 2575 1849 2630 contuitu
1873 2583 1928 2630 et
1956 2588 2028 2630 ex

331 2679 591 2721 mearum
652 2663 1106 2718 consideratione
1177 2676 1572 2718 aerumnarum
1641 2677 1781 2732 pene
1829 2663 2029 2732 despe-

333 2750 516 2804 rando
569 2749 850 2813 deficiam,
905 2748 1072 2818 quasi
1131 2748 1302 2804 velim
1355 2749 1529 2804 nolim
1567 2749 1785 2805 innasci
1844 2751 2028 2805 sentio

333 2837 541 2892 animae
573 2837 793 2891 miserae
823 2837 894 2891 ad
927 2843 980 2892 te
1012 2836 1330 2904 respirandi
1389 2836 1680 2891 fiduciam.
1735 2837 1826 2892 Sic
1873 2838 2028 2892 enim

331 2924 554 2995 adjacet
604 2925 931 2995 cogitationi
965 2938 1123 2990 meae,
1161 2931 1225 2978 ut
1254 2924 1707 2994 quibuscunque
1736 2925 1905 2980 malis
1938 2924 2028 2979 in-

331 3012 555 3079 volvar,
594 3020 656 3068 tu
689 3013 828 3067 meis
861 3011 1315 3079 necessitatibus,
1350 3012 1396 3066 si
1421 3012 1605 3068 dicere
1654 3013 1920 3080 audeam,
1953 3025 2026 3068 ex

331 3101 522 3156 debito
553 3101 748 3156 deesse
778 3115 890 3156 non
923 3099 1123 3170 possis,
1154 3099 1210 3154 in
1244 3107 1295 3154 te
1348 3114 1550 3169 nempe
1591 3100 1907 3170 projectum
1957 3115 2028 3155 ex

332 3197 494 3245 utero
526 3189 573 3243 si
608 3189 916 3244 adversum
948 3203 1062 3243 non
1097 3189 1332 3256 revisas,
1379 3190 1422 3243 si
1468 3203 1762 3244 reversum
1791 3189 2027 3244 minime

332 3277 594 3346 recipias,
631 3276 964 3346 perditionis
993 3291 1133 3331 mea:
1176 3277 1362 3346 justas
1391 3277 1448 3331 in
1483 3285 1534 3332 te
1583 3277 1784 3346 utique
1833 3275 2024 3331 confe-

329 3378 453 3419 ram
485 3377 708 3419 causas.
772 3363 946 3419 Plane
1005 3364 1145 3433 quia
1195 3363 1294 3420 tibi
1351 3365 1546 3420 subest
1593 3379 1725 3420 cum
1777 3363 2027 3419 volueris

329 3465 512 3522 posse,
561 3458 615 3507 et
650 3451 772 3506 Filii
806 3459 1053 3521 potestas
1087 3452 1144 3506 in
1175 3459 1413 3509 matrem
1443 3452 1770 3508 redundare
1815 3451 2026 3523 digno-

329 3539 528 3606 scitur,
559 3551 593 3592 a
645 3553 764 3608 quo
813 3537 1005 3607 potius
1058 3538 1167 3594 mei
1218 3539 1459 3594 salutem
1519 3540 1750 3611 exigere
1808 3547 2024 3610 potero,

331 3642 507 3698 quam
567 3634 698 3694 ate,
732 3626 846 3694 cui,
908 3633 971 3681 ut
1026 3626 1108 3682 sic
1148 3625 1357 3692 dicam,
1415 3635 1673 3698 cognatae
1733 3628 2028 3683 servitutis

332 3714 662 3770 conditione
701 3713 1054 3768 conclamem
1089 3727 1157 3766 :a
1205 3714 1364 3768 Tuus
1421 3727 1548 3769 sum
1581 3716 1739 3786 ego?
1776 3737 1796 3763 ι
1845 3715 2024 3785 (Psal.

325 3817 520 3870 cxvm,
553 3801 666 3873 94.)
698 3802 803 3858 Sed
859 3801 928 3857 de
980 3800 1068 3856 his
1122 3800 1264 3856 alias
1323 3815 1502 3870 quam
1559 3801 1802 3858 libenter
1851 3803 2023 3857 ratio-

325 3888 565 3944 cinabor
598 3895 784 3944 tecum
812 3905 826 3954 ;
861 3895 1067 3943 etetera
1097 3887 1470 3958 attingamus.

993 3975 1224 4030 CAPUT
1262 3975 1359 4030 IV.

398 4063 612 4132 Infans
625 4064 798 4133 patre
817 4061 1072 4116 orbatur.
1107 4060 1217 4126 Qui
1251 4062 1309 4116 si
1326 4061 1549 4117 diutius
1574 4062 1829 4128 vixisset,
1867 4063 2028 4118 illius

325 4149 507 4204 saluti
533 4150 688 4205 haud
718 4149 886 4203 dubie
925 4147 1230 4204 nocuisset.
1261 4179 1329 4188 -—-
1360 4149 1543 4207 Natus
1572 4151 1753 4221 igitur
1791 4151 1893 4207 vix
1931 4153 2024 4208 di-

324 4238 576 4294 diceram
607 4238 797 4294 fovere
850 4237 1185 4307 crepundia,
1219 4251 1350 4293 cum
1387 4246 1469 4306 tu,
1504 4240 1593 4310 pie
1626 4241 1882 4308 Domine,
1920 4240 2025 4313 qui

2141 1866 2223 1921 tia
2257 1865 2444 1921 tenuis
2503 1873 2649 1933 erat,
2693 1880 2796 1921 nec
2851 1865 3022 1921 etiam
3071 1866 3323 1922 moderni
3358 1866 3628 1935 temporis
3677 1866 3841 1921 cleri-

2141 1953 2288 2009 culis
2332 1953 2686 2022 vagantibus
2716 1954 3039 2022 comparari
3095 1961 3336 2024 poterat.
3397 1954 3450 2008 Is
3509 1954 3704 2024 itaque
3746 1955 3838 2010 cui

2142 2041 2251 2098 mei
2281 2054 2516 2112 operam
2577 2049 2759 2097 mater
2805 2042 3083 2098 mandare
3138 2043 3488 2108 decreverat,
3546 2043 3840 2098 addiscere

2141 2129 2575 2200 grammaticam
2601 2128 2949 2200 grandaevus
2999 2131 3330 2198 incmperat,
3379 2138 3653 2200 tantoque
3683 2131 3842 2186 circa

2137 2218 2396 2274 eamdem
2435 2225 2614 2272 artem
2655 2218 2838 2286 magis
2889 2216 3052 2271 rudis
3102 2217 3337 2283 exstitit,
3393 2226 3610 2287 quanto
3641 2232 3773 2273 eam
3807 2233 3842 2273 a

2141 2314 2334 2362 tenero
2360 2306 2552 2361 minus
2579 2305 2864 2361 ebiberat.
2901 2305 3096 2361 Tantae
3122 2318 3258 2360 vero
3291 2304 3578 2360 modestize
3623 2305 3836 2372 fuerat,

2139 2403 2203 2452 ut
2233 2396 2386 2465 quod
2418 2394 2716 2450 deficiebat
2750 2394 2806 2448 in
2839 2393 3059 2462 litteris,
3089 2394 3381 2463 suppleret
3413 2394 3665 2450 honesto.

2210 2483 2463 2539 G'uiberli
2481 2487 2793 2554 praeceptor
2827 2483 2954 2537 vitae
2989 2481 3560 2554 probatissimaefuit.
3593 2514 3660 2522 —
3681 2484 3830 2540 Cum

2135 2585 2272 2641 ergo
2301 2571 2610 2640 sequestris
2639 2571 2935 2640 aliquibus
2970 2571 3209 2638 clericis,
3239 2572 3338 2641 qui
3367 2571 3415 2626 ei
3469 2571 3837 2627 familiariter

2132 2658 2240 2713 sub
2269 2659 2696 2728 capellanorum
2745 2659 2975 2714 nomine
3027 2659 3216 2714 officia
3279 2660 3377 2714 Dei
3435 2660 3836 2729 celebrabant,

2137 2750 2456 2806 scholarem
2491 2751 2654 2806 illum
2707 2750 3036 2806 sollicitaret
3075 2751 3363 2807 hominem
3394 2759 3449 2808 et
3484 2752 3574 2807 ille
3627 2753 3840 2822 cujus-

2137 2837 2268 2892 dam
2297 2838 2689 2894 consobrinuli
2724 2839 2830 2894 mei
2864 2839 3101 2895 sortitus
3131 2840 3551 2910 paedagogium,
3585 2840 3841 2910 quibus-

2136 2931 2268 2985 dam
2319 2930 2458 2985 meis
2489 2929 2845 2999 pareutibus,
2879 2944 3132 3000 quorum
3156 2931 3608 2987 innutrituserat
3629 2932 3838 2998 curiae,

2063 3016 2492 3099 cnecessarius
2551 3024 2717 3084 esset,
2779 3017 3003 3073 feminae
3078 3032 3137 3072 se
3185 3019 3580 3088 compellantis
3638 3019 3841 3074 horta-

2137 3111 2329 3158 menta
2376 3103 2762 3170 considerans,
2818 3112 2874 3159 et
2903 3105 3032 3173 ejus
3060 3104 3352 3161 honestate
3409 3120 3476 3162 ac
3531 3107 3841 3162 severitate

2137 3203 2440 3260 propensa,
2474 3191 2603 3246 licet
2636 3190 3041 3260 praedictorum
3093 3201 3399 3262 parentum
3431 3207 3691 3249 meorum
3741 3209 3839 3250 ve-

2135 3285 2362 3334 reretur
2392 3277 2687 3346 offensam,
2731 3278 2802 3333 ad
2843 3279 2971 3349 ejus
3002 3281 3445 3337 contubernium
3477 3281 3834 3338 deliberabat

2135 3364 2421 3420 accedere.
2481 3367 2543 3419 1n
2593 3378 2711 3436 qua
2757 3364 3182 3435 deliberatione,
3235 3367 3344 3424 hac
3371 3375 3473 3436 est,
3508 3377 3572 3424 ut
3599 3367 3829 3434 faceret,

2134 3451 2354 3508 visione
2377 3452 2730 3523 compulsus.

2209 3540 2354 3595 Cum
2398 3548 2562 3596 nocte
2599 3541 2875 3597 dormiret
2932 3542 2992 3597 in
3059 3543 3350 3610 cubiculo,
3377 3543 3549 3614 cujus
3607 3551 3664 3599 et
3723 3557 3831 3614 ego

2136 3627 2389 3695 memini,
2438 3627 2496 3682 in
2551 3643 2667 3698 quo
2719 3627 2892 3684 totius
2941 3629 3118 3684 nostri
3171 3629 3364 3699 oppidi
3399 3630 3664 3700 generale
3701 3637 3838 3686 stu-

2135 3715 2295 3770 dium
2353 3715 2682 3785 regebatur,
2731 3715 3036 3787 cujusdam
3085 3717 3300 3786 species
3345 3717 3584 3772 senioris
3639 3717 3842 3787 praefe-

2135 3816 2268 3858 rens
2316 3810 2488 3872 caput
2534 3817 2766 3870 canum,
2799 3812 2854 3861 et
2905 3804 3260 3860 habitudinis
3287 3806 3616 3861 omnimodo
3661 3819 3840 3861 reve—

2135 3890 2348 3958 rendae,
2381 3903 2562 3946 manu
2592 3904 2682 3946 me
2715 3897 2911 3946 tenens
2940 3891 3080 3946 ostio
3137 3905 3227 3946 me
3257 3891 3510 3948 cubiculi
3557 3891 3840 3948 inducere

2135 3977 2460 4032 videbatur.
2521 3978 2589 4032 In
2644 3978 2814 4049 cujus
2861 3992 2997 4034 cum
3062 3978 3405 4036 substitisset
3461 3979 3687 4047 auditu,
3771 3981 3842 4034 le-

2133 4065 2356 4120 ctulum
2386 4063 2514 4135 ejus
2547 4065 2688 4121 mihi
2749 4067 2850 4136 qui
2905 4067 3012 4122 hoc
3067 4067 3404 4123 intuebatur
3431 4068 3696 4135 ostendit,
3728 4077 3792 4124 et
3823 4084 3836 4122 :

2136 4153 2314 4218 Vade,
2349 4153 2557 4224 inquit,
2592 4154 2665 4210 ad
2694 4168 2848 4221 eum,
2873 4155 3013 4224 quia
3043 4155 3146 4210 iste
3169 4155 3485 4224 plurimum
3524 4164 3841 4212 amaturus

2133 4249 2234 4297 est.
2285 4241 2641 4312 Manumque
2692 4242 2830 4298 mihi
2888 4257 3065 4313 quam
3122 4251 3386 4299 tenuerat
3436 4243 3658 4308 laxans,
3696 4257 3838 4299 cum

323 4334 485 4397 pater
538 4327 678 4382 mihi
736 4327 971 4383 futurus
1028 4340 1176 4392 eras,
1256 4327 1584 4396 orphanum
1659 4343 1747 4384 me
1817 4329 2015 4386 fecisti.
2056 4339 2102 4394 ι)
2133 4329 2356 4385 sivisset
2384 4329 2568 4399 abire,
2609 4331 2841 4388 cucurri
2875 4332 2947 4387 ad
2977 4331 3290 4400 hominem,
3343 4340 3400 4388 et
3444 4346 3579 4388 cum
3612 4331 3841 4388 crebris

322 4415 622 4471 Exhausto
679 4414 836 4471 enim
891 4423 1016 4470 octo
1075 4414 1190 4471 fere
1247 4417 1535 4472 mensium
1597 4416 1803 4486 spatio,
1860 4426 2024 4487 pater

322 4517 461 4558 meae
489 4502 681 4558 carnis
739 4503 1011 4559 occubuit
1043 4517 1056 4556 :
1093 4511 1147 4558 et
1171 4517 1412 4575 magnas
1456 4503 1588 4560 inde
1645 4505 1746 4560 tibi
1781 4506 2019 4576 gratias,

323 4592 423 4662 qui
484 4591 639 4648 hunc
696 4592 987 4647 hominem
1037 4591 1146 4647 sub
1198 4592 1524 4648 Christiano
1574 4591 1784 4648 affectu
1839 4594 2021 4650 fecisti

324 4680 611 4747 decedere,
649 4681 1026 4749 providentiae
1073 4689 1206 4747 tuae,
1241 4695 1417 4751 quam
1477 4681 1546 4736 de
1579 4695 1668 4736 me
1708 4681 2016 4749 habueras,

321 4766 367 4822 si
401 4767 712 4831 adviveret,
742 4768 977 4823 indubie
1008 4769 1358 4824 nociturum.
1407 4769 1553 4832 Quia
1603 4783 1857 4840 namque
1900 4771 2020 4826 for-

320 4855 481 4911 mula
509 4869 651 4921 mea,
693 4863 748 4911 et
795 4857 1078 4911 naturalis
1107 4857 1373 4926 quaedam
1423 4870 1524 4925 pro
1566 4857 1812 4913 aetatulae
1864 4858 2018 4915 illius

321 4943 648 5012 quantitate
673 4942 941 4998 alacritas
990 4944 1194 4999 idonea
1244 4944 1381 4999 huic
1437 4944 1648 5000 saeculo
1692 4945 2018 5014 videbatur,

319 5029 464 5084 nulli
497 5029 741 5086 dubium
796 5037 938 5096 erat,
972 5032 1115 5101 quin
1146 5046 1280 5087 cum
1308 5031 1510 5088 litteris
1547 5033 1864 5088 ediscendis
1921 5034 2019 5088 ha-

320 5114 431 5171 bile
486 5124 707 5186 tempus
762 5117 1001 5179 adesset,
1057 5131 1124 5173 ea
1187 5133 1318 5188 qua;
1367 5119 1436 5174 de
1487 5133 1576 5175 me
1625 5119 1834 5175 fecerat
1884 5128 2017 5176 vota

320 5206 645 5261 resolveret.
697 5206 849 5261 Bone
885 5207 1142 5275 provisor
1194 5207 1490 5277 utrimque
1541 5206 1850 5262 salubriter
1894 5207 2016 5263 dis-

319 5294 578 5361 posuisti,
629 5301 692 5350 ut
720 5302 775 5350 et
803 5307 910 5365 ego
959 5299 1112 5348 400
1141 5307 1512 5364 nequaquam
1573 5301 1807 5350 tuarum
1840 5292 2016 5350 disci-

320 5379 613 5448 plinarum
671 5380 999 5436 rudimento
1069 5394 1341 5444 carerem,
1398 5388 1452 5437 et
1507 5379 1601 5436 ille
1659 5393 1837 5450 quam
1909 5381 2014 5437 tibi

317 5467 524 5524 fecerat
554 5483 670 5524 non
701 5469 1046 5538 irrumperet
1073 5471 1459 5540 sponsionem.

385 5555 734 5612 Litterarum
759 5554 970 5612 studiis
996 5557 1066 5612 B.
1091 5557 1356 5630 Gregorii
1374 5558 1525 5625 festo
1553 5555 1648 5614 die
1665 5556 2016 5614 traditur.—

2129 4417 2338 4473 osculis
2387 4432 2488 4473 ora
2541 4420 3000 4489 comprimerem,
3056 4421 3501 4489 expergiscitur,
3556 4426 3613 4474 et
3668 4426 3838 4475 tanta

2129 4505 2237 4559 mei
2286 4503 2584 4562 affectione
2613 4507 2949 4576 corripitur,
3003 4515 3066 4562 ut
3093 4507 3461 4563 cunctatione
3509 4506 3748 4576 reiecta,
3782 4515 3838 4563 et

2129 4600 2434 4661 parentum
2470 4607 2754 4660 meorum,
2803 4595 3019 4664 quibus
3076 4602 3188 4650 tam
3223 4594 3364 4664 ipse,
3398 4607 3576 4664 quam
3630 4593 3725 4649 sui
3759 4608 3834 4649 ex

2131 4689 2242 4737 toto
2293 4681 2585 4738 obnoxius
2657 4690 2802 4751 erat,
2862 4683 3062 4738 timore
3129 4698 3378 4752 recusso,
3442 4682 3514 4738 ad
3582 4691 3832 4739 matrem

2127 4782 2313 4823 meam
2342 4769 2715 4824 habitaturus
2744 4784 2878 4826 cum
2910 4771 3031 4839 ipsa
3062 4770 3419 4826 concederet.

2196 4856 2336 4912 Erat
2366 4863 2560 4912 autem
2603 4870 2748 4925 puer
2801 4857 3000 4919 isdem,
3053 4872 3224 4927 quem
3273 4865 3512 4913 eatenus
3567 4855 3834 4912 ductita-

2125 4947 2305 5008 verat,
2364 4941 2603 5010 pulcher
2653 4941 2910 5012 quidem,
2959 4950 3015 4998 et
3064 4942 3288 5010 nobilis,
3365 4942 3462 4998 sed
3531 4941 3829 4997 intantum

2125 5028 2406 5084 bonarum
2439 5029 2653 5084 artium
2687 5029 2888 5100 fugax,
2930 5031 3000 5086 ad
3041 5045 3239 5086 omnes
3268 5030 3601 5100 disciplinas
3643 5029 3828 5084 insta-

2125 5115 2273 5180 bilis,
2308 5129 2411 5185 pro
2439 5124 2602 5172 aetate
2652 5117 2922 5183 mendax,
2982 5126 3037 5174 et
3100 5119 3330 5175 furibus
3364 5119 3447 5189 [/'.,
3483 5115 3594 5189 fur]
3633 5125 3700 5173 ut
3745 5118 3831 5172 nil

2123 5208 2451 5278 proficiente
2482 5209 2758 5277 custodia,
2793 5210 2893 5265 vix
2951 5211 3008 5266 in
3061 5210 3274 5277 schola,
3320 5210 3421 5266 sed
3478 5223 3622 5278 pene
3664 5208 3832 5263 omni

2122 5295 2213 5351 die
2258 5296 2593 5353 delitescens
2639 5299 2988 5366 reperiretur
3040 5299 3098 5355 in
3151 5297 3352 5354 vineis.
3409 5299 3482 5353 At
3528 5295 3830 5351 hominem

2122 5396 2256 5438 cum
2288 5383 2525 5452 puerilis
2554 5384 2836 5440 vecordiae
2880 5385 3187 5453 taeduisset,
3230 5393 3286 5441 et
3343 5384 3394 5440 ei
3433 5384 3631 5439 matris
3680 5397 3832 5438 mea:
3895 5453 3897 5460 ι

2121 5472 2444 5540 Opportune
2499 5469 2862 5526 familiaritas
2914 5470 3217 5540 arrisisset,
3264 5479 3320 5528 et
3347 5469 3586 5527 visionis
3626 5469 3825 5539 praeli-
3895 5463 3897 5472 ἰ

2122 5558 2269 5615 batae
2328 5566 2510 5629 tenor,
2568 5573 2712 5628 rem,
2770 5573 2951 5631 quam
3004 5559 3253 5630 petebat,
3307 5558 3416 5616 sibi
3454 5559 3822 5630 potissimum
