3938 6082
182 317 280 371 845

1286 315 1376 369 DE
1415 313 1579 371 VITA
1621 315 1753 370 SUA
1795 314 1979 370 LlBRl
2017 315 2212 370 TRES.
2241 346 2300 356 —
2339 318 2472 374 LIB.
2524 319 2563 372 l.

3565 327 3668 381 846

179 413 587 478 inviscerasset,
623 410 786 480 pueri
811 410 1086 467 comitatu
1111 410 1350 478 deserto,
1402 421 1458 467 et
1503 412 1612 468 sub
1649 412 1866 482 quibus
1904 414 1951 468 A
1983 413 2154 468 tionis
2176 415 2358 470 inesse
2388 415 2566 479 dono;
2621 416 2700 471 sic
2736 431 2840 473 nec
2869 416 3048 488 jugis,
3091 426 3156 474 ut
3187 419 3266 476 ita
3294 419 3506 492 dicam,
3541 436 3668 491 per-

177 502 373 571 agebat
432 499 694 554 dominos
752 513 918 568 aeque
964 499 1214 569 reliquit.
1269 500 1429 566 Quod
1482 508 1669 555 tamen
1714 501 1868 555 haud

177 591 410 659 impune
469 587 708 654 fecisset,
778 587 888 642 nisi
950 602 1082 644 eum
1121 588 1321 644 matris
1379 596 1493 644 tam
1524 588 1866 649 reverentia.

174 691 345 748 quam
377 677 632 746 potentia
659 675 1022 745 protexisset.

895 763 1080 818 APUT
1112 763 1182 818 V.

895 763 986 818 AP
1039 764 1080 818 T
1168 803 1182 817 .

241 852 543 908 Guibertus
569 851 802 923 optimis
846 762 1435 906 Embtgluryinslitulis
1474 867 1546 905 ac
1592 851 1863 908 moribus.

171 940 398 996 Acriori
443 941 545 995 sub
598 939 910 1012 disciplina
939 938 1248 995 cohibetur.
1299 971 1364 979 ———
1396 939 1514 996 Sub
1573 954 1631 996 se
1687 940 1867 1011 igitur

171 1030 544 1086 constitutum
585 1037 748 1085 tanta
800 1029 1048 1099 puritate
1106 1043 1195 1084 me
1244 1027 1458 1096 docuit,
1494 1027 1566 1083 ab
1617 1029 1863 1083 insoleno

172 1118 280 1185 tiis,
308 1132 438 1188 quae
485 1117 705 1173 innasci
731 1117 1094 1187 primmvitati
1124 1117 1204 1173 illi
1232 1117 1434 1183 solent,
1484 1125 1644 1173 tanta
1674 1117 1866 1172 since-

173 1206 334 1262 ritate
360 1205 634 1273 cohibuit,
670 1214 732 1261 ut
790 1220 879 1260 me
910 1205 1138 1274 penitus
1187 1220 1220 1261 a
1254 1206 1662 1261 communibus
1713 1205 1865 1274 lupis

173 1302 406 1360 arceret,
436 1295 656 1364 absque
713 1308 820 1349 suo
872 1295 1149 1349 comitatu
1185 1307 1474 1364 nusquam
1511 1294 1670 1349 abire
1729 1309 1862 1363 per-

173 1383 433 1448 mitteret,
469 1397 583 1437 non
613 1381 808 1437 cibum
865 1389 1072 1451 praeter
1111 1381 1262 1436 domi
1294 1395 1540 1448 sumere,
1590 1396 1704 1437 non
1754 1396 1863 1436 cu-

165 1471 416 1540 juspiam
468 1484 684 1526 munus
724 1469 833 1525 nisi
894 1469 1126 1525 licentia
1163 1484 1196 1524 a
1247 1484 1304 1524 se
1353 1470 1488 1524 data
1540 1469 1859 1538 suscipere;

172 1557 312 1612 nihil
347 1573 461 1614 non
516 1566 919 1628 temperanter,
953 1573 1066 1613 non
1101 1559 1155 1613 in
1190 1558 1380 1625 verbo,
1416 1572 1528 1612 non
1582 1559 1637 1612 in
1669 1572 1858 1627 respe-

170 1655 286 1713 ctu,
318 1661 432 1702 non
459 1661 630 1716 opere
687 1660 876 1717 agere,
933 1655 996 1702 ut
1026 1661 1142 1701 non
1191 1646 1543 1713 clericatum,
1573 1646 1721 1716 quin
1755 1661 1860 1715 po-

173 1734 284 1790 tius
315 1736 723 1791 mouachatum
757 1749 790 1789 a
823 1750 912 1790 me
943 1735 1236 1790 videretur
1265 1735 1512 1805 exigere.
1552 1735 1695 1790 Nam
1727 1749 1859 1789 cum

168 1824 409 1894 mquzevi
464 1824 570 1878 mei
605 1823 815 1893 passim
847 1823 917 1878 ad
979 1823 1204 1878 libitum
1259 1831 1630 1893 vagarentur,
1680 1830 1735 1877 et
1783 1822 1864 1877 eis

169 1911 370 1967 debitae
408 1912 724 1967 secundum
785 1919 1009 1980 tempus
1055 1911 1344 1967 facultatis
1386 1911 1546 1966 frena
1580 1918 1857 1980 paterent,

169 2015 274 2070 ego
304 1999 375 2054 ab
409 2000 742 2069 hujusmodi
775 2013 876 2068 per
906 1999 1136 2054 sedulas
1165 1999 1532 2054 coercitiones
1565 1999 1860 2064 inhibitus,

167 2088 503 2144 clericaliter
529 2088 808 2143 infulatus
848 2088 1136 2154 sedebam,
1196 2096 1248 2143 et
1280 2102 1492 2143 cuneos
1541 2087 1862 2143 ludentium

168 2176 336 2247 quasi
365 2178 609 2246 peritum
645 2176 856 2231 animal
886 2176 1286 2245 exspectabam
1346 2175 1437 2246 [ᾖ.
1486 2174 1860 2247 spectabam].

169 2264 486 2320 Dominicis
539 2264 710 2320 etiam
767 2271 822 2320 et
878 2263 1081 2320 diebus
1131 2271 1461 2319 sanctorum
1546 2263 1700 2319 festis
1755 2264 1863 2318 sub

169 2353 464 2411 exercitus
519 2352 794 2409 scholaris
853 2368 1098 2410 censura
1152 2354 1414 2423 cogebar,
1476 2363 1528 2408 et
1586 2352 1745 2408 nullo
1775 2353 1865 2408 die

168 2442 288 2499 ullo
322 2442 421 2496 vix
469 2449 721 2511 tempore
755 2441 1020 2497 feriatum
1054 2456 1142 2496 me
1185 2455 1306 2496 esse
1342 2440 1564 2507 licebat,
1620 2454 1686 2495 ac
1728 2441 1862 2496 uui-

167 2531 334 2586 mode
374 2544 596 2600 semper
629 2531 700 2585 ad
735 2530 1039 2585 subeunda
1071 2530 1260 2586 studia
1314 2529 1689 2599 perurgebar.
1739 2529 1863 2598 Ipse

166 2627 362 2675 autem
397 2634 487 2674 tne
526 2618 710 2674 solum
763 2618 1117 2674 edocendum
1173 2617 1511 2687 suscipiens,
1550 2616 1858 2684 neminem,

165 2708 348 2762 alium
381 2721 552 2778 quem
584 2708 827 2770 doceret,
865 2707 1306 2776 permittebatur
1326 2706 1555 2761 habere.

243 2796 313 2850 Et
341 2811 470 2850 cum
515 2795 656 2850 mihi
687 2795 765 2850 ita
798 2795 1075 2850 institeret
1108 2794 1200 2864 [f.,
1241 2793 1565 2862 insisteret],
1599 2799 1653 2848 et
1699 2792 1863 2864 inge-

167 2883 393 2939 niolum
427 2897 618 2938 meum
645 2897 763 2952 prie
788 2891 946 2938 tanta
975 2883 1248 2938 instantia
1280 2882 1532 2952 quisque
1557 2882 1866 2937 adintuens

1979 500 2195 555 vicacia
2239 503 2291 556 in
2344 503 2687 572 cogitatione
2739 505 2997 573 qualibet
3049 505 3334 563 laboranti
3391 509 3671 565 constabit

1976 589 2226 660 ingenio.
2259 591 2397 647 lude
2428 592 2622 661 itaque
2656 591 2894 648 intensis
2929 594 3267 652 unicuilibet
3298 597 3379 652 rei
3402 599 3672 657 cordibus

1975 676 2396 734 vicissitudines
2444 679 2827 736 intentionum
2878 682 3165 738 credimus
3194 683 3568 752 adhibendas,
3609 698 3671 745 ut

1974 763 2114 819 dum
2163 763 2390 820 diversa
2425 765 2750 822 alternatim
2786 775 2972 823 mente
3002 776 3335 838 tractamus,
3382 773 3452 827 ad
3486 789 3668 831 unum

1973 852 2067 906 cui
2114 852 2470 922 potissimum
2518 855 2749 910 animus
2781 856 2960 926 attigi,
3020 859 3188 927 quasi
3217 873 3289 914 ex
3323 860 3545 917 indulto
3578 878 3668 918 re-

1972 940 2216 996 creati...
2269 942 2532 998 noviores
2572 943 2892 999 redeamus.
2930 944 3147 1001 Habeat
3180 947 3430 1017 denique
3487 949 3670 1006 lassa-

1972 1028 2171 1084 bunda
2202 1029 2507 1099 aliquoties
2539 1039 2747 1086 natura
2775 1033 2883 1088 sub
2919 1033 3119 1104 aliqua
3147 1035 3236 1090 sui
3267 1037 3452 1105 operis
3484 1041 3670 1095 varie-

1973 1124 2087 1172 tate
2113 1117 2451 1173 remedium.
2498 1119 2886 1175 Recordemur
2939 1123 3120 1177 Deum
3154 1137 3270 1178 non
3304 1125 3669 1183 uniformiter

1977 1204 2289 1261 instituisse
2312 1206 2611 1272 szeculum,
2653 1207 2749 1262 sed
2775 1208 2884 1263 sub
2914 1209 3117 1265 diebus
3149 1223 3216 1266 ac
3249 1214 3524 1278 noctibus,
3572 1216 3670 1270 sed

1971 1293 2080 1348 sub
2113 1308 2246 1348 vere
2277 1308 2343 1348 ac
2372 1302 2585 1362 aestate,
2637 1295 2746 1350 sub
2776 1306 3080 1365 autumno,
3117 1307 3172 1354 et
3225 1301 3426 1367 hieme,
3472 1311 3668 1358 muta-

1971 1382 2227 1439 tionibus
2256 1398 2359 1438 nos
2379 1383 2688 1440 oblectasse
2714 1392 3059 1456 temporum.
3092 1388 3293 1444 Videat
3317 1404 3453 1461 ergo
3495 1393 3668 1461 quis-

1967 1485 2098 1540 que,
2134 1471 2225 1526 cui
2287 1486 2494 1526 nomen
2528 1472 2788 1543 magistri
2827 1475 3158 1541 ascribitur,
3192 1477 3443 1546 qualiter
3475 1481 3665 1536 mode-

1969 1565 2130 1613 retur
2185 1558 2515 1627 disciplinas
2577 1573 2887 1628 puerorum
2930 1575 2996 1615 ac
3037 1563 3342 1631 juvenum,
3377 1566 3516 1634 quia
3559 1582 3672 1622 non

1974 1644 2137 1700 aliter
2187 1647 2540 1702 aestimamus
2596 1649 2944 1715 tractandos,
3005 1650 3062 1704 iu
3141 1652 3355 1720 quibus
3416 1656 3672 1722 gravitas

1976 1734 2233 1803 plenaria
2264 1735 2416 1803 viget
2445 1735 2615 1791 etiam
2657 1751 2816 1791 more
2853 1751 3076 1793 senum.

2038 1820 2215 1876 Rudis
2241 1826 2296 1875 et
2326 1820 2568 1893 ignarus
2606 1823 2866 1877 Guiberti
2891 1826 3253 1898 paedagogus.
3300 1858 3368 1867 —
3394 1829 3535 1885 Erat
3566 1831 3670 1902 igi-

1974 1916 2070 1964 tur
2102 1909 2321 1964 homini
2359 1910 2437 1964 illi
2473 1925 2644 1979 penes
2677 1925 2764 1966 me
2795 1927 2982 1968 saevus
3015 1928 3196 1981 amor,
3236 1930 3350 1971 non
3386 1918 3476 1986 [[2,
3512 1921 3668 1989 nam]

1971 1998 2235 2052 nimietas
2283 1998 2602 2053 severitatis
2664 2000 2721 2053 in
2781 1999 2992 2070 injusto
3046 2002 3355 2058 videbatur
3404 2006 3668 2076 verbere;

1970 2084 2258 2140 eminebat
2311 2094 2501 2140 tamen
2579 2087 2750 2142 totius
2797 2087 3093 2158 diligentia
3135 2091 3550 2148 observationis
3611 2095 3671 2150 in

1971 2187 2156 2242 opere.
2193 2172 2380 2228 Minus
2432 2174 2600 2243 plane
2659 2175 2830 2244 digne
2879 2175 3252 2245 vapulabam,
3287 2180 3426 2248 quia
3473 2180 3520 2234 si
3553 2183 3670 2251 ipse

1971 2261 2207 2316 haberet
2240 2276 2418 2331 quam
2453 2262 2829 2331 profitebatur
2886 2264 3122 2320 docendi
3152 2267 3434 2335 peritiam,
3466 2283 3667 2324 eorum

1973 2349 2242 2418 profecto,
2286 2364 2416 2419 qua:
2469 2358 2616 2405 recte
2662 2349 2914 2418 dixisset,
2948 2350 3160 2420 optime
3208 2367 3307 2422 pro
3357 2369 3534 2423 puero
3564 2369 3665 2411 ea-

1972 2450 2085 2505 pax
2114 2451 2291 2493 eram.
2332 2437 2437 2494 Sed
2483 2439 2623 2508 quia
2654 2439 2888 2493 minime
2931 2453 3004 2494 ex
3056 2443 3339 2496 sententia
3389 2442 3668 2513 loqueba-

1974 2533 2086 2591 tur,
2117 2533 2172 2580 et
2217 2525 2324 2581 sibi
2356 2525 2689 2581 nullatenus
2749 2528 2996 2596 patebat,
3021 2529 3176 2598 quod
3205 2544 3544 2599 expromere
3578 2533 3666 2587 ni-

1973 2613 2200 2669 tebatur
2251 2614 2405 2669 circa
2434 2614 2624 2679 vilem,
2654 2614 2747 2669 sed
2776 2630 2887 2669 non
2919 2615 3202 2685 patulum,
3237 2619 3337 2687 qui
3370 2619 3566 2691 colligi
3596 2621 3668 2677 ab

1971 2714 2038 2755 eo
2069 2715 2184 2755 non
2216 2707 2452 2770 poterat,
2483 2701 2694 2756 nedum
2741 2702 2999 2773 intelligi,
3031 2704 3240 2760 faceret
3269 2707 3488 2772 orbem,
3538 2709 3664 2779 ejus

1974 2787 2224 2844 inaniter
2280 2787 2474 2844 fabula
2526 2790 2885 2845 versabatur.
2938 2791 3118 2847 Rudis
3165 2794 3318 2848 enim
3348 2794 3406 2849 in
3441 2801 3667 2851 tantum

1973 2876 2176 2944 fuerat,
2213 2883 2275 2931 ut
2305 2875 2460 2946 quod
2493 2876 2833 2932 male-semel
2863 2879 3006 2948 jam,
3039 2888 3101 2934 ut
3134 2881 3451 2950 praelibavi,
3493 2897 3668 2954 gran-

165 2971 373 3028 exacui
403 2972 722 3040 plurimum
745 2971 1018 3037 crederet,
1055 2985 1180 3040 spes
1211 2971 1470 3026 omnium
1505 2970 1857 3025 cessabatur.
1902 2985 1943 3040 ρ
1974 2964 2173 3020 daevus
2215 2963 2507 3030 hauserat,
2534 2964 3000 3036 incorrigibiliter
3025 2969 3315 3035 retineret,
3347 2979 3400 3025 et
3433 2971 3476 3024 si
3527 2971 3668 3040 quid

169 3059 434 3114 Dictandi
465 3059 640 3126 enim,
671 3072 740 3113 ac
769 3058 1127 3114 versiﬁcandi
1163 3059 1235 3113 ad
1279 3059 1567 3128 integrum
1616 3057 1866 3113 scientize

163 3162 377 3218 expers
406 3155 546 3203 erat.
585 3148 810 3203 Interea
833 3161 985 3203 saeva
1030 3147 1144 3203 fere
1178 3147 1433 3216 quotidie
1465 3146 1764 3216 alaparum
1800 3160 1868 3200 ac

165 3236 479 3292 verborum
507 3235 790 3306 grandine
823 3235 1142 3306 lapidabar,
1203 3235 1343 3290 dum
1377 3235 1494 3304 ipse
1523 3249 1610 3290 me
1641 3241 1868 3304 cogeret

165 3324 407 3392 discere,
442 3338 572 3395 qua:
601 3323 800 3380 docere
829 3325 1189 3394 nequiverat.

241 3412 461 3466 Parum
483 3429 553 3467 ea
581 3413 651 3468 de
678 3428 739 3468 re
765 3412 828 3466 in
867 3410 1096 3479 litteris,
1138 3412 1386 3468 multum
1412 3427 1542 3465 vero
1559 3408 1621 3464 in
1645 3426 1867 3464 morum

162 3502 464 3557 honestate
489 3496 744 3573 proﬁcit.
785 3501 890 3567 Qui
938 3499 1274 3572 improbiori
1297 3498 1492 3555 studio
1521 3498 1750 3553 animus
1778 3514 1869 3568 op-

157 3589 443 3662 primitur
459 3589 776 3646 hebetatur.
810 3620 879 3628 —
903 3590 1053 3644 Duxi
1077 3589 1232 3657 apud
1261 3602 1396 3644 eum
1427 3587 1535 3643 sub
1567 3587 1674 3642 hac
1708 3585 1864 3640 inani

163 3679 571 3735 colluctatione
630 3678 803 3734 ferme
850 3677 1214 3743 sexennium,
1275 3676 1372 3731 sed
1403 3675 1546 3730 nihil
1579 3680 1864 3744 quantum

165 3769 244 3823 ad
305 3774 529 3823 tantum
575 3774 800 3836 tempus
848 3766 1050 3822 attinet
1096 3765 1229 3820 inde
1276 3764 1460 3820 extuli
1500 3777 1686 3833 operte
1731 3777 1865 3831 pre—

169 3856 339 3912 tium.
396 3855 556 3910 Alias
608 3863 799 3910 autem
853 3862 1139 3924 quantum
1207 3853 1277 3908 ad
1337 3851 1511 3908 totius
1555 3850 1867 3906 honestatis

167 3943 570 4000 rudimentum
601 3951 854 4012 spectare
884 3941 1257 4012 dignoscitur,
1291 3939 1371 3994 nil
1430 3939 1536 3998 fuit
1567 3938 1720 4008 quod
1751 3952 1866 3993 non

167 4032 315 4088 meis
372 4032 721 4088 utilitatibus
783 4031 1170 4100 impendisset.
1215 4027 1506 4098 Quidquid
1553 4027 1863 4093 modestim,

165 4120 464 4190 quidquid
525 4120 824 4190 pudicum,
886 4132 952 4174 ac
981 4117 1284 4173 exterioris
1310 4115 1606 4186 elegantize
1646 4112 1754 4170 fuit
1802 4129 1867 4170 eo

166 4207 501 4263 ﬁdelissime
540 4215 595 4263 et
637 4213 903 4261 amanter
933 4219 1022 4260 me
1053 4204 1279 4260 imbuit.
1335 4203 1441 4258 Sed
1473 4215 1678 4272 parum
1711 4201 1865 4270 pensi

1975 3049 2312 3120 improvide,
2356 3059 2418 3108 ut
2457 3053 2538 3107 sic
2568 3053 2776 3121 dicam,
2813 3054 3073 3124 hisceret,
3107 3072 3214 3113 sua
3259 3059 3454 3114 omnia
3501 3073 3670 3115 sensa

1975 3139 2309 3195 authentica
2381 3141 2693 3210 aestimans,
2773 3149 3031 3199 tueretur
3108 3152 3282 3214 atque
3344 3146 3670 3203 defenderet

1976 3227 2193 3298 plagis;
2227 3229 2323 3284 sed
2358 3235 2529 3284 tantae
2569 3228 2766 3298 procul
2797 3230 2972 3286 dubio
2996 3233 3294 3301 vecordiae,
3332 3243 3393 3291 ut
3419 3235 3670 3292 arbitror

1976 3316 2314 3384 pepercisset
2348 3317 2479 3388 (36),
2537 3318 2877 3388 priusquam
2933 3321 3108 3387 enim,
3145 3321 3225 3376 ait
3271 3323 3468 3378 doctor
3495 3322 3666 3393 idem,

1975 3417 2152 3473 quam
2163 3403 2457 3460 scientiam
2479 3413 2687 3460 natura
2709 3407 3058 3474 combiberit,
3081 3423 3193 3464 non
3213 3411 3539 3480 majorisest
3555 3413 3671 3484 glu-

1975 3491 2077 3546 riae
2107 3490 2320 3547 dixisse
2341 3492 2499 3561 quod
2527 3494 2756 3548 noveris
2778 3509 2955 3564 quam
2979 3497 3224 3552 tacuisse
3242 3499 3393 3567 quod
3418 3500 3660 3555 nescias.

2045 3578 2184 3633 Cum
2237 3578 2381 3634 dure
2416 3579 2612 3648 itaque
2667 3580 2726 3634 in
2781 3596 2870 3637 me
2903 3583 3294 3652 ulcisceretur,
3339 3587 3479 3656 quia
3511 3589 3667 3657 quod

1974 3658 2264 3714 nesciebat
2318 3660 2434 3730 ipse
2467 3661 2765 3728 nescirem,
2820 3665 3289 3733 perpendendum
3347 3668 3454 3723 sibi
3503 3670 3668 3738 plane

1973 3754 2114 3814 erat,
2148 3747 2287 3818 quia
2319 3749 2454 3804 mali
2487 3749 2802 3819 plurimum
2841 3751 3046 3818 fuerat,
3079 3768 3212 3808 cum
3260 3769 3294 3809 a
3323 3751 3509 3826 fragili
3541 3758 3666 3813 exi-

1973 3842 2129 3905 geret
2189 3837 2536 3905 pectusculo,
2597 3839 2751 3908 quod
2786 3854 2901 3894 non
2958 3838 3260 3896 indiderat.
3320 3842 3477 3900 Sicut
3513 3847 3665 3900 enim

1975 3923 2151 3978 verba
2180 3924 2496 3980 amentium
2521 3927 2690 3981 etiam
2721 3941 2754 3980 a
2784 3928 3024 3983 sensatis
3055 3928 3243 4000 colligi
3279 3939 3379 3986 aut
3405 3933 3528 4001 vix,
3567 3943 3668 3990 aut

1975 4011 2135 4068 nullo
2168 4013 2334 4069 modo
2363 4022 2618 4083 possunt,
2656 4015 2735 4070 ita
2791 4029 2988 4072 eorum
3020 4017 3192 4085 dicta,
3252 4021 3353 4090 qui
3403 4023 3670 4079 nesciunt

1975 4108 2028 4156 et
2055 4101 2196 4156 scire
2235 4115 2291 4157 se
2310 4110 2593 4170 asserunt,
2627 4111 2681 4158 et
2715 4102 2840 4158 aliis
2871 4105 3128 4172 tradunt,
3163 4121 3237 4162 ex
3275 4122 3380 4164 sua
3412 4108 3668 4179 ipsorum

1974 4189 2382 4259 explanatione
2413 4191 2833 4247 tenebrescunt.
2874 4191 2963 4247 Nil
2993 4193 3146 4248 enim
3177 4193 3468 4252 difﬁcilius
3505 4198 3670 4256 inve—

161 4311 237 4352 ac
276 4302 416 4350 43.
472 4296 753 4352 moderati
786 4295 842 4349 in
873 4309 938 4349 eo
968 4308 1102 4349 eum
1137 4292 1406 4348 habuisse
1464 4291 1610 4346 facto
1668 4291 1727 4345 in
1778 4303 1867 4345 me
1904 4277 1948 4332 D
1979 4276 2104 4330 nias
2127 4290 2302 4346 quam
2335 4278 2379 4332 si
2411 4278 2552 4333 velis
2594 4279 2870 4335 disserere
2927 4281 3081 4350 quod
3142 4283 3382 4351 nescias,
3434 4285 3669 4341 discenti

163 4385 426 4456 periculo
457 4385 734 4455 persensi,
767 4383 922 4454 quod
963 4381 1131 4453 quasi
1162 4381 1403 4437 obtentu
1433 4378 1686 4435 discendi
1720 4379 1869 4434 irre-

160 4472 525 4529 missibiliter
579 4485 667 4527 me
726 4485 792 4525 ac
857 4469 1149 4540 negotiose
1207 4467 1468 4538 urgebat.
1530 4466 1654 4534 Quo
1711 4466 1868 4522 enim

162 4569 378 4632 praeter
409 4561 646 4616 modum
675 4573 790 4614 non
825 4558 950 4614 dico
982 4557 1239 4627 puerilis,
1273 4569 1475 4611 verum
1525 4555 1714 4611 omnis
1761 4553 1870 4610 ho-

160 4650 399 4706 minum
432 4655 647 4704 natura
702 4645 1090 4703 meditationis
1139 4643 1471 4700 assiduitate
1502 4641 1868 4708 distenditur,

158 4753 234 4796 eo
286 4737 536 4807 amplius
588 4736 909 4801 hebetatur,
957 4741 1012 4790 et
1068 4747 1184 4803 quo
1236 4731 1552 4788 ferventius
1590 4731 1661 4785 ad
1693 4729 1869 4785 studii

160 4823 660 4896 perseverantiam
716 4818 1035 4876 acrimonia
1094 4817 1300 4874 mentis
1329 4816 1584 4888 ignescit,
1634 4829 1698 4871 eo
1725 4814 1871 4870 viri~

162 4915 285 4970 bus
310 4927 383 4968 ex
415 4912 709 4967 nimietate
739 4909 1016 4977 subactis,
1049 4921 1121 4963 ex
1150 4906 1339 4977 rigore
1371 4905 1429 4960 in
1466 4902 1870 4959 lentitudinem

162 5015 380 5058 versus
408 4999 639 5054 animus
663 5010 1088 5068 usquequaque
1123 4993 1370 5063 tepescit.

243 5086 676 5144 Exerciliorum
704 5083 1155 5140 viscissitudines
1174 5079 1503 5137 adhibenda.o
1534 5078 1619 5133 uti
1647 5076 1875 5132 acutior

155 5181 280 5250 ﬁat
305 5177 654 5232 intellectus.
696 5205 764 5214 —
785 5174 1025 5230 Necesse
1045 5180 1128 5228 est
1158 5171 1337 5242 igitur
1361 5168 1658 5224 involucro
1684 5167 1876 5222 adhuc

165 5267 435 5336 corporis
467 5271 855 5335 aggravatum
895 5275 1063 5333 agere
1092 5257 1467 5329 temperatius
1498 5254 1869 5322 intellectum,

167 5356 321 5427 quia
359 5354 406 5410 si
443 5352 734 5409 silentium
789 5351 933 5405 hora
979 5347 1169 5404 media
1212 5346 1273 5401 tit
1331 5345 1387 5398 in
1423 5341 1582 5409 coelo,
1643 5349 1707 5397 ut
1755 5355 1874 5397 non

170 5443 359 5515 possit
385 5443 553 5512 vigor
585 5439 914 5496 irremissus
956 5436 1096 5492 dum
1136 5433 1452 5500 advivitur,
1515 5428 1875 5499 contempla-

249 5565 370 5638 (36)
400 5563 669 5622 Nonnihil
695 5563 790 5619 hic
808 5559 1187 5618 desideratur.

1977 4364 2211 4433 quidem
2234 4365 2568 4433 obscurum,
2601 4366 2906 4422 obscurius
2934 4367 3213 4436 audienti,
3253 4384 3369 4426 non
3412 4387 3577 4428 secus
3603 4387 3669 4427 ac

1977 4452 2024 4505 si
2057 4450 2302 4520 lapidem
2360 4458 2606 4521 uterque
2653 4453 2872 4509 reddat.
2932 4455 3051 4511 Hoc
3101 4455 3246 4524 dico,
3283 4459 3435 4513 Deus
3484 4473 3667 4527 meus,

1977 4553 2092 4595 non
2125 4539 2278 4609 quod
2307 4547 2500 4595 notam
2532 4547 2688 4596 tanto
2719 4542 2903 4597 amico
2944 4543 3194 4610 inuram,
3238 4545 3337 4600 sed
3377 4553 3440 4601 ut
3466 4546 3672 4602 intelli-

1977 4634 2073 4698 gat
2127 4627 2376 4697 quisque
2449 4628 2550 4698 qui
2611 4629 2762 4700 legit,
2816 4644 2887 4685 ne
2943 4631 3229 4701 quidquid
3294 4640 3670 4691 autumamus

1978 4729 2082 4784 pro
2135 4718 2290 4770 certo
2337 4715 2539 4772 docere
2621 4717 2884 4784 velimus,
2946 4732 3133 4788 neque
3205 4720 3669 4791 conjecturarum

1977 4809 2308 4858 nostrarum
2354 4803 2582 4859 nebulis
2637 4813 2692 4860 et
2754 4805 2897 4860 alios
2956 4805 3343 4864 involvamus.
3392 4810 3672 4881 Proposui

1975 4891 2131 4948 enim
2161 4899 2500 4961 praesentem
2547 4908 2650 4964 pro
2680 4894 2770 4950 sui
2823 4893 3098 4950 tenuitate
3131 4897 3430 4953 materiam
3458 4898 3548 4955 vel
3573 4913 3671 4955 ra-

1979 4981 2132 5036 tione
2157 4981 2412 5048 condire,
2447 4989 2511 5038 ut
2542 4982 2588 5038 si
2619 4984 2863 5039 alterum
2909 4983 3103 5039 minus
3150 4985 3591 5055 appretiandum
3620 4992 3676 5044 et

1980 5071 2179 5124 merito
2221 5077 2615 5139 computatur,
2671 5071 2916 5127 alterum
2977 5071 3281 5143 aliquoties
3330 5088 3517 5144 opera:
3548 5089 3673 5145 pre-

1981 5155 2125 5212 tium
2156 5156 2491 5214 aestimetur.

2639 5244 2871 5302 CAPUT
2912 5247 3004 5302 Vl.

2686 5247 2776 5300 AP
2993 5289 3004 5301 .

2053 5333 2393 5390 Guibertum
2416 5247 2695 5406 magistr:
2713 5247 2991 5391 inlitu);
2993 5336 3234 5405 ferebat
3265 5355 3276 5395 :
3300 5338 3395 5396 cui
3425 5344 3478 5398 et
3489 5342 3592 5398 ille
3610 5343 3677 5400 in

1981 5439 2176 5479 amore
2204 5423 2602 5495 respondebat.
2643 5453 2712 5463 --
2736 5425 3010 5489 Quamvis
3036 5440 3174 5498 ergo
3199 5435 3359 5486 tanta
3391 5445 3479 5488 me
3513 5445 3678 5489 seve—
