3902 6082
293 286 394 356 847

1178 295 1244 353 ν.
1285 294 1623 356 GUIBERTI
1659 295 1955 353 ABBATIS
1990 294 2048 353 S.
2091 297 2331 355 ΜΑΒΙᾸΞ
2372 295 2463 355 DE
2507 293 2906 353 NOVIGENTO

3688 293 3790 347 848

294 434 461 491 ritate
489 432 848 504 deprimeret,
882 430 1023 486 alias
1053 436 1246 486 tamen
1299 429 1574 485 omnibus
1617 428 1801 485 modis
1850 441 1985 497 pro-
2022 433 2071 486 A
2099 428 2227 495 scis,
2297 434 2583 498 quantum
2644 426 2716 482 ab
2748 426 2856 482 hac
2886 438 3011 481 mea
3058 423 3424 496 postmodum
3482 421 3791 479 intentione

295 524 556 592 patulum
609 521 869 587 faciebat,
924 519 1077 588 quod
1128 532 1221 581 me
1257 531 1398 587 pene
1440 533 1553 572 non
1584 518 1695 572 alia
1722 531 1899 588 quam
1931 531 1990 573 se

293 610 571 667 charitate
599 608 879 678 diligeret.
912 607 1066 662 Adeo
1106 620 1308 676 nempe
1337 605 1496 677 vigili
1542 606 1683 661 mihi
1709 604 1989 661 sollicitu-

292 699 425 755 dine
474 697 873 766 incumbebat;
934 696 1074 751 adeo
1107 703 1338 765 propter
1392 694 1781 764 quorumdam
1832 692 1988 748 invi-

291 787 514 843 dentias
543 785 713 841 saluti
755 799 894 840 mea)
926 783 1280 854 providebat,
1314 782 1595 838 obsoletos
1633 782 1985 852 aliquorum,

292 875 394 947 qui
454 873 594 930 mihi
651 872 1131 938 observabantur,
1196 884 1401 937 mores,
1453 878 1674 941 quanta
1728 882 1989 924 caverem

291 964 634 1020 auctoritate
721 960 989 1027 docebat;
1066 967 1311 1015 matrem
1408 973 1580 1029 super
1674 957 1991 1013 cultissimo

292 1066 555 1109 mearum
578 1051 825 1107 vestium
855 1056 1140 1120 apparatu
1175 1048 1451 1118 tantisper
1480 1047 1746 1118 urgebat,
1781 1053 1844 1101 ut
1873 1059 1989 1100 non

292 1140 613 1213 paedagogi,
646 1139 744 1195 sed
790 1137 1063 1209 parentis,
1104 1151 1221 1193 non
1266 1136 1518 1206 corporis
1564 1136 1674 1190 mei
1726 1133 1986 1200 tutelam,

292 1230 390 1286 sed
438 1228 646 1284 animae
676 1240 876 1284 curam
910 1239 1079 1297 agere
1127 1232 1452 1296 putaretur.
1516 1223 1650 1281 Mihi
1682 1237 1818 1279 vero
1859 1221 1990 1278 licet

294 1332 396 1389 pro
444 1323 612 1373 aetate
651 1314 839 1372 hebeti
900 1322 1075 1385 atque
1140 1312 1360 1383 pusiolo
1409 1319 1570 1368 tanta
1622 1324 1801 1381 penes
1855 1324 1990 1366 eum

290 1405 630 1462 vicissitudo
674 1405 888 1460 amoris
935 1403 1263 1467 incesserat,
1308 1400 1438 1457 licet
1488 1399 1669 1472 gratis
1705 1398 1991 1455 multoties

292 1494 608 1552 cuticulam
669 1505 854 1548 meam
928 1491 1124 1548 multis
1176 1489 1462 1546 vibicibus
1494 1488 1874 1559 proculcaret,
1925 1493 1991 1543 ut

293 1598 411 1639 non
465 1589 642 1647 metu,
695 1580 797 1649 qui
850 1580 908 1635 in
939 1578 1214 1650 aequaevis
1258 1578 1480 1644 assolet,
1515 1576 1611 1633 sed
1652 1576 1841 1632 nescio
1873 1589 1989 1645 quo

295 1670 630 1728 medullitus
683 1669 853 1725 insito
908 1682 1123 1733 amore,
1165 1667 1215 1722 ei
1264 1666 1442 1721 totius
1487 1665 1613 1736 ejus
1670 1662 1990 1733 asperitatis

296 1760 510 1815 oblitus
539 1758 903 1827 obsequerer.
940 1756 1133 1812 Multis
1161 1762 1311 1811 certe
1341 1753 1552 1823 saepius
1581 1751 1991 1822 experimentis

299 1846 448 1901 idem
502 1859 593 1900 me
640 1843 931 1914 magister,
989 1850 1286 1913 materque
1324 1848 1640 1908 tentarunt,
1674 1854 1804 1896 cum
1836 1839 1990 1895 debi-

301 1941 423 1989 tum
452 1947 539 1988 me
582 1932 687 1988 sibi
731 1932 1039 2002 utrobique
1073 1932 1329 1987 timorem
1362 1943 1530 2000 aeque
1564 1929 1863 1984 redhibere
1906 1926 1993 1983 vi-

297 2021 518 2083 derent,
576 2029 773 2076 utrum
838 2021 949 2076 sub
996 2019 1172 2075 unius
1220 2020 1299 2075 rei
1350 2019 1587 2088 imperio
1647 2017 1992 2073 alterutrum

300 2106 565 2176 praeferre
598 2120 1022 2177 praesumerem.

369 2194 572 2250 Incidit
612 2195 839 2249 tandem
871 2194 1113 2261 occasio,
1166 2193 1225 2250 in
1258 2208 1376 2263 qua
1431 2200 1637 2249 neutro
1662 2205 1860 2248 eorum
1894 2205 1995 2247 su—

299 2296 401 2351 per
434 2283 767 2354 hujusmodi
796 2283 937 2353 quid
987 2290 1191 2354 agente
1224 2282 1438 2338 factum
1491 2281 1744 2338 constitit
1773 2280 1994 2351 absque

300 2370 420 2426 ulla
444 2371 820 2442 ambiguitate
860 2371 1201 2441 periculum.
1251 2370 1445 2426 Semel.
1468 2369 1526 2425 in
1569 2368 1764 2425 schola
1807 2381 1991 2438 vapu-

300 2459 804 2530 laveram;schola
855 2468 1047 2515 autem
1074 2473 1188 2515 non
1236 2459 1347 2514 alia
1399 2465 1524 2514 erat
1571 2471 1747 2528 quam
1808 2457 1992 2527 quod-

301 2548 434 2604 dam
459 2548 665 2605 domus
694 2556 904 2605 nostrae
945 2548 1280 2604 triclinium.
1323 2546 1582 2602 Aliorum
1611 2545 1787 2614 enim,
1847 2559 1994 2615 quos

302 2636 616 2706 aliquando
646 2637 859 2693 docens
899 2643 1218 2705 acceperat,
1272 2635 1381 2691 mei
1417 2634 1593 2691 solius
1622 2646 1798 2690 causa
1824 2647 1994 2689 curas

294 2724 622 2781 obmiserat.
657 2725 746 2780 Sic
770 2724 923 2779 enim
973 2732 1141 2780 aucto
1174 2731 1404 2794 questu,
1445 2731 1501 2778 et
1555 2721 1837 2777 delatione
1885 2721 1993 2776 ho-

294 2812 453 2867 noris
500 2813 754 2881 prudens
791 2812 864 2867 ab
903 2825 971 2868 eo
1010 2819 1193 2867 mater
1237 2818 1526 2881 exegerat.
1577 2809 1771 2865 Soluto
1817 2808 1995 2880 igitur

294 2900 637 2970 vespertinis
665 2899 1016 2970 quibusdam
1050 2900 1206 2954 horis
1228 2899 1625 2969 qualicunque
1657 2897 1749 2952 illo
1781 2898 1992 2966 studio,

2100 515 2458 581 desciverim,
2510 524 2565 571 et
2618 528 2792 585 quam
2842 512 3279 569 luctuabundus
3322 513 3393 568 ad
3423 512 3616 567 divina
3658 525 3791 581 pro-

2099 605 2383 672 cesserim,
2416 603 2690 674 quodque
2729 609 2890 658 actus
2930 601 3266 657 verberibus
3295 601 3399 656 vix
3432 601 3625 664 adesse
3651 614 3793 655 cou-

2099 693 2394 750 senserim.
2430 694 2611 748 Erant
2659 691 2849 762 plane,
2897 690 3153 757 Domine,
3187 704 3304 745 non
3358 688 3653 760 religionis
3681 703 3787 744 cu-

2095 782 2371 853 juspiam,
2431 781 2533 851 qui
2588 794 2659 836 ex
2718 779 2915 850 aliqua
2954 778 3443 834 intellectualitate
3479 777 3792 833 descende-

2099 879 2247 937 rent,
2333 869 2429 925 sed
2499 867 2747 938 pueriles
2824 867 3081 937 quidam,
3153 867 3253 937 qui
3314 873 3450 921 tunc
3513 864 3794 935 cogebant

2099 959 2362 1028 impetus.
2407 959 2478 1012 At
2510 964 2813 1027 postquam
2851 954 3230 1011 adolescentia
3259 954 3533 1025 ingenitae
3582 952 3796 1023 nequi-
3872 1002 3873 1031 λ

2103 1048 2191 1103 tite
2236 1046 2357 1117 jam
2411 1044 2597 1112 ell‘eta,
2647 1044 3019 1114 conceptibus
3073 1057 3192 1099 sese
3234 1043 3294 1098 in
3348 1042 3524 1099 totius
3555 1041 3793 1112 pudoris

2099 1135 2313 1190 damna
2342 1132 2647 1204 proripuit,
2676 1139 2844 1187 vetus
2874 1131 2971 1187 illa
2989 1130 3212 1186 devotio
3245 1144 3480 1200 prorsus
3507 1129 3791 1185 extabuit.

2099 1222 2221 1278 Etsi
2276 1223 2348 1278 ad
2402 1222 2624 1287 horam,
2687 1220 2839 1276 Deus
2893 1234 3078 1288 meus,
3145 1220 3294 1276 bona
3368 1219 3658 1287 voluntas,
3684 1219 3796 1273 imo

2098 1310 2413 1368 similitudo
2460 1310 2627 1365 bonze
2681 1307 3001 1364 voluntatis
3054 1307 3179 1362 visa
3236 1314 3319 1363 est
3385 1305 3792 1371 excauduisse,

2099 1398 2478 1470 pessimarum
2560 1396 2976 1467 cogitationum
3047 1395 3333 1452 imbribus
3396 1394 3795 1451 obnubilatam

2100 1501 2237 1544 mox
2267 1486 2522 1558 contigit,
2553 1484 2847 1541 decidisse.

2746 1572 2980 1631 CAPUT
3020 1571 3144 1629 VII.

2170 1663 2525 1731 Beneﬁcium
2553 1662 2647 1717 illi
2673 1665 2862 1716 mater
2880 1664 3122 1715 conatur
3148 1659 3420 1715 oblinere.
3446 1688 3516 1700 —
3541 1657 3638 1730 (π)
3660 1658 3797 1716 Cou-

2103 1752 2371 1809 tendebat
2406 1751 2658 1822 denique
2708 1758 2891 1806 mater
2935 1763 3063 1805 mea
3109 1748 3528 1805 ecclestiasticis
3570 1762 3661 1803 me
3702 1748 3794 1803 be-

2100 1840 2317 1898 neﬁciis
2352 1854 2590 1910 quoquo
2642 1845 2807 1909 pacto
2864 1838 3131 1894 inserere.
3168 1838 3359 1892 Prima
3402 1836 3585 1907 igitur
3615 1837 3793 1892 inser-

2102 1927 2272 1983 tionis
2300 1941 2477 1984 causa
2507 1942 2621 1982 non
2664 1928 2829 1983 modo
2883 1925 3053 1994 mala,
3115 1927 3211 1981 sed
3243 1933 3297 1982 et
3325 1925 3545 1981 nefaria
3582 1925 3796 1981 exstitit

2103 2016 2581 2072 Adolescentulus
2615 2016 2792 2071 frater
2820 2030 2982 2071 meus
3011 2014 3251 2085 quidam
3279 2028 3477 2087 eques,
3510 2020 3564 2070 et
3599 2014 3793 2069 muni-

2104 2119 2232 2175 ceps
2286 2105 2654 2161 Clarimontis
2712 2104 2884 2160 castri
2934 2104 3073 2175 (3’7),
3134 2104 3250 2160 duo
3305 2110 3437 2159 ante
3466 2104 3595 2173 ejus
3642 2101 3796 2172 quod

2104 2195 2253 2250 inter
2297 2194 2711 2264 Compendium
2772 2200 2947 2263 atque
2998 2193 3361 2248 Bellovacum
3408 2193 3583 2247 situm
3615 2198 3721 2251 est.
3765 2204 3800 2245 a

2102 2283 2333 2339 domino
2392 2282 2571 2352 ipsius
2626 2282 2843 2353 oppidi,
2896 2281 3088 2337 nescio
3128 2288 3323 2337 utrum
3384 2279 3665 2345 donativi,
3699 2293 3799 2334 seu

2103 2371 2339 2427 feodalis
2373 2370 2549 2426 debiti
2591 2370 2796 2442 gratia,
2830 2370 3053 2425 dandas
3099 2369 3463 2438 operiebatur
3504 2367 3794 2437 pecunias.

2102 2459 2363 2528 Cumque
2393 2457 2504 2513 illis
2556 2458 3006 2529 largiendorum,
3068 2465 3134 2513 ut
3162 2457 3390 2527 opinor,
3424 2455 3621 2525 inopia
3652 2468 3796 2525 prae-

2104 2546 2236 2602 bere
2263 2546 2526 2607 deferret.
2561 2546 2951 2616 quorumdam
3009 2553 3314 2616 parentum
3346 2558 3608 2600 meorum
3657 2559 3800 2598 con-

2102 2634 2227 2690 silio
2277 2634 2359 2690 illi
2405 2641 2743 2705 suggestum
2788 2642 2872 2691 est
2910 2641 2976 2690 ut
3023 2635 3378 2690 canonicam.
3424 2647 3602 2703 quam
3654 2647 3801 2703 prae-

2102 2723 2350 2780 bendam
2409 2723 2733 2786 nominant,
2800 2721 3049 2779 ecclesiae
3128 2721 3231 2778 loci
3280 2721 3431 2789 ilius,
3483 2735 3616 2791 qua;
3672 2722 3802 2791 ejus

2102 2812 2304 2869 ditioni
2341 2813 2545 2867 contra
2574 2810 2716 2867 scita
2740 2824 3029 2865 canonum
3056 2808 3409 2880 subjacebat,
3433 2809 3573 2865 mihi
3603 2808 3799 2874 daret;

2102 2908 2157 2957 et
2189 2914 2224 2955 a
2253 2899 2427 2955 fratre
2482 2913 2608 2955 meo
2666 2912 2837 2968 penes
2864 2911 2996 2954 eum
3046 2897 3495 2968 repetundarum
3524 2896 3804 2977 {molestia

295 2988 367 3044 ad
408 2995 669 3045 materna
700 2991 903 3059 genua
956 2987 1211 3058 graviter
1247 2987 1418 3041 etiam
1472 2993 1679 3057 praeter
1720 2985 1989 3041 meritum
2031 3007 2071 3063 ο
2098 2989 2218 3060 jam
2249 2995 2515 3045 cessaret.

296 3090 478 3133 caesus
515 3089 884 3132 accesseram.
933 3074 1072 3141 Quae
1117 3089 1248 3130 eum
1282 3088 1356 3130 an
1394 3088 1459 3131 eo
1491 3073 1851 3144 vapulassem
1877 3073 1988 3141 die,

297 3170 450 3219 τιατ
508 3172 571 3220 ut
619 3172 743 3220 erat
799 3163 982 3230 solita,
1040 3162 1292 3235 rogitare
1339 3163 1614 3233 ecepisset,
1647 3170 1701 3218 et
1748 3176 1873 3233 ego,
1919 3176 1991 3217 ne

296 3253 637 3323 magistrum
665 3252 934 3308 detulisse
965 3251 1207 3320 viderer,
1254 3252 1467 3307 factum
1523 3250 1759 3306 omnino
1808 3262 1991 3320 nega—

296 3354 441 3408 rem,
500 3341 645 3411 ipsa,
701 3340 903 3396 vellem
962 3341 1192 3407 nollem,
1245 3340 1456 3411 rejecta
1512 3339 1784 3404 interula,
1811 3352 1989 3408 quam

295 3429 665 3498 subuculam,
715 3428 827 3484 imo
884 3429 1179 3484 camisiam
1213 3436 1437 3495 vocant,
1478 3427 1717 3483 liventes
1749 3424 1991 3482 attendit

293 3517 528 3574 ulnulas
549 3516 818 3573 dorsiculi
847 3530 921 3573 ex
950 3517 1238 3572 viminum
1271 3516 1516 3572 illisione
1549 3523 1736 3571 cutem
1769 3514 1989 3585 ubique

294 3606 702 3677 prominulam.
730 3604 993 3675 Cumque
1038 3619 1178 3662 mem
1208 3604 1577 3661 teneritudini
1611 3605 1682 3659 ad
1742 3604 1987 3660 nimium

293 3708 442 3751 saeve
510 3694 726 3752 illatam
790 3693 1142 3749 visceraliter
1206 3693 1499 3760 doluisset,
1553 3692 1888 3749 turbulenta
1932 3700 1986 3748 et

291 3789 564 3848 aestuans,
614 3789 669 3837 et
716 3780 914 3837 oculos
967 3793 1209 3836 maerore
1258 3778 1527 3835 suffusa:
1581 3778 1983 3849 «Nunquam,

291 3870 390 3937 ait,
449 3870 717 3938 deinceps
790 3869 1034 3925 clericus
1083 3867 1200 3935 fies,
1248 3882 1353 3924 nec
1409 3875 1473 3924 ut
1532 3867 1748 3923 litteras
1798 3867 1986 3923 discas

292 3958 541 4013 ulterius
598 3970 797 4027 pcenas
843 3957 982 4013 lues.
1015 3978 1042 4005 »
1071 3957 1158 4012 Ad
1202 3956 1325 4013 hac
1378 3970 1483 4027 ego
1508 3969 1634 4012 eam
1692 3970 1822 4011 cum
1865 3970 1985 4027 qua

293 4051 550 4115 poteram
594 4044 1093 4099 animadversione
1142 4044 1449 4113 respiciens
1484 4059 1497 4098 :
1536 4066 1556 4093 ι
1594 4043 1669 4110 Si,
1722 4044 1981 4114 inquam,

290 4132 528 4202 proinde
559 4133 700 4187 mori
727 4133 1102 4202 contingeret,
1132 4147 1248 4188 non
1280 4133 1546 4189 desistam
1586 4133 1726 4204 quin
1766 4133 1984 4189 litteras

292 4220 533 4288 discam,
563 4227 619 4276 et
649 4220 891 4276 clericus
918 4220 1072 4277 liam.
1110 4243 1137 4270 ››
1159 4220 1503 4277 Promiserat
1531 4222 1684 4277 enim
1724 4222 1771 4277 si
1804 4236 1983 4292 eques

2170 3081 2248 3133 De
2265 3077 2524 3133 uxoratis
2540 3076 2916 3149 presbyteris.
2953 3106 3022 3115 —-
3061 3074 3153 3145 (’9)
3203 3077 3338 3131 Erat
3368 3088 3435 3131 ea
3465 3083 3802 3145 tempestate

2099 3180 2251 3222 nova
2296 3179 2472 3235 super
2542 3164 2805 3221 uxoratis
2856 3163 3204 3234 presbyteris
3264 3162 3589 3233 apostolica
3647 3164 3801 3220 sedis

2098 3253 2361 3319 invectio,
2396 3252 2553 3310 unde
2581 3259 2636 3309 et
2661 3252 2824 3324 vulgi
2855 3252 3092 3308 clericos
3118 3251 3353 3307 zelantis
3393 3259 3551 3307 tanta
3582 3252 3799 3308 adver-

2096 3356 2197 3398 sus
2248 3356 2344 3399 eos
2396 3341 2585 3398 rabies
2642 3340 2941 3408 aestuabat,
3005 3349 3070 3397 ut
3121 3348 3222 3396 aut
3263 3354 3361 3395 eos
3414 3340 3797 3396 ecclesiastico

2098 3430 2313 3501 privari
2374 3428 2670 3500 beneficio,
2713 3429 2804 3485 vel
2854 3428 3126 3485 abstineri
3196 3427 3531 3496 sacerdotio,
3592 3428 3795 3484 infesto

2095 3516 2300 3587 spiritu
2355 3517 2800 3575 conclamarent.
2862 3516 2948 3572 Ad
3002 3516 3125 3571 haec
3169 3515 3347 3585 patris
3400 3516 3509 3571 mei
3550 3516 3793 3585 quidam

2096 3620 2292 3676 nepos,
2350 3606 2440 3662 vir
2493 3620 2627 3662 suos
2669 3620 2801 3662 cum
2838 3606 3110 3675 potentia,
3145 3612 3268 3661 tum
3294 3603 3604 3674 prudentia
3637 3618 3799 3674 prae-

2094 3694 2373 3760 eminens,
2399 3707 2531 3750 cum
2562 3693 2839 3750 Venerieo
2877 3692 3036 3762 operi
3066 3693 3205 3748 adeo
3239 3691 3553 3763 pecualiter
3589 3692 3803 3748 indul-

2093 3789 2270 3852 geret,
2343 3789 2408 3837 ut
2470 3782 2795 3854 cujuspiam
2850 3780 3255 3838 necessitudini
3300 3779 3652 3836 feminarum
3733 3781 3799 3837 iu

2091 3870 2251 3925 nullo
2281 3869 2521 3926 deferret
2550 3877 2711 3926 tanta
2741 3869 2799 3925 in
2828 3869 3044 3926 clerum
3077 3882 3252 3939 super
3279 3867 3514 3938 praefato
3564 3882 3797 3925 canone

2093 3956 2487 4014 bacchabatur
2534 3957 2808 4014 instantia
2848 3971 2915 4013 ac
2981 3956 3028 4012 si
3075 3971 3211 4013 eum
3239 3956 3550 4027 singularis
3579 3957 3653 4012 ad
3689 3957 3802 4013 de—

2096 4047 2449 4103 testationem
2493 4046 2694 4103 talium
2751 4045 3006 4116 pulsaret
3039 4045 3332 4116 pudicitia.
3370 4047 3437 4101 Et
3482 4060 3613 4101 cum
3648 4056 3800 4103 esset

2092 4133 2275 4192 laicus
2316 4143 2372 4192 et
2426 4136 2547 4192 suis
2602 4114 2784 4191 arceri
2840 4148 2955 4190 nou
3014 4114 3495 4205 posset'legibus,
3564 4143 3800 4204 quanto

2091 4221 2339 4279 laxiores
2368 4223 2616 4290 fuerant,
2674 4229 2836 4280 tanto
2876 4222 2967 4279 bis
3021 4222 3372 4279 abutebatur
3401 4221 3627 4277 fcedius.
3681 4223 3799 4279 Ne-

287 4308 494 4365 vellem
530 4308 673 4375 fieri,
707 4323 841 4365 cum
872 4309 943 4365 ad
973 4308 1028 4365 id
1062 4310 1332 4379 temporis
1378 4309 1754 4379 emersissem,
1795 4324 1978 4381 appa-
2016 4305 2061 4360 D
2092 4326 2206 4383 que
2230 4311 2381 4368 enim
2415 4313 2637 4368 uxoriis
2675 4318 2893 4381 poterat
2939 4312 3217 4367 contineri
3278 4309 3513 4375 retibus,
3569 4311 3799 4382 quippe

288 4403 481 4451 ratum
512 4409 571 4451 se
595 4393 734 4450 mihi
756 4393 972 4451 militiae
990 4403 1044 4450 et
1073 4408 1235 4450 arma
1265 4394 1553 4451 daturam.

358 4483 563 4539 Renuit
592 4499 761 4555 eques
779 4482 935 4553 ﬁeri.
969 4513 1037 4522 —
1064 4483 1203 4547 Quae
1235 4498 1369 4539 cum
1410 4482 1683 4539 universa
1713 4498 1827 4539 non
1860 4483 1982 4540 sine

287 4571 472 4627 multa
500 4572 900 4643 aspernatione
923 4584 1270 4640 respuerem,
1295 4570 1392 4625 illa
1416 4577 1518 4626 tua
1538 4569 1777 4639 famula,
1805 4571 1976 4639 Deus,

289 4659 430 4716 adeo
461 4667 623 4731 grate
653 4673 790 4716 suas
816 4659 1035 4729 accepit
1063 4657 1330 4728 injurias,
1355 4657 1495 4714 adeo
1528 4657 1735 4714 alacris
1760 4673 1833 4715 ex
1874 4673 1980 4715 suo

284 4755 370 4805 est
398 4748 549 4805 facta
581 4755 915 4817 contemptu
943 4754 1006 4803 ut
1039 4746 1164 4803 hzec
1192 4746 1390 4802 eadem
1419 4746 1637 4818 quibus
1674 4748 1724 4803 ei
1755 4747 1979 4803 obstite-

283 4849 407 4892 ram
459 4835 737 4907 magistro
788 4849 914 4891 meo
970 4849 1245 4905 responsa
1275 4835 1565 4891 retexerit.
1610 4835 1979 4892 Laetabantur

280 4924 461 4995 igitur
490 4931 754 4994 uterque,
783 4923 922 4994 quia
959 4923 1031 4979 ad
1064 4923 1121 4979 id
1168 4924 1323 4994 quod
1350 4924 1569 4993 paterni
1607 4923 1722 4980 voti
1766 4923 1973 4992 fuerat,

280 5010 600 5069 ambienter
627 5011 885 5081 aspirare
921 5011 1165 5079 viderer,
1194 5012 1334 5067 dum
1366 5026 1481 5082 quo
1536 5012 1720 5083 magis
1764 5011 1977 5068 celerer

280 5100 600 5170 [celeriter],
634 5099 854 5156 litteras
902 5100 1072 5169 ipsas,
1125 5101 1396 5171 quamvis
1440 5114 1554 5155 non
1606 5099 1752 5155 bene
1786 5099 1975 5155 incul-

277 5196 571 5254 carentur,
650 5188 1044 5258 amplecterer,
1115 5202 1221 5245 nec
1287 5187 1683 5244 ecclesiasticis
1769 5187 1973 5244 officiis

274 5289 366 5331 me
392 5277 680 5343 tricarem,
707 5276 821 5333 imo
850 5290 985 5332 cum
1015 5275 1160 5332 hora
1180 5275 1438 5332 sollicitat
1454 5282 1528 5342 et,
1564 5288 1779 5343 opusve
1803 5284 1967 5342 esset,

274 5377 650 5435 nequaquam
681 5364 782 5420 tali
815 5365 935 5421 loco
955 5378 1023 5420 ac
1052 5363 1293 5434 tempori
1346 5363 1589 5433 prandia
1639 5362 1761 5433 ipsa
1816 5376 1970 5433 prae-

278 5451 504 5507 ferrem.
550 5452 698 5508 Tum
747 5452 983 5523 quidem
1027 5452 1110 5509 sic
1141 5468 1154 5507 :
1189 5455 1261 5509 At
1307 5466 1458 5522 vero,
1492 5452 1858 5519 Deus-meus,
1898 5459 1964 5508 tu

347 5572 459 5647 (37)
492 5572 596 5628 Hic
619 5573 772 5630 deest
801 5573 1043 5646 aliquid.

2092 4400 2191 4472 qui
2224 4400 2554 4472 hujusmodi
2588 4414 2895 4472 nunquam
2938 4414 3143 4471 passus
3169 4406 3253 4455 est
3282 4396 3586 4469 illaqueari
3616 4401 3797 4456 nexi-

2090 4490 2217 4547 bus.
2253 4489 2351 4545 His
2384 4489 2559 4561 igitur
2583 4503 2714 4545 cum
2744 4488 2915 4545 fetido
2972 4488 3184 4557 passim
3242 4501 3345 4557 pro
3376 4485 3592 4542 talibus
3620 4501 3800 4558 spar-

2090 4585 2322 4649 geretur
2346 4578 2539 4645 odore,
2573 4577 2670 4634 sed
2701 4584 2822 4633 tum
2862 4590 2995 4633 eum
3022 4575 3335 4643 saecularis,
3374 4576 3800 4646 qua'praeemi-

2089 4666 2280 4733 nebat,
2326 4664 2621 4736 opulentia
2665 4665 3003 4732 defensaret,
3045 4678 3351 4734 nunquam
3395 4678 3515 4720 suae
3558 4665 3799 4735 objectu

2088 4754 2438 4825 impuritatis
2488 4754 2766 4810 adversus
2813 4767 3043 4810 sacrum
3075 4752 3333 4809 ordinem
3369 4753 3548 4822 ipsius
3587 4755 3798 4824 pervi-

2086 4844 2245 4899 cacia
2282 4842 2554 4899 detonare
2592 4842 2869 4899 cessabat.

2155 4931 2401 4986 Causam
2444 4930 2639 5001 itaque
2680 4937 2906 4999 nactus,
2945 4942 3065 5000 qua
3103 4929 3244 4985 mihi
3282 4928 3590 5000 cujusdam
3620 4929 3795 4985 locu-

2084 5017 2208 5085 losi,
2246 5024 2310 5074 ut
2350 5017 2628 5087 ferebant,
2688 5017 3005 5089 presbyteri
3071 5017 3415 5074 detrimento
3454 5017 3791 5087 proﬁceret,

2083 5105 2237 5174 apud
2295 5105 2651 5163 Castrensem
2705 5106 3025 5171 dominum,
3083 5119 3256 5175 penes
3301 5118 3473 5175 quem
3517 5104 3664 5161 satis
3692 5120 3795 5162 su-

2084 5207 2301 5264 perque
2337 5201 2579 5264 poterat,
2615 5201 2809 5264 utpote
2839 5193 2943 5263 qui
2971 5193 3024 5250 ei
3070 5200 3366 5263 tantopere
3424 5193 3798 5250 necessarius

2079 5288 2221 5349 erat,
2269 5282 2406 5352 egit,
2441 5290 2504 5339 ut
2549 5283 2753 5339 clerico
2798 5283 3031 5338 absente
3077 5289 3132 5338 et
3180 5281 3408 5352 penitus
3435 5282 3798 5339 inconvento

2081 5383 2172 5425 me
2209 5377 2491 5437 evocaret,
2542 5376 2597 5425 et
2635 5370 3036 5427 investituram
3085 5369 3336 5440 praefatae
3370 5369 3510 5425 mihi
3542 5373 3796 5427 canoni-

2078 5471 2159 5512 cae
2188 5457 2368 5514 daret.
2391 5457 2656 5515 Ecclesiae
2697 5458 2853 5515 enim
2905 5457 2985 5513 illi
3031 5464 3231 5514 contra
3265 5456 3367 5530 jus
3397 5465 3455 5515 et
3499 5458 3592 5516 fas
3637 5459 3795 5518 male
