3902 6082
153 265 267 320 849

1280 264 1371 318 DE
1408 263 1573 319 VITA
1614 261 1751 319 SUA
1788 261 1978 318 LIBRI
2017 259 2218 318 TRES.
2250 289 2318 302 —
2350 260 2483 317 LIB.
2526 259 2571 316 Ι.

3557 259 3663 313 850

156 398 232 454 ab
255 396 521 467 episcopo
553 393 780 450 indulta
805 395 1037 451 licentia
1065 395 1493 462 abbatiabatur,
1521 402 1576 451 et
1607 394 1852 452 canOnes
1889 397 1937 449 A
1963 394 2548 463 conversionumque,
2583 406 2732 462 quas
2758 391 3033 460 vidimus,
3067 391 3377 463 atiingere;
3439 391 3592 447 unde
3616 395 3673 446 et

155 501 275 541 non
305 483 621 541 cauonicus
650 497 684 538 a
713 483 1006 540 canonicis
1036 484 1320 555 exigebat.
1361 484 1507 551 Quia
1548 498 1688 555 ergo
1720 491 1861 539 tunc

157 573 434 642 temporis
480 586 597 627 non
644 571 810 627 modo
865 571 1168 643 conjugale
1203 573 1258 627 in
1317 572 1490 628 trium
1539 572 1857 642 primorum

156 659 451 726 ordinum,
485 668 541 715 et
594 659 947 716 canonicatis
1002 660 1259 730 personis
1313 660 1667 716 causabatur
1698 673 1861 714 com-

157 745 474 815 mercium;
525 745 621 800 sed
700 746 873 801 etiam
934 761 1047 802 non
1102 747 1294 802 minus
1343 744 1859 801 ecclesiasticorum

158 832 310 888 citra
338 834 666 889 animarum
716 833 997 904 regimina
1052 833 1392 900 ofﬁciorum,
1430 840 1489 889 ut
1544 840 1679 888 sunt
1708 847 1859 902 pra-

158 920 382 987 benda,
415 929 764 985 cantoratus.
800 920 1190 991 prapositura
1219 928 1274 976 et
1301 928 1506 976 catera
1552 918 1609 973 id
1638 920 1856 989 ‘genus,

158 1007 385 1063 crimini
471 1008 837 1063 ducebantur
908 1008 1223 1076 emptiones
1301 1016 1365 1062 ut
1420 1007 1488 1062 de
1544 1006 1861 1062 honoribus

156 1096 380 1165 sileam,
410 1097 510 1166 qui
546 1096 771 1152 interna
814 1095 1099 1167 jubentur
1135 1094 1373 1151 actitare
1421 1094 1665 1164 negotia,
1722 1094 1860 1164 qui-

156 1199 274 1255 que
301 1185 442 1255 ejus,
474 1184 578 1254 qui
628 1184 998 1254 prabendam
1046 1183 1336 1249 amiserat,
1377 1181 1567 1239 clerici
1601 1181 1858 1238 faventes

154 1272 439 1341 partibus,
496 1280 552 1328 et
608 1286 1003 1343 aquavorum
1062 1285 1321 1328 meorum
1392 1270 1625 1342 plurimi
1681 1283 1859 1340 super

153 1360 412 1416 Simonia
447 1368 502 1416 et
547 1359 1163 1428 excommunicatione,
1210 1374 1342 1430 qua
1374 1374 1570 1415 recens
1626 1373 1857 1429 percre-

154 1448 413 1515 bruerat,
472 1448 673 1504 crebra
740 1456 1040 1518 caperunt
1081 1454 1298 1504 motare
1356 1447 1638 1503 susurria.
1701 1447 1856 1502 Idem

152 1549 411 1607 namque
439 1551 571 1592 cum
623 1544 769 1592 esset
824 1536 1135 1607 presbyter,
1193 1542 1248 1591 et
1304 1550 1546 1591 uxorem
1598 1535 1852 1601 haberet,

1968 483 2120 538 hanc
2170 482 2350 551 ipsam
2387 482 2504 555 ([Ῑί,
2538 479 3005 553 ecclesiam].....,
3038 495 3143 536 nec
3190 495 3305 536 non
3360 487 3415 536 et
3437 479 3672 549 'pleros-

1968 585 2083 642 que
2111 571 2253 626 alios
2301 571 2467 626 bona
2515 570 2850 625 mutationis
2910 569 3148 638 contigit
3199 568 3461 638 exempla
3512 583 3669 623 sum-

1969 650 2163 719 psisse.
2219 649 2536 706 Monachile
2596 648 2949 718 propositum
2980 649 3088 704 sub
3123 647 3379 717 antiquis
3408 646 3672 703 ﬂoruisse

1968 738 2324 808 temporibus
2349 737 2597 793 afﬂuens
2622 737 2966 807 scriptorum
2995 736 3193 791 relatio
3219 743 3320 791 est.
3354 735 3499 790 Nam
3529 736 3671 805 quia

1968 840 2141 895 super
2185 826 2398 882 exteris
2461 826 2605 881 mihi
2663 825 2997 896 regionibus
3048 824 3338 880 silentium
3397 832 3499 891 est,
3557 824 3667 880 sub

1968 914 2319 983 quibusdam
2368 915 2625 969 Francia
2676 914 2909 983 regibus
2948 913 3126 983 hujus
3175 912 3316 968 scita
3347 911 3667 968 institutio—

1967 1003 2077 1069 nis,
2120 1003 2285 1057 varia
2329 1001 2572 1058 diversis
2616 1001 3053 1057 exstruentibus
3092 1001 3233 1069 loca,
3279 999 3519 1057 coluisse
3559 1015 3663 1056 no-

1964 1097 2239 1157 scuntur;
2271 1091 2329 1144 in
2379 1103 2629 1159 quorum
2678 1089 2974 1159 aliquibus
3017 1096 3134 1145 tam
3192 1087 3281 1158 pie
3346 1088 3670 1144 viventium

1965 1177 2248 1234 conﬂuxit
2287 1178 2619 1246 enormitas,
2655 1184 2720 1234 ut
2767 1176 3048 1233 miremur
3105 1184 3322 1233 tantam
3366 1176 3668 1232 hominum

1965 1266 2351 1337 frequentiam
2401 1265 2691 1335 quomodo
2739 1266 3004 1322 cohibere
3043 1266 3291 1321 valuerit
3334 1265 3475 1321 adeo
3519 1265 3667 1320 loco-

1965 1369 2097 1411 rum
2152 1356 2311 1409 arcta
2358 1352 2659 1422 capacitas.
2722 1355 2878 1409 Inter
2922 1368 3055 1423 qua
3109 1353 3356 1423 profecto
3396 1353 3667 1423 quadam

1965 1437 2195 1508 speciali
2276 1436 2547 1508 pollentia
2619 1437 2972 1493 districtione
3024 1437 3281 1503 fuerunt,
3335 1451 3466 1506 qua
3522 1450 3667 1492 non-

1965 1527 2147 1594 nulla,
2183 1527 2240 1581 in
2271 1525 2487 1596 quibus
2525 1524 2715 1581 fervor
2742 1524 2962 1580 ordinis
3018 1531 3291 1593 tepuerat,
3325 1524 3671 1579 monasteria

152 1625 259 1694 qui
306 1625 379 1681 ab
434 1639 503 1681 ea
569 1624 742 1681 ofﬁcii
798 1625 890 1681 sui
934 1624 1310 1695 suspensione
1380 1624 1686 1679 absterreri
1739 1636 1851 1678 non
1892 1630 2113 1720 Bsaepe
2137 1614 2874 1720 nobiliterﬁnnormar’nnt,
2904 1612 3107 1720 utlfuit
3137 1611 3671 1720 aliquandoLuxo-

153 1720 400 1783 poterat,
435 1713 619 1769 facere
647 1713 691 1768 si
725 1712 960 1783 quidem
989 1713 1192 1768 missas
1213 1712 1498 1768 omiserat.

225 1802 376 1856 403
430 1802 577 1866 Quia
605 1816 743 1873 ergo
769 1809 892 1871 post
920 1815 1131 1871 corpus
1159 1814 1329 1856 suum
1364 1798 1634 1869 mysteria
1660 1798 1857 1854 divina

152 1898 448 1960 posuerat,
504 1904 571 1946 ea
601 1898 750 1946 recte
782 1889 989 1959 plexus
1020 1896 1104 1944 est
1156 1901 1342 1958 pana,
1404 1901 1583 1957 quam
1632 1899 1856 1942 seeva-

151 1978 296 2034 sisse
318 1977 581 2034 sacriﬁcii
614 1977 1116 2034 abrenuntiatione
1148 1983 1472 2046 putaverat.
1506 1976 1708 2045 Itaque
1736 1988 1858 2045 spo-

152 2066 330 2122 liatus
358 2068 657 2131 canonica,
709 2065 850 2135 quia
883 2078 984 2134 per
1013 2065 1165 2135 quod
1192 2064 1374 2119 arceri
1407 2063 1579 2133 possit
1608 2062 1858 2133 amplius

151 2170 271 2210 non
323 2155 589 2221 habebat,
647 2154 849 2209 missas
883 2152 1136 2224 quolibet
1176 2152 1270 2224 LL,
1298 2152 1605 2222 quaslibet]
1631 2153 1752 2221 jam
1782 2151 1856 2207 li-

152 2245 308 2305 bere,
354 2250 579 2298 retenta
632 2242 805 2298 etiam
866 2255 1065 2309 uxore,
1113 2241 1402 2297 cantabat.
1442 2240 1587 2297 Hinc
1647 2240 1854 2296 celebri

150 2342 390 2387 rumore
423 2337 614 2384 satum
657 2337 760 2397 est,
809 2329 964 2400 quod
996 2330 1144 2384 inter
1197 2328 1395 2384 eadem
1421 2341 1586 2384 sacra
1617 2334 1854 2382 matrem

150 2430 343 2473 meam
376 2431 509 2472 cum
540 2430 647 2472 sua
676 2415 895 2471 familia
927 2416 1163 2485 repetita
1205 2417 1260 2470 in
1290 2416 1412 2471 dies
1456 2413 1852 2472 excommuni-

149 2505 377 2561 catione
424 2504 744 2560 conficeret.
786 2508 856 2560 At
902 2510 1085 2559 mater
1133 2503 1463 2559 divinorum
1521 2516 1746 2572 semper
1778 2500 1854 2555 ti-

150 2592 330 2659 mida,
365 2599 420 2647 et
449 2599 814 2661 peccatorum
870 2605 1087 2661 poenas,
1120 2598 1175 2646 et
1220 2590 1460 2659 proinde
1511 2588 1856 2646 offendicula

152 2692 381 2744 verens,
416 2677 494 2733 illi
524 2677 678 2733 male
710 2677 959 2747 prabita
992 2677 1143 2733 illico
1183 2678 1503 2747 praebenda
1535 2677 1852 2743 renuntiat,

150 2775 208 2823 et
240 2768 349 2823 sub
402 2780 502 2836 spe
559 2765 850 2823 obitorum
895 2766 1257 2832 clericorum,
1305 2766 1478 2821 aliam
1523 2766 1663 2821 mihi
1699 2766 1852 2835 apud

150 2856 327 2910 castri
360 2855 657 2911 dominum
690 2855 853 2911 locat.
890 2856 1168 2937 Fugimus
1210 2855 1405 2924 itaque
1438 2868 1601 2909 arma
1650 2854 1854 2921 ferrea,

1963 1704 2127 1760 vium
2156 1701 2442 1774 (Luxeuil)
2508 1701 2599 1771 (δ’)
2635 1700 2692 1755 in
2734 1699 2936 1767 Gallia,
2965 1698 3056 1771 (³³)
3089 1699 3355 1769 quadam
3388 1697 3562 1755 etiam
3610 1700 3669 1754 in

1962 1791 2246 1857 Neustria,
2271 1803 2403 1860 qua
2416 1788 2909 1859 nuncappellatur
2935 1786 3378 1845 Northmannia.
3401 1786 3507 1843 Sed
3529 1787 3669 1857 quia

1957 1880 2131 1952 juxta
2187 1878 2330 1934 illud
2384 1884 2560 1946 poeta
2610 1876 2843 1932 veridici
2894 1876 3134 1942 dictum,
3197 1874 3352 1945 quod
3405 1874 3671 1931 videlicet
3770 1868 3773 1869 ⁷

1964 1966 2206 2023 summis
2266 1973 2539 2035 negatum
2595 1973 2679 2020 est
2745 1970 2896 2020 stare
2947 1964 3088 2034 diu;
3145 1972 3200 2019 et
3268 1964 3424 2033 quod
3486 1963 3668 2019 multo

1963 2054 2160 2110 verius
2192 2058 2433 2118 constat,
2480 2050 2783 2106 decedente
2813 2051 2959 2106 inter
3006 2051 3258 2106 habenas
3290 2048 3668 2118 iniquitatum

1963 2143 2192 2209 saculo,
2237 2141 2327 2211 (³³)
2376 2146 2589 2195 sancta
2641 2138 3090 2194 conversationis
3120 2137 3341 2193 refrixit
3390 2136 3663 2203 charitas,

1962 2238 2018 2287 et
2063 2243 2260 2287 rerum
2312 2226 2627 2298 opulentia,
2689 2227 2975 2296 quasdam
3024 2224 3389 2295 postmodum
3451 2226 3664 2281 sensim

1964 2319 2213 2376 deseruit
2256 2317 2523 2375 ecclesias
2555 2332 2567 2371 :
2599 2324 2653 2372 et
2683 2314 2815 2371 inde
2851 2314 2941 2386 (³⁸)
2982 2314 3126 2370 bene
3177 2312 3667 2378 conversantium,

1963 2408 2103 2463 dum
2134 2415 2189 2462 et
2222 2407 2339 2476 ipse
2367 2418 2648 2461 manuum
2681 2403 2842 2459 labor
2866 2401 3106 2470 sorduit,
3139 2401 3289 2456 facta
3316 2408 3401 2456 est
3434 2400 3664 2456 raritas.

2034 2495 2195 2552 Unde
2262 2493 2474 2549 nostris
2536 2491 2885 2548 monasteria
2952 2488 3341 2546 vetustissima
3425 2502 3667 2545 numero

1962 2590 2280 2640 extenuata
2331 2579 2707 2651 temporibus,
2770 2592 2966 2635 rerum
3021 2577 3345 2648 antiquitus
3395 2576 3665 2633 datarum

1961 2655 2317 2728 exuberante
2368 2669 2552 2739 copia,
2585 2667 2673 2738 (³³)
2733 2667 2928 2737 parvis
2977 2673 3143 2722 erant
3199 2672 3465 2721 contenta
3524 2679 3667 2720 con-

1962 2760 2252 2827 ventibus,
2285 2759 2346 2814 in
2394 2756 2612 2828 quibus
2666 2756 2932 2826 perpauci
2986 2752 3222 2825 reperiri
3252 2761 3535 2824 poterant,
3563 2753 3667 2823 qui

1966 2848 2182 2918 peccati
2236 2846 2461 2903 fastidio
2539 2844 2819 2902 saculum
2878 2843 3232 2914 respuissent
3279 2843 3376 2899 sed
3428 2842 3502 2898 ab
3553 2841 3667 2897 illis

149 2948 209 3000 et
256 2944 569 3001 incidimus
598 2946 655 2999 in
717 2930 914 3000 arcum
973 2956 1209 2997 areum.
1241 2941 1330 3013 (⁸ο)
1389 2943 1507 2998 Sub
1557 2942 1855 3012 prastola-
1893 2955 1936 3011 ο
1968 2938 2329 3007 potissimum
2361 2934 2771 2991 detinebantur
2799 2932 3071 3000 ecclesia,
3104 2930 3199 3003 (³ο)
3230 2930 3335 3001 qui
3367 2930 3422 2986 in
3452 2929 3662 2985 eisdem

150 3035 309 3089 tione
362 3033 517 3088 enim
567 3032 767 3087 aliena
816 3031 1014 3086 mortis
1056 3031 1276 3100 aliquid
1327 3030 1471 3098 dari,
1505 3032 1645 3087 nihil
1693 3031 1850 3087 aliud

149 3129 255 3188 est,
286 3135 464 3191 quam
506 3118 909 3189 quotidianum
962 3118 1305 3173 homicidam
1366 3118 1697 3190 quempiam
1761 3119 1854 3190 ju-

152 3211 291 3265 bere
323 3209 466 3263 ﬁeri.

226 3295 461 3350 Domine
490 3294 660 3359 Deus,
695 3308 877 3361 meus,
913 3296 992 3350 ita
1024 3302 1163 3350 tunc
1191 3295 1403 3365 spebus
1432 3295 1544 3350 illis
1571 3295 1854 3365 pessimus

149 3384 511 3451 involvebar,
551 3391 606 3440 et
643 3391 877 3440 tuorum
930 3386 1352 3455 exspectatione
1381 3386 1686 3451 donorum,
1721 3399 1853 3454 qua

148 3473 401 3530 necdum
454 3472 706 3542 experiri
761 3471 1093 3537 didiceram,
1147 3473 1484 3529 nullatenus
1533 3471 1849 3527 detinebar.

147 3561 257 3617 Illa
282 3568 382 3616 tua
413 3560 621 3616 mulier
641 3560 899 3615 nondum
931 3561 1460 3629 comprehenderat,
1495 3574 1645 3631 quas
1701 3573 1848 3628 spes,

145 3662 301 3719 quas
331 3647 666 3704 securitates
696 3648 764 3703 de
802 3647 942 3704 meis
988 3648 1144 3717 apud
1177 3657 1227 3703 te
1254 3648 1604 3704 victualibus
1638 3647 1852 3703 habere

148 3736 450 3803 debuerat,
487 3749 595 3791 nec
622 3750 755 3806 qua
814 3736 1087 3792 beneﬁcia
1117 3750 1150 3791 a
1206 3743 1258 3791 te
1298 3736 1434 3791 mihi
1486 3745 1650 3792 erant
1688 3743 1853 3806 parta

146 3832 519 3896 cognoverat.
600 3826 743 3889 Quia
816 3824 969 3879 enim
1038 3823 1455 3894 aliquantisper
1537 3824 1730 3879 adhuc
1774 3810 1851 3879 in

148 3912 371 3967 mundo
402 3926 598 3982 agens,
632 3927 764 3982 qua
796 3911 997 3969 mundi
1042 3912 1287 3979 fuerant,
1320 3911 1598 3967 sentiebat
1629 3926 1641 3966 :
1673 3911 1852 3966 nimi—

149 4012 288 4055 rum
338 4013 424 4067 ea,
488 4014 619 4069 qua
666 4000 775 4055 sibi
827 4001 951 4070 ipsa
998 3999 1296 4070 providere
1349 3999 1652 4070 delegerat,
1710 4000 1853 4057 mihi

146 4084 323 4141 etiam
344 4085 449 4156 ipsi
506 4085 822 4153 mundana,
864 4095 928 4142 ut
956 4087 1214 4156 putabat,
1249 4086 1566 4156 quasituro
1622 4101 1853 4158 quare-

150 4176 271 4230 bat.
306 4176 379 4231 At
408 4183 712 4245 postquam
747 4175 954 4230 anima
993 4174 1238 4245 propria
1261 4173 1663 4231 animadverso
1696 4176 1854 4245 peri-

1960 3034 2265 3095 parentum
2321 3022 2620 3080 devotione
2676 3020 2982 3077 contraditi
3014 3020 3107 3075 -ab
3160 3018 3393 3075 ineunte
3450 3017 3667 3074 nutrie-

1960 3115 2175 3171 bantur
2214 3120 2399 3168 atate.
2454 3110 2561 3177 Qui
2611 3116 2899 3180 quantum
2956 3107 3231 3163 minorem
3279 3119 3454 3176 super
3506 3105 3662 3173 suis,

1961 3218 2093 3273 qua
2134 3201 2299 3257 nulla
2324 3199 2434 3256 sibi
2466 3198 2814 3254 videbantur
2841 3195 3042 3266 egisse,
3091 3193 3276 3261 malis,
3305 3202 3520 3250 metum
3554 3194 3664 3248 ha-

1961 3293 2191 3358 bebant,
2237 3289 2331 3359 (³⁷)
2387 3295 2545 3344 tanto
2597 3286 2750 3341 intra
2803 3284 3201 3341 canobiorum
3258 3290 3419 3352 septa
3456 3282 3664 3338 remis-

1961 3378 2107 3433 siore
2171 3376 2361 3432 studio
2418 3373 2776 3430 victitabant.
2830 3371 2938 3436 Qui
2997 3370 3540 3437 administrationes,
3595 3383 3663 3425 ac

1960 3464 2149 3521 ofﬁcia
2178 3462 2444 3519 forastica
2474 3475 2608 3517 cum
2654 3473 2756 3529 pro
2796 3458 3095 3525 abbatum,
3153 3466 3255 3514 aut
3302 3458 3656 3523 necessitate,

1960 3558 2062 3607 aut
2113 3550 2281 3605 libitu
2340 3547 2705 3611 sortirentur,
2770 3552 2967 3614 utpote
3028 3544 3345 3600 voluntatis
3412 3544 3661 3613 propria

1959 3638 2134 3705 avidi,
2193 3636 2618 3704 exterioresque
2693 3632 2950 3688 licentias
3019 3630 3210 3684 minus
3273 3630 3515 3699 experti,
3567 3627 3656 3700 (³⁸)

1958 3723 2364 3782 ecclesiasticas
2420 3722 2717 3778 occasione
2765 3718 2917 3774 facili
2977 3716 3311 3785 dilapidare
3348 3718 3658 3787 pecunias;

1960 3812 2050 3868 his
2080 3811 2345 3881 expensis
2382 3810 2643 3866 redditur
2679 3822 2782 3864 seu
2836 3804 3089 3878 gratuito
3137 3805 3398 3876 dilargiri
3452 3804 3659 3877 [deesse

1957 3900 2199 3966 videtur,
2235 3894 2665 3968 caperunt.]....
2697 3896 2771 3951 Et
2802 3894 2932 3951 licet
2973 3901 3092 3949 tum
3146 3893 3341 3950 minus
3382 3894 3533 3963 apud
3562 3908 3658 3949 eos

1958 3988 2160 4057 religio
2203 3993 2525 4052 curaretur,
2576 3998 2650 4040 ex
2694 3997 2804 4039 sua
2848 3981 3134 4053 siquidem
3184 3981 3397 4039 fiebant
3424 3981 3659 4038 raritate

1959 4077 2067 4147 ipsi
2099 4075 2364 4132 monachi
2394 4074 2704 4129 chariores.

2619 4160 2851 4219 CAPUT
2894 4160 2992 4216 IX.

149 4262 303 4329 culo,
338 4262 673 4318 innumeros
704 4261 909 4318 cordis
935 4261 1180 4333 angulos
1218 4261 1286 4317 ad
1322 4263 1623 4332 praterita
1649 4258 1687 4317 ’d

2118 4270 2123 4301 ε
2150 4252 2304 4307 mira
2340 4249 2599 4307 Ebmrdt'
2624 4248 2855 4306 comitis
2900 4247 3269 4305 Britoliemis
3292 4246 3354 4303 in
3377 4247 3659 4304 Picardz'a

147 4351 431 4406 rationem
489 4350 622 4407 vita
703 4350 1009 4421 congessit,
1083 4349 1250 4420 quasi
1309 4350 1563 4407 diceret:
1605 4370 1632 4401 α
1685 4351 1846 4418 Quod

148 4438 276 4493 nihi
334 4437 468 4493 nolo
516 4437 659 4505 ﬁeri,
710 4436 810 4492 alii
869 4450 983 4491 non
1018 4435 1243 4491 faciam.
1281 4458 1301 4485 ι
1337 4437 1421 4492 Ea
1470 4452 1600 4507 qua
1661 4452 1762 4508 pro
1790 4452 1849 4493 se

147 4530 492 4595 contempsit
543 4539 733 4595 agere,
775 4532 1049 4581 extrema
1097 4524 1376 4580 arbitrata
1416 4533 1500 4580 est
1551 4526 1849 4581 dementia

146 4628 256 4685 pro
320 4613 447 4669 aliis
488 4626 790 4683 exercere;
840 4620 894 4668 et
954 4611 1109 4682 quod
1157 4610 1265 4667 sibi
1313 4612 1532 4667 ambire
1585 4612 1845 4683 desierat,

147 4700 437 4757 nefarium
488 4708 614 4756 rata
659 4707 743 4755 est
799 4700 868 4755 ad
919 4700 1005 4756 sui
1048 4698 1359 4768 perniciem
1409 4699 1572 4754 alteri
1636 4713 1846 4756 concu-

146 4789 319 4859 pisse.
346 4787 508 4854 Quod
548 4788 720 4859 longe
749 4787 913 4843 aliter
946 4801 979 4842 a
1013 4786 1209 4842 multis
1252 4785 1373 4842 ﬁeri
1430 4794 1667 4853 constat,
1704 4802 1850 4857 quos

143 4875 383 4947 quidem
418 4874 767 4930 attendimus
816 4887 925 4930 sua
952 4874 1024 4929 ad
1076 4874 1366 4944 integrum
1411 4873 1649 4929 obtentu
1698 4887 1849 4944 pau—

148 4960 389 5033 pertatis
437 4960 704 5032 abjicere,
767 4960 863 5016 sed
909 4960 1176 5028 aliorum,
1232 4974 1345 5016 non
1388 4960 1556 5016 modo
1609 4975 1849 5018 suorum

144 5047 308 5120 quod
350 5057 406 5105 et
456 5048 645 5119 ipsum
693 5048 912 5104 malum
960 5055 1062 5115 est,
1115 5047 1212 5103 sed
1267 5048 1439 5102 etiam
1496 5056 1847 5120 exterarum,

146 5135 310 5208 quod
338 5135 608 5205 deterius,
636 5136 769 5207 plus
792 5135 969 5192 nimio
990 5134 1423 5205 procurationes
1452 5135 1670 5193 ardere.

790 5224 1022 5282 CAPUT
1059 5224 1210 5281 VIII.

227 5316 300 5368 De
322 5312 399 5370 iis
426 5313 526 5387 qui
554 5313 935 5369 monasticam
962 5313 1142 5369 vitam
1185 5312 1588 5369 imtaurarunt
1605 5330 1854 5370 res-arse-

147 5404 373 5458 runlve.
418 5402 621 5458 —Sed
673 5403 807 5459 libet
837 5402 1009 5473 paulo
1067 5402 1261 5470 altius,
1324 5409 1613 5471 quantum
1674 5403 1850 5458 nostri

150 5491 433 5561 temporis
480 5491 767 5547 mentione
826 5488 1165 5557 recurritur,
1237 5496 1422 5545 status
1481 5488 1846 5559 religionum,

1952 4339 2328 4397 conversione.
2359 4370 2428 4380 —-
2457 4340 2598 4395 Cum
2656 4352 2796 4409 ergo
2826 4338 2908 4393 sic
2935 4351 2993 4394 se
3021 4344 3278 4409 agerent,
3308 4344 3363 4392 et
3408 4336 3657 4407 alicujus

1956 4429 2029 4485 ad
2085 4443 2181 4486 eos
2221 4427 2388 4498 pretii
2444 4427 2543 4484 vix
2598 4426 2756 4484 ullus
2798 4426 3114 4493 accederet,
3170 4424 3407 4495 quidam
3465 4437 3653 4479 comes

1956 4517 2173 4573 castelli
2229 4516 2582 4573 Britoliensis
2636 4513 2839 4587 [vulgo,
2898 4511 3192 4585 Breteuilj,
3235 4511 3392 4582 quod
3424 4510 3480 4565 in
3511 4512 3654 4566 Am-

1957 4605 2283 4672 bianorum,
2344 4604 2894 4673 Bellovacorumque
2946 4600 3195 4657 conﬁnio
3247 4597 3522 4666 consistit,
3580 4599 3653 4655 ad

1955 4693 2292 4749 excitandas
2340 4692 2723 4762 plurimorum
2780 4697 2998 4745 mentes
3027 4687 3274 4744 emersit.
3310 4687 3364 4742 Is
3393 4687 3452 4742 in
3490 4694 3654 4743 atate

1956 4781 2176 4852 positus
2210 4780 2535 4847 ﬂorulenta,
2587 4794 2721 4836 cum
2766 4777 3104 4849 gratissima
3141 4782 3286 4832 esset
3329 4775 3648 4846 elegantia,

1956 4868 2272 4940 praesertim
2328 4882 2461 4924 cum
2514 4868 2681 4924 sicuti
2733 4866 3025 4922 nobilitate
3078 4877 3263 4935 genus
3309 4865 3454 4935 ejus,
3489 4864 3567 4919 ita
3597 4872 3652 4919 et

1956 4957 2205 5014 mirabili
2254 4956 2574 5027 specierum
2650 4954 3059 5025 conspicuitate
3120 4953 3355 5024 polleret
3405 4952 3649 5009 aliorum

1957 5061 2192 5118 quoque
2263 5046 2713 5115 nunicipiorum,
2784 5042 3121 5099 divitiarum
3174 5044 3345 5099 etiam
3392 5041 3649 5098 omnium

1957 5134 2217 5192 claritate
2271 5141 2526 5204 pateret:
2589 5146 2748 5188 mens
2794 5131 3024 5187 tandem
3077 5130 3325 5186 hominis
3374 5130 3433 5186 in
3471 5130 3653 5187 multo

1957 5223 2243 5294 superbia
2272 5223 2425 5279 fastu
2461 5220 2771 5276 constituta
2818 5219 3075 5290 resipuit,
3109 5227 3164 5276 et
3196 5219 3268 5275 ad
3295 5218 3441 5289 ejus:
3475 5233 3650 5291 quam

1957 5312 2308 5369 saculariter
2337 5309 2542 5367 sectari
2585 5317 2851 5379 coeperat,
2885 5308 3156 5364 vitiorum
3200 5308 3485 5365 miseriam
3533 5322 3653 5365 sese

1958 5400 2395 5471 contemplanda
2429 5398 2676 5455 retorsit.
2711 5399 2931 5453 Anima
2973 5396 3153 5468 igitur
3198 5411 3317 5454 sua
3356 5397 3653 5454 miserabi-

1959 5490 2115 5546 litate
2148 5494 2458 5559 perspecta,
2498 5494 2553 5543 et
2582 5486 2724 5556 quia
2753 5487 2835 5542 nil
2877 5485 3034 5541 aliud
3081 5501 3259 5558 quam
3290 5492 3437 5541 464
3486 5486 3654 5543 dam-
