3902 6082
273 237 375 294 851

1199 240 1259 295 ν.
1298 240 1630 300 GUIBERTI
1665 239 1957 298 ABBATIS
1993 240 2050 298 S.
2088 240 2324 299 MARLE
2361 239 2452 298 DE
2485 241 2880 300 NOVIGENTO

3677 243 3788 302 852

267 394 409 436 nare
446 387 502 437 et
541 379 830 447 damnari,
873 378 1083 434 foedare
1120 385 1176 433 et
1220 377 1418 433 foedari
1463 378 1522 434 in
1580 379 1790 435 saeculo
1816 378 1963 434 face-
2001 379 2401 449 Aarrogantis
2469 379 2739 436 vocabuli
2808 380 3245 437 subtrahamus.
3297 401 3318 429 ι
3381 380 3480 436 His
3559 381 3782 448 edictis,

266 476 372 536 ret,
403 483 573 539 quem
605 467 836 523 vivendi
860 466 1095 522 modum
1110 465 1406 536 arriperet,
1434 467 1533 523 diu
1565 482 1697 523 cum
1730 467 1966 538 quibus-

266 558 422 622 dam,
496 570 642 625 quos
721 554 863 610 tanti
946 553 1210 609 desiderii
1295 554 1570 622 conscios,
1626 563 1680 611 et
1732 555 1964 610 comites

267 644 476 698 habere
526 642 832 710 delegerat,
887 641 1222 698 multimode
1264 643 1431 710 plura
1468 642 1780 697 discutiens
1837 657 1964 712 per-

263 727 562 784 tractabat.
600 725 690 798 (‘9)
743 726 1067 782 Vocabatur
1099 735 1294 783 autem
1327 729 1463 798 ipse,
1525 730 1841 794 Ebrardus,
1874 728 1965 784 vir

261 815 411 870 inter
441 815 721 885 primores
741 814 996 870 Franciae
1031 815 1419 885 undecunque
1450 815 1725 872 famosus.

330 902 583 958 Tandem
637 917 904 974 expresso
965 902 1022 956 in
1079 903 1425 959 evidentiam
1486 905 1675 974 operis
1727 905 1964 960 diutinae

259 989 618 1060 cogitationis
649 991 880 1056 intuitu,
916 991 1146 1046 nemine
1198 1005 1670 1048 remansurorum
1716 993 1962 1060 conscio,

259 1091 392 1132 cum
425 1077 554 1142 illis,
589 1093 734 1148 quos
764 1077 822 1132 in
854 1078 1178 1134 sodalitium
1219 1080 1558 1147 arripiendze
1614 1080 1791 1151 hujus
1828 1079 1965 1136 reli-

261 1165 448 1234 gionis
477 1165 583 1221 sibi
631 1165 984 1221 clandestina
1029 1166 1426 1234 sollicitatione
1486 1169 1861 1235 consciverat,
1905 1169 1965 1224 in

260 1253 450 1308 nescio
479 1266 627 1322 quas
655 1261 882 1309 exteras
923 1253 1102 1323 fugax
1145 1254 1384 1310 excessit
1421 1256 1763 1324 provincias,
1818 1271 1966 1326 quas

261 1341 349 1396 sui
383 1355 619 1410 prorsus
650 1341 898 1396 nominis
939 1343 1170 1410 ignaras
1199 1355 1333 1397 cum
1380 1342 1621 1398 libenter
1670 1344 1961 1414 incoleret,

260 1437 316 1484 et
355 1428 704 1484 carbonibus
733 1429 1007 1484 faciendis
1051 1431 1121 1484 ad
1151 1444 1315 1500 opem
1361 1438 1702 1501 sumptuum
1732 1448 1963 1503 operam

261 1516 444 1582 daret,
475 1526 530 1572 et
572 1517 677 1571 hac
719 1517 964 1586 illacque
1011 1532 1140 1573 cum
1188 1518 1308 1573 suis
1343 1533 1441 1588 per
1481 1534 1619 1575 rura
1646 1529 1700 1577 et
1755 1523 1966 1591 oppida

262 1619 476 1659 venum
529 1604 717 1670 ferret,
763 1611 886 1660 tum
921 1605 1171 1674 primum
1220 1613 1382 1662 ratus
1433 1615 1517 1663 est
1559 1623 1620 1664 se
1665 1624 1965 1678 supremas

263 1691 517 1761 attigisse
567 1691 816 1755 divitias,
881 1700 934 1748 et
1017 1701 1140 1748 erat
1219 1694 1583 1750 considerare
1647 1712 1846 1752 omnes
1892 1699 1964 1754 ab

264 1781 420 1834 intus
465 1779 594 1834 filiae
646 1781 796 1850 regis
827 1780 1059 1850 glorias.
1094 1781 1238 1848 Quid
1265 1784 1293 1836 ?
1323 1784 1666 1854 Exemplum
1711 1786 1865 1842 unde
1911 1795 1966 1843 et

265 1867 381 1936 ipse
419 1869 730 1937 sumpserit
762 1869 852 1924 hic
879 1877 1152 1924 attexam.

332 1957 422 2023 (ιο)
475 1956 894 2023 Teudebaldus,
956 1971 1129 2027 quem
1177 1967 1441 2015 sanctum
1487 1959 1654 2017 hodie
1709 1962 1964 2019 universi

263 2043 660 2114 agnominant,
697 2052 757 2099 ut
784 2045 979 2101 multae
1001 2047 1122 2114 jam
1155 2046 1420 2102 Ecclesiae
1442 2049 1552 2104 sub
1581 2051 1707 2119 ejus
1736 2051 1965 2107 nomine

263 2131 633 2187 consistentes
690 2133 875 2200 ipsum
935 2134 1145 2202 passim
1200 2134 1533 2206 insigniant,
1584 2137 1817 2206 juvenis
1869 2153 1963 2209 ge-

264 2233 398 2274 nere
427 2219 637 2275 nobilis
683 2220 902 2277 exstitit
942 2230 1073 2277 ante
1104 2222 1157 2278 id
1204 2231 1432 2292 tempus
1467 2239 1478 2277 :
1513 2226 1614 2294 qui
1668 2225 1816 2282 inter
1845 2229 1966 2297 ipsa

264 2307 592 2363 rudimenta
632 2307 846 2364 militiae
878 2310 1053 2365 'arma
1099 2311 1436 2379 despiciens,
1488 2313 1729 2382 nudipes
1759 2329 1791 2369 a
1844 2317 1966 2372 suis

263 2395 534 2461 elabitur,
585 2411 763 2466 supra
815 2397 964 2453 dicto
1021 2398 1260 2454 artificio
1294 2399 1601 2467 addicitur,
1658 2415 1757 2470 per
1811 2403 1964 2472 quod

263 2482 606 2553 aliquandiu
635 2485 744 2541 sub
779 2485 1003 2541 insolita
1043 2487 1373 2542 necessitate
1427 2487 1545 2542 vita
1602 2490 1961 2560 transigitur.

265 2571 400 2637 Hoc,
436 2573 695 2642 inquam,
722 2573 1012 2630 animatus
1043 2576 1304 2644 exemplo
1355 2576 1673 2646 Ebrardus,
1724 2592 1795 2633 ex
1849 2587 1965 2635 tam

267 2660 469 2715 humili
494 2660 738 2730 Opiﬁcio,
775 2670 839 2718 ut
870 2663 1270 2731 praemisimus,
1315 2664 1580 2719 victitare
1615 2665 1962 2725 decreverat.

337 2750 639 2818 Spectrum
684 2749 1004 2820 alloquitur
1052 2754 1331 2822 terretque
1377 2753 1726 2808 Ebrardum.
1776 2757 1968 2812 Mutat

261 2835 618 2906 prapositum
637 2837 920 2908 solitaque
948 2838 1239 2893 exercitia.
1275 2840 1608 2895 Manus-tice
1643 2841 1966 2913 disciplina

2075 474 2426 523 commutato
2483 466 2738 532 consilio,
2793 467 2878 536 (“)
2927 467 3114 537 Majus
3158 468 3572 524 Monasterium
3605 469 3783 534 (Mar-

2073 553 2366 620 monstier,
2400 553 2584 622 juxta
2630 553 2908 620 Turoues)
2965 554 3232 622 petivere,
3268 554 3465 623 ibique
3514 564 3783 624 suscepto

2073 645 2285 694 sanctae
2309 640 2761 694 conversationis
2811 639 3017 695 habitu
3064 640 3391 710 perenniter
3434 641 3778 697 deserviere.

2144 728 2312 782 Hunc
2343 727 2526 796 ipsum
2566 729 2901 783 audivimus
2949 735 3158 794 tantas,
3207 729 3349 784 dum
3379 729 3587 785 smculo
3618 730 3783 786 vive-

2073 821 2178 880 ret,
2233 815 2539 871 cultiorum
2599 819 2838 872 vestium
2903 815 3171 871 habuisse
3247 830 3437 882 curas,
3499 825 3562 872 ut
3603 816 3785 872 nullis

2073 901 2376 958 ditioribus
2437 903 2623 972 impar
2652 911 2840 958 esset:
2893 903 3034 958 adeo
3081 909 3275 958 autem
3326 903 3783 974 indignabunda}

2074 989 2449 1056 habitudinis,
2486 998 2549 1046 ut
2595 990 2759 1046 facile
2809 990 3086 1059 cuipiam,
3138 990 3225 1045 vel
3262 991 3433 1046 verbo
3491 994 3780 1062 aggressi-

2074 1077 2203 1133 bilis
2234 1092 2604 1147 nequaquam
2636 1079 2814 1134 videri
2843 1088 3043 1148 posset.
3074 1083 3250 1144 Quem
3286 1080 3646 1150 postmodum
3669 1080 3782 1136 sub

2073 1165 2378 1220 monachia
2411 1166 2678 1234 positum,
2718 1175 2876 1222 tanta
2934 1181 3145 1236 corpus
3177 1181 3347 1222 suum
3401 1167 3782 1236 vilipensione

2076 1252 2286 1308 habere
2331 1255 2758 1322 conspeximus,
2818 1262 2880 1310 ut
2936 1253 3260 1310 indumenti
3318 1253 3526 1319 vilitas,
3577 1253 3783 1309 vultus

2073 1340 2356 1406 demissio,
2390 1342 2777 1397 membrorum
2807 1342 3056 1409 exilitas,
3117 1355 3230 1396 non
3285 1341 3459 1396 fuisse
3491 1341 3778 1405 comitem,

2073 1427 2170 1482 sed
2193 1435 2473 1496 agrestem
2532 1427 2882 1483 rusticulum
2942 1427 3297 1497 loqueretur.
3357 1428 3428 1483 Et
3484 1441 3618 1482 cum
3683 1442 3783 1496 per

2075 1515 2246 1570 urbes
2295 1528 2363 1570 ac
2414 1515 2625 1584 oppida
2701 1529 2800 1585 pro
2859 1516 3085 1572 abbatis
3136 1516 3374 1585 imperio
3430 1515 3777 1582 mitteretur,

2073 1617 2377 1672 nunquam
2409 1605 2637 1673 proprio
2687 1604 2872 1660 addici
2907 1606 3092 1674 potuit
3133 1604 3448 1671 voluntate,
3485 1611 3549 1659 ut
3568 1604 3781 1659 castel-

2001 1665 2146 1758 Bla,
2206 1665 2337 1762 quae
2392 1665 2724 1762 reliquerat,
2782 1693 2869 1748 vel
2907 1665 3098 1748 -semel
3168 1692 3388 1763 ingredi
3436 1665 3779 1761 'pateretur.

2077 1781 2224 1845 Haec,
2272 1794 2403 1849 quae
2445 1780 2714 1850 superius
2763 1781 2942 1836 relata
2990 1787 3148 1848 sunt,
3190 1779 3298 1850 ipsi
3359 1780 3500 1835 mihi
3557 1780 3778 1846 retulit,

2073 1882 2205 1923 cum
2237 1882 2324 1923 me
2368 1867 2561 1924 adhuc
2611 1868 2996 1939 juvenculum
3035 1877 3328 1938 tantopere
3381 1875 3777 1932 veneraretur,

2074 1965 2248 2026 atque
2277 1971 2396 2012 suae
2418 1957 2938 2028 consanguinitatis
2969 1956 3288 2024 ascisceret,
3328 1964 3391 2012 ut
3441 1958 3660 2012 amoris
3689 1957 3778 2011 sui

2074 2052 2249 2113 atque
2292 2043 2503 2110 cultus,
2545 2045 2770 2114 speciali
2803 2045 3053 2114 quadam
3089 2044 3488 2115 singularitate
3518 2045 3777 2099 donaret.

2143 2132 2248 2188 Cui
2305 2133 2572 2188 inclitum
2631 2133 2910 2204 quiddam
2967 2132 3417 2188 curialissimum
3472 2132 3602 2200 fuit,
3638 2141 3701 2188 ut
3733 2133 3779 2187 si

2075 2232 2219 2287 quos
2273 2217 2566 2286 reperiret,
2609 2231 2754 2286 quos
2807 2217 3176 2286 przeeminere
3239 2216 3436 2272 litteris
3495 2216 3686 2282 sciret,
3722 2217 3778 2271 in

2073 2305 2348 2372 libellulo,
2383 2319 2554 2375 quem
2613 2306 2684 2360 ad
2721 2305 2775 2359 id
2819 2305 3007 2374 operis
3037 2319 3229 2360 secum
3265 2305 3382 2374 ipse
3411 2305 3616 2360 crebro
3675 2320 3778 2376 ge—

2074 2400 2267 2458 staret,
2303 2405 2592 2460 quemque
2636 2405 2733 2460 pro
2779 2406 2884 2447 suo
2910 2400 3081 2461 captu
3127 2392 3388 2447 dictitare
3432 2407 3621 2462 prosa,
3677 2408 3782 2448 seu

2074 2479 2337 2535 versibus
2376 2487 2629 2547 cogeret;
2663 2486 2724 2533 ut
2750 2478 2889 2534 dum
2921 2493 3428 2556 quorumcunque,
3463 2481 3561 2550 qui
3600 2495 3779 2550 super

2073 2584 2138 2625 eo
2193 2568 2658 2637 praedicabantur
2689 2567 2898 2634 studio,
2933 2567 3084 2622 dicta
3135 2567 3447 2637 colligeret,
3499 2582 3573 2623 ex
3617 2569 3782 2623 dictis

2073 2657 2243 2712 etiam
2301 2655 2666 2726 singulorum
2746 2669 2912 2710 sensa
2977 2655 3234 2710 libraret.
3295 2654 3431 2721 Quae
3489 2656 3780 2726 siquidem

2075 2745 2344 2815 quamvis
2383 2757 2480 2812 per
2527 2757 2584 2799 se
2615 2758 2732 2798 non
2763 2751 3010 2812 caperet,
3042 2757 3115 2798 ex
3149 2757 3348 2799 eorum
3404 2751 3618 2810 tamen,
3643 2744 3784 2814 qui-

2075 2833 2184 2889 bus
2217 2833 2336 2887 haec
2379 2832 2620 2902 legenda
2669 2831 2976 2900 pandebat,
3031 2831 3268 2887 indubie
3315 2833 3596 2887 sententia
3645 2846 3782 2887 mox

263 2937 326 2974 se
350 2920 666 2992 mancipat.
698 2951 771 2963 —
800 2928 870 2979 At
898 2923 1036 2994 quia
1067 2925 1230 2979 nulla
1281 2934 1416 2980 sum
1467 2926 1636 2995 bona,
1670 2943 1802 2998 quas,
1848 2945 1963 2986 non
2001 2938 2045 2995 ρ
2075 2925 2308 2985 teneret,
2362 2919 2420 2972 in
2451 2932 2566 2987 quo
2613 2917 2971 2988 potissimum
3025 2919 3159 2986 quis
3195 2924 3292 2972 aut
3335 2918 3392 2972 in
3444 2931 3640 2984 sensu,
3678 2924 3782 2972 aut

266 3009 494 3079 aliquas
550 3009 855 3080 aliquoties
939 3012 1230 3081 prmbeant
1291 3014 1542 3084 alicujus
1591 3017 1967 3088 malignitatis

267 3110 491 3164 causas,
533 3096 674 3153 dum
735 3098 794 3153 in
850 3099 1068 3169 aliquo,
1116 3100 1207 3156 die
1253 3101 1522 3170 quodam,
1573 3105 1764 3160 nescio
1823 3105 1965 3176 quid

268 3191 508 3240 acturus
566 3185 772 3254 operis,
823 3194 966 3243 esset
1016 3187 1160 3255 vico,
1216 3203 1344 3244 ecce
1391 3190 1679 3260 quispiam
1710 3193 1762 3249 ei
1783 3194 1967 3252 astitit

267 3272 376 3328 sub
404 3273 577 3342 Tyria
607 3273 854 3339 lacerna,
907 3275 1201 3332 tibialibus
1241 3277 1434 3333 sericis
1468 3280 1739 3348 pedulum
1774 3281 1965 3338 absci-

267 3357 427 3414 sione
458 3358 765 3427 damnatis,
801 3361 1156 3418 muliebriter
1206 3363 1456 3419 diductis
1506 3380 1541 3420 a
1570 3366 1756 3423 fronte
1786 3369 1966 3424 crini-
2023 3421 2028 3423 .

269 3445 399 3510 bus,
435 3453 489 3500 et
517 3459 776 3502 summas
805 3448 1222 3519 attingentibus
1255 3449 1444 3518 ulnas,
1470 3453 1755 3510 amasium
1779 3456 1966 3525 potius

267 3532 546 3589 exhibens
592 3548 768 3604 quam
829 3535 1110 3592 exsulem.
1153 3536 1335 3603 Quam
1388 3538 1482 3594 ille
1526 3555 1658 3596 cum
1709 3556 1782 3596 ex
1832 3558 1967 3600 vera

268 3621 403 3691 quis
459 3630 605 3678 esset
651 3623 977 3680 sinceritate
1045 3627 1423 3696 perquireret,
1477 3635 1531 3682 et
1586 3629 1678 3685 ille
1730 3630 1966 3702 obliquo

269 3709 511 3778 paulum
545 3711 710 3766 oculo
758 3711 1049 3767 abducens
1077 3713 1471 3782 supercilium,
1516 3717 1700 3786 specie
1731 3719 1967 3787 pudoris

269 3795 482 3862 ablata,
532 3797 718 3852 dicere
760 3807 1109 3865 contaretur,
1145 3809 1198 3855 et
1229 3801 1322 3856 ille
1361 3804 1729 3860 contabundo
1781 3809 1967 3878 magis

271 3895 337 3937 ac
365 3883 552 3954 magis
581 3884 667 3953 pie
697 3885 964 3942 curiosus
998 3887 1252 3955 instaret,
1295 3890 1366 3944 ad
1402 3890 1671 3947 ultimum
1733 3895 1964 3952 tandem

270 3968 371 4024 vix
422 3971 589 4039 quasi
649 3972 895 4028 hominis
951 3972 1223 4029 instantia
1255 3976 1441 4032 victus
1487 3979 1679 4048 erupit
1713 3996 1726 4035 :
1766 4001 1786 4029 ε
1826 3981 1963 4039 Sum

272 4054 482 4125 inquit,
511 4057 620 4123 (sed
653 4072 752 4113 vos
780 4059 1031 4128 cuipiam
1061 4075 1130 4116 ne
1161 4061 1383 4133 dicatis)
1415 4065 1712 4123 Ebrardus
1757 4069 1966 4124 Britoi-

271 4141 444 4198 lensis
526 4142 728 4212 Vorte,
806 4146 1173 4215 Britoliensis,
1253 4157 1317 4206 ut
1394 4153 1593 4223 supra]
1671 4156 1964 4224 quondam

2077 3006 2329 3062 carmine
2359 3006 2719 3061 accuratiora
2749 3005 3006 3061 dixisset.
3042 3007 3172 3060 Haec
3199 3005 3266 3060 de
3305 3005 3430 3059 viro
3478 3004 3780 3074 quondam

2076 3095 2270 3162 nobili,
2305 3095 2399 3150 sed
2427 3094 2548 3164 jam
2578 3093 2856 3149 nobiliore
2913 3094 3025 3148 line
3060 3093 3210 3148 bono
3248 3093 3454 3148 libasse
3501 3089 3775 3147 sufﬁciat.

2075 3187 2147 3252 1s,
2198 3185 2458 3255 inquam,
2509 3185 2656 3238 inter
2705 3183 2994 3239 memoriae
3038 3191 3246 3237 nostrae
3293 3181 3465 3244 viros,
3516 3181 3779 3251 exemplo

2075 3271 2301 3343 primus
2327 3270 2719 3327 conversionis
2750 3270 3082 3340 gloriosiore
3115 3267 3483 3338 resplenduit.

2748 3358 2977 3415 CAPUT
3017 3358 3089 3413 X.

2144 3451 2212 3504 At
2266 3459 2396 3503 vero
2442 3445 2546 3516 qui
2601 3444 2842 3501 Paulum
2892 3459 2963 3500 ex
3031 3443 3301 3514 Stephani
3351 3443 3456 3499 sibi
3522 3444 3779 3500 oratione

2076 3534 2310 3602 creavit,
2365 3533 2697 3602 exemplum
2774 3532 2919 3587 idem
2976 3531 3156 3588 multo
3206 3531 3427 3588 felicius
3489 3531 3781 3601 latiusque

2076 3636 2177 3692 per
2224 3620 2598 3692 potentiorem
2659 3620 2798 3674 satis
2845 3619 3092 3675 alterum
3147 3619 3506 3690 propagavit.
3555 3619 3646 3689 (⁸³)
3692 3621 3776 3674 Si-

2075 3723 2209 3763 mon
2243 3707 2395 3763 enim
2455 3707 2692 3777 quidam
2749 3707 3038 3776 Radulphi
3091 3707 3312 3762 comitis
3371 3707 3545 3773 ﬁlius,
3599 3707 3780 3762 mira—

2076 3795 2174 3852 bili
2222 3795 2402 3851 nostri
2442 3796 2714 3864 temporis
2752 3795 3090 3866 religionem
3145 3795 3392 3865 inopinae
3441 3795 3784 3850 mutationis

2076 3882 2332 3938 claritate
2380 3881 2602 3938 ditavit.
2653 3882 2735 3954 (⁸³)
2781 3883 2887 3949 Qui
2938 3883 3171 3952 quidem
3214 3882 3556 3952 Radulphus
3599 3897 3780 3953 quam

2076 3970 2313 4026 celebris
2370 3970 2594 4040 ubique
2641 3972 2994 4027 Francorum
3063 3973 3326 4040 potentiae
3389 3971 3579 4036 fuerit,
3632 3985 3783 4041 quas

2075 4059 2250 4116 urbes
2297 4059 2586 4126 invaserit,
2637 4065 2786 4114 465
2840 4067 2982 4130 quot
3049 4059 3258 4130 oppida
3317 4059 3564 4129 quaesita
3632 4060 3782 4115 mira

2077 4145 2386 4217 sagacitate
2454 4145 2723 4215 tenuerit,
2801 4146 2968 4202 multi
3041 4147 3392 4216 superstites,
3475 4147 3578 4217 qui
3653 4149 3782 4219 ejus

271 4242 478 4294 comes,
510 4229 631 4299 qui,
668 4238 731 4286 ut
759 4232 930 4300 scitis,
987 4249 1046 4289 tn
1086 4237 1330 4292 Francia
1380 4239 1517 4294 olim
1572 4240 1751 4307 dives,
1811 4241 1962 4297 exsi-
2001 4243 2045 4297 D
2075 4244 2311 4291 actuum
2353 4234 2680 4302 meminere,
2707 4243 2843 4291 sunt
2893 4241 3077 4291 testes.
3118 4233 3380 4301 Quantus
3409 4235 3578 4290 etiam
3609 4235 3783 4291 fuerit

271 4317 346 4372 lio
401 4331 492 4373 me
541 4319 802 4390 relegans
863 4331 1208 4392 spontaneas
1264 4335 1628 4396 peccatorum
1706 4343 1965 4385 meorum

273 4416 473 4472 poenas
505 4403 619 4460 luo.
658 4427 679 4454 ι
735 4407 967 4464 Dixerat
1016 4409 1105 4466 vir
1157 4411 1417 4482 illustris,
1472 4421 1527 4470 et
1570 4429 1724 4483 eum,
1776 4415 1876 4485 qui
1907 4429 1966 4471 se

271 4492 748 4564 interrogaverat,
805 4505 1088 4567 arrogatae
1153 4500 1260 4556 sibi
1329 4515 1586 4570 personae
1669 4504 1967 4573 repentina

271 4579 644 4636 translatione
675 4583 950 4639 confudit.
1011 4585 1346 4642 Admiratus
1403 4589 1582 4659 igitur
1616 4589 1966 4646 incredibili-

271 4675 356 4724 ter
410 4670 661 4738 perversi
707 4672 956 4728 hominis
1006 4674 1443 4744 impudentiam,
1494 4685 1706 4747 spreto,
1766 4686 1830 4734 ut
1885 4679 1966 4735 sic

271 4755 538 4824 dixerim,
595 4759 890 4816 simulacri
960 4761 1116 4818 illius
1202 4762 1474 4832 alloquio,
1530 4765 1602 4819 ad
1645 4779 1780 4820 suos
1833 4766 1964 4822 inde

271 4843 451 4901 relato
489 4859 768 4913 sermone,
815 4848 934 4903 ait:
995 4871 1017 4898 ι
1077 4849 1297 4918 Sciatis,
1347 4866 1380 4906 ο
1434 4853 1623 4920 amici,
1675 4854 1781 4909 hoc
1832 4854 1964 4910 vitae

271 4931 626 5002 propositum
659 4934 822 4989 nobis
854 4936 1089 5005 quidem
1144 4938 1302 5006 utile,
1339 4940 1436 4994 sed
1494 4940 1620 4996 aliis
1653 4940 1962 5012 quamplu-

268 5019 430 5077 rimis
449 5020 698 5089 exitiale,
732 5025 870 5092 quia
918 5027 1072 5094 quod
1109 5028 1180 5083 ab
1219 5028 1399 5097 ipsius
1451 5044 1549 5086 ore
1599 5030 1862 5096 audistis,
1895 5030 1964 5086 de

270 5108 466 5165 multis
527 5122 939 5182 consequenter
987 5115 1334 5172 intellexisse
1365 5118 1614 5188 potestis.
1671 5118 1725 5173 Si
1785 5118 1964 5188 igitur

271 5195 385 5250 Deo
434 5195 649 5268 integre
689 5199 910 5268 placere
955 5202 1244 5271 volumus,
1307 5205 1456 5274 quod
1511 5205 1639 5261 aliis
1685 5204 1959 5272 scandali,

271 5281 386 5338 imo
439 5284 700 5342 falsitatis
741 5287 1094 5345 occasionem
1144 5292 1376 5361 praebet,
1407 5293 1626 5348 evitare
1664 5293 1957 5348 debemus.

272 5367 371 5423 lllo
401 5368 594 5438 itaque
622 5372 901 5430 stabiliter
929 5390 1033 5432 nos
1075 5376 1348 5446 feramus,
1403 5379 1498 5436 ubi
1550 5379 1776 5435 sublato
1804 5379 1962 5435 exsi-

272 5454 349 5522 lii,
377 5456 532 5525 quod
571 5471 672 5526 pro
710 5459 823 5516 Deo
858 5462 1110 5531 patimur
1165 5467 1414 5533 nomine,
1448 5480 1654 5522 causas
1689 5465 1960 5522 omnibus

2074 4338 2148 4380 ex
2205 4338 2270 4380 eo
2313 4338 2429 4378 uno
2475 4322 2680 4394 conjici
2729 4331 2914 4393 posset
2981 4323 3137 4393 quod
3168 4322 3394 4379 Henrici
3443 4324 3597 4394 regis
3641 4338 3783 4380 uxo-

2073 4427 2215 4478 rem,
2257 4411 2498 4481 Philippi
2536 4411 2729 4467 itidem
2789 4412 2940 4481 regis
2982 4418 3221 4467 matrem
3253 4411 3312 4466 in
3362 4411 3634 4482 conjugio
3657 4419 3783 4480 post

2075 4499 2262 4556 mariti
2285 4499 2586 4555 decessum
2615 4499 2902 4554 habuerit.

2143 4586 2502 4644 Juvenculus
2578 4586 2753 4653 igitur
2827 4586 3041 4652 Simon,
3097 4600 3230 4641 cum
3297 4593 3540 4642 mortem
3618 4594 3782 4655 pater

2073 4677 2317 4742 obiisset,
2387 4673 2620 4730 obtento
2707 4674 3085 4730 comitatuum
3141 4674 3270 4744 ejus
3331 4674 3549 4729 honore
3618 4673 3779 4729 brevi

2075 4761 2275 4818 tenuit.
2327 4759 2472 4816 Nam
2527 4773 2763 4816 causam
2830 4759 2971 4816 adeo
3028 4768 3330 4816 maturata:
3380 4759 3780 4816 conversionis

2070 4851 2222 4906 hanc
2265 4849 2446 4919 aliqui
2499 4849 2670 4905 fuisse
2703 4849 2910 4905 ferunt.
2969 4851 3032 4906 ln
3081 4852 3333 4920 quodam
3363 4851 3572 4921 oppido
3619 4853 3772 4921 quod

2072 4938 2176 4994 sibi
2204 4937 2575 5007 usurpatione
2608 4937 2814 5006 potius,
2850 4952 3026 5006 quam
3067 4939 3398 4994 hiereditate
3431 4947 3776 5007 provenerat

2069 5027 2326 5097 ejusdem
2384 5025 2562 5095 patris
2634 5025 2895 5094 reliquiae
2973 5026 3215 5081 conditae
3289 5025 3541 5081 fuerant.
3614 5025 3772 5092 Quod

2071 5113 2242 5181 ﬁlius,
2280 5126 2479 5169 verens
2499 5126 2570 5167 ne
2596 5113 2803 5167 animae
2833 5113 3017 5182 patris
3046 5111 3316 5180 ofﬁceret,
3341 5114 3416 5168 ad
3449 5113 3589 5169 illud
3620 5114 3773 5184 quod

2069 5201 2177 5257 sibi
2197 5201 2420 5271 exjure
2467 5201 2813 5267 constiterat,
2859 5201 3079 5256 deferre
3109 5202 3406 5272 proposuit
3439 5217 3450 5256 :
3482 5217 3604 5272 quo
3643 5211 3774 5258 ante

2070 5289 2408 5345 delationem
2458 5288 2695 5355 detecto,
2745 5297 2800 5343 et
2858 5289 2965 5344 Sub
3019 5290 3202 5344 oculis
3253 5289 3350 5345 filii
3401 5290 3473 5345 ad
3546 5291 3772 5346 nudum

2071 5376 2340 5442 revelato,
2383 5389 2516 5430 cum
2573 5376 2950 5444 potentissimi
2998 5377 3294 5447 genitoris,
3352 5377 3773 5448 quondamque

2071 5463 2402 5522 ferocissimi
2451 5463 2710 5520 tabidum
2759 5465 3092 5520 attendisset
3133 5479 3363 5535 corpus,
3406 5465 3478 5520 ad
3515 5475 3772 5524 contem-
