  <div class='ocr_page' id='page_1' title='image "/cluster/home/n/w/nwhite01/storage/ocr_20150623/156/hvd.32044054760145/432.png"; bbox 0 0 3938 6082; ppageno 0'>
   <div class='ocr_carea' id='block_1_1' title="bbox 160 224 266 277">
    <p class='ocr_par' dir='ltr' id='par_1_1' title="bbox 160 224 266 277">
     <span class='ocr_line' id='line_1_1' title="bbox 160 224 266 277; baseline -0.009 0"><span class='ocrx_word' id='word_1_1' title='bbox 160 224 266 277; x_wconf 77' lang='grc'><strong>853</strong></span> 
     </span>
    </p>
   </div>
   <div class='ocr_carea' id='block_1_2' title="bbox 1279 217 2538 276">
    <p class='ocr_par' dir='ltr' id='par_1_2' title="bbox 1279 217 2538 276">
     <span class='ocr_line' id='line_1_2' title="bbox 1279 217 2538 276; baseline 0 -2"><span class='ocrx_word' id='word_1_2' title='bbox 1279 219 1370 274; x_wconf 82' lang='grc' dir='ltr'><strong>ΒΕ</strong></span> <span class='ocrx_word' id='word_1_3' title='bbox 1411 217 1571 274; x_wconf 81' lang='grc' dir='ltr'><strong>νιΤΑ</strong></span> <span class='ocrx_word' id='word_1_4' title='bbox 1611 219 1747 276; x_wconf 86' lang='lat' dir='ltr'><strong>SUA</strong></span> <span class='ocrx_word' id='word_1_5' title='bbox 1786 218 1971 276; x_wconf 83' lang='lat' dir='ltr'><strong>LIBRI</strong></span> <span class='ocrx_word' id='word_1_6' title='bbox 2009 219 2210 275; x_wconf 78' lang='lat' dir='ltr'><strong>TRES.</strong></span> <span class='ocrx_word' id='word_1_7' title='bbox 2236 219 2452 275; x_wconf 85' lang='lat' dir='ltr'><strong>—LIB.</strong></span> <span class='ocrx_word' id='word_1_8' title='bbox 2493 219 2538 274; x_wconf 93' lang='grc' dir='ltr'><strong>Ι.</strong></span> 
     </span>
    </p>
   </div>
   <div class='ocr_carea' id='block_1_3' title="bbox 3560 221 3663 277">
    <p class='ocr_par' dir='ltr' id='par_1_3' title="bbox 3560 221 3663 277">
     <span class='ocr_line' id='line_1_3' title="bbox 3560 221 3663 277; baseline 0 -1"><span class='ocrx_word' id='word_1_9' title='bbox 3560 221 3663 277; x_wconf 83' lang='grc'><strong>854</strong></span> 
     </span>
    </p>
   </div>
   <div class='ocr_carea' id='block_1_4' title="bbox 162 349 3666 424">
    <p class='ocr_par' dir='ltr' id='par_1_4' title="bbox 162 349 3666 424">
     <span class='ocr_line' id='line_1_4' title="bbox 162 349 3666 424; baseline -0.001 -16"><span class='ocrx_word' id='word_1_10' title='bbox 162 353 472 424; x_wconf 88' lang='lat' dir='ltr'><strong>plationem</strong></span> <span class='ocrx_word' id='word_1_11' title='bbox 495 350 716 408; x_wconf 69' lang='lat' dir='ltr'><strong>miserae</strong></span> <span class='ocrx_word' id='word_1_12' title='bbox 739 349 1082 407; x_wconf 75' lang='lat' dir='ltr'><strong>conditionis</strong></span> <span class='ocrx_word' id='word_1_13' title='bbox 1115 363 1174 405; x_wconf 90' lang='lat' dir='ltr'><strong>se</strong></span> <span class='ocrx_word' id='word_1_14' title='bbox 1201 349 1464 406; x_wconf 82' lang='lat' dir='ltr'><strong>contulit.</strong></span> <span class='ocrx_word' id='word_1_15' title='bbox 1524 349 1595 407; x_wconf 89' lang='lat' dir='ltr'><strong>Et</strong></span> <span class='ocrx_word' id='word_1_16' title='bbox 1639 349 1850 406; x_wconf 82' lang='lat' dir='ltr'><strong>exinde</strong></span> <span class='ocrx_word' id='word_1_17' title='bbox 1889 352 1934 404; x_wconf 86' lang='lat' dir='ltr'><strong>A</strong></span> <span class='ocrx_word' id='word_1_18' title='bbox 1964 358 2136 420; x_wconf 90' lang='lat' dir='ltr'><strong>gatus</strong></span> <span class='ocrx_word' id='word_1_19' title='bbox 2196 357 2430 420; x_wconf 74' lang='lat' dir='ltr'><strong>aeterno,</strong></span> <span class='ocrx_word' id='word_1_20' title='bbox 2488 365 2622 408; x_wconf 91' lang='lat' dir='ltr'><strong>cum</strong></span> <span class='ocrx_word' id='word_1_21' title='bbox 2685 365 2744 407; x_wconf 87' lang='lat' dir='ltr'><strong>se</strong></span> <span class='ocrx_word' id='word_1_22' title='bbox 2796 351 2870 406; x_wconf 91' lang='lat' dir='ltr'><strong>ad</strong></span> <span class='ocrx_word' id='word_1_23' title='bbox 2918 349 3483 407; x_wconf 90' lang='lat' dir='ltr'><strong>excommunicatum</strong></span> <span class='ocrx_word' id='word_1_24' title='bbox 3526 357 3666 406; x_wconf 88' lang='lat' dir='ltr'><strong>tunc</strong></span> 
     </span>
    </p>
   </div>
   <div class='ocr_carea' id='block_1_5' title="bbox 162 438 1858 512">
    <p class='ocr_par' dir='ltr' id='par_1_5' title="bbox 162 438 1858 512">
     <span class='ocr_line' id='line_1_5' title="bbox 162 438 1858 512; baseline -0.002 -14"><span class='ocrx_word' id='word_1_25' title='bbox 162 442 449 512; x_wconf 87' lang='lat' dir='ltr'><strong>quidquid</strong></span> <span class='ocrx_word' id='word_1_26' title='bbox 480 438 849 497; x_wconf 78' lang='lat' dir='ltr'><strong>sublimitatis</strong></span> <span class='ocrx_word' id='word_1_27' title='bbox 878 439 986 495; x_wconf 89' lang='lat' dir='ltr'><strong>sibi</strong></span> <span class='ocrx_word' id='word_1_28' title='bbox 1018 439 1332 506; x_wconf 80' lang='lat' dir='ltr'><strong>arridebat,</strong></span> <span class='ocrx_word' id='word_1_29' title='bbox 1363 445 1416 493; x_wconf 90' lang='lat' dir='ltr'><strong>et</strong></span> <span class='ocrx_word' id='word_1_30' title='bbox 1448 438 1665 509; x_wconf 75' lang='lat' dir='ltr'><strong>glorize,</strong></span> <span class='ocrx_word' id='word_1_31' title='bbox 1700 438 1858 494; x_wconf 91' lang='lat' dir='ltr'><strong>fasti-</strong></span> 
     </span>
    </p>
   </div>
   <div class='ocr_carea' id='block_1_6' title="bbox 159 526 1857 600">
    <p class='ocr_par' dir='ltr' id='par_1_6' title="bbox 159 526 1857 600">
     <span class='ocr_line' id='line_1_6' title="bbox 159 526 1857 600; baseline -0.002 -15"><span class='ocrx_word' id='word_1_32' title='bbox 159 532 283 586; x_wconf 90' lang='lat' dir='ltr'><strong>dire</strong></span> <span class='ocrx_word' id='word_1_33' title='bbox 309 532 431 600; x_wconf 90' lang='lat' dir='ltr'><strong>jam</strong></span> <span class='ocrx_word' id='word_1_34' title='bbox 461 531 648 599; x_wconf 68' lang='lat' dir='ltr'><strong>coepit.</strong></span> <span class='ocrx_word' id='word_1_35' title='bbox 686 529 968 598; x_wconf 89' lang='lat' dir='ltr'><strong>Concepta</strong></span> <span class='ocrx_word' id='word_1_36' title='bbox 997 529 1193 597; x_wconf 86' lang='lat' dir='ltr'><strong>itaque</strong></span> <span class='ocrx_word' id='word_1_37' title='bbox 1225 528 1332 582; x_wconf 92' lang='lat' dir='ltr'><strong>hac</strong></span> <span class='ocrx_word' id='word_1_38' title='bbox 1373 527 1496 596; x_wconf 92' lang='lat' dir='ltr'><strong>ipsa</strong></span> <span class='ocrx_word' id='word_1_39' title='bbox 1538 526 1857 594; x_wconf 88' lang='lat' dir='ltr'><strong>voluntate,</strong></span> 
     </span>
    </p>
   </div>
   <div class='ocr_carea' id='block_1_7' title="bbox 160 613 1858 685">
    <p class='ocr_par' dir='ltr' id='par_1_7' title="bbox 160 613 1858 685">
     <span class='ocr_line' id='line_1_7' title="bbox 160 613 1858 685; baseline -0.004 -11"><span class='ocrx_word' id='word_1_40' title='bbox 160 619 417 674; x_wconf 87' lang='lat' dir='ltr'><strong>fervente</strong></span> <span class='ocrx_word' id='word_1_41' title='bbox 443 617 672 674; x_wconf 90' lang='lat' dir='ltr'><strong>tandem</strong></span> <span class='ocrx_word' id='word_1_42' title='bbox 703 616 982 672; x_wconf 91' lang='lat' dir='ltr'><strong>desiderio</strong></span> <span class='ocrx_word' id='word_1_43' title='bbox 1030 616 1186 685; x_wconf 91' lang='lat' dir='ltr'><strong>quod</strong></span> <span class='ocrx_word' id='word_1_44' title='bbox 1247 614 1601 684; x_wconf 88' lang='lat' dir='ltr'><strong>parturiebat</strong></span> <span class='ocrx_word' id='word_1_45' title='bbox 1648 613 1858 680; x_wconf 89' lang='lat' dir='ltr'><strong>emisit,</strong></span> 
     </span>
    </p>
   </div>
   <div class='ocr_carea' id='block_1_8' title="bbox 159 700 1858 777">
    <p class='ocr_par' dir='ltr' id='par_1_8' title="bbox 159 700 1858 777">
     <span class='ocr_line' id='line_1_8' title="bbox 159 700 1858 777; baseline -0.004 -15"><span class='ocrx_word' id='word_1_46' title='bbox 159 708 426 777; x_wconf 78' lang='lat' dir='ltr'><strong>etpatriae</strong></span> <span class='ocrx_word' id='word_1_47' title='bbox 465 719 826 774; x_wconf 90' lang='lat' dir='ltr'><strong>suorumque</strong></span> <span class='ocrx_word' id='word_1_48' title='bbox 857 703 1036 773; x_wconf 89' lang='lat' dir='ltr'><strong>fugax</strong></span> <span class='ocrx_word' id='word_1_49' title='bbox 1066 704 1208 758; x_wconf 82' lang='lat' dir='ltr'><strong>fines</strong></span> <span class='ocrx_word' id='word_1_50' title='bbox 1235 703 1516 758; x_wconf 83' lang='lat' dir='ltr'><strong>excedens</strong></span> <span class='ocrx_word' id='word_1_51' title='bbox 1536 700 1858 768; x_wconf 89' lang='lat' dir='ltr'><strong>Francicos,</strong></span> 
     </span>
    </p>
   </div>
   <div class='ocr_carea' id='block_1_9' title="bbox 160 789 1861 866">
    <p class='ocr_par' dir='ltr' id='par_1_9' title="bbox 160 789 1861 866">
     <span class='ocr_line' id='line_1_9' title="bbox 160 789 1861 866; baseline -0.004 -15"><span class='ocrx_word' id='word_1_52' title='bbox 160 795 562 866; x_wconf 89' lang='lat' dir='ltr'><strong>Burgundiam</strong></span> <span class='ocrx_word' id='word_1_53' title='bbox 595 792 686 863; x_wconf 68' lang='grc'><strong>(⁸⁸)</strong></span> <span class='ocrx_word' id='word_1_54' title='bbox 711 793 783 848; x_wconf 87' lang='lat' dir='ltr'><strong>ad</strong></span> <span class='ocrx_word' id='word_1_55' title='bbox 812 800 1076 848; x_wconf 90' lang='lat' dir='ltr'><strong>sanctum</strong></span> <span class='ocrx_word' id='word_1_56' title='bbox 1107 791 1453 862; x_wconf 89' lang='lat' dir='ltr'><strong>Eugendum</strong></span> <span class='ocrx_word' id='word_1_57' title='bbox 1487 791 1545 846; x_wconf 93' lang='lat' dir='ltr'><strong>in</strong></span> <span class='ocrx_word' id='word_1_58' title='bbox 1575 789 1861 846; x_wconf 90' lang='lat' dir='ltr'><strong>territorio</strong></span> 
     </span>
    </p>
   </div>
   <div class='ocr_carea' id='block_1_10' title="bbox 156 881 719 939">
    <p class='ocr_par' dir='ltr' id='par_1_10' title="bbox 156 881 719 939">
     <span class='ocr_line' id='line_1_10' title="bbox 156 881 719 939; baseline -0.009 0"><span class='ocrx_word' id='word_1_59' title='bbox 156 885 388 939; x_wconf 80' lang='lat' dir='ltr'><strong>Jurensi</strong></span> <span class='ocrx_word' id='word_1_60' title='bbox 417 881 719 938; x_wconf 87' lang='lat' dir='ltr'><strong>concessit.</strong></span> 
     </span>
    </p>
   </div>
   <div class='ocr_carea' id='block_1_11' title="bbox 229 965 1862 1040">
    <p class='ocr_par' dir='ltr' id='par_1_11' title="bbox 229 965 1862 1040">
     <span class='ocr_line' id='line_1_11' title="bbox 229 965 1862 1040; baseline -0.003 -13"><span class='ocrx_word' id='word_1_61' title='bbox 229 971 441 1027; x_wconf 83' lang='lat' dir='ltr'><strong>Audivi</strong></span> <span class='ocrx_word' id='word_1_62' title='bbox 474 971 644 1026; x_wconf 90' lang='lat' dir='ltr'><strong>etiam</strong></span> <span class='ocrx_word' id='word_1_63' title='bbox 678 969 833 1040; x_wconf 89' lang='lat' dir='ltr'><strong>quod</strong></span> <span class='ocrx_word' id='word_1_64' title='bbox 882 967 1220 1024; x_wconf 89' lang='lat' dir='ltr'><strong>nobilissimi</strong></span> <span class='ocrx_word' id='word_1_65' title='bbox 1275 967 1588 1037; x_wconf 89' lang='lat' dir='ltr'><strong>quamdam</strong></span> <span class='ocrx_word' id='word_1_66' title='bbox 1636 965 1862 1036; x_wconf 87' lang='lat' dir='ltr'><strong>generis</strong></span> 
     </span>
    </p>
   </div>
   <div class='ocr_carea' id='block_1_12' title="bbox 152 1055 1860 1132">
    <p class='ocr_par' dir='ltr' id='par_1_12' title="bbox 152 1055 1860 1132">
     <span class='ocr_line' id='line_1_12' title="bbox 152 1055 1860 1132; baseline -0.004 -15"><span class='ocrx_word' id='word_1_67' title='bbox 152 1059 528 1132; x_wconf 88' lang='lat' dir='ltr'><strong>juvenculam</strong></span> <span class='ocrx_word' id='word_1_68' title='bbox 559 1057 664 1115; x_wconf 90' lang='lat' dir='ltr'><strong>sibi</strong></span> <span class='ocrx_word' id='word_1_69' title='bbox 692 1057 1084 1127; x_wconf 87' lang='lat' dir='ltr'><strong>desponderat,</strong></span> <span class='ocrx_word' id='word_1_70' title='bbox 1101 1071 1232 1126; x_wconf 69' lang='lat' dir='ltr'><strong>quae</strong></span> <span class='ocrx_word' id='word_1_71' title='bbox 1245 1070 1375 1112; x_wconf 92' lang='lat' dir='ltr'><strong>cum</strong></span> <span class='ocrx_word' id='word_1_72' title='bbox 1401 1055 1860 1111; x_wconf 87' lang='lat' dir='ltr'><strong>amantissimum</strong></span> 
     </span>
    </p>
   </div>
   <div class='ocr_carea' id='block_1_13' title="bbox 151 1143 1856 1219">
    <p class='ocr_par' dir='ltr' id='par_1_13' title="bbox 151 1143 1856 1219">
     <span class='ocr_line' id='line_1_13' title="bbox 151 1143 1856 1219; baseline -0.004 -14"><span class='ocrx_word' id='word_1_73' title='bbox 151 1149 429 1219; x_wconf 88' lang='lat' dir='ltr'><strong>juvenem</strong></span> <span class='ocrx_word' id='word_1_74' title='bbox 450 1146 577 1214; x_wconf 90' lang='lat' dir='ltr'><strong>sibi,</strong></span> <span class='ocrx_word' id='word_1_75' title='bbox 608 1155 663 1202; x_wconf 90' lang='lat' dir='ltr'><strong>et</strong></span> <span class='ocrx_word' id='word_1_76' title='bbox 709 1145 926 1201; x_wconf 91' lang='lat' dir='ltr'><strong>mundo</strong></span> <span class='ocrx_word' id='word_1_77' title='bbox 973 1143 1280 1214; x_wconf 85' lang='lat' dir='ltr'><strong>repudium</strong></span> <span class='ocrx_word' id='word_1_78' title='bbox 1330 1144 1553 1199; x_wconf 87' lang='lat' dir='ltr'><strong>dedisse</strong></span> <span class='ocrx_word' id='word_1_79' title='bbox 1579 1143 1856 1211; x_wconf 90' lang='lat' dir='ltr'><strong>rescisset,</strong></span> 
     </span>
    </p>
   </div>
   <div class='ocr_carea' id='block_1_14' title="bbox 157 1232 1860 1307">
    <p class='ocr_par' dir='ltr' id='par_1_14' title="bbox 157 1232 1860 1307">
     <span class='ocr_line' id='line_1_14' title="bbox 157 1232 1860 1307; baseline -0.003 -15"><span class='ocrx_word' id='word_1_80' title='bbox 157 1237 283 1307; x_wconf 86' lang='lat' dir='ltr'><strong>ipsa</strong></span> <span class='ocrx_word' id='word_1_81' title='bbox 316 1236 549 1293; x_wconf 91' lang='lat' dir='ltr'><strong>inferior</strong></span> <span class='ocrx_word' id='word_1_82' title='bbox 571 1233 753 1290; x_wconf 87' lang='lat' dir='ltr'><strong>videri</strong></span> <span class='ocrx_word' id='word_1_83' title='bbox 781 1247 896 1288; x_wconf 92' lang='lat' dir='ltr'><strong>non</strong></span> <span class='ocrx_word' id='word_1_84' title='bbox 916 1232 1184 1298; x_wconf 87' lang='lat' dir='ltr'><strong>tolerans,</strong></span> <span class='ocrx_word' id='word_1_85' title='bbox 1204 1232 1586 1302; x_wconf 85' lang='lat' dir='ltr'><strong>virginalibus</strong></span> <span class='ocrx_word' id='word_1_86' title='bbox 1608 1233 1720 1288; x_wconf 89' lang='lat' dir='ltr'><strong>Deo</strong></span> <span class='ocrx_word' id='word_1_87' title='bbox 1736 1246 1860 1287; x_wconf 92' lang='lat' dir='ltr'><strong>ser—</strong></span> 
     </span>
    </p>
   </div>
   <div class='ocr_carea' id='block_1_15' title="bbox 155 1319 1856 1392">
    <p class='ocr_par' dir='ltr' id='par_1_15' title="bbox 155 1319 1856 1392">
     <span class='ocr_line' id='line_1_15' title="bbox 155 1319 1856 1392; baseline -0.003 -12"><span class='ocrx_word' id='word_1_88' title='bbox 155 1325 440 1382; x_wconf 89' lang='lat' dir='ltr'><strong>vientium</strong></span> <span class='ocrx_word' id='word_1_89' title='bbox 476 1322 684 1380; x_wconf 90' lang='lat' dir='ltr'><strong>turmis</strong></span> <span class='ocrx_word' id='word_1_90' title='bbox 713 1321 877 1392; x_wconf 91' lang='lat' dir='ltr'><strong>virgo</strong></span> <span class='ocrx_word' id='word_1_91' title='bbox 926 1327 1368 1390; x_wconf 89' lang='lat' dir='ltr'><strong>perseveratura</strong></span> <span class='ocrx_word' id='word_1_92' title='bbox 1397 1335 1519 1376; x_wconf 87' lang='lat' dir='ltr'><strong>sese</strong></span> <span class='ocrx_word' id='word_1_93' title='bbox 1546 1319 1856 1376; x_wconf 85' lang='lat' dir='ltr'><strong>conseruit.</strong></span> 
     </span>
    </p>
   </div>
   <div class='ocr_carea' id='block_1_16' title="bbox 229 1409 1863 1484">
    <p class='ocr_par' dir='ltr' id='par_1_16' title="bbox 229 1409 1863 1484">
     <span class='ocr_line' id='line_1_16' title="bbox 229 1409 1863 1484; baseline -0.004 -15"><span class='ocrx_word' id='word_1_94' title='bbox 229 1414 545 1484; x_wconf 84' lang='lat' dir='ltr'><strong>Aliquanto</strong></span> <span class='ocrx_word' id='word_1_95' title='bbox 573 1419 697 1482; x_wconf 88' lang='lat' dir='ltr'><strong>post</strong></span> <span class='ocrx_word' id='word_1_96' title='bbox 723 1409 1104 1466; x_wconf 88' lang='lat' dir='ltr'><strong>monachatus</strong></span> <span class='ocrx_word' id='word_1_97' title='bbox 1157 1409 1578 1478; x_wconf 87' lang='lat' dir='ltr'><strong>susceptionem</strong></span> <span class='ocrx_word' id='word_1_98' title='bbox 1613 1415 1863 1478; x_wconf 90' lang='lat' dir='ltr'><strong>tempore</strong></span> 
     </span>
    </p>
   </div>
   <div class='ocr_carea' id='block_1_17' title="bbox 155 1497 1860 1572">
    <p class='ocr_par' dir='ltr' id='par_1_17' title="bbox 155 1497 1860 1572">
     <span class='ocr_line' id='line_1_17' title="bbox 155 1497 1860 1572; baseline -0.005 -14"><span class='ocrx_word' id='word_1_99' title='bbox 155 1503 367 1572; x_wconf 92' lang='lat' dir='ltr'><strong>elapso,</strong></span> <span class='ocrx_word' id='word_1_100' title='bbox 404 1500 797 1570; x_wconf 89' lang='lat' dir='ltr'><strong>postliminum</strong></span> <span class='ocrx_word' id='word_1_101' title='bbox 828 1498 957 1554; x_wconf 88' lang='lat' dir='ltr'><strong>fecit</strong></span> <span class='ocrx_word' id='word_1_102' title='bbox 1013 1497 1069 1552; x_wconf 91' lang='lat' dir='ltr'><strong>in</strong></span> <span class='ocrx_word' id='word_1_103' title='bbox 1116 1497 1440 1562; x_wconf 89' lang='lat' dir='ltr'><strong>Franciam,</strong></span> <span class='ocrx_word' id='word_1_104' title='bbox 1488 1505 1542 1552; x_wconf 93' lang='lat' dir='ltr'><strong>et</strong></span> <span class='ocrx_word' id='word_1_105' title='bbox 1595 1504 1676 1552; x_wconf 92' lang='lat' dir='ltr'><strong>tot</strong></span> <span class='ocrx_word' id='word_1_106' title='bbox 1726 1504 1860 1551; x_wconf 90' lang='lat' dir='ltr'><strong>tan-</strong></span> 
     </span>
    </p>
   </div>
   <div class='ocr_carea' id='block_1_18' title="bbox 156 1583 1856 1660">
    <p class='ocr_par' dir='ltr' id='par_1_18' title="bbox 156 1583 1856 1660">
     <span class='ocr_line' id='line_1_18' title="bbox 156 1583 1856 1660; baseline -0.004 -13"><span class='ocrx_word' id='word_1_107' title='bbox 156 1598 362 1660; x_wconf 92' lang='lat' dir='ltr'><strong>tosque</strong></span> <span class='ocrx_word' id='word_1_108' title='bbox 398 1602 731 1644; x_wconf 86' lang='lat' dir='ltr'><strong>sermonum</strong></span> <span class='ocrx_word' id='word_1_109' title='bbox 779 1586 906 1658; x_wconf 86' lang='lat' dir='ltr'><strong>ejus</strong></span> <span class='ocrx_word' id='word_1_110' title='bbox 958 1586 1198 1656; x_wconf 87' lang='lat' dir='ltr'><strong>puritas,</strong></span> <span class='ocrx_word' id='word_1_111' title='bbox 1254 1593 1308 1640; x_wconf 93' lang='lat' dir='ltr'><strong>et</strong></span> <span class='ocrx_word' id='word_1_112' title='bbox 1365 1585 1542 1640; x_wconf 90' lang='lat' dir='ltr'><strong>animi</strong></span> <span class='ocrx_word' id='word_1_113' title='bbox 1588 1599 1764 1655; x_wconf 89' lang='lat' dir='ltr'><strong>quam</strong></span> <span class='ocrx_word' id='word_1_114' title='bbox 1796 1583 1856 1641; x_wconf 85' lang='lat' dir='ltr'><strong>in</strong></span> 
     </span>
    </p>
   </div>
   <div class='ocr_carea' id='block_1_19' title="bbox 159 1673 1851 1748">
    <p class='ocr_par' dir='ltr' id='par_1_19' title="bbox 159 1673 1851 1748">
     <span class='ocr_line' id='line_1_19' title="bbox 159 1673 1851 1748; baseline -0.004 -14"><span class='ocrx_word' id='word_1_115' title='bbox 159 1679 303 1735; x_wconf 90' lang='lat' dir='ltr'><strong>facie</strong></span> <span class='ocrx_word' id='word_1_116' title='bbox 333 1676 665 1748; x_wconf 73' lang='lat' dir='ltr'><strong>praeferebat</strong></span> <span class='ocrx_word' id='word_1_117' title='bbox 721 1674 1036 1741; x_wconf 90' lang='lat' dir='ltr'><strong>humilitas,</strong></span> <span class='ocrx_word' id='word_1_118' title='bbox 1095 1673 1252 1728; x_wconf 91' lang='lat' dir='ltr'><strong>viros</strong></span> <span class='ocrx_word' id='word_1_119' title='bbox 1293 1673 1574 1729; x_wconf 86' lang='lat' dir='ltr'><strong>animavit</strong></span> <span class='ocrx_word' id='word_1_120' title='bbox 1603 1681 1658 1728; x_wconf 90' lang='lat' dir='ltr'><strong>et</strong></span> <span class='ocrx_word' id='word_1_121' title='bbox 1687 1674 1851 1728; x_wconf 87' lang='lat' dir='ltr'><strong>femi-</strong></span> 
     </span>
    </p>
   </div>
   <div class='ocr_carea' id='block_1_20' title="bbox 158 1761 1852 1834">
    <p class='ocr_par' dir='ltr' id='par_1_20' title="bbox 158 1761 1852 1834">
     <span class='ocr_line' id='line_1_20' title="bbox 158 1761 1852 1834; baseline -0.005 -10"><span class='ocrx_word' id='word_1_122' title='bbox 158 1780 286 1834; x_wconf 88' lang='lat' dir='ltr'><strong>nas,</strong></span> <span class='ocrx_word' id='word_1_123' title='bbox 308 1774 371 1822; x_wconf 93' lang='lat' dir='ltr'><strong>ut</strong></span> <span class='ocrx_word' id='word_1_124' title='bbox 400 1765 624 1820; x_wconf 84' lang='lat' dir='ltr'><strong>inflnita</strong></span> <span class='ocrx_word' id='word_1_125' title='bbox 653 1777 900 1819; x_wconf 86' lang='lat' dir='ltr'><strong>sexuum</strong></span> <span class='ocrx_word' id='word_1_126' title='bbox 933 1761 1167 1834; x_wconf 82' lang='lat' dir='ltr'><strong>agmina</strong></span> <span class='ocrx_word' id='word_1_127' title='bbox 1183 1762 1256 1817; x_wconf 92' lang='lat' dir='ltr'><strong>ad</strong></span> <span class='ocrx_word' id='word_1_128' title='bbox 1272 1763 1376 1817; x_wconf 67' lang='lat' dir='ltr'><strong>vim</strong></span> <span class='ocrx_word' id='word_1_129' title='bbox 1400 1762 1852 1831; x_wconf 91' lang='lat' dir='ltr'><strong>prosecutionem</strong></span> 
     </span>
    </p>
   </div>
   <div class='ocr_carea' id='block_1_21' title="bbox 160 1850 1854 1922">
    <p class='ocr_par' dir='ltr' id='par_1_21' title="bbox 160 1850 1854 1922">
     <span class='ocr_line' id='line_1_21' title="bbox 160 1850 1854 1922; baseline -0.004 -11"><span class='ocrx_word' id='word_1_130' title='bbox 160 1855 329 1911; x_wconf 90' lang='lat' dir='ltr'><strong>istius</strong></span> <span class='ocrx_word' id='word_1_131' title='bbox 384 1853 494 1909; x_wconf 90' lang='lat' dir='ltr'><strong>sub</strong></span> <span class='ocrx_word' id='word_1_132' title='bbox 543 1867 608 1908; x_wconf 92' lang='lat' dir='ltr'><strong>eo</strong></span> <span class='ocrx_word' id='word_1_133' title='bbox 656 1859 910 1922; x_wconf 91' lang='lat' dir='ltr'><strong>tempore</strong></span> <span class='ocrx_word' id='word_1_134' title='bbox 934 1850 1344 1914; x_wconf 85' lang='lat' dir='ltr'><strong>conﬂarentur,</strong></span> <span class='ocrx_word' id='word_1_135' title='bbox 1382 1858 1438 1906; x_wconf 90' lang='lat' dir='ltr'><strong>et</strong></span> <span class='ocrx_word' id='word_1_136' title='bbox 1465 1851 1854 1920; x_wconf 88' lang='lat' dir='ltr'><strong>undecunque</strong></span> 
     </span>
    </p>
   </div>
   <div class='ocr_carea' id='block_1_22' title="bbox 159 1937 1854 2012">
    <p class='ocr_par' dir='ltr' id='par_1_22' title="bbox 159 1937 1854 2012">
     <span class='ocr_line' id='line_1_22' title="bbox 159 1937 1854 2012; baseline -0.004 -12"><span class='ocrx_word' id='word_1_137' title='bbox 159 1944 235 2000; x_wconf 91' lang='lat' dir='ltr'><strong>ad</strong></span> <span class='ocrx_word' id='word_1_138' title='bbox 266 1943 320 1998; x_wconf 90' lang='lat' dir='ltr'><strong>id</strong></span> <span class='ocrx_word' id='word_1_139' title='bbox 353 1941 623 2012; x_wconf 86' lang='lat' dir='ltr'><strong>propositi</strong></span> <span class='ocrx_word' id='word_1_140' title='bbox 654 1940 919 2010; x_wconf 92' lang='lat' dir='ltr'><strong>exemplo</strong></span> <span class='ocrx_word' id='word_1_141' title='bbox 962 1941 1090 2010; x_wconf 87' lang='lat' dir='ltr'><strong>ejus</strong></span> <span class='ocrx_word' id='word_1_142' title='bbox 1133 1937 1383 1994; x_wconf 91' lang='lat' dir='ltr'><strong>nominis</strong></span> <span class='ocrx_word' id='word_1_143' title='bbox 1431 1938 1664 2008; x_wconf 91' lang='lat' dir='ltr'><strong>plurimi</strong></span> <span class='ocrx_word' id='word_1_144' title='bbox 1707 1938 1854 1994; x_wconf 89' lang='lat' dir='ltr'><strong>cita-</strong></span> 
     </span>
    </p>
   </div>
   <div class='ocr_carea' id='block_1_23' title="bbox 157 2026 1854 2100">
    <p class='ocr_par' dir='ltr' id='par_1_23' title="bbox 157 2026 1854 2100">
     <span class='ocr_line' id='line_1_23' title="bbox 157 2026 1854 2100; baseline -0.004 -12"><span class='ocrx_word' id='word_1_145' title='bbox 157 2039 381 2088; x_wconf 89' lang='lat' dir='ltr'><strong>rentur.</strong></span> <span class='ocrx_word' id='word_1_146' title='bbox 397 2030 768 2100; x_wconf 85' lang='lat' dir='ltr'><strong>Equestrium</strong></span> <span class='ocrx_word' id='word_1_147' title='bbox 791 2029 1075 2098; x_wconf 89' lang='lat' dir='ltr'><strong>siquidem</strong></span> <span class='ocrx_word' id='word_1_148' title='bbox 1100 2027 1362 2083; x_wconf 89' lang='lat' dir='ltr'><strong>virorum</strong></span> <span class='ocrx_word' id='word_1_149' title='bbox 1383 2027 1638 2083; x_wconf 90' lang='lat' dir='ltr'><strong>studium</strong></span> <span class='ocrx_word' id='word_1_150' title='bbox 1665 2026 1854 2082; x_wconf 91' lang='lat' dir='ltr'><strong>homi-</strong></span> 
     </span>
    </p>
   </div>
   <div class='ocr_carea' id='block_1_24' title="bbox 159 2116 1185 2176">
    <p class='ocr_par' dir='ltr' id='par_1_24' title="bbox 159 2116 1185 2176">
     <span class='ocr_line' id='line_1_24' title="bbox 159 2116 1185 2176; baseline -0.006 0"><span class='ocrx_word' id='word_1_151' title='bbox 159 2121 253 2176; x_wconf 89' lang='lat' dir='ltr'><strong>nis</strong></span> <span class='ocrx_word' id='word_1_152' title='bbox 281 2118 530 2175; x_wconf 90' lang='lat' dir='ltr'><strong>multum</strong></span> <span class='ocrx_word' id='word_1_153' title='bbox 556 2116 885 2173; x_wconf 84' lang='lat' dir='ltr'><strong>sollicitavit</strong></span> <span class='ocrx_word' id='word_1_154' title='bbox 915 2129 1185 2172; x_wconf 85' lang='lat' dir='ltr'><strong>examen.</strong></span> 
     </span>
    </p>
   </div>
   <div class='ocr_carea' id='block_1_25' title="bbox 823 2203 1189 2260">
    <p class='ocr_par' dir='ltr' id='par_1_25' title="bbox 823 2203 1189 2260">
     <span class='ocr_line' id='line_1_25' title="bbox 823 2203 1189 2260; baseline -0.011 0"><span class='ocrx_word' id='word_1_155' title='bbox 823 2203 1052 2260; x_wconf 84' lang='lat' dir='ltr'><strong>CAPUT</strong></span> <span class='ocrx_word' id='word_1_156' title='bbox 1090 2203 1189 2258; x_wconf 85' lang='lat' dir='ltr'><strong>XI.</strong></span> 
     </span>
    </p>
   </div>
   <div class='ocr_carea' id='block_1_26' title="bbox 229 2289 1849 2353">
    <p class='ocr_par' dir='ltr' id='par_1_26' title="bbox 229 2289 1849 2353">
     <span class='ocr_line' id='line_1_26' title="bbox 229 2289 1849 2353; baseline -0.005 -2"><span class='ocrx_word' id='word_1_157' title='bbox 229 2298 293 2353; x_wconf 90' lang='lat' dir='ltr'><strong>S.</strong></span> <span class='ocrx_word' id='word_1_158' title='bbox 329 2292 616 2350; x_wconf 84' lang='lat' dir='ltr'><strong>Brunonis</strong></span> <span class='ocrx_word' id='word_1_159' title='bbox 633 2308 813 2348; x_wconf 86' lang='lat' dir='ltr'><strong>causa</strong></span> <span class='ocrx_word' id='word_1_160' title='bbox 829 2307 1082 2346; x_wconf 83' lang='lat' dir='ltr'><strong>secessus</strong></span> <span class='ocrx_word' id='word_1_161' title='bbox 1106 2290 1168 2344; x_wconf 87' lang='lat' dir='ltr'><strong>i-n</strong></span> <span class='ocrx_word' id='word_1_162' title='bbox 1183 2289 1849 2345; x_wconf 63' lang='lat' dir='ltr'><strong>eremumﬂarthusien—</strong></span> 
     </span>
    </p>
   </div>
   <div class='ocr_carea' id='block_1_27' title="bbox 154 2378 1857 2456">
    <p class='ocr_par' dir='ltr' id='par_1_27' title="bbox 154 2378 1857 2456">
     <span class='ocr_line' id='line_1_27' title="bbox 154 2378 1857 2456; baseline -0.004 -16"><span class='ocrx_word' id='word_1_163' title='bbox 154 2385 311 2441; x_wconf 77' lang='lat' dir='ltr'><strong>siam</strong></span> <span class='ocrx_word' id='word_1_164' title='bbox 339 2382 517 2456; x_wconf 80' lang='lat' dir='ltr'><strong>origo,</strong></span> <span class='ocrx_word' id='word_1_165' title='bbox 548 2385 720 2454; x_wconf 81' lang='lat' dir='ltr'><strong>atque</strong></span> <span class='ocrx_word' id='word_1_166' title='bbox 747 2380 1016 2435; x_wconf 83' lang='lat' dir='ltr'><strong>instituta</strong></span> <span class='ocrx_word' id='word_1_167' title='bbox 1052 2378 1368 2450; x_wconf 80' lang='lat' dir='ltr'><strong>primitiva.</strong></span> <span class='ocrx_word' id='word_1_168' title='bbox 1415 2378 1712 2434; x_wconf 57' lang='grc' dir='ltr'><strong>Μαγιαδδὼ·</strong></span> <span class='ocrx_word' id='word_1_169' title='bbox 1763 2382 1857 2434; x_wconf 88' lang='lat' dir='ltr'><strong>Re-</strong></span> 
     </span>
    </p>
   </div>
   <div class='ocr_carea' id='block_1_28' title="bbox 155 2468 1856 2542">
    <p class='ocr_par' dir='ltr' id='par_1_28' title="bbox 155 2468 1856 2542">
     <span class='ocr_line' id='line_1_28' title="bbox 155 2468 1856 2542; baseline -0.003 -14"><span class='ocrx_word' id='word_1_170' title='bbox 155 2491 340 2529; x_wconf 86' lang='lat' dir='ltr'><strong>mens.</strong></span> <span class='ocrx_word' id='word_1_171' title='bbox 364 2473 525 2527; x_wconf 78' lang='lat' dir='ltr'><strong>arch.</strong></span> <span class='ocrx_word' id='word_1_172' title='bbox 555 2487 824 2542; x_wconf 82' lang='lat' dir='ltr'><strong>perversa</strong></span> <span class='ocrx_word' id='word_1_173' title='bbox 851 2470 989 2524; x_wconf 83' lang='lat' dir='ltr'><strong>vita.</strong></span> <span class='ocrx_word' id='word_1_174' title='bbox 1023 2499 1092 2508; x_wconf 90' lang='lat'><strong>-—-</strong></span> <span class='ocrx_word' id='word_1_175' title='bbox 1123 2469 1195 2524; x_wconf 82' lang='lat' dir='ltr'><strong>At</strong></span> <span class='ocrx_word' id='word_1_176' title='bbox 1223 2468 1362 2538; x_wconf 90' lang='lat' dir='ltr'><strong>quia</strong></span> <span class='ocrx_word' id='word_1_177' title='bbox 1383 2468 1760 2523; x_wconf 89' lang='lat' dir='ltr'><strong>conveniebat</strong></span> <span class='ocrx_word' id='word_1_178' title='bbox 1792 2475 1856 2524; x_wconf 93' lang='lat' dir='ltr'><strong>ut</strong></span> 
     </span>
    </p>
   </div>
   <div class='ocr_carea' id='block_1_29' title="bbox 157 2556 1855 2630">
    <p class='ocr_par' dir='ltr' id='par_1_29' title="bbox 157 2556 1855 2630">
     <span class='ocr_line' id='line_1_29' title="bbox 157 2556 1855 2630; baseline -0.005 -10"><span class='ocrx_word' id='word_1_179' title='bbox 157 2572 213 2620; x_wconf 94' lang='lat' dir='ltr'><strong>et</strong></span> <span class='ocrx_word' id='word_1_180' title='bbox 247 2563 625 2618; x_wconf 84' lang='lat' dir='ltr'><strong>litteratorum</strong></span> <span class='ocrx_word' id='word_1_181' title='bbox 684 2560 968 2630; x_wconf 90' lang='lat' dir='ltr'><strong>quispiam</strong></span> <span class='ocrx_word' id='word_1_182' title='bbox 1020 2557 1169 2614; x_wconf 90' lang='lat' dir='ltr'><strong>sacri</strong></span> <span class='ocrx_word' id='word_1_183' title='bbox 1224 2570 1454 2627; x_wconf 84' lang='lat' dir='ltr'><strong>gregem</strong></span> <span class='ocrx_word' id='word_1_184' title='bbox 1501 2556 1720 2612; x_wconf 89' lang='lat' dir='ltr'><strong>ordinis</strong></span> <span class='ocrx_word' id='word_1_185' title='bbox 1749 2558 1855 2612; x_wconf 92' lang='lat' dir='ltr'><strong>sub</strong></span> 
     </span>
    </p>
   </div>
   <div class='ocr_carea' id='block_1_30' title="bbox 157 2643 1857 2716">
    <p class='ocr_par' dir='ltr' id='par_1_30' title="bbox 157 2643 1857 2716">
     <span class='ocr_line' id='line_1_30' title="bbox 157 2643 1857 2716; baseline -0.004 -10"><span class='ocrx_word' id='word_1_186' title='bbox 157 2650 356 2707; x_wconf 92' lang='lat' dir='ltr'><strong>eodem</strong></span> <span class='ocrx_word' id='word_1_187' title='bbox 395 2648 604 2704; x_wconf 75' lang='lat' dir='ltr'><strong>affectu</strong></span> <span class='ocrx_word' id='word_1_188' title='bbox 662 2655 789 2716; x_wconf 92' lang='lat' dir='ltr'><strong>post</strong></span> <span class='ocrx_word' id='word_1_189' title='bbox 847 2661 906 2702; x_wconf 90' lang='lat' dir='ltr'><strong>se</strong></span> <span class='ocrx_word' id='word_1_190' title='bbox 938 2645 1321 2711; x_wconf 88' lang='lat' dir='ltr'><strong>contraheret,</strong></span> <span class='ocrx_word' id='word_1_191' title='bbox 1375 2644 1482 2699; x_wconf 90' lang='lat' dir='ltr'><strong>fuit</strong></span> <span class='ocrx_word' id='word_1_192' title='bbox 1526 2658 1641 2698; x_wconf 94' lang='lat' dir='ltr'><strong>non</strong></span> <span class='ocrx_word' id='word_1_193' title='bbox 1687 2643 1857 2714; x_wconf 91' lang='lat' dir='ltr'><strong>longe</strong></span> 
     </span>
    </p>
   </div>
   <div class='ocr_carea' id='block_1_31' title="bbox 158 2731 1852 2803">
    <p class='ocr_par' dir='ltr' id='par_1_31' title="bbox 158 2731 1852 2803">
     <span class='ocr_line' id='line_1_31' title="bbox 158 2731 1852 2803; baseline -0.004 -10"><span class='ocrx_word' id='word_1_194' title='bbox 158 2739 234 2794; x_wconf 89' lang='lat' dir='ltr'><strong>ab</strong></span> <span class='ocrx_word' id='word_1_195' title='bbox 268 2737 354 2792; x_wconf 92' lang='lat' dir='ltr'><strong>his</strong></span> <span class='ocrx_word' id='word_1_196' title='bbox 383 2735 587 2791; x_wconf 89' lang='lat' dir='ltr'><strong>diebus</strong></span> <span class='ocrx_word' id='word_1_197' title='bbox 618 2735 812 2790; x_wconf 87' lang='lat' dir='ltr'><strong>Bruno</strong></span> <span class='ocrx_word' id='word_1_198' title='bbox 861 2733 1101 2803; x_wconf 90' lang='lat' dir='ltr'><strong>quidam</strong></span> <span class='ocrx_word' id='word_1_199' title='bbox 1153 2733 1212 2787; x_wconf 92' lang='lat' dir='ltr'><strong>in</strong></span> <span class='ocrx_word' id='word_1_200' title='bbox 1260 2732 1402 2787; x_wconf 90' lang='lat' dir='ltr'><strong>urbe</strong></span> <span class='ocrx_word' id='word_1_201' title='bbox 1449 2731 1711 2787; x_wconf 80' lang='lat' dir='ltr'><strong>Remensi</strong></span> <span class='ocrx_word' id='word_1_202' title='bbox 1741 2732 1852 2794; x_wconf 88' lang='lat' dir='ltr'><strong>vir,</strong></span> 
     </span>
    </p>
   </div>
   <div class='ocr_carea' id='block_1_32' title="bbox 159 2822 1859 2891">
    <p class='ocr_par' dir='ltr' id='par_1_32' title="bbox 159 2822 1859 2891">
     <span class='ocr_line' id='line_1_32' title="bbox 159 2822 1859 2891; baseline -0.004 -9"><span class='ocrx_word' id='word_1_203' title='bbox 159 2834 217 2882; x_wconf 89' lang='lat' dir='ltr'><strong>et</strong></span> <span class='ocrx_word' id='word_1_204' title='bbox 259 2824 596 2881; x_wconf 87' lang='lat' dir='ltr'><strong>liberalibus</strong></span> <span class='ocrx_word' id='word_1_205' title='bbox 640 2823 959 2878; x_wconf 91' lang='lat' dir='ltr'><strong>instructus</strong></span> <span class='ocrx_word' id='word_1_206' title='bbox 1005 2822 1249 2888; x_wconf 89' lang='lat' dir='ltr'><strong>artibus,</strong></span> <span class='ocrx_word' id='word_1_207' title='bbox 1279 2829 1334 2876; x_wconf 89' lang='lat' dir='ltr'><strong>et</strong></span> <span class='ocrx_word' id='word_1_208' title='bbox 1364 2834 1710 2891; x_wconf 85' lang='lat' dir='ltr'><strong>magnorum</strong></span> <span class='ocrx_word' id='word_1_209' title='bbox 1741 2828 1859 2876; x_wconf 84' lang='lat' dir='ltr'><strong>stu-</strong></span> 
     </span>
    </p>
   </div>
   <div class='ocr_carea' id='block_1_33' title="bbox 1970 439 3664 510">
    <p class='ocr_par' dir='ltr' id='par_1_33' title="bbox 1970 439 3664 510">
     <span class='ocr_line' id='line_1_33' title="bbox 1970 439 3664 510; baseline -0.002 -14"><span class='ocrx_word' id='word_1_210' title='bbox 1970 440 2240 510; x_wconf 91' lang='lat' dir='ltr'><strong>temporis</strong></span> <span class='ocrx_word' id='word_1_211' title='bbox 2281 439 2590 496; x_wconf 84' lang='lat' dir='ltr'><strong>Henricum</strong></span> <span class='ocrx_word' id='word_1_212' title='bbox 2638 439 3036 510; x_wconf 87' lang='lat' dir='ltr'><strong>imperatorem</strong></span> <span class='ocrx_word' id='word_1_213' title='bbox 3070 439 3188 508; x_wconf 90' lang='lat' dir='ltr'><strong>ipse</strong></span> <span class='ocrx_word' id='word_1_214' title='bbox 3225 439 3394 494; x_wconf 90' lang='lat' dir='ltr'><strong>etiam</strong></span> <span class='ocrx_word' id='word_1_215' title='bbox 3426 451 3664 494; x_wconf 89' lang='lat' dir='ltr'><strong>excom-</strong></span> 
     </span>
    </p>
   </div>
   <div class='ocr_carea' id='block_1_34' title="bbox 1970 527 3663 597">
    <p class='ocr_par' dir='ltr' id='par_1_34' title="bbox 1970 527 3663 597">
     <span class='ocr_line' id='line_1_34' title="bbox 1970 527 3663 597; baseline -0.003 -11"><span class='ocrx_word' id='word_1_216' title='bbox 1970 530 2302 586; x_wconf 89' lang='lat' dir='ltr'><strong>municatus</strong></span> <span class='ocrx_word' id='word_1_217' title='bbox 2349 529 2701 595; x_wconf 90' lang='lat' dir='ltr'><strong>contulisset,</strong></span> <span class='ocrx_word' id='word_1_218' title='bbox 2740 529 2847 583; x_wconf 93' lang='lat' dir='ltr'><strong>hac</strong></span> <span class='ocrx_word' id='word_1_219' title='bbox 2905 528 3150 597; x_wconf 89' lang='lat' dir='ltr'><strong>illacque</strong></span> <span class='ocrx_word' id='word_1_220' title='bbox 3183 527 3477 594; x_wconf 89' lang='lat' dir='ltr'><strong>oberrans,</strong></span> <span class='ocrx_word' id='word_1_221' title='bbox 3539 527 3663 582; x_wconf 92' lang='lat' dir='ltr'><strong>sine</strong></span> 
     </span>
    </p>
   </div>
   <div class='ocr_carea' id='block_1_35' title="bbox 1969 616 3075 688">
    <p class='ocr_par' dir='ltr' id='par_1_35' title="bbox 1969 616 3075 688">
     <span class='ocr_line' id='line_1_35' title="bbox 1969 616 3075 688; baseline -0.003 -15"><span class='ocrx_word' id='word_1_222' title='bbox 1969 618 2373 674; x_wconf 86' lang='lat' dir='ltr'><strong>communione</strong></span> <span class='ocrx_word' id='word_1_223' title='bbox 2413 625 2694 688; x_wconf 90' lang='lat' dir='ltr'><strong>postremo</strong></span> <span class='ocrx_word' id='word_1_224' title='bbox 2719 616 3075 686; x_wconf 78' lang='lat' dir='ltr'><strong>defungitur,</strong></span> 
     </span>
    </p>
   </div>
   <div class='ocr_carea' id='block_1_36' title="bbox 2040 703 3663 777">
    <p class='ocr_par' dir='ltr' id='par_1_36' title="bbox 2040 703 3663 777">
     <span class='ocr_line' id='line_1_36' title="bbox 2040 703 3663 777; baseline -0.003 -14"><span class='ocrx_word' id='word_1_225' title='bbox 2040 706 2240 777; x_wconf 60' lang='lat' dir='ltr'><strong>Opera;</strong></span> <span class='ocrx_word' id='word_1_226' title='bbox 2289 721 2424 762; x_wconf 92' lang='lat' dir='ltr'><strong>vero</strong></span> <span class='ocrx_word' id='word_1_227' title='bbox 2476 707 2724 776; x_wconf 89' lang='lat' dir='ltr'><strong>pretium</strong></span> <span class='ocrx_word' id='word_1_228' title='bbox 2761 705 2867 761; x_wconf 90' lang='lat' dir='ltr'><strong>dici</strong></span> <span class='ocrx_word' id='word_1_229' title='bbox 2907 713 2990 760; x_wconf 91' lang='lat' dir='ltr'><strong>est</strong></span> <span class='ocrx_word' id='word_1_230' title='bbox 3021 703 3318 774; x_wconf 91' lang='lat' dir='ltr'><strong>quiddam,</strong></span> <span class='ocrx_word' id='word_1_231' title='bbox 3369 703 3525 773; x_wconf 91' lang='lat' dir='ltr'><strong>quod</strong></span> <span class='ocrx_word' id='word_1_232' title='bbox 3554 703 3663 758; x_wconf 91' lang='lat' dir='ltr'><strong>sub</strong></span> 
     </span>
    </p>
   </div>
   <div class='ocr_carea' id='block_1_37' title="bbox 1970 791 3663 864">
    <p class='ocr_par' dir='ltr' id='par_1_37' title="bbox 1970 791 3663 864">
     <span class='ocr_line' id='line_1_37' title="bbox 1970 791 3663 864; baseline -0.003 -13"><span class='ocrx_word' id='word_1_233' title='bbox 1970 795 2092 864; x_wconf 91' lang='lat' dir='ltr'><strong>ipso</strong></span> <span class='ocrx_word' id='word_1_234' title='bbox 2121 797 2275 850; x_wconf 88' lang='lat' dir='ltr'><strong>intra</strong></span> <span class='ocrx_word' id='word_1_235' title='bbox 2313 795 2518 852; x_wconf 91' lang='lat' dir='ltr'><strong>urbem</strong></span> <span class='ocrx_word' id='word_1_236' title='bbox 2577 793 2928 864; x_wconf 89' lang='lat' dir='ltr'><strong>malignante</strong></span> <span class='ocrx_word' id='word_1_237' title='bbox 2961 792 3241 863; x_wconf 90' lang='lat' dir='ltr'><strong>provenit.</strong></span> <span class='ocrx_word' id='word_1_238' title='bbox 3276 791 3432 846; x_wconf 90' lang='lat' dir='ltr'><strong>Inter</strong></span> <span class='ocrx_word' id='word_1_239' title='bbox 3479 791 3663 846; x_wconf 87' lang='lat' dir='ltr'><strong>eccle—</strong></span> 
     </span>
    </p>
   </div>
   <div class='ocr_carea' id='block_1_38' title="bbox 1969 879 3651 954">
    <p class='ocr_par' dir='ltr' id='par_1_38' title="bbox 1969 879 3651 954">
     <span class='ocr_line' id='line_1_38' title="bbox 1969 879 3651 954; baseline -0.002 -16"><span class='ocrx_word' id='word_1_240' title='bbox 1969 884 2199 939; x_wconf 88' lang='lat' dir='ltr'><strong>siastica</strong></span> <span class='ocrx_word' id='word_1_241' title='bbox 2234 891 2574 939; x_wconf 89' lang='lat' dir='ltr'><strong>ornamenta</strong></span> <span class='ocrx_word' id='word_1_242' title='bbox 2625 897 2756 954; x_wconf 57' lang='lat' dir='ltr'><strong>quae</strong></span> <span class='ocrx_word' id='word_1_243' title='bbox 2815 882 3113 948; x_wconf 87' lang='lat' dir='ltr'><strong>militibus,</strong></span> <span class='ocrx_word' id='word_1_244' title='bbox 3157 879 3259 950; x_wconf 92' lang='lat' dir='ltr'><strong>qui</strong></span> <span class='ocrx_word' id='word_1_245' title='bbox 3305 895 3425 936; x_wconf 78' lang='lat' dir='ltr'><strong>suae</strong></span> <span class='ocrx_word' id='word_1_246' title='bbox 3474 879 3651 935; x_wconf 84' lang='lat' dir='ltr'><strong>inser-</strong></span> 
     </span>
    </p>
   </div>
   <div class='ocr_carea' id='block_1_39' title="bbox 1967 969 3664 1042">
    <p class='ocr_par' dir='ltr' id='par_1_39' title="bbox 1967 969 3664 1042">
     <span class='ocr_line' id='line_1_39' title="bbox 1967 969 3664 1042; baseline -0.004 -14"><span class='ocrx_word' id='word_1_247' title='bbox 1967 974 2195 1028; x_wconf 85' lang='lat' dir='ltr'><strong>vierant</strong></span> <span class='ocrx_word' id='word_1_248' title='bbox 2226 972 2540 1042; x_wconf 82' lang='lat' dir='ltr'><strong>tyrannidi,</strong></span> <span class='ocrx_word' id='word_1_249' title='bbox 2603 971 3012 1041; x_wconf 90' lang='lat' dir='ltr'><strong>impertiverat,</strong></span> <span class='ocrx_word' id='word_1_250' title='bbox 3072 969 3223 1024; x_wconf 89' lang='lat' dir='ltr'><strong>calix</strong></span> <span class='ocrx_word' id='word_1_251' title='bbox 3282 982 3496 1024; x_wconf 86' lang='lat' dir='ltr'><strong>aureus</strong></span> <span class='ocrx_word' id='word_1_252' title='bbox 3551 982 3664 1022; x_wconf 94' lang='lat' dir='ltr'><strong>non</strong></span> 
     </span>
    </p>
   </div>
   <div class='ocr_carea' id='block_1_40' title="bbox 1968 1056 3664 1130">
    <p class='ocr_par' dir='ltr' id='par_1_40' title="bbox 1968 1056 3664 1130">
     <span class='ocr_line' id='line_1_40' title="bbox 1968 1056 3664 1130; baseline -0.004 -14"><span class='ocrx_word' id='word_1_253' title='bbox 1968 1061 2132 1130; x_wconf 90' lang='lat' dir='ltr'><strong>parvi</strong></span> <span class='ocrx_word' id='word_1_254' title='bbox 2161 1059 2429 1116; x_wconf 85' lang='lat' dir='ltr'><strong>bifariam</strong></span> <span class='ocrx_word' id='word_1_255' title='bbox 2479 1059 2645 1130; x_wconf 90' lang='lat' dir='ltr'><strong>pretii</strong></span> <span class='ocrx_word' id='word_1_256' title='bbox 2675 1066 2816 1125; x_wconf 91' lang='lat' dir='ltr'><strong>erat,</strong></span> <span class='ocrx_word' id='word_1_257' title='bbox 2868 1059 3006 1128; x_wconf 90' lang='lat' dir='ltr'><strong>quia</strong></span> <span class='ocrx_word' id='word_1_258' title='bbox 3043 1065 3096 1113; x_wconf 93' lang='lat' dir='ltr'><strong>et</strong></span> <span class='ocrx_word' id='word_1_259' title='bbox 3131 1057 3394 1127; x_wconf 67' lang='lat' dir='ltr'><strong>plurimm</strong></span> <span class='ocrx_word' id='word_1_260' title='bbox 3425 1056 3664 1126; x_wconf 87' lang='lat' dir='ltr'><strong>quanti-</strong></span> 
     </span>
    </p>
   </div>
   <div class='ocr_carea' id='block_1_41' title="bbox 1970 1144 3664 1217">
    <p class='ocr_par' dir='ltr' id='par_1_41' title="bbox 1970 1144 3664 1217">
     <span class='ocr_line' id='line_1_41' title="bbox 1970 1144 3664 1217; baseline -0.005 -10"><span class='ocrx_word' id='word_1_261' title='bbox 1970 1150 2100 1207; x_wconf 91' lang='lat' dir='ltr'><strong>tatis</strong></span> <span class='ocrx_word' id='word_1_262' title='bbox 2131 1151 2333 1217; x_wconf 89' lang='lat' dir='ltr'><strong>fuerat,</strong></span> <span class='ocrx_word' id='word_1_263' title='bbox 2361 1157 2416 1204; x_wconf 90' lang='lat' dir='ltr'><strong>et</strong></span> <span class='ocrx_word' id='word_1_264' title='bbox 2437 1149 2622 1204; x_wconf 91' lang='lat' dir='ltr'><strong>nescio</strong></span> <span class='ocrx_word' id='word_1_265' title='bbox 2654 1155 2832 1217; x_wconf 88' lang='lat' dir='ltr'><strong>quota</strong></span> <span class='ocrx_word' id='word_1_266' title='bbox 2875 1147 2954 1202; x_wconf 89' lang='lat' dir='ltr'><strong>ibi</strong></span> <span class='ocrx_word' id='word_1_267' title='bbox 2999 1146 3282 1216; x_wconf 90' lang='lat' dir='ltr'><strong>particula</strong></span> <span class='ocrx_word' id='word_1_268' title='bbox 3328 1146 3455 1202; x_wconf 91' lang='lat' dir='ltr'><strong>auri</strong></span> <span class='ocrx_word' id='word_1_269' title='bbox 3510 1144 3664 1199; x_wconf 90' lang='lat' dir='ltr'><strong>illius</strong></span> 
     </span>
    </p>
   </div>
   <div class='ocr_carea' id='block_1_42' title="bbox 1968 1233 3686 1310">
    <p class='ocr_par' dir='ltr' id='par_1_42' title="bbox 1968 1233 3686 1310">
     <span class='ocr_line' id='line_1_42' title="bbox 1968 1233 3686 1310; baseline -0.005 -15"><span class='ocrx_word' id='word_1_270' title='bbox 1968 1238 2123 1310; x_wconf 89' lang='lat' dir='ltr'><strong>quod</strong></span> <span class='ocrx_word' id='word_1_271' title='bbox 2157 1251 2191 1292; x_wconf 91' lang='lat' dir='ltr'><strong>a</strong></span> <span class='ocrx_word' id='word_1_272' title='bbox 2221 1237 2407 1292; x_wconf 92' lang='lat' dir='ltr'><strong>tribus</strong></span> <span class='ocrx_word' id='word_1_273' title='bbox 2457 1236 2700 1291; x_wconf 89' lang='lat' dir='ltr'><strong>Domino</strong></span> <span class='ocrx_word' id='word_1_274' title='bbox 2730 1236 2911 1306; x_wconf 88' lang='lat' dir='ltr'><strong>Magis</strong></span> <span class='ocrx_word' id='word_1_275' title='bbox 2943 1235 3198 1290; x_wconf 87' lang='lat' dir='ltr'><strong>oblatum</strong></span> <span class='ocrx_word' id='word_1_276' title='bbox 3219 1241 3323 1299; x_wconf 92' lang='lat' dir='ltr'><strong>est,</strong></span> <span class='ocrx_word' id='word_1_277' title='bbox 3356 1233 3557 1300; x_wconf 79' lang='lat' dir='ltr'><strong>effusa,</strong></span> <span class='ocrx_word' id='word_1_278' title='bbox 3601 1239 3686 1287; x_wconf 52' lang='lat' dir='ltr'><strong>ut;</strong></span> 
     </span>
    </p>
   </div>
   <div class='ocr_carea' id='block_1_43' title="bbox 1967 1323 3664 1394">
    <p class='ocr_par' dir='ltr' id='par_1_43' title="bbox 1967 1323 3664 1394">
     <span class='ocr_line' id='line_1_43' title="bbox 1967 1323 3664 1394; baseline -0.005 -10"><span class='ocrx_word' id='word_1_279' title='bbox 1967 1328 2275 1393; x_wconf 84' lang='lat' dir='ltr'><strong>ferebatur,</strong></span> <span class='ocrx_word' id='word_1_280' title='bbox 2329 1331 2472 1380; x_wconf 88' lang='lat' dir='ltr'><strong>erat.</strong></span> <span class='ocrx_word' id='word_1_281' title='bbox 2544 1323 2686 1379; x_wconf 89' lang='lat' dir='ltr'><strong>Cum</strong></span> <span class='ocrx_word' id='word_1_282' title='bbox 2743 1338 2879 1394; x_wconf 90' lang='lat' dir='ltr'><strong>ergo</strong></span> <span class='ocrx_word' id='word_1_283' title='bbox 2934 1323 3144 1392; x_wconf 85' lang='lat' dir='ltr'><strong>forcipe</strong></span> <span class='ocrx_word' id='word_1_284' title='bbox 3204 1323 3494 1378; x_wconf 88' lang='lat' dir='ltr'><strong>desectum</strong></span> <span class='ocrx_word' id='word_1_285' title='bbox 3563 1333 3664 1390; x_wconf 90' lang='lat' dir='ltr'><strong>per</strong></span> 
     </span>
    </p>
   </div>
   <div class='ocr_carea' id='block_1_44' title="bbox 1968 1407 3659 1486">
    <p class='ocr_par' dir='ltr' id='par_1_44' title="bbox 1968 1407 3659 1486">
     <span class='ocr_line' id='line_1_44' title="bbox 1968 1407 3659 1486; baseline -0.005 -16"><span class='ocrx_word' id='word_1_286' title='bbox 1968 1415 2277 1486; x_wconf 90' lang='lat' dir='ltr'><strong>portiones,</strong></span> <span class='ocrx_word' id='word_1_287' title='bbox 2336 1412 2551 1482; x_wconf 92' lang='lat' dir='ltr'><strong>quibus</strong></span> <span class='ocrx_word' id='word_1_288' title='bbox 2601 1409 2942 1475; x_wconf 90' lang='lat' dir='ltr'><strong>delibuerat,</strong></span> <span class='ocrx_word' id='word_1_289' title='bbox 2992 1408 3365 1478; x_wconf 75' lang='lat' dir='ltr'><strong>dilargiretur</strong></span> <span class='ocrx_word' id='word_1_290' title='bbox 3403 1407 3659 1474; x_wconf 88' lang='lat' dir='ltr'><strong>calicem,</strong></span> 
     </span>
    </p>
   </div>
   <div class='ocr_carea' id='block_1_45' title="bbox 1965 1496 3659 1566">
    <p class='ocr_par' dir='ltr' id='par_1_45' title="bbox 1965 1496 3659 1566">
     <span class='ocr_line' id='line_1_45' title="bbox 1965 1496 3659 1566; baseline -0.006 -6"><span class='ocrx_word' id='word_1_291' title='bbox 1965 1511 2022 1560; x_wconf 91' lang='lat' dir='ltr'><strong>et</strong></span> <span class='ocrx_word' id='word_1_292' title='bbox 2050 1517 2218 1558; x_wconf 90' lang='lat' dir='ltr'><strong>nemo</strong></span> <span class='ocrx_word' id='word_1_293' title='bbox 2255 1499 2653 1556; x_wconf 61' lang='lat' dir='ltr'><strong>sacratissima;</strong></span> <span class='ocrx_word' id='word_1_294' title='bbox 2705 1499 2784 1553; x_wconf 88' lang='lat' dir='ltr'><strong>rei</strong></span> <span class='ocrx_word' id='word_1_295' title='bbox 2835 1496 3214 1566; x_wconf 69' lang='lat' dir='ltr'><strong>suscipiendm</strong></span> <span class='ocrx_word' id='word_1_296' title='bbox 3253 1496 3659 1565; x_wconf 87' lang='lat' dir='ltr'><strong>acquiesceret,</strong></span> 
     </span>
    </p>
   </div>
   <div class='ocr_carea' id='block_1_46' title="bbox 1969 1583 3732 1658">
    <p class='ocr_par' dir='ltr' id='par_1_46' title="bbox 1969 1583 3732 1658">
     <span class='ocr_line' id='line_1_46' title="bbox 1969 1583 3732 1658; baseline -0.007 -9"><span class='ocrx_word' id='word_1_297' title='bbox 1969 1592 2200 1649; x_wconf 87' lang='lat' dir='ltr'><strong>tandem</strong></span> <span class='ocrx_word' id='word_1_298' title='bbox 2231 1589 2501 1645; x_wconf 88' lang='lat' dir='ltr'><strong>scelestus</strong></span> <span class='ocrx_word' id='word_1_299' title='bbox 2533 1588 2772 1658; x_wconf 89' lang='lat' dir='ltr'><strong>quidam</strong></span> <span class='ocrx_word' id='word_1_300' title='bbox 2800 1599 2996 1655; x_wconf 91' lang='lat' dir='ltr'><strong>eques,</strong></span> <span class='ocrx_word' id='word_1_301' title='bbox 3026 1598 3130 1640; x_wconf 88' lang='lat' dir='ltr'><strong>suo</strong></span> <span class='ocrx_word' id='word_1_302' title='bbox 3162 1583 3515 1639; x_wconf 90' lang='lat' dir='ltr'><strong>muneratori</strong></span> <span class='ocrx_word' id='word_1_303' title='bbox 3547 1597 3659 1638; x_wconf 92' lang='lat' dir='ltr'><strong>non</strong></span> <span class='ocrx_word' id='word_1_304' title='bbox 3730 1588 3732 1590; x_wconf 76' lang='lat'><strong>&#39;</strong></span> 
     </span>
    </p>
   </div>
   <div class='ocr_carea' id='block_1_47' title="bbox 1965 1672 3660 1752">
    <p class='ocr_par' dir='ltr' id='par_1_47' title="bbox 1965 1672 3660 1752">
     <span class='ocr_line' id='line_1_47' title="bbox 1965 1672 3660 1752; baseline -0.008 -13"><span class='ocrx_word' id='word_1_305' title='bbox 1965 1684 2172 1752; x_wconf 90' lang='lat' dir='ltr'><strong>impar,</strong></span> <span class='ocrx_word' id='word_1_306' title='bbox 2215 1678 2502 1748; x_wconf 87' lang='lat' dir='ltr'><strong>suscipere</strong></span> <span class='ocrx_word' id='word_1_307' title='bbox 2550 1689 2770 1746; x_wconf 91' lang='lat' dir='ltr'><strong>passus,</strong></span> <span class='ocrx_word' id='word_1_308' title='bbox 2813 1674 2925 1730; x_wconf 93' lang='lat' dir='ltr'><strong>imo</strong></span> <span class='ocrx_word' id='word_1_309' title='bbox 2955 1672 3272 1743; x_wconf 87' lang='lat' dir='ltr'><strong>procaciter</strong></span> <span class='ocrx_word' id='word_1_310' title='bbox 3330 1678 3660 1740; x_wconf 86' lang='lat' dir='ltr'><strong>contempta</strong></span> 
     </span>
    </p>
   </div>
   <div class='ocr_carea' id='block_1_48' title="bbox 1962 1759 3658 1837">
    <p class='ocr_par' dir='ltr' id='par_1_48' title="bbox 1962 1759 3658 1837">
     <span class='ocr_line' id='line_1_48' title="bbox 1962 1759 3658 1837; baseline -0.008 -10"><span class='ocrx_word' id='word_1_311' title='bbox 1962 1767 2306 1828; x_wconf 87' lang='lat' dir='ltr'><strong>sacramenti</strong></span> <span class='ocrx_word' id='word_1_312' title='bbox 2339 1767 2632 1837; x_wconf 89' lang='lat' dir='ltr'><strong>majestate</strong></span> <span class='ocrx_word' id='word_1_313' title='bbox 2679 1763 3014 1832; x_wconf 87' lang='lat' dir='ltr'><strong>corripiens,</strong></span> <span class='ocrx_word' id='word_1_314' title='bbox 3056 1761 3115 1816; x_wconf 91' lang='lat' dir='ltr'><strong>in</strong></span> <span class='ocrx_word' id='word_1_315' title='bbox 3146 1760 3457 1817; x_wconf 90' lang='lat' dir='ltr'><strong>amentiam</strong></span> <span class='ocrx_word' id='word_1_316' title='bbox 3512 1759 3658 1814; x_wconf 90' lang='lat' dir='ltr'><strong>illico</strong></span> 
     </span>
    </p>
   </div>
   <div class='ocr_carea' id='block_1_49' title="bbox 1961 1851 3659 1924">
    <p class='ocr_par' dir='ltr' id='par_1_49' title="bbox 1961 1851 3659 1924">
     <span class='ocr_line' id='line_1_49' title="bbox 1961 1851 3659 1924; baseline -0.008 -9"><span class='ocrx_word' id='word_1_317' title='bbox 1961 1873 2185 1924; x_wconf 90' lang='lat' dir='ltr'><strong>versus,</strong></span> <span class='ocrx_word' id='word_1_318' title='bbox 2217 1869 2465 1922; x_wconf 90' lang='lat' dir='ltr'><strong>censam,</strong></span> <span class='ocrx_word' id='word_1_319' title='bbox 2535 1867 2708 1923; x_wconf 90' lang='lat' dir='ltr'><strong>quem</strong></span> <span class='ocrx_word' id='word_1_320' title='bbox 2734 1851 2984 1907; x_wconf 91' lang='lat' dir='ltr'><strong>indebite</strong></span> <span class='ocrx_word' id='word_1_321' title='bbox 3038 1854 3500 1920; x_wconf 60' lang='lat' dir='ltr'><strong>praesumpserat,</strong></span> <span class='ocrx_word' id='word_1_322' title='bbox 3543 1861 3659 1902; x_wconf 94' lang='lat' dir='ltr'><strong>non</strong></span> 
     </span>
    </p>
   </div>
   <div class='ocr_carea' id='block_1_50' title="bbox 1961 1935 3660 2017">
    <p class='ocr_par' dir='ltr' id='par_1_50' title="bbox 1961 1935 3660 2017">
     <span class='ocr_line' id='line_1_50' title="bbox 1961 1935 3660 2017; baseline -0.008 -14"><span class='ocrx_word' id='word_1_323' title='bbox 1961 1946 2254 2017; x_wconf 82' lang='lat' dir='ltr'><strong>expendit,</strong></span> <span class='ocrx_word' id='word_1_324' title='bbox 2294 1952 2347 2000; x_wconf 90' lang='lat' dir='ltr'><strong>et</strong></span> <span class='ocrx_word' id='word_1_325' title='bbox 2399 1950 2589 1999; x_wconf 91' lang='lat' dir='ltr'><strong>tamen</strong></span> <span class='ocrx_word' id='word_1_326' title='bbox 2645 1941 2960 1997; x_wconf 75' lang='lat' dir='ltr'><strong>temerariae</strong></span> <span class='ocrx_word' id='word_1_327' title='bbox 3007 1937 3338 2009; x_wconf 91' lang='lat' dir='ltr'><strong>cupiditatis</strong></span> <span class='ocrx_word' id='word_1_328' title='bbox 3387 1935 3660 1992; x_wconf 93' lang='lat' dir='ltr'><strong>continuo</strong></span> 
     </span>
    </p>
   </div>
   <div class='ocr_carea' id='block_1_51' title="bbox 1964 2032 2400 2107">
    <p class='ocr_par' dir='ltr' id='par_1_51' title="bbox 1964 2032 2400 2107">
     <span class='ocr_line' id='line_1_51' title="bbox 1964 2032 2400 2107; baseline -0.014 -16"><span class='ocrx_word' id='word_1_329' title='bbox 1964 2049 2162 2107; x_wconf 73' lang='lat' dir='ltr'><strong>pmnas</strong></span> <span class='ocrx_word' id='word_1_330' title='bbox 2189 2032 2400 2103; x_wconf 87' lang='lat' dir='ltr'><strong>pendit.</strong></span> 
     </span>
    </p>
   </div>
   <div class='ocr_carea' id='block_1_52' title="bbox 2035 2111 3654 2176">
    <p class='ocr_par' dir='ltr' id='par_1_52' title="bbox 2035 2111 3654 2176">
     <span class='ocr_line' id='line_1_52' title="bbox 2035 2111 3654 2176; baseline -0.007 0"><span class='ocrx_word' id='word_1_331' title='bbox 2035 2123 2232 2176; x_wconf 82' lang='lat' dir='ltr'><strong>Bruno</strong></span> <span class='ocrx_word' id='word_1_332' title='bbox 2254 2119 2378 2176; x_wconf 78' lang='lat' dir='ltr'><strong>adit</strong></span> <span class='ocrx_word' id='word_1_333' title='bbox 2407 2117 2788 2176; x_wconf 74' lang='lat' dir='ltr'><strong>Carthasiam.</strong></span> <span class='ocrx_word' id='word_1_334' title='bbox 2819 2147 2886 2157; x_wconf 89' lang='lat'>-</span> <span class='ocrx_word' id='word_1_335' title='bbox 2919 2115 2992 2171; x_wconf 83' lang='lat' dir='ltr'><strong>At</strong></span> <span class='ocrx_word' id='word_1_336' title='bbox 3023 2115 3216 2172; x_wconf 90' lang='lat' dir='ltr'><strong>Bruno</strong></span> <span class='ocrx_word' id='word_1_337' title='bbox 3256 2113 3400 2170; x_wconf 90' lang='lat' dir='ltr'><strong>urbe</strong></span> <span class='ocrx_word' id='word_1_338' title='bbox 3432 2111 3654 2167; x_wconf 91' lang='lat' dir='ltr'><strong>deserta</strong></span> 
     </span>
    </p>
   </div>
   <div class='ocr_carea' id='block_1_53' title="bbox 1963 2201 3752 2274">
    <p class='ocr_par' dir='ltr' id='par_1_53' title="bbox 1963 2201 3752 2274">
     <span class='ocr_line' id='line_1_53' title="bbox 1963 2201 3752 2274; baseline -0.009 -5"><span class='ocrx_word' id='word_1_339' title='bbox 1963 2211 2172 2269; x_wconf 59' lang='lat' dir='ltr'><strong>saeculo</strong></span> <span class='ocrx_word' id='word_1_340' title='bbox 2223 2209 2394 2265; x_wconf 92' lang='lat' dir='ltr'><strong>etiam</strong></span> <span class='ocrx_word' id='word_1_341' title='bbox 2451 2206 2862 2262; x_wconf 88' lang='lat' dir='ltr'><strong>abrenuntiare</strong></span> <span class='ocrx_word' id='word_1_342' title='bbox 2921 2202 3204 2274; x_wconf 86' lang='lat' dir='ltr'><strong>proponit,</strong></span> <span class='ocrx_word' id='word_1_343' title='bbox 3261 2201 3364 2272; x_wconf 89' lang='lat' dir='ltr'><strong>qui</strong></span> <span class='ocrx_word' id='word_1_344' title='bbox 3421 2213 3661 2255; x_wconf 91' lang='lat' dir='ltr'><strong>suorum</strong></span> <span class='ocrx_word' id='word_1_345' title='bbox 3735 2210 3752 2224; x_wconf 82' lang='grc'><strong>’</strong></span> 
     </span>
    </p>
   </div>
   <div class='ocr_carea' id='block_1_54' title="bbox 1963 2287 3662 2361">
    <p class='ocr_par' dir='ltr' id='par_1_54' title="bbox 1963 2287 3662 2361">
     <span class='ocr_line' id='line_1_54' title="bbox 1963 2287 3662 2361; baseline -0.009 -5"><span class='ocrx_word' id='word_1_346' title='bbox 1963 2299 2197 2356; x_wconf 86' lang='lat' dir='ltr'><strong>notitias</strong></span> <span class='ocrx_word' id='word_1_347' title='bbox 2273 2298 2514 2352; x_wconf 87' lang='lat' dir='ltr'><strong>horrens</strong></span> <span class='ocrx_word' id='word_1_348' title='bbox 2585 2294 2654 2350; x_wconf 91' lang='lat' dir='ltr'><strong>ad</strong></span> <span class='ocrx_word' id='word_1_349' title='bbox 2712 2291 3304 2361; x_wconf 89' lang='lat' dir='ltr'><strong>Gratianopolitanum</strong></span> <span class='ocrx_word' id='word_1_350' title='bbox 3389 2287 3662 2357; x_wconf 84' lang='lat' dir='ltr'><strong>processit</strong></span> 
     </span>
    </p>
   </div>
   <div class='ocr_carea' id='block_1_55' title="bbox 1964 2375 3661 2448">
    <p class='ocr_par' dir='ltr' id='par_1_55' title="bbox 1964 2375 3661 2448">
     <span class='ocr_line' id='line_1_55' title="bbox 1964 2375 3661 2448; baseline -0.009 -3"><span class='ocrx_word' id='word_1_351' title='bbox 1964 2387 2336 2445; x_wconf 86' lang='lat' dir='ltr'><strong>territorium.</strong></span> <span class='ocrx_word' id='word_1_352' title='bbox 2376 2384 2458 2440; x_wconf 92' lang='lat' dir='ltr'><strong>lbi</strong></span> <span class='ocrx_word' id='word_1_353' title='bbox 2493 2385 2551 2439; x_wconf 92' lang='lat' dir='ltr'><strong>in</strong></span> <span class='ocrx_word' id='word_1_354' title='bbox 2581 2383 2784 2448; x_wconf 87' lang='lat' dir='ltr'><strong>arduo,</strong></span> <span class='ocrx_word' id='word_1_355' title='bbox 2815 2389 2870 2437; x_wconf 92' lang='lat' dir='ltr'><strong>et</strong></span> <span class='ocrx_word' id='word_1_356' title='bbox 2901 2379 3211 2436; x_wconf 92' lang='lat' dir='ltr'><strong>admodum</strong></span> <span class='ocrx_word' id='word_1_357' title='bbox 3253 2375 3494 2434; x_wconf 90' lang='lat' dir='ltr'><strong>terribili</strong></span> <span class='ocrx_word' id='word_1_358' title='bbox 3525 2389 3661 2444; x_wconf 91' lang='lat' dir='ltr'><strong>pro-</strong></span> 
     </span>
    </p>
   </div>
   <div class='ocr_carea' id='block_1_56' title="bbox 1963 2463 3660 2542">
    <p class='ocr_par' dir='ltr' id='par_1_56' title="bbox 1963 2463 3660 2542">
     <span class='ocr_line' id='line_1_56' title="bbox 1963 2463 3660 2542; baseline -0.008 -11"><span class='ocrx_word' id='word_1_359' title='bbox 1963 2474 2246 2531; x_wconf 92' lang='lat' dir='ltr'><strong>montorio</strong></span> <span class='ocrx_word' id='word_1_360' title='bbox 2295 2473 2367 2527; x_wconf 90' lang='lat' dir='ltr'><strong>ad</strong></span> <span class='ocrx_word' id='word_1_361' title='bbox 2399 2471 2554 2542; x_wconf 93' lang='lat' dir='ltr'><strong>quod</strong></span> <span class='ocrx_word' id='word_1_362' title='bbox 2612 2469 3037 2534; x_wconf 86' lang='lat' dir='ltr'><strong>difficillimum,</strong></span> <span class='ocrx_word' id='word_1_363' title='bbox 3087 2475 3142 2523; x_wconf 92' lang='lat' dir='ltr'><strong>et</strong></span> <span class='ocrx_word' id='word_1_364' title='bbox 3185 2465 3351 2522; x_wconf 88' lang='lat' dir='ltr'><strong>valde</strong></span> <span class='ocrx_word' id='word_1_365' title='bbox 3409 2463 3660 2520; x_wconf 90' lang='lat' dir='ltr'><strong>insolens</strong></span> 
     </span>
    </p>
   </div>
   <div class='ocr_carea' id='block_1_57' title="bbox 1964 2551 3660 2629">
    <p class='ocr_par' dir='ltr' id='par_1_57' title="bbox 1964 2551 3660 2629">
     <span class='ocr_line' id='line_1_57' title="bbox 1964 2551 3660 2629; baseline -0.008 -10"><span class='ocrx_word' id='word_1_366' title='bbox 1964 2565 2070 2619; x_wconf 90' lang='lat' dir='ltr'><strong>iter</strong></span> <span class='ocrx_word' id='word_1_367' title='bbox 2124 2561 2476 2629; x_wconf 87' lang='lat' dir='ltr'><strong>intenditur;</strong></span> <span class='ocrx_word' id='word_1_368' title='bbox 2508 2559 2618 2615; x_wconf 92' lang='lat' dir='ltr'><strong>sub</strong></span> <span class='ocrx_word' id='word_1_369' title='bbox 2665 2573 2732 2614; x_wconf 91' lang='lat' dir='ltr'><strong>eo</strong></span> <span class='ocrx_word' id='word_1_370' title='bbox 2775 2558 2948 2614; x_wconf 90' lang='lat' dir='ltr'><strong>etiam</strong></span> <span class='ocrx_word' id='word_1_371' title='bbox 2991 2553 3458 2626; x_wconf 70' lang='lat' dir='ltr'><strong>praeruptissimze</strong></span> <span class='ocrx_word' id='word_1_372' title='bbox 3494 2551 3660 2606; x_wconf 91' lang='lat' dir='ltr'><strong>vallis</strong></span> 
     </span>
    </p>
   </div>
   <div class='ocr_carea' id='block_1_58' title="bbox 1963 2638 3657 2721">
    <p class='ocr_par' dir='ltr' id='par_1_58' title="bbox 1963 2638 3657 2721">
     <span class='ocr_line' id='line_1_58' title="bbox 1963 2638 3657 2721; baseline -0.008 -14"><span class='ocrx_word' id='word_1_373' title='bbox 1963 2665 2180 2721; x_wconf 88' lang='lat' dir='ltr'><strong>vorago</strong></span> <span class='ocrx_word' id='word_1_374' title='bbox 2211 2649 2475 2715; x_wconf 90' lang='lat' dir='ltr'><strong>dehiscit,</strong></span> <span class='ocrx_word' id='word_1_375' title='bbox 2521 2647 2783 2703; x_wconf 92' lang='lat' dir='ltr'><strong>habitare</strong></span> <span class='ocrx_word' id='word_1_376' title='bbox 2815 2650 2966 2699; x_wconf 74' lang='lat'><strong>466</strong></span> <span class='ocrx_word' id='word_1_377' title='bbox 3004 2644 3281 2714; x_wconf 90' lang='lat' dir='ltr'><strong>deligens,</strong></span> <span class='ocrx_word' id='word_1_378' title='bbox 3324 2638 3657 2710; x_wconf 91' lang='lat' dir='ltr'><strong>hujusmodi</strong></span> 
     </span>
    </p>
   </div>
   <div class='ocr_carea' id='block_1_59' title="bbox 1964 2727 3655 2806">
    <p class='ocr_par' dir='ltr' id='par_1_59' title="bbox 1964 2727 3655 2806">
     <span class='ocr_line' id='line_1_59' title="bbox 1964 2727 3655 2806; baseline -0.009 -11"><span class='ocrx_word' id='word_1_379' title='bbox 1964 2753 2150 2795; x_wconf 88' lang='lat' dir='ltr'><strong>mores</strong></span> <span class='ocrx_word' id='word_1_380' title='bbox 2181 2738 2446 2802; x_wconf 89' lang='lat' dir='ltr'><strong>instituit,</strong></span> <span class='ocrx_word' id='word_1_381' title='bbox 2475 2743 2530 2792; x_wconf 90' lang='lat' dir='ltr'><strong>et</strong></span> <span class='ocrx_word' id='word_1_382' title='bbox 2559 2749 2835 2806; x_wconf 89' lang='lat' dir='ltr'><strong>sequaces</strong></span> <span class='ocrx_word' id='word_1_383' title='bbox 2858 2734 2986 2803; x_wconf 89' lang='lat' dir='ltr'><strong>ejus</strong></span> <span class='ocrx_word' id='word_1_384' title='bbox 3018 2732 3300 2801; x_wconf 88' lang='lat' dir='ltr'><strong>hodieque</strong></span> <span class='ocrx_word' id='word_1_385' title='bbox 3329 2729 3409 2784; x_wconf 90' lang='lat' dir='ltr'><strong>sic</strong></span> <span class='ocrx_word' id='word_1_386' title='bbox 3427 2727 3655 2783; x_wconf 88' lang='lat' dir='ltr'><strong>vivunt.</strong></span> 
     </span>
    </p>
   </div>
   <div class='ocr_carea' id='block_1_60' title="bbox 2035 2814 3661 2894">
    <p class='ocr_par' dir='ltr' id='par_1_60' title="bbox 2035 2814 3661 2894">
     <span class='ocr_line' id='line_1_60' title="bbox 2035 2814 3661 2894; baseline -0.008 -14"><span class='ocrx_word' id='word_1_387' title='bbox 2035 2826 2178 2893; x_wconf 84' lang='lat' dir='ltr'><strong>Ejus</strong></span> <span class='ocrx_word' id='word_1_388' title='bbox 2204 2826 2259 2877; x_wconf 82' lang='lat' dir='ltr'><strong>et</strong></span> <span class='ocrx_word' id='word_1_389' title='bbox 2287 2821 2701 2894; x_wconf 81' lang='lat' dir='ltr'><strong>discipulorum</strong></span> <span class='ocrx_word' id='word_1_390' title='bbox 2729 2836 2919 2877; x_wconf 79' lang='lat' dir='ltr'><strong>mores</strong></span> <span class='ocrx_word' id='word_1_391' title='bbox 2946 2825 3000 2874; x_wconf 84' lang='lat' dir='ltr'><strong>et</strong></span> <span class='ocrx_word' id='word_1_392' title='bbox 3031 2817 3182 2873; x_wconf 88' lang='lat' dir='ltr'><strong>ratio</strong></span> <span class='ocrx_word' id='word_1_393' title='bbox 3220 2815 3459 2871; x_wconf 79' lang='lat' dir='ltr'><strong>vivendi.</strong></span> <span class='ocrx_word' id='word_1_394' title='bbox 3493 2845 3560 2853; x_wconf 94' lang='lat'><strong>—</strong></span> <span class='ocrx_word' id='word_1_395' title='bbox 3591 2814 3661 2868; x_wconf 91' lang='lat' dir='ltr'><strong>Et</strong></span> 
     </span>
    </p>
   </div>
   <div class='ocr_carea' id='block_1_61' title="bbox 159 2902 1858 2982">
    <p class='ocr_par' dir='ltr' id='par_1_61' title="bbox 159 2907 1858 2980">
     <span class='ocr_line' id='line_1_61' title="bbox 159 2907 1858 2980; baseline -0.006 -9"><span class='ocrx_word' id='word_1_396' title='bbox 159 2916 389 2971; x_wconf 93' lang='lat' dir='ltr'><strong>diorum</strong></span> <span class='ocrx_word' id='word_1_397' title='bbox 413 2921 598 2968; x_wconf 88' lang='lat' dir='ltr'><strong>rector</strong></span> <span class='ocrx_word' id='word_1_398' title='bbox 628 2909 745 2980; x_wconf 76' lang='grc'><strong>(⁸⁸),</strong></span> <span class='ocrx_word' id='word_1_399' title='bbox 780 2911 882 2980; x_wconf 92' lang='lat' dir='ltr'><strong>qui</strong></span> <span class='ocrx_word' id='word_1_400' title='bbox 914 2909 1302 2966; x_wconf 82' lang='lat' dir='ltr'><strong>conversionis</strong></span> <span class='ocrx_word' id='word_1_401' title='bbox 1325 2909 1486 2963; x_wconf 88' lang='lat' dir='ltr'><strong>initia</strong></span> <span class='ocrx_word' id='word_1_402' title='bbox 1506 2923 1575 2964; x_wconf 86' lang='lat' dir='ltr'><strong>ex</strong></span> <span class='ocrx_word' id='word_1_403' title='bbox 1600 2907 1858 2978; x_wconf 89' lang='lat' dir='ltr'><strong>subjecta</strong></span> 
     </span>
    </p>
   </div>
   <div class='ocr_carea' id='block_1_62' title="bbox 2038 2902 3660 2982">
    <p class='ocr_par' dir='ltr' id='par_1_62' title="bbox 2038 2902 3660 2982">
     <span class='ocr_line' id='line_1_62' title="bbox 2038 2902 3660 2982; baseline -0.007 -14"><span class='ocrx_word' id='word_1_404' title='bbox 2038 2913 2200 2968; x_wconf 81' lang='lat' dir='ltr'><strong>clesia</strong></span> <span class='ocrx_word' id='word_1_405' title='bbox 2250 2911 2325 2968; x_wconf 92' lang='lat' dir='ltr'><strong>ibi</strong></span> <span class='ocrx_word' id='word_1_406' title='bbox 2357 2920 2440 2968; x_wconf 91' lang='lat' dir='ltr'><strong>est</strong></span> <span class='ocrx_word' id='word_1_407' title='bbox 2470 2926 2584 2966; x_wconf 94' lang='lat' dir='ltr'><strong>non</strong></span> <span class='ocrx_word' id='word_1_408' title='bbox 2617 2911 2786 2982; x_wconf 91' lang='lat' dir='ltr'><strong>longe</strong></span> <span class='ocrx_word' id='word_1_409' title='bbox 2817 2924 2850 2964; x_wconf 92' lang='lat' dir='ltr'><strong>a</strong></span> <span class='ocrx_word' id='word_1_410' title='bbox 2881 2907 3168 2978; x_wconf 88' lang='lat' dir='ltr'><strong>crepidine</strong></span> <span class='ocrx_word' id='word_1_411' title='bbox 3214 2905 3444 2969; x_wconf 91' lang='lat' dir='ltr'><strong>montis,</strong></span> <span class='ocrx_word' id='word_1_412' title='bbox 3490 2902 3660 2972; x_wconf 90' lang='lat' dir='ltr'><strong>paulo</strong></span> 
     </span>
    </p>
   </div>
   <div class='ocr_carea' id='block_1_63' title="bbox 159 2994 1857 3068">
    <p class='ocr_par' dir='ltr' id='par_1_63' title="bbox 159 2994 1857 3068">
     <span class='ocr_line' id='line_1_63' title="bbox 159 2994 1857 3068; baseline -0.005 -10"><span class='ocrx_word' id='word_1_413' title='bbox 159 3011 337 3058; x_wconf 91' lang='lat' dir='ltr'><strong>natus</strong></span> <span class='ocrx_word' id='word_1_414' title='bbox 362 2999 657 3056; x_wconf 81' lang='lat' dir='ltr'><strong>occasione</strong></span> <span class='ocrx_word' id='word_1_415' title='bbox 683 2996 1063 3068; x_wconf 89' lang='lat' dir='ltr'><strong>dignoscitur.</strong></span> <span class='ocrx_word' id='word_1_416' title='bbox 1106 2998 1395 3052; x_wconf 89' lang='lat' dir='ltr'><strong>Manasses</strong></span> <span class='ocrx_word' id='word_1_417' title='bbox 1440 2994 1680 3065; x_wconf 86' lang='lat' dir='ltr'><strong>quidam</strong></span> <span class='ocrx_word' id='word_1_418' title='bbox 1734 3001 1857 3064; x_wconf 92' lang='lat' dir='ltr'><strong>post</strong></span> 
     </span>
    </p>
   </div>
   <div class='ocr_carea' id='block_1_64' title="bbox 158 3084 1853 3154">
    <p class='ocr_par' dir='ltr' id='par_1_64' title="bbox 158 3084 1853 3154">
     <span class='ocr_line' id='line_1_64' title="bbox 158 3084 1853 3154; baseline -0.005 -8"><span class='ocrx_word' id='word_1_419' title='bbox 158 3089 416 3147; x_wconf 90' lang='lat' dir='ltr'><strong>Gervasii</strong></span> <span class='ocrx_word' id='word_1_420' title='bbox 466 3087 829 3144; x_wconf 91' lang='lat' dir='ltr'><strong>famosissimi</strong></span> <span class='ocrx_word' id='word_1_421' title='bbox 887 3084 1302 3154; x_wconf 85' lang='lat' dir='ltr'><strong>archiepiscopi</strong></span> <span class='ocrx_word' id='word_1_422' title='bbox 1359 3085 1676 3149; x_wconf 88' lang='lat' dir='ltr'><strong>decessum,</strong></span> <span class='ocrx_word' id='word_1_423' title='bbox 1708 3097 1853 3152; x_wconf 72' lang='lat' dir='ltr'><strong>prm-</strong></span> 
     </span>
    </p>
   </div>
   <div class='ocr_carea' id='block_1_65' title="bbox 157 3171 1856 3248">
    <p class='ocr_par' dir='ltr' id='par_1_65' title="bbox 157 3171 1856 3248">
     <span class='ocr_line' id='line_1_65' title="bbox 157 3171 1856 3248; baseline -0.006 -12"><span class='ocrx_word' id='word_1_424' title='bbox 157 3181 324 3236; x_wconf 72' lang='lat' dir='ltr'><strong>dictae</strong></span> <span class='ocrx_word' id='word_1_425' title='bbox 357 3179 516 3235; x_wconf 90' lang='lat' dir='ltr'><strong>urbis</strong></span> <span class='ocrx_word' id='word_1_426' title='bbox 559 3176 826 3248; x_wconf 88' lang='lat' dir='ltr'><strong>regimini</strong></span> <span class='ocrx_word' id='word_1_427' title='bbox 866 3174 1183 3232; x_wconf 91' lang='lat' dir='ltr'><strong>Simoniace</strong></span> <span class='ocrx_word' id='word_1_428' title='bbox 1215 3188 1273 3229; x_wconf 91' lang='lat' dir='ltr'><strong>se</strong></span> <span class='ocrx_word' id='word_1_429' title='bbox 1309 3173 1576 3241; x_wconf 84' lang='lat' dir='ltr'><strong>intrusit;</strong></span> <span class='ocrx_word' id='word_1_430' title='bbox 1611 3171 1702 3228; x_wconf 91' lang='lat' dir='ltr'><strong>vir</strong></span> <span class='ocrx_word' id='word_1_431' title='bbox 1725 3172 1856 3242; x_wconf 90' lang='lat' dir='ltr'><strong>qui-</strong></span> 
     </span>
    </p>
   </div>
   <div class='ocr_carea' id='block_1_66' title="bbox 159 3259 1857 3333">
    <p class='ocr_par' dir='ltr' id='par_1_66' title="bbox 159 3259 1857 3333">
     <span class='ocr_line' id='line_1_66' title="bbox 159 3259 1857 3333; baseline -0.006 -9"><span class='ocrx_word' id='word_1_432' title='bbox 159 3269 290 3324; x_wconf 90' lang='lat' dir='ltr'><strong>dem</strong></span> <span class='ocrx_word' id='word_1_433' title='bbox 320 3267 548 3333; x_wconf 89' lang='lat' dir='ltr'><strong>nobilis,</strong></span> <span class='ocrx_word' id='word_1_434' title='bbox 584 3265 682 3320; x_wconf 91' lang='lat' dir='ltr'><strong>sed</strong></span> <span class='ocrx_word' id='word_1_435' title='bbox 715 3264 856 3319; x_wconf 89' lang='lat' dir='ltr'><strong>nihil</strong></span> <span class='ocrx_word' id='word_1_436' title='bbox 890 3276 1122 3332; x_wconf 90' lang='lat' dir='ltr'><strong>prorsus</strong></span> <span class='ocrx_word' id='word_1_437' title='bbox 1151 3260 1488 3329; x_wconf 89' lang='lat' dir='ltr'><strong>serenitatis,</strong></span> <span class='ocrx_word' id='word_1_438' title='bbox 1515 3275 1645 3331; x_wconf 74' lang='lat' dir='ltr'><strong>quze</strong></span> <span class='ocrx_word' id='word_1_439' title='bbox 1675 3259 1857 3330; x_wconf 91' lang='lat' dir='ltr'><strong>prima</strong></span> 
     </span>
    </p>
   </div>
   <div class='ocr_carea' id='block_1_67' title="bbox 158 3355 1858 3431">
    <p class='ocr_par' dir='ltr' id='par_1_67' title="bbox 158 3355 1858 3431">
     <span class='ocr_line' id='line_1_67' title="bbox 158 3355 1858 3431; baseline -0.006 -15"><span class='ocrx_word' id='word_1_440' title='bbox 158 3361 576 3431; x_wconf 88' lang='lat' dir='ltr'><strong>ingenuitatem</strong></span> <span class='ocrx_word' id='word_1_441' title='bbox 610 3358 788 3424; x_wconf 90' lang='lat' dir='ltr'><strong>decet,</strong></span> <span class='ocrx_word' id='word_1_442' title='bbox 826 3356 1042 3412; x_wconf 88' lang='lat' dir='ltr'><strong>habens</strong></span> <span class='ocrx_word' id='word_1_443' title='bbox 1074 3371 1086 3408; x_wconf 89' lang='lat'><strong>:</strong></span> <span class='ocrx_word' id='word_1_444' title='bbox 1123 3362 1312 3410; x_wconf 81' lang='lat' dir='ltr'><strong>tantos</strong></span> <span class='ocrx_word' id='word_1_445' title='bbox 1357 3355 1509 3409; x_wconf 91' lang='lat' dir='ltr'><strong>enim</strong></span> <span class='ocrx_word' id='word_1_446' title='bbox 1557 3355 1738 3409; x_wconf 91' lang='lat' dir='ltr'><strong>fastus</strong></span> <span class='ocrx_word' id='word_1_447' title='bbox 1785 3365 1858 3407; x_wconf 91' lang='lat' dir='ltr'><strong>ex</strong></span> 
     </span>
    </p>
   </div>
   <div class='ocr_carea' id='block_1_68' title="bbox 156 3442 1851 3516">
    <p class='ocr_par' dir='ltr' id='par_1_68' title="bbox 156 3442 1851 3516">
     <span class='ocr_line' id='line_1_68' title="bbox 156 3442 1851 3516; baseline -0.005 -13"><span class='ocrx_word' id='word_1_448' title='bbox 156 3449 258 3505; x_wconf 89' lang='lat' dir='ltr'><strong>illa</strong></span> <span class='ocrx_word' id='word_1_449' title='bbox 320 3447 573 3503; x_wconf 90' lang='lat' dir='ltr'><strong>novitate</strong></span> <span class='ocrx_word' id='word_1_450' title='bbox 627 3452 983 3516; x_wconf 88' lang='lat' dir='ltr'><strong>conceperat,</strong></span> <span class='ocrx_word' id='word_1_451' title='bbox 1039 3451 1101 3499; x_wconf 93' lang='lat' dir='ltr'><strong>ut</strong></span> <span class='ocrx_word' id='word_1_452' title='bbox 1163 3443 1350 3514; x_wconf 89' lang='lat' dir='ltr'><strong>regias</strong></span> <span class='ocrx_word' id='word_1_453' title='bbox 1413 3442 1851 3512; x_wconf 89' lang='lat' dir='ltr'><strong>peregrinarum</strong></span> 
     </span>
    </p>
   </div>
   <div class='ocr_carea' id='block_1_69' title="bbox 159 3529 1854 3608">
    <p class='ocr_par' dir='ltr' id='par_1_69' title="bbox 159 3529 1854 3608">
     <span class='ocr_line' id='line_1_69' title="bbox 159 3529 1854 3608; baseline -0.005 -14"><span class='ocrx_word' id='word_1_454' title='bbox 159 3536 422 3608; x_wconf 88' lang='lat' dir='ltr'><strong>gentium</strong></span> <span class='ocrx_word' id='word_1_455' title='bbox 487 3535 828 3605; x_wconf 91' lang='lat' dir='ltr'><strong>majestates,</strong></span> <span class='ocrx_word' id='word_1_456' title='bbox 907 3533 1018 3588; x_wconf 93' lang='lat' dir='ltr'><strong>imo</strong></span> <span class='ocrx_word' id='word_1_457' title='bbox 1097 3531 1459 3600; x_wconf 87' lang='lat' dir='ltr'><strong>majestatum</strong></span> <span class='ocrx_word' id='word_1_458' title='bbox 1519 3529 1854 3598; x_wconf 87' lang='lat' dir='ltr'><strong>ferocitates,</strong></span> 
     </span>
    </p>
   </div>
   <div class='ocr_carea' id='block_1_70' title="bbox 162 3619 1856 3691">
    <p class='ocr_par' dir='ltr' id='par_1_70' title="bbox 162 3619 1856 3691">
     <span class='ocr_line' id='line_1_70' title="bbox 162 3619 1856 3691; baseline -0.004 -10"><span class='ocrx_word' id='word_1_459' title='bbox 162 3625 376 3682; x_wconf 90' lang='lat' dir='ltr'><strong>imitari</strong></span> <span class='ocrx_word' id='word_1_460' title='bbox 424 3624 738 3679; x_wconf 89' lang='lat' dir='ltr'><strong>videretur.</strong></span> <span class='ocrx_word' id='word_1_461' title='bbox 764 3620 1206 3691; x_wconf 87' lang='lat' dir='ltr'><strong>Peregrinarum</strong></span> <span class='ocrx_word' id='word_1_462' title='bbox 1235 3619 1380 3688; x_wconf 88' lang='lat' dir='ltr'><strong>dixi,</strong></span> <span class='ocrx_word' id='word_1_463' title='bbox 1420 3619 1477 3674; x_wconf 91' lang='lat' dir='ltr'><strong>in</strong></span> <span class='ocrx_word' id='word_1_464' title='bbox 1504 3619 1856 3674; x_wconf 89' lang='lat' dir='ltr'><strong>Francorum</strong></span> 
     </span>
    </p>
   </div>
   <div class='ocr_carea' id='block_1_71' title="bbox 159 3707 1856 3784">
    <p class='ocr_par' dir='ltr' id='par_1_71' title="bbox 159 3707 1856 3784">
     <span class='ocr_line' id='line_1_71' title="bbox 159 3707 1856 3784; baseline -0.005 -14"><span class='ocrx_word' id='word_1_465' title='bbox 159 3715 310 3770; x_wconf 91' lang='lat' dir='ltr'><strong>enim</strong></span> <span class='ocrx_word' id='word_1_466' title='bbox 345 3713 582 3784; x_wconf 89' lang='lat' dir='ltr'><strong>regibus</strong></span> <span class='ocrx_word' id='word_1_467' title='bbox 625 3726 692 3767; x_wconf 90' lang='lat' dir='ltr'><strong>ea</strong></span> <span class='ocrx_word' id='word_1_468' title='bbox 739 3711 924 3780; x_wconf 91' lang='lat' dir='ltr'><strong>viguit</strong></span> <span class='ocrx_word' id='word_1_469' title='bbox 953 3707 1237 3764; x_wconf 87' lang='lat' dir='ltr'><strong>naturalis</strong></span> <span class='ocrx_word' id='word_1_470' title='bbox 1293 3720 1517 3776; x_wconf 89' lang='lat' dir='ltr'><strong>semper</strong></span> <span class='ocrx_word' id='word_1_471' title='bbox 1560 3707 1856 3773; x_wconf 89' lang='lat' dir='ltr'><strong>modestia,</strong></span> 
     </span>
    </p>
   </div>
   <div class='ocr_carea' id='block_1_72' title="bbox 158 3795 1857 3870">
    <p class='ocr_par' dir='ltr' id='par_1_72' title="bbox 158 3795 1857 3870">
     <span class='ocr_line' id='line_1_72' title="bbox 158 3795 1857 3870; baseline -0.006 -10"><span class='ocrx_word' id='word_1_472' title='bbox 158 3811 227 3860; x_wconf 89' lang='lat' dir='ltr'><strong>ut</strong></span> <span class='ocrx_word' id='word_1_473' title='bbox 276 3802 418 3858; x_wconf 91' lang='lat' dir='ltr'><strong>illud</strong></span> <span class='ocrx_word' id='word_1_474' title='bbox 445 3800 732 3870; x_wconf 86' lang='lat' dir='ltr'><strong>Sapientis</strong></span> <span class='ocrx_word' id='word_1_475' title='bbox 755 3799 995 3863; x_wconf 91' lang='lat' dir='ltr'><strong>dictum,</strong></span> <span class='ocrx_word' id='word_1_476' title='bbox 1054 3796 1156 3852; x_wconf 90' lang='lat' dir='ltr'><strong>etsi</strong></span> <span class='ocrx_word' id='word_1_477' title='bbox 1216 3810 1330 3850; x_wconf 91' lang='lat' dir='ltr'><strong>non</strong></span> <span class='ocrx_word' id='word_1_478' title='bbox 1384 3795 1441 3850; x_wconf 92' lang='lat' dir='ltr'><strong>in</strong></span> <span class='ocrx_word' id='word_1_479' title='bbox 1482 3795 1738 3862; x_wconf 89' lang='lat' dir='ltr'><strong>scientia,</strong></span> <span class='ocrx_word' id='word_1_480' title='bbox 1799 3795 1857 3850; x_wconf 93' lang='lat' dir='ltr'><strong>in</strong></span> 
     </span>
    </p>
   </div>
   <div class='ocr_carea' id='block_1_73' title="bbox 161 3883 1859 3954">
    <p class='ocr_par' dir='ltr' id='par_1_73' title="bbox 161 3883 1859 3954">
     <span class='ocr_line' id='line_1_73' title="bbox 161 3883 1859 3954; baseline -0.006 -6"><span class='ocrx_word' id='word_1_481' title='bbox 161 3899 298 3948; x_wconf 89' lang='lat' dir='ltr'><strong>actu</strong></span> <span class='ocrx_word' id='word_1_482' title='bbox 355 3897 546 3946; x_wconf 90' lang='lat' dir='ltr'><strong>tamen</strong></span> <span class='ocrx_word' id='word_1_483' title='bbox 605 3887 972 3942; x_wconf 89' lang='lat' dir='ltr'><strong>habuerint:</strong></span> <span class='ocrx_word' id='word_1_484' title='bbox 1037 3906 1058 3934; x_wconf 74' lang='grc' dir='ltr'>ι</span> <span class='ocrx_word' id='word_1_485' title='bbox 1119 3885 1463 3954; x_wconf 88' lang='lat' dir='ltr'><strong>Principem,</strong></span> <span class='ocrx_word' id='word_1_486' title='bbox 1521 3883 1730 3953; x_wconf 91' lang='lat' dir='ltr'><strong>inquit,</strong></span> <span class='ocrx_word' id='word_1_487' title='bbox 1806 3891 1859 3939; x_wconf 92' lang='lat' dir='ltr'><strong>te</strong></span> 
     </span>
    </p>
   </div>
   <div class='ocr_carea' id='block_1_74' title="bbox 161 3971 1858 4043">
    <p class='ocr_par' dir='ltr' id='par_1_74' title="bbox 161 3971 1858 4043">
     <span class='ocr_line' id='line_1_74' title="bbox 161 3971 1858 4043; baseline -0.006 -8"><span class='ocrx_word' id='word_1_488' title='bbox 161 3977 606 4043; x_wconf 88' lang='lat' dir='ltr'><strong>constituerunt,</strong></span> <span class='ocrx_word' id='word_1_489' title='bbox 660 3975 774 4030; x_wconf 91' lang='lat' dir='ltr'><strong>noli</strong></span> <span class='ocrx_word' id='word_1_490' title='bbox 827 3973 1045 4040; x_wconf 83' lang='lat' dir='ltr'><strong>extolli,</strong></span> <span class='ocrx_word' id='word_1_491' title='bbox 1104 3973 1202 4028; x_wconf 91' lang='lat' dir='ltr'><strong>sed</strong></span> <span class='ocrx_word' id='word_1_492' title='bbox 1242 3981 1360 4028; x_wconf 91' lang='lat' dir='ltr'><strong>esto</strong></span> <span class='ocrx_word' id='word_1_493' title='bbox 1425 3972 1483 4026; x_wconf 92' lang='lat' dir='ltr'><strong>in</strong></span> <span class='ocrx_word' id='word_1_494' title='bbox 1542 3971 1653 4026; x_wconf 90' lang='lat' dir='ltr'><strong>illis</strong></span> <span class='ocrx_word' id='word_1_495' title='bbox 1691 3972 1858 4041; x_wconf 90' lang='lat' dir='ltr'><strong>quasi</strong></span> 
     </span>
    </p>
   </div>
   <div class='ocr_carea' id='block_1_75' title="bbox 165 4059 1860 4133">
    <p class='ocr_par' dir='ltr' id='par_1_75' title="bbox 165 4059 1860 4133">
     <span class='ocr_line' id='line_1_75' title="bbox 165 4059 1860 4133; baseline -0.005 -10"><span class='ocrx_word' id='word_1_496' title='bbox 165 4081 321 4124; x_wconf 93' lang='lat' dir='ltr'><strong>unus</strong></span> <span class='ocrx_word' id='word_1_497' title='bbox 345 4080 418 4121; x_wconf 91' lang='lat' dir='ltr'><strong>ex</strong></span> <span class='ocrx_word' id='word_1_498' title='bbox 446 4065 556 4120; x_wconf 91' lang='lat' dir='ltr'><strong>illis</strong></span> <span class='ocrx_word' id='word_1_499' title='bbox 586 4062 790 4133; x_wconf 83' lang='lat' dir='ltr'><strong>(Ecclz&#39;.</strong></span> <span class='ocrx_word' id='word_1_500' title='bbox 823 4076 1008 4128; x_wconf 86' lang='lat' dir='ltr'><strong>xxxu,</strong></span> <span class='ocrx_word' id='word_1_501' title='bbox 1048 4060 1115 4129; x_wconf 81' lang='lat' dir='ltr'><strong>t).</strong></span> <span class='ocrx_word' id='word_1_502' title='bbox 1153 4081 1172 4108; x_wconf 75' lang='grc' dir='ltr'><strong><em>ι</em></strong></span> <span class='ocrx_word' id='word_1_503' title='bbox 1202 4061 1256 4115; x_wconf 90' lang='lat' dir='ltr'><strong>Is</strong></span> <span class='ocrx_word' id='word_1_504' title='bbox 1288 4060 1464 4130; x_wconf 89' lang='lat' dir='ltr'><strong>igitur</strong></span> <span class='ocrx_word' id='word_1_505' title='bbox 1484 4074 1613 4115; x_wconf 92' lang='lat' dir='ltr'><strong>cum</strong></span> <span class='ocrx_word' id='word_1_506' title='bbox 1653 4059 1860 4115; x_wconf 89' lang='lat' dir='ltr'><strong>milites</strong></span> 
     </span>
    </p>
   </div>
   <div class='ocr_carea' id='block_1_76' title="bbox 164 4147 1860 4224">
    <p class='ocr_par' dir='ltr' id='par_1_76' title="bbox 164 4147 1860 4224">
     <span class='ocr_line' id='line_1_76' title="bbox 164 4147 1860 4224; baseline -0.005 -13"><span class='ocrx_word' id='word_1_507' title='bbox 164 4167 530 4224; x_wconf 89' lang='lat' dir='ltr'><strong>summopere</strong></span> <span class='ocrx_word' id='word_1_508' title='bbox 597 4150 908 4214; x_wconf 82' lang='lat' dir='ltr'><strong>affectaret,</strong></span> <span class='ocrx_word' id='word_1_509' title='bbox 970 4149 1186 4204; x_wconf 91' lang='lat' dir='ltr'><strong>clerum</strong></span> <span class='ocrx_word' id='word_1_510' title='bbox 1252 4147 1582 4219; x_wconf 82' lang='lat' dir='ltr'><strong>negligeret,</strong></span> <span class='ocrx_word' id='word_1_511' title='bbox 1649 4147 1860 4203; x_wconf 86' lang='lat' dir='ltr'><strong>dixisse</strong></span> 
     </span>
    </p>
   </div>
   <div class='ocr_carea' id='block_1_77' title="bbox 1963 2992 3661 3066">
    <p class='ocr_par' dir='ltr' id='par_1_77' title="bbox 1963 2992 3661 3066">
     <span class='ocr_line' id='line_1_77' title="bbox 1963 2992 3661 3066; baseline -0.008 -8"><span class='ocrx_word' id='word_1_512' title='bbox 1963 3003 2263 3058; x_wconf 90' lang='lat' dir='ltr'><strong>sinuatum</strong></span> <span class='ocrx_word' id='word_1_513' title='bbox 2309 3001 2595 3056; x_wconf 90' lang='lat' dir='ltr'><strong>devexum</strong></span> <span class='ocrx_word' id='word_1_514' title='bbox 2652 2999 2887 3065; x_wconf 90' lang='lat' dir='ltr'><strong>habens,</strong></span> <span class='ocrx_word' id='word_1_515' title='bbox 2947 2998 3004 3052; x_wconf 93' lang='lat' dir='ltr'><strong>in</strong></span> <span class='ocrx_word' id='word_1_516' title='bbox 3037 3009 3156 3066; x_wconf 90' lang='lat' dir='ltr'><strong>qua</strong></span> <span class='ocrx_word' id='word_1_517' title='bbox 3206 2992 3474 3050; x_wconf 91' lang='lat' dir='ltr'><strong>tredecim</strong></span> <span class='ocrx_word' id='word_1_518' title='bbox 3527 2997 3661 3047; x_wconf 91' lang='lat' dir='ltr'><strong>sunt</strong></span> 
     </span>
    </p>
   </div>
   <div class='ocr_carea' id='block_1_78' title="bbox 1965 3085 3658 3158">
    <p class='ocr_par' dir='ltr' id='par_1_78' title="bbox 1965 3085 3658 3158">
     <span class='ocr_line' id='line_1_78' title="bbox 1965 3085 3658 3158; baseline -0.008 -12"><span class='ocrx_word' id='word_1_519' title='bbox 1965 3089 2272 3158; x_wconf 88' lang='lat' dir='ltr'><strong>monachi;</strong></span> <span class='ocrx_word' id='word_1_520' title='bbox 2307 3089 2627 3144; x_wconf 91' lang='lat' dir='ltr'><strong>claustrum</strong></span> <span class='ocrx_word' id='word_1_521' title='bbox 2654 3087 2887 3158; x_wconf 92' lang='lat' dir='ltr'><strong>quidem</strong></span> <span class='ocrx_word' id='word_1_522' title='bbox 2917 3085 3054 3141; x_wconf 86' lang='lat' dir='ltr'><strong>satis</strong></span> <span class='ocrx_word' id='word_1_523' title='bbox 3085 3085 3350 3139; x_wconf 91' lang='lat' dir='ltr'><strong>idoneum</strong></span> <span class='ocrx_word' id='word_1_524' title='bbox 3385 3095 3488 3150; x_wconf 92' lang='lat' dir='ltr'><strong>pro</strong></span> <span class='ocrx_word' id='word_1_525' title='bbox 3538 3095 3658 3134; x_wconf 84' lang='lat' dir='ltr'><strong>coe-</strong></span> 
     </span>
    </p>
   </div>
   <div class='ocr_carea' id='block_1_79' title="bbox 1965 3168 3655 3242">
    <p class='ocr_par' dir='ltr' id='par_1_79' title="bbox 1965 3168 3655 3242">
     <span class='ocr_line' id='line_1_79' title="bbox 1965 3168 3655 3242; baseline -0.008 -7"><span class='ocrx_word' id='word_1_526' title='bbox 1965 3177 2181 3235; x_wconf 88' lang='lat' dir='ltr'><strong>nobiali</strong></span> <span class='ocrx_word' id='word_1_527' title='bbox 2211 3177 2626 3233; x_wconf 87' lang='lat' dir='ltr'><strong>consuetudine</strong></span> <span class='ocrx_word' id='word_1_528' title='bbox 2653 3176 2946 3242; x_wconf 85' lang='lat' dir='ltr'><strong>habentes,</strong></span> <span class='ocrx_word' id='word_1_529' title='bbox 2981 3173 3076 3230; x_wconf 91' lang='lat' dir='ltr'><strong>sed</strong></span> <span class='ocrx_word' id='word_1_530' title='bbox 3113 3186 3229 3228; x_wconf 92' lang='lat' dir='ltr'><strong>non</strong></span> <span class='ocrx_word' id='word_1_531' title='bbox 3254 3168 3655 3234; x_wconf 89' lang='lat' dir='ltr'><strong>claustraliter,</strong></span> 
     </span>
    </p>
   </div>
   <div class='ocr_carea' id='block_1_80' title="bbox 1967 3263 2718 3332">
    <p class='ocr_par' dir='ltr' id='par_1_80' title="bbox 1967 3263 2718 3332">
     <span class='ocr_line' id='line_1_80' title="bbox 1967 3263 2718 3332; baseline -0.007 -10"><span class='ocrx_word' id='word_1_532' title='bbox 1967 3273 2031 3322; x_wconf 93' lang='lat' dir='ltr'><strong>ut</strong></span> <span class='ocrx_word' id='word_1_533' title='bbox 2058 3264 2268 3332; x_wconf 74' lang='lat' dir='ltr'><strong>caeteri,</strong></span> <span class='ocrx_word' id='word_1_534' title='bbox 2303 3263 2718 3318; x_wconf 89' lang='lat' dir='ltr'><strong>cohabitantes.</strong></span> 
     </span>
    </p>
   </div>
   <div class='ocr_carea' id='block_1_81' title="bbox 2040 3340 3659 3422">
    <p class='ocr_par' dir='ltr' id='par_1_81' title="bbox 2040 3340 3659 3422">
     <span class='ocr_line' id='line_1_81' title="bbox 2040 3340 3659 3422; baseline -0.008 -13"><span class='ocrx_word' id='word_1_535' title='bbox 2040 3353 2267 3410; x_wconf 90' lang='lat' dir='ltr'><strong>Habent</strong></span> <span class='ocrx_word' id='word_1_536' title='bbox 2297 3352 2513 3422; x_wconf 90' lang='lat' dir='ltr'><strong>quippe</strong></span> <span class='ocrx_word' id='word_1_537' title='bbox 2534 3350 2749 3421; x_wconf 88' lang='lat' dir='ltr'><strong>singuli</strong></span> <span class='ocrx_word' id='word_1_538' title='bbox 2777 3349 3012 3406; x_wconf 90' lang='lat' dir='ltr'><strong>cellulas</strong></span> <span class='ocrx_word' id='word_1_539' title='bbox 3042 3361 3144 3418; x_wconf 92' lang='lat' dir='ltr'><strong>per</strong></span> <span class='ocrx_word' id='word_1_540' title='bbox 3175 3359 3383 3417; x_wconf 87' lang='lat' dir='ltr'><strong>gyrum</strong></span> <span class='ocrx_word' id='word_1_541' title='bbox 3423 3340 3659 3398; x_wconf 88' lang='lat' dir='ltr'><strong>claustri</strong></span> 
     </span>
    </p>
   </div>
   <div class='ocr_carea' id='block_1_82' title="bbox 1965 3436 3658 3513">
    <p class='ocr_par' dir='ltr' id='par_1_82' title="bbox 1965 3436 3658 3513">
     <span class='ocr_line' id='line_1_82' title="bbox 1965 3436 3658 3513; baseline -0.009 -14"><span class='ocrx_word' id='word_1_542' title='bbox 1965 3444 2248 3513; x_wconf 89' lang='lat' dir='ltr'><strong>proprias,</strong></span> <span class='ocrx_word' id='word_1_543' title='bbox 2284 3441 2342 3496; x_wconf 94' lang='lat' dir='ltr'><strong>in</strong></span> <span class='ocrx_word' id='word_1_544' title='bbox 2372 3441 2589 3511; x_wconf 91' lang='lat' dir='ltr'><strong>quibus</strong></span> <span class='ocrx_word' id='word_1_545' title='bbox 2616 3446 2950 3509; x_wconf 90' lang='lat' dir='ltr'><strong>operantur,</strong></span> <span class='ocrx_word' id='word_1_546' title='bbox 2983 3436 3281 3492; x_wconf 89' lang='lat' dir='ltr'><strong>dormiunt</strong></span> <span class='ocrx_word' id='word_1_547' title='bbox 3313 3449 3380 3488; x_wconf 93' lang='lat' dir='ltr'><strong>ac</strong></span> <span class='ocrx_word' id='word_1_548' title='bbox 3409 3443 3658 3487; x_wconf 88' lang='lat' dir='ltr'><strong>vescun-</strong></span> 
     </span>
    </p>
   </div>
   <div class='ocr_carea' id='block_1_83' title="bbox 1967 3519 3654 3597">
    <p class='ocr_par' dir='ltr' id='par_1_83' title="bbox 1967 3519 3654 3597">
     <span class='ocr_line' id='line_1_83' title="bbox 1967 3519 3654 3597; baseline -0.009 -11"><span class='ocrx_word' id='word_1_549' title='bbox 1967 3540 2082 3588; x_wconf 92' lang='lat' dir='ltr'><strong>tur.</strong></span> <span class='ocrx_word' id='word_1_550' title='bbox 2117 3530 2417 3585; x_wconf 90' lang='lat' dir='ltr'><strong>Dominica</strong></span> <span class='ocrx_word' id='word_1_551' title='bbox 2442 3543 2476 3584; x_wconf 91' lang='lat' dir='ltr'><strong>a</strong></span> <span class='ocrx_word' id='word_1_552' title='bbox 2508 3529 2898 3597; x_wconf 90' lang='lat' dir='ltr'><strong>dispensatore</strong></span> <span class='ocrx_word' id='word_1_553' title='bbox 2945 3539 3124 3590; x_wconf 91' lang='lat' dir='ltr'><strong>escas,</strong></span> <span class='ocrx_word' id='word_1_554' title='bbox 3159 3535 3363 3592; x_wconf 88' lang='lat' dir='ltr'><strong>panem</strong></span> <span class='ocrx_word' id='word_1_555' title='bbox 3423 3519 3654 3584; x_wconf 89' lang='lat' dir='ltr'><strong>scilicet,</strong></span> 
     </span>
    </p>
   </div>
   <div class='ocr_carea' id='block_1_84' title="bbox 1965 3607 3660 3688">
    <p class='ocr_par' dir='ltr' id='par_1_84' title="bbox 1965 3607 3660 3688">
     <span class='ocr_line' id='line_1_84' title="bbox 1965 3607 3660 3688; baseline -0.009 -13"><span class='ocrx_word' id='word_1_556' title='bbox 1965 3634 2033 3675; x_wconf 94' lang='lat' dir='ltr'><strong>ac</strong></span> <span class='ocrx_word' id='word_1_557' title='bbox 2062 3619 2329 3688; x_wconf 88' lang='lat' dir='ltr'><strong>legumen</strong></span> <span class='ocrx_word' id='word_1_558' title='bbox 2361 3616 2672 3686; x_wconf 89' lang='lat' dir='ltr'><strong>accipiunt,</strong></span> <span class='ocrx_word' id='word_1_559' title='bbox 2705 3614 2862 3685; x_wconf 91' lang='lat' dir='ltr'><strong>quod</strong></span> <span class='ocrx_word' id='word_1_560' title='bbox 2893 3614 3128 3669; x_wconf 91' lang='lat' dir='ltr'><strong>unicum</strong></span> <span class='ocrx_word' id='word_1_561' title='bbox 3165 3607 3445 3681; x_wconf 90' lang='lat' dir='ltr'><strong>pulmenti</strong></span> <span class='ocrx_word' id='word_1_562' title='bbox 3475 3620 3660 3676; x_wconf 86' lang='lat' dir='ltr'><strong>genus</strong></span> 
     </span>
    </p>
   </div>
   <div class='ocr_carea' id='block_1_85' title="bbox 1966 3699 3657 3776">
    <p class='ocr_par' dir='ltr' id='par_1_85' title="bbox 1966 3699 3657 3776">
     <span class='ocr_line' id='line_1_85' title="bbox 1966 3699 3657 3776; baseline -0.009 -14"><span class='ocrx_word' id='word_1_563' title='bbox 1966 3721 2001 3762; x_wconf 93' lang='lat' dir='ltr'><strong>a</strong></span> <span class='ocrx_word' id='word_1_564' title='bbox 2029 3720 2264 3776; x_wconf 90' lang='lat' dir='ltr'><strong>quoque</strong></span> <span class='ocrx_word' id='word_1_565' title='bbox 2293 3718 2490 3760; x_wconf 90' lang='lat' dir='ltr'><strong>eorum</strong></span> <span class='ocrx_word' id='word_1_566' title='bbox 2543 3703 2699 3773; x_wconf 88' lang='lat' dir='ltr'><strong>apud</strong></span> <span class='ocrx_word' id='word_1_567' title='bbox 2743 3717 2803 3758; x_wconf 92' lang='lat' dir='ltr'><strong>se</strong></span> <span class='ocrx_word' id='word_1_568' title='bbox 2862 3701 3151 3770; x_wconf 85' lang='lat' dir='ltr'><strong>coquitur.</strong></span> <span class='ocrx_word' id='word_1_569' title='bbox 3197 3699 3428 3766; x_wconf 84' lang='lat' dir='ltr'><strong>Aquam</strong></span> <span class='ocrx_word' id='word_1_570' title='bbox 3467 3701 3657 3749; x_wconf 90' lang='lat' dir='ltr'><strong>autem</strong></span> 
     </span>
    </p>
   </div>
   <div class='ocr_carea' id='block_1_86' title="bbox 1966 3780 3658 3862">
    <p class='ocr_par' dir='ltr' id='par_1_86' title="bbox 1966 3780 3658 3862">
     <span class='ocr_line' id='line_1_86' title="bbox 1966 3780 3658 3862; baseline -0.01 -11"><span class='ocrx_word' id='word_1_571' title='bbox 1966 3802 2081 3851; x_wconf 92' lang='lat' dir='ltr'><strong>tam</strong></span> <span class='ocrx_word' id='word_1_572' title='bbox 2114 3793 2368 3858; x_wconf 90' lang='lat' dir='ltr'><strong>haustui,</strong></span> <span class='ocrx_word' id='word_1_573' title='bbox 2402 3805 2580 3862; x_wconf 91' lang='lat' dir='ltr'><strong>quam</strong></span> <span class='ocrx_word' id='word_1_574' title='bbox 2612 3790 2838 3847; x_wconf 90' lang='lat' dir='ltr'><strong>residuo</strong></span> <span class='ocrx_word' id='word_1_575' title='bbox 2865 3788 3016 3853; x_wconf 90' lang='lat' dir='ltr'><strong>usui,</strong></span> <span class='ocrx_word' id='word_1_576' title='bbox 3046 3802 3120 3842; x_wconf 86' lang='lat' dir='ltr'><strong>ex</strong></span> <span class='ocrx_word' id='word_1_577' title='bbox 3144 3787 3324 3841; x_wconf 86' lang='lat' dir='ltr'><strong>ductu</strong></span> <span class='ocrx_word' id='word_1_578' title='bbox 3345 3782 3535 3847; x_wconf 92' lang='lat' dir='ltr'><strong>fontis,</strong></span> <span class='ocrx_word' id='word_1_579' title='bbox 3556 3780 3658 3850; x_wconf 86' lang='lat' dir='ltr'><strong>qui</strong></span> 
     </span>
    </p>
   </div>
   <div class='ocr_carea' id='block_1_87' title="bbox 1965 3875 3660 3946">
    <p class='ocr_par' dir='ltr' id='par_1_87' title="bbox 1965 3875 3660 3946">
     <span class='ocr_line' id='line_1_87' title="bbox 1965 3875 3660 3946; baseline -0.01 -7"><span class='ocrx_word' id='word_1_580' title='bbox 1965 3882 2228 3939; x_wconf 89' lang='lat' dir='ltr'><strong>omnium</strong></span> <span class='ocrx_word' id='word_1_581' title='bbox 2284 3879 2541 3936; x_wconf 89' lang='lat' dir='ltr'><strong>obambit</strong></span> <span class='ocrx_word' id='word_1_582' title='bbox 2583 3879 2840 3941; x_wconf 85' lang='lat' dir='ltr'><strong>cellulas,</strong></span> <span class='ocrx_word' id='word_1_583' title='bbox 2885 3884 2940 3933; x_wconf 92' lang='lat' dir='ltr'><strong>et</strong></span> <span class='ocrx_word' id='word_1_584' title='bbox 2991 3875 3354 3946; x_wconf 89' lang='lat' dir='ltr'><strong>singulorum</strong></span> <span class='ocrx_word' id='word_1_585' title='bbox 3375 3884 3476 3941; x_wconf 91' lang='lat' dir='ltr'><strong>per</strong></span> <span class='ocrx_word' id='word_1_586' title='bbox 3505 3877 3660 3925; x_wconf 83' lang='lat' dir='ltr'><strong>certa</strong></span> 
     </span>
    </p>
   </div>
   <div class='ocr_carea' id='block_1_88' title="bbox 1967 3963 3659 4034">
    <p class='ocr_par' dir='ltr' id='par_1_88' title="bbox 1967 3963 3659 4034">
     <span class='ocr_line' id='line_1_88' title="bbox 1967 3963 3659 4034; baseline -0.009 -7"><span class='ocrx_word' id='word_1_587' title='bbox 1967 3971 2250 4028; x_wconf 86' lang='lat' dir='ltr'><strong>foramina</strong></span> <span class='ocrx_word' id='word_1_588' title='bbox 2291 3969 2550 4025; x_wconf 67' lang='lat' dir='ltr'><strong>azdiculis</strong></span> <span class='ocrx_word' id='word_1_589' title='bbox 2603 3967 2814 4034; x_wconf 87' lang='lat' dir='ltr'><strong>influit,</strong></span> <span class='ocrx_word' id='word_1_590' title='bbox 2878 3966 3110 4022; x_wconf 84' lang='lat' dir='ltr'><strong>habent.</strong></span> <span class='ocrx_word' id='word_1_591' title='bbox 3170 3963 3346 4028; x_wconf 89' lang='lat' dir='ltr'><strong>Pisce,</strong></span> <span class='ocrx_word' id='word_1_592' title='bbox 3393 3968 3445 4016; x_wconf 89' lang='lat' dir='ltr'><strong>et</strong></span> <span class='ocrx_word' id='word_1_593' title='bbox 3498 3972 3659 4014; x_wconf 84' lang='lat' dir='ltr'><strong>caseo</strong></span> 
     </span>
    </p>
   </div>
   <div class='ocr_carea' id='block_1_89' title="bbox 1970 4047 3661 4122">
    <p class='ocr_par' dir='ltr' id='par_1_89' title="bbox 1970 4047 3661 4122">
     <span class='ocr_line' id='line_1_89' title="bbox 1970 4047 3661 4122; baseline -0.009 -6"><span class='ocrx_word' id='word_1_594' title='bbox 1970 4058 2298 4122; x_wconf 85' lang='lat' dir='ltr'><strong>Dominicis,</strong></span> <span class='ocrx_word' id='word_1_595' title='bbox 2357 4066 2411 4114; x_wconf 90' lang='lat' dir='ltr'><strong>et</strong></span> <span class='ocrx_word' id='word_1_596' title='bbox 2469 4057 2635 4113; x_wconf 89' lang='lat' dir='ltr'><strong>valde</strong></span> <span class='ocrx_word' id='word_1_597' title='bbox 2683 4055 2839 4112; x_wconf 91' lang='lat' dir='ltr'><strong>festis</strong></span> <span class='ocrx_word' id='word_1_598' title='bbox 2899 4054 3102 4109; x_wconf 91' lang='lat' dir='ltr'><strong>diebus</strong></span> <span class='ocrx_word' id='word_1_599' title='bbox 3155 4059 3405 4108; x_wconf 90' lang='lat' dir='ltr'><strong>utuntur</strong></span> <span class='ocrx_word' id='word_1_600' title='bbox 3450 4063 3462 4102; x_wconf 90' lang='lat'><strong>:</strong></span> <span class='ocrx_word' id='word_1_601' title='bbox 3510 4047 3661 4117; x_wconf 87' lang='lat' dir='ltr'><strong>pisce</strong></span> 
     </span>
    </p>
   </div>
   <div class='ocr_carea' id='block_1_90' title="bbox 1971 4137 3658 4216">
    <p class='ocr_par' dir='ltr' id='par_1_90' title="bbox 1971 4137 3658 4216">
     <span class='ocr_line' id='line_1_90' title="bbox 1971 4137 3658 4216; baseline -0.009 -12"><span class='ocrx_word' id='word_1_602' title='bbox 1971 4148 2240 4214; x_wconf 88' lang='lat' dir='ltr'><strong>dixerim,</strong></span> <span class='ocrx_word' id='word_1_603' title='bbox 2297 4161 2412 4202; x_wconf 92' lang='lat' dir='ltr'><strong>non</strong></span> <span class='ocrx_word' id='word_1_604' title='bbox 2469 4159 2642 4216; x_wconf 89' lang='lat' dir='ltr'><strong>quem</strong></span> <span class='ocrx_word' id='word_1_605' title='bbox 2699 4145 2806 4200; x_wconf 92' lang='lat' dir='ltr'><strong>sibi</strong></span> <span class='ocrx_word' id='word_1_606' title='bbox 2859 4144 2960 4214; x_wconf 91' lang='lat' dir='ltr'><strong>ipsi</strong></span> <span class='ocrx_word' id='word_1_607' title='bbox 3016 4147 3300 4207; x_wconf 88' lang='lat' dir='ltr'><strong>emerunt,</strong></span> <span class='ocrx_word' id='word_1_608' title='bbox 3360 4137 3658 4206; x_wconf 91' lang='lat' dir='ltr'><strong>sedquem</strong></span> 
     </span>
    </p>
   </div>
   <div class='ocr_carea' id='block_1_91' title="bbox 167 4214 3657 4312">
    <p class='ocr_par' dir='ltr' id='par_1_91' title="bbox 167 4214 3657 4312">
     <span class='ocr_line' id='line_1_91' title="bbox 167 4214 3657 4312; baseline -0.006 -15"><span class='ocrx_word' id='word_1_609' title='bbox 167 4241 485 4312; x_wconf 90' lang='lat' dir='ltr'><strong>aliquando</strong></span> <span class='ocrx_word' id='word_1_610' title='bbox 517 4239 764 4295; x_wconf 88' lang='lat' dir='ltr'><strong>refertur</strong></span> <span class='ocrx_word' id='word_1_611' title='bbox 796 4253 808 4292; x_wconf 92' lang='lat'><strong>:</strong></span> <span class='ocrx_word' id='word_1_612' title='bbox 845 4258 872 4284; x_wconf 90' lang='grc'><strong>‹‹</strong></span> <span class='ocrx_word' id='word_1_613' title='bbox 899 4237 1110 4302; x_wconf 91' lang='lat' dir='ltr'><strong>Bonus,</strong></span> <span class='ocrx_word' id='word_1_614' title='bbox 1144 4236 1241 4302; x_wconf 91' lang='lat' dir='ltr'><strong>ait,</strong></span> <span class='ocrx_word' id='word_1_615' title='bbox 1269 4214 1732 4291; x_wconf 39' lang='lat' dir='ltr'><strong>esset&#39;Remensis</strong></span> <span class='ocrx_word' id='word_1_616' title='bbox 1759 4249 1860 4290; x_wconf 91' lang='lat' dir='ltr'><strong>ar-</strong></span> <span class='ocrx_word' id='word_1_617' title='bbox 1897 4214 1941 4268; x_wconf 76' lang='grc' dir='ltr'>Π</span> <span class='ocrx_word' id='word_1_618' title='bbox 1973 4237 2258 4292; x_wconf 91' lang='lat' dir='ltr'><strong>bonorum</strong></span> <span class='ocrx_word' id='word_1_619' title='bbox 2300 4214 2632 4304; x_wconf 79' lang='lat' dir='ltr'><strong>aliquorum</strong></span> <span class='ocrx_word' id='word_1_620' title='bbox 2663 4232 2921 4288; x_wconf 89' lang='lat' dir='ltr'><strong>virorum</strong></span> <span class='ocrx_word' id='word_1_621' title='bbox 2955 4229 3256 4300; x_wconf 88' lang='lat' dir='ltr'><strong>largitione</strong></span> <span class='ocrx_word' id='word_1_622' title='bbox 3287 4224 3657 4294; x_wconf 91' lang='lat' dir='ltr'><strong>susceperint.</strong></span> 
     </span>
    </p>
   </div>
   <div class='ocr_carea' id='block_1_92' title="bbox 164 4324 1853 4399">
    <p class='ocr_par' dir='ltr' id='par_1_92' title="bbox 164 4324 1853 4399">
     <span class='ocr_line' id='line_1_92' title="bbox 164 4324 1853 4399; baseline -0.005 -14"><span class='ocrx_word' id='word_1_623' title='bbox 164 4329 644 4399; x_wconf 90' lang='lat' dir='ltr'><strong>cbiepiscopatus,</strong></span> <span class='ocrx_word' id='word_1_624' title='bbox 676 4327 723 4382; x_wconf 89' lang='lat' dir='ltr'><strong>si</strong></span> <span class='ocrx_word' id='word_1_625' title='bbox 752 4339 864 4380; x_wconf 94' lang='lat' dir='ltr'><strong>non</strong></span> <span class='ocrx_word' id='word_1_626' title='bbox 891 4325 1090 4380; x_wconf 88' lang='lat' dir='ltr'><strong>missas</strong></span> <span class='ocrx_word' id='word_1_627' title='bbox 1114 4324 1244 4378; x_wconf 90' lang='lat' dir='ltr'><strong>inde</strong></span> <span class='ocrx_word' id='word_1_628' title='bbox 1274 4324 1495 4380; x_wconf 89' lang='lat' dir='ltr'><strong>cantari</strong></span> <span class='ocrx_word' id='word_1_629' title='bbox 1520 4331 1853 4394; x_wconf 57' lang='lat' dir='ltr'><strong>oporteret.)</strong></span> 
     </span>
    </p>
   </div>
   <div class='ocr_carea' id='block_1_93' title="bbox 238 4411 1863 4490">
    <p class='ocr_par' dir='ltr' id='par_1_93' title="bbox 238 4411 1863 4490">
     <span class='ocr_line' id='line_1_93' title="bbox 238 4411 1863 4490; baseline -0.004 -18"><span class='ocrx_word' id='word_1_630' title='bbox 238 4419 412 4490; x_wconf 84' lang='lat' dir='ltr'><strong>Hugo</strong></span> <span class='ocrx_word' id='word_1_631' title='bbox 473 4414 726 4482; x_wconf 80' lang='lat' dir='ltr'><strong>Diensis,</strong></span> <span class='ocrx_word' id='word_1_632' title='bbox 786 4412 1256 4484; x_wconf 68' lang='lat' dir='ltr'><strong>archiepiscopus</strong></span> <span class='ocrx_word' id='word_1_633' title='bbox 1305 4411 1720 4484; x_wconf 84' lang='lat' dir='ltr'><strong>Lugdunensis,</strong></span> <span class='ocrx_word' id='word_1_634' title='bbox 1773 4411 1863 4466; x_wconf 83' lang='lat' dir='ltr'><strong>vir</strong></span> 
     </span>
    </p>
   </div>
   <div class='ocr_carea' id='block_1_94' title="bbox 161 4497 1860 4578">
    <p class='ocr_par' dir='ltr' id='par_1_94' title="bbox 161 4497 1860 4578">
     <span class='ocr_line' id='line_1_94' title="bbox 161 4497 1860 4578; baseline -0.005 -16"><span class='ocrx_word' id='word_1_635' title='bbox 161 4505 434 4578; x_wconf 77' lang='lat' dir='ltr'><strong>Optimus,</strong></span> <span class='ocrx_word' id='word_1_636' title='bbox 468 4505 809 4558; x_wconf 81' lang='lat' dir='ltr'><strong>Manassem</strong></span> <span class='ocrx_word' id='word_1_637' title='bbox 828 4500 1198 4555; x_wconf 77' lang='lat' dir='ltr'><strong>anathemate</strong></span> <span class='ocrx_word' id='word_1_638' title='bbox 1221 4497 1376 4568; x_wconf 75' lang='lat' dir='ltr'><strong>ferit.</strong></span> <span class='ocrx_word' id='word_1_639' title='bbox 1404 4529 1471 4538; x_wconf 94' lang='lat'>—</span> <span class='ocrx_word' id='word_1_640' title='bbox 1505 4499 1693 4569; x_wconf 86' lang='lat' dir='ltr'><strong>Hujus</strong></span> <span class='ocrx_word' id='word_1_641' title='bbox 1725 4513 1860 4569; x_wconf 88' lang='lat' dir='ltr'><strong>ergo</strong></span> 
     </span>
    </p>
   </div>
   <div class='ocr_carea' id='block_1_95' title="bbox 161 4585 1860 4662">
    <p class='ocr_par' dir='ltr' id='par_1_95' title="bbox 161 4585 1860 4662">
     <span class='ocr_line' id='line_1_95' title="bbox 161 4585 1860 4662; baseline -0.005 -12"><span class='ocrx_word' id='word_1_642' title='bbox 161 4608 352 4650; x_wconf 90' lang='lat' dir='ltr'><strong>mores</strong></span> <span class='ocrx_word' id='word_1_643' title='bbox 379 4605 616 4662; x_wconf 91' lang='lat' dir='ltr'><strong>prorsus</strong></span> <span class='ocrx_word' id='word_1_644' title='bbox 663 4588 971 4659; x_wconf 88' lang='lat' dir='ltr'><strong>improbos,</strong></span> <span class='ocrx_word' id='word_1_645' title='bbox 1027 4596 1080 4643; x_wconf 91' lang='lat' dir='ltr'><strong>et</strong></span> <span class='ocrx_word' id='word_1_646' title='bbox 1131 4585 1549 4656; x_wconf 88' lang='lat' dir='ltr'><strong>stupidissimos</strong></span> <span class='ocrx_word' id='word_1_647' title='bbox 1606 4587 1860 4654; x_wconf 88' lang='lat' dir='ltr'><strong>habitus,</strong></span> 
     </span>
    </p>
   </div>
   <div class='ocr_carea' id='block_1_96' title="bbox 161 4674 1862 4740">
    <p class='ocr_par' dir='ltr' id='par_1_96' title="bbox 161 4674 1862 4740">
     <span class='ocr_line' id='line_1_96' title="bbox 161 4674 1862 4740; baseline -0.006 0"><span class='ocrx_word' id='word_1_648' title='bbox 161 4697 299 4740; x_wconf 91' lang='lat' dir='ltr'><strong>cum</strong></span> <span class='ocrx_word' id='word_1_649' title='bbox 337 4680 524 4737; x_wconf 90' lang='lat' dir='ltr'><strong>omnis</strong></span> <span class='ocrx_word' id='word_1_650' title='bbox 572 4679 848 4734; x_wconf 89' lang='lat' dir='ltr'><strong>honestus</strong></span> <span class='ocrx_word' id='word_1_651' title='bbox 904 4677 1162 4731; x_wconf 90' lang='lat' dir='ltr'><strong>horreret</strong></span> <span class='ocrx_word' id='word_1_652' title='bbox 1215 4677 1432 4740; x_wconf 88' lang='lat' dir='ltr'><strong>Bruno,</strong></span> <span class='ocrx_word' id='word_1_653' title='bbox 1499 4674 1554 4728; x_wconf 92' lang='lat' dir='ltr'><strong>in</strong></span> <span class='ocrx_word' id='word_1_654' title='bbox 1595 4674 1862 4731; x_wconf 88' lang='lat' dir='ltr'><strong>Ecclesiis</strong></span> 
     </span>
    </p>
   </div>
   <div class='ocr_carea' id='block_1_97' title="bbox 162 4762 1862 4836">
    <p class='ocr_par' dir='ltr' id='par_1_97' title="bbox 162 4762 1862 4836">
     <span class='ocr_line' id='line_1_97' title="bbox 162 4762 1862 4836; baseline -0.005 -9"><span class='ocrx_word' id='word_1_655' title='bbox 162 4779 306 4827; x_wconf 91' lang='lat' dir='ltr'><strong>tunc</strong></span> <span class='ocrx_word' id='word_1_656' title='bbox 362 4767 555 4824; x_wconf 75' lang='lat' dir='ltr'><strong>Galliae</strong></span> <span class='ocrx_word' id='word_1_657' title='bbox 610 4765 1060 4836; x_wconf 90' lang='lat' dir='ltr'><strong>opinatissimus,</strong></span> <span class='ocrx_word' id='word_1_658' title='bbox 1120 4777 1253 4819; x_wconf 91' lang='lat' dir='ltr'><strong>cum</strong></span> <span class='ocrx_word' id='word_1_659' title='bbox 1323 4762 1451 4818; x_wconf 90' lang='lat' dir='ltr'><strong>aliis</strong></span> <span class='ocrx_word' id='word_1_660' title='bbox 1509 4763 1862 4832; x_wconf 86' lang='lat' dir='ltr'><strong>quibusdam</strong></span> 
     </span>
    </p>
   </div>
   <div class='ocr_carea' id='block_1_98' title="bbox 164 4851 1860 4920">
    <p class='ocr_par' dir='ltr' id='par_1_98' title="bbox 164 4851 1860 4920">
     <span class='ocr_line' id='line_1_98' title="bbox 164 4851 1860 4920; baseline -0.006 -4"><span class='ocrx_word' id='word_1_661' title='bbox 164 4858 534 4916; x_wconf 86' lang='lat' dir='ltr'><strong>Remensium</strong></span> <span class='ocrx_word' id='word_1_662' title='bbox 562 4854 902 4911; x_wconf 90' lang='lat' dir='ltr'><strong>clericorum</strong></span> <span class='ocrx_word' id='word_1_663' title='bbox 937 4851 1247 4918; x_wconf 89' lang='lat' dir='ltr'><strong>nobilibus,</strong></span> <span class='ocrx_word' id='word_1_664' title='bbox 1278 4851 1508 4907; x_wconf 87' lang='lat' dir='ltr'><strong>infamis</strong></span> <span class='ocrx_word' id='word_1_665' title='bbox 1532 4851 1687 4908; x_wconf 89' lang='lat' dir='ltr'><strong>illius</strong></span> <span class='ocrx_word' id='word_1_666' title='bbox 1713 4852 1860 4920; x_wconf 90' lang='lat' dir='ltr'><strong>odio,</strong></span> 
     </span>
    </p>
   </div>
   <div class='ocr_carea' id='block_1_99' title="bbox 163 4939 1862 5010">
    <p class='ocr_par' dir='ltr' id='par_1_99' title="bbox 163 4939 1862 5010">
     <span class='ocr_line' id='line_1_99' title="bbox 163 4939 1862 5010; baseline -0.005 -7"><span class='ocrx_word' id='word_1_667' title='bbox 163 4945 410 5004; x_wconf 88' lang='lat' dir='ltr'><strong>excessit</strong></span> <span class='ocrx_word' id='word_1_668' title='bbox 435 4943 509 5000; x_wconf 91' lang='lat' dir='ltr'><strong>ab</strong></span> <span class='ocrx_word' id='word_1_669' title='bbox 542 4943 705 5000; x_wconf 88' lang='lat' dir='ltr'><strong>urbe.</strong></span> <span class='ocrx_word' id='word_1_670' title='bbox 739 4941 916 5008; x_wconf 90' lang='lat' dir='ltr'><strong>Quem</strong></span> <span class='ocrx_word' id='word_1_671' title='bbox 947 4939 1308 5009; x_wconf 91' lang='lat' dir='ltr'><strong>postmodum</strong></span> <span class='ocrx_word' id='word_1_672' title='bbox 1342 4953 1619 5009; x_wconf 88' lang='lat' dir='ltr'><strong>proceres,</strong></span> <span class='ocrx_word' id='word_1_673' title='bbox 1650 4939 1862 5010; x_wconf 90' lang='lat' dir='ltr'><strong>clerus,</strong></span> 
     </span>
    </p>
   </div>
   <div class='ocr_carea' id='block_1_100' title="bbox 164 5027 1860 5104">
    <p class='ocr_par' dir='ltr' id='par_1_100' title="bbox 164 5027 1860 5104">
     <span class='ocr_line' id='line_1_100' title="bbox 164 5027 1860 5104; baseline -0.006 -12"><span class='ocrx_word' id='word_1_674' title='bbox 164 5044 343 5104; x_wconf 90' lang='lat' dir='ltr'><strong>atque</strong></span> <span class='ocrx_word' id='word_1_675' title='bbox 369 5032 714 5101; x_wconf 88' lang='lat' dir='ltr'><strong>Burgenses,</strong></span> <span class='ocrx_word' id='word_1_676' title='bbox 745 5042 879 5084; x_wconf 92' lang='lat' dir='ltr'><strong>cum</strong></span> <span class='ocrx_word' id='word_1_677' title='bbox 904 5028 976 5084; x_wconf 92' lang='lat' dir='ltr'><strong>ab</strong></span> <span class='ocrx_word' id='word_1_678' title='bbox 1007 5028 1269 5102; x_wconf 89' lang='lat' dir='ltr'><strong>Hugone,</strong></span> <span class='ocrx_word' id='word_1_679' title='bbox 1287 5027 1414 5097; x_wconf 89' lang='lat' dir='ltr'><strong>(qui</strong></span> <span class='ocrx_word' id='word_1_680' title='bbox 1433 5027 1656 5083; x_wconf 91' lang='lat' dir='ltr'><strong>Diensis</strong></span> <span class='ocrx_word' id='word_1_681' title='bbox 1683 5041 1860 5098; x_wconf 90' lang='lat' dir='ltr'><strong>agno-</strong></span> 
     </span>
    </p>
   </div>
   <div class='ocr_carea' id='block_1_101' title="bbox 165 5105 1865 5187">
    <p class='ocr_par' dir='ltr' id='par_1_101' title="bbox 165 5105 1865 5187">
     <span class='ocr_line' id='line_1_101' title="bbox 165 5105 1865 5187; baseline 0.001 -17"><span class='ocrx_word' id='word_1_682' title='bbox 165 5115 524 5186; x_wconf 90' lang='lat' dir='ltr'><strong>minabatur)</strong></span> <span class='ocrx_word' id='word_1_683' title='bbox 599 5115 1023 5186; x_wconf 90' lang='lat' dir='ltr'><strong>archiepiscopo</strong></span> <span class='ocrx_word' id='word_1_684' title='bbox 1079 5105 1475 5187; x_wconf 88' lang='lat' dir='ltr'><strong>Lugdunensi,</strong></span> <span class='ocrx_word' id='word_1_685' title='bbox 1544 5116 1865 5186; x_wconf 56' lang='lat' dir='ltr'><strong>apostolicae</strong></span> 
     </span>
    </p>
   </div>
   <div class='ocr_carea' id='block_1_102' title="bbox 166 5202 1865 5275">
    <p class='ocr_par' dir='ltr' id='par_1_102' title="bbox 166 5202 1865 5275">
     <span class='ocr_line' id='line_1_102' title="bbox 166 5202 1865 5275; baseline 0 -15"><span class='ocrx_word' id='word_1_686' title='bbox 166 5203 318 5260; x_wconf 89' lang='lat' dir='ltr'><strong>sedis</strong></span> <span class='ocrx_word' id='word_1_687' title='bbox 348 5203 553 5275; x_wconf 91' lang='lat' dir='ltr'><strong>legato,</strong></span> <span class='ocrx_word' id='word_1_688' title='bbox 607 5203 736 5260; x_wconf 91' lang='lat' dir='ltr'><strong>viro</strong></span> <span class='ocrx_word' id='word_1_689' title='bbox 766 5204 823 5258; x_wconf 91' lang='lat' dir='ltr'><strong>in</strong></span> <span class='ocrx_word' id='word_1_690' title='bbox 879 5202 1071 5260; x_wconf 85' lang='lat' dir='ltr'><strong>fenore</strong></span> <span class='ocrx_word' id='word_1_691' title='bbox 1092 5203 1331 5274; x_wconf 80' lang='lat' dir='ltr'><strong>justitiae</strong></span> <span class='ocrx_word' id='word_1_692' title='bbox 1379 5203 1712 5271; x_wconf 91' lang='lat' dir='ltr'><strong>clarissimo,</strong></span> <span class='ocrx_word' id='word_1_693' title='bbox 1735 5217 1865 5260; x_wconf 88' lang='lat' dir='ltr'><strong>cre-</strong></span> 
     </span>
    </p>
   </div>
   <div class='ocr_carea' id='block_1_103' title="bbox 169 5291 1865 5357">
    <p class='ocr_par' dir='ltr' id='par_1_103' title="bbox 169 5291 1865 5357">
     <span class='ocr_line' id='line_1_103' title="bbox 169 5291 1865 5357; baseline -0.001 -9"><span class='ocrx_word' id='word_1_694' title='bbox 169 5293 422 5348; x_wconf 91' lang='lat' dir='ltr'><strong>berrimo</strong></span> <span class='ocrx_word' id='word_1_695' title='bbox 476 5292 842 5348; x_wconf 89' lang='lat' dir='ltr'><strong>anathemate</strong></span> <span class='ocrx_word' id='word_1_696' title='bbox 872 5292 1160 5357; x_wconf 89' lang='lat' dir='ltr'><strong>feriretur,</strong></span> <span class='ocrx_word' id='word_1_697' title='bbox 1193 5299 1247 5348; x_wconf 92' lang='lat' dir='ltr'><strong>et</strong></span> <span class='ocrx_word' id='word_1_698' title='bbox 1301 5291 1394 5348; x_wconf 89' lang='lat' dir='ltr'><strong>ille</strong></span> <span class='ocrx_word' id='word_1_699' title='bbox 1423 5305 1602 5348; x_wconf 90' lang='lat' dir='ltr'><strong>manu</strong></span> <span class='ocrx_word' id='word_1_700' title='bbox 1633 5291 1865 5346; x_wconf 92' lang='lat' dir='ltr'><strong>militari</strong></span> 
     </span>
    </p>
   </div>
   <div class='ocr_carea' id='block_1_104' title="bbox 171 5379 1862 5450">
    <p class='ocr_par' dir='ltr' id='par_1_104' title="bbox 171 5379 1862 5450">
     <span class='ocr_line' id='line_1_104' title="bbox 171 5379 1862 5450; baseline -0.001 -14"><span class='ocrx_word' id='word_1_701' title='bbox 171 5381 478 5436; x_wconf 84' lang='lat' dir='ltr'><strong>thesauros</strong></span> <span class='ocrx_word' id='word_1_702' title='bbox 551 5379 801 5436; x_wconf 69' lang='lat' dir='ltr'><strong>ecclesia)</strong></span> <span class='ocrx_word' id='word_1_703' title='bbox 881 5379 1200 5450; x_wconf 91' lang='lat' dir='ltr'><strong>dilapidare</strong></span> <span class='ocrx_word' id='word_1_704' title='bbox 1275 5380 1576 5447; x_wconf 89' lang='lat' dir='ltr'><strong>niteretur,</strong></span> <span class='ocrx_word' id='word_1_705' title='bbox 1631 5394 1665 5436; x_wconf 91' lang='lat' dir='ltr'><strong>a</strong></span> <span class='ocrx_word' id='word_1_706' title='bbox 1711 5380 1862 5447; x_wconf 88' lang='lat' dir='ltr'><strong>sede,</strong></span> 
     </span>
    </p>
   </div>
   <div class='ocr_carea' id='block_1_105' title="bbox 168 5465 1864 5540">
    <p class='ocr_par' dir='ltr' id='par_1_105' title="bbox 168 5465 1864 5540">
     <span class='ocr_line' id='line_1_105' title="bbox 168 5465 1864 5540; baseline -0.001 -16"><span class='ocrx_word' id='word_1_707' title='bbox 168 5481 348 5540; x_wconf 91' lang='lat' dir='ltr'><strong>quam</strong></span> <span class='ocrx_word' id='word_1_708' title='bbox 410 5467 559 5524; x_wconf 89' lang='lat' dir='ltr'><strong>male</strong></span> <span class='ocrx_word' id='word_1_709' title='bbox 584 5468 901 5534; x_wconf 87' lang='lat' dir='ltr'><strong>obsederat,</strong></span> <span class='ocrx_word' id='word_1_710' title='bbox 962 5467 1328 5537; x_wconf 88' lang='lat' dir='ltr'><strong>pepulerunt,</strong></span> <span class='ocrx_word' id='word_1_711' title='bbox 1374 5476 1429 5525; x_wconf 90' lang='lat' dir='ltr'><strong>et</strong></span> <span class='ocrx_word' id='word_1_712' title='bbox 1459 5465 1659 5525; x_wconf 87' lang='lat' dir='ltr'><strong>exsilio</strong></span> <span class='ocrx_word' id='word_1_713' title='bbox 1717 5467 1864 5523; x_wconf 91' lang='lat' dir='ltr'><strong>rele-</strong></span> 
     </span>
    </p>
   </div>
   <div class='ocr_carea' id='block_1_106' title="bbox 2041 4310 3658 4392">
    <p class='ocr_par' dir='ltr' id='par_1_106' title="bbox 2041 4310 3658 4392">
     <span class='ocr_line' id='line_1_106' title="bbox 2041 4310 3658 4392; baseline -0.008 -14"><span class='ocrx_word' id='word_1_714' title='bbox 2041 4324 2288 4388; x_wconf 87' lang='lat' dir='ltr'><strong>Aurum,</strong></span> <span class='ocrx_word' id='word_1_715' title='bbox 2317 4329 2645 4392; x_wconf 89' lang='lat' dir='ltr'><strong>argentum,</strong></span> <span class='ocrx_word' id='word_1_716' title='bbox 2695 4326 3033 4375; x_wconf 90' lang='lat' dir='ltr'><strong>ornamenta</strong></span> <span class='ocrx_word' id='word_1_717' title='bbox 3072 4315 3320 4372; x_wconf 67' lang='lat' dir='ltr'><strong>ecclesia:</strong></span> <span class='ocrx_word' id='word_1_718' title='bbox 3351 4328 3384 4368; x_wconf 91' lang='lat' dir='ltr'><strong>a</strong></span> <span class='ocrx_word' id='word_1_719' title='bbox 3411 4310 3658 4376; x_wconf 90' lang='lat' dir='ltr'><strong>nemine,</strong></span> 
     </span>
    </p>
   </div>
   <div class='ocr_carea' id='block_1_107' title="bbox 1969 4399 3659 4478">
    <p class='ocr_par' dir='ltr' id='par_1_107' title="bbox 1969 4399 3659 4478">
     <span class='ocr_line' id='line_1_107' title="bbox 1969 4399 3659 4478; baseline -0.008 -12"><span class='ocrx_word' id='word_1_720' title='bbox 1969 4410 2112 4466; x_wconf 91' lang='lat' dir='ltr'><strong>nihil</strong></span> <span class='ocrx_word' id='word_1_721' title='bbox 2140 4409 2292 4465; x_wconf 88' lang='lat' dir='ltr'><strong>enim</strong></span> <span class='ocrx_word' id='word_1_722' title='bbox 2319 4408 2396 4464; x_wconf 92' lang='lat' dir='ltr'><strong>ibi</strong></span> <span class='ocrx_word' id='word_1_723' title='bbox 2419 4416 2626 4478; x_wconf 73' lang='lat' dir='ltr'><strong>praeter</strong></span> <span class='ocrx_word' id='word_1_724' title='bbox 2649 4408 2883 4464; x_wconf 89' lang='lat' dir='ltr'><strong>calicem</strong></span> <span class='ocrx_word' id='word_1_725' title='bbox 2917 4412 3277 4476; x_wconf 89' lang='lat' dir='ltr'><strong>argenteum.</strong></span> <span class='ocrx_word' id='word_1_726' title='bbox 3309 4405 3377 4456; x_wconf 87' lang='lat' dir='ltr'><strong>At</strong></span> <span class='ocrx_word' id='word_1_727' title='bbox 3403 4399 3659 4456; x_wconf 90' lang='lat' dir='ltr'><strong>eamdem</strong></span> 
     </span>
    </p>
   </div>
   <div class='ocr_carea' id='block_1_108' title="bbox 1969 4488 3661 4563">
    <p class='ocr_par' dir='ltr' id='par_1_108' title="bbox 1969 4488 3661 4563">
     <span class='ocr_line' id='line_1_108' title="bbox 1969 4488 3661 4563; baseline -0.009 -9"><span class='ocrx_word' id='word_1_728' title='bbox 1969 4497 2265 4554; x_wconf 90' lang='lat' dir='ltr'><strong>ecclesiam</strong></span> <span class='ocrx_word' id='word_1_729' title='bbox 2299 4511 2413 4552; x_wconf 91' lang='lat' dir='ltr'><strong>non</strong></span> <span class='ocrx_word' id='word_1_730' title='bbox 2446 4495 2602 4552; x_wconf 90' lang='lat' dir='ltr'><strong>horis</strong></span> <span class='ocrx_word' id='word_1_731' title='bbox 2631 4495 2828 4563; x_wconf 88' lang='lat' dir='ltr'><strong>solitis,</strong></span> <span class='ocrx_word' id='word_1_732' title='bbox 2883 4495 2965 4550; x_wconf 91' lang='lat' dir='ltr'><strong>uti</strong></span> <span class='ocrx_word' id='word_1_733' title='bbox 3001 4507 3120 4555; x_wconf 93' lang='lat' dir='ltr'><strong>nos,</strong></span> <span class='ocrx_word' id='word_1_734' title='bbox 3165 4491 3262 4546; x_wconf 92' lang='lat' dir='ltr'><strong>sed</strong></span> <span class='ocrx_word' id='word_1_735' title='bbox 3301 4488 3471 4544; x_wconf 91' lang='lat' dir='ltr'><strong>certis</strong></span> <span class='ocrx_word' id='word_1_736' title='bbox 3517 4499 3661 4541; x_wconf 93' lang='lat' dir='ltr'><strong>con-</strong></span> 
     </span>
    </p>
   </div>
   <div class='ocr_carea' id='block_1_109' title="bbox 1968 4573 3662 4651">
    <p class='ocr_par' dir='ltr' id='par_1_109' title="bbox 1968 4573 3662 4651">
     <span class='ocr_line' id='line_1_109' title="bbox 1968 4573 3662 4651; baseline -0.009 -9"><span class='ocrx_word' id='word_1_737' title='bbox 1968 4587 2233 4642; x_wconf 91' lang='lat' dir='ltr'><strong>veniunt.</strong></span> <span class='ocrx_word' id='word_1_738' title='bbox 2294 4585 2512 4651; x_wconf 88' lang='lat' dir='ltr'><strong>Missas,</strong></span> <span class='ocrx_word' id='word_1_739' title='bbox 2554 4584 2663 4640; x_wconf 92' lang='lat' dir='ltr'><strong>nisi</strong></span> <span class='ocrx_word' id='word_1_740' title='bbox 2720 4583 2904 4649; x_wconf 89' lang='lat' dir='ltr'><strong>fallor,</strong></span> <span class='ocrx_word' id='word_1_741' title='bbox 2964 4580 3281 4644; x_wconf 91' lang='lat' dir='ltr'><strong>Dominica,</strong></span> <span class='ocrx_word' id='word_1_742' title='bbox 3311 4583 3366 4632; x_wconf 90' lang='lat' dir='ltr'><strong>et</strong></span> <span class='ocrx_word' id='word_1_743' title='bbox 3395 4573 3662 4631; x_wconf 92' lang='lat' dir='ltr'><strong>solemni-</strong></span> 
     </span>
    </p>
   </div>
   <div class='ocr_carea' id='block_1_110' title="bbox 1971 4661 3660 4742">
    <p class='ocr_par' dir='ltr' id='par_1_110' title="bbox 1971 4661 3660 4742">
     <span class='ocr_line' id='line_1_110' title="bbox 1971 4661 3660 4742; baseline -0.009 -12"><span class='ocrx_word' id='word_1_744' title='bbox 1971 4675 2080 4730; x_wconf 92' lang='lat' dir='ltr'><strong>bus</strong></span> <span class='ocrx_word' id='word_1_745' title='bbox 2108 4673 2372 4729; x_wconf 90' lang='lat' dir='ltr'><strong>audiunt.</strong></span> <span class='ocrx_word' id='word_1_746' title='bbox 2407 4671 2706 4742; x_wconf 90' lang='lat' dir='ltr'><strong>Nusquam</strong></span> <span class='ocrx_word' id='word_1_747' title='bbox 2735 4685 2877 4741; x_wconf 91' lang='lat' dir='ltr'><strong>pene</strong></span> <span class='ocrx_word' id='word_1_748' title='bbox 2907 4669 3247 4738; x_wconf 90' lang='lat' dir='ltr'><strong>loquuntur,</strong></span> <span class='ocrx_word' id='word_1_749' title='bbox 3280 4678 3414 4719; x_wconf 90' lang='lat' dir='ltr'><strong>nam</strong></span> <span class='ocrx_word' id='word_1_750' title='bbox 3443 4663 3491 4719; x_wconf 92' lang='lat' dir='ltr'><strong>si</strong></span> <span class='ocrx_word' id='word_1_751' title='bbox 3521 4661 3660 4731; x_wconf 91' lang='lat' dir='ltr'><strong>quid</strong></span> 
     </span>
    </p>
   </div>
   <div class='ocr_carea' id='block_1_111' title="bbox 1969 4750 3661 4832">
    <p class='ocr_par' dir='ltr' id='par_1_111' title="bbox 1969 4750 3661 4832">
     <span class='ocr_line' id='line_1_111' title="bbox 1969 4750 3661 4832; baseline -0.009 -14"><span class='ocrx_word' id='word_1_752' title='bbox 1969 4762 2081 4832; x_wconf 88' lang='lat' dir='ltr'><strong>peti</strong></span> <span class='ocrx_word' id='word_1_753' title='bbox 2113 4775 2338 4817; x_wconf 89' lang='lat' dir='ltr'><strong>necesse</strong></span> <span class='ocrx_word' id='word_1_754' title='bbox 2388 4767 2493 4827; x_wconf 89' lang='lat' dir='ltr'><strong>est,</strong></span> <span class='ocrx_word' id='word_1_755' title='bbox 2542 4759 2706 4832; x_wconf 91' lang='lat' dir='ltr'><strong>signo</strong></span> <span class='ocrx_word' id='word_1_756' title='bbox 2735 4758 3008 4830; x_wconf 87' lang='lat' dir='ltr'><strong>exigitur.</strong></span> <span class='ocrx_word' id='word_1_757' title='bbox 3043 4755 3279 4819; x_wconf 89' lang='lat' dir='ltr'><strong>Vinum,</strong></span> <span class='ocrx_word' id='word_1_758' title='bbox 3320 4753 3368 4808; x_wconf 92' lang='lat' dir='ltr'><strong>si</strong></span> <span class='ocrx_word' id='word_1_759' title='bbox 3425 4750 3661 4822; x_wconf 88' lang='lat' dir='ltr'><strong>quando</strong></span> 
     </span>
    </p>
   </div>
   <div class='ocr_carea' id='block_1_112' title="bbox 1971 4841 3660 4918">
    <p class='ocr_par' dir='ltr' id='par_1_112' title="bbox 1971 4841 3660 4918">
     <span class='ocr_line' id='line_1_112' title="bbox 1971 4841 3660 4918; baseline -0.007 -13"><span class='ocrx_word' id='word_1_760' title='bbox 1971 4850 2198 4918; x_wconf 89' lang='lat' dir='ltr'><strong>bibunt,</strong></span> <span class='ocrx_word' id='word_1_761' title='bbox 2230 4848 2370 4904; x_wconf 91' lang='lat' dir='ltr'><strong>adeo</strong></span> <span class='ocrx_word' id='word_1_762' title='bbox 2399 4855 2760 4918; x_wconf 90' lang='lat' dir='ltr'><strong>corruptum,</strong></span> <span class='ocrx_word' id='word_1_763' title='bbox 2788 4855 2851 4903; x_wconf 95' lang='lat' dir='ltr'><strong>ut</strong></span> <span class='ocrx_word' id='word_1_764' title='bbox 2881 4845 2960 4901; x_wconf 90' lang='lat' dir='ltr'><strong>nil</strong></span> <span class='ocrx_word' id='word_1_765' title='bbox 2981 4844 3218 4910; x_wconf 91' lang='lat' dir='ltr'><strong>virium,</strong></span> <span class='ocrx_word' id='word_1_766' title='bbox 3250 4841 3330 4897; x_wconf 92' lang='lat' dir='ltr'><strong>nil</strong></span> <span class='ocrx_word' id='word_1_767' title='bbox 3380 4854 3522 4911; x_wconf 91' lang='lat' dir='ltr'><strong>pene</strong></span> <span class='ocrx_word' id='word_1_768' title='bbox 3570 4853 3660 4894; x_wconf 92' lang='lat' dir='ltr'><strong>sa-</strong></span> 
     </span>
    </p>
   </div>
   <div class='ocr_carea' id='block_1_113' title="bbox 1973 4930 3663 5009">
    <p class='ocr_par' dir='ltr' id='par_1_113' title="bbox 1973 4930 3663 5009">
     <span class='ocr_line' id='line_1_113' title="bbox 1973 4930 3663 5009; baseline -0.008 -15"><span class='ocrx_word' id='word_1_769' title='bbox 1973 4938 2128 5009; x_wconf 92' lang='lat' dir='ltr'><strong>poris</strong></span> <span class='ocrx_word' id='word_1_770' title='bbox 2149 4937 2445 4994; x_wconf 90' lang='lat' dir='ltr'><strong>utentibus</strong></span> <span class='ocrx_word' id='word_1_771' title='bbox 2473 4937 2692 5003; x_wconf 79' lang='lat' dir='ltr'><strong>alTerat,</strong></span> <span class='ocrx_word' id='word_1_772' title='bbox 2743 4935 2842 4992; x_wconf 90' lang='lat' dir='ltr'><strong>vix</strong></span> <span class='ocrx_word' id='word_1_773' title='bbox 2867 4932 3161 4990; x_wconf 92' lang='lat' dir='ltr'><strong>communi</strong></span> <span class='ocrx_word' id='word_1_774' title='bbox 3219 4931 3289 4987; x_wconf 88' lang='lat' dir='ltr'><strong>sit</strong></span> <span class='ocrx_word' id='word_1_775' title='bbox 3319 4930 3476 4986; x_wconf 90' lang='lat' dir='ltr'><strong>unda</strong></span> <span class='ocrx_word' id='word_1_776' title='bbox 3509 4941 3663 4998; x_wconf 69' lang='lat' dir='ltr'><strong>pra:-</strong></span> 
     </span>
    </p>
   </div>
   <div class='ocr_carea' id='block_1_114' title="bbox 1973 5021 3661 5086">
    <p class='ocr_par' dir='ltr' id='par_1_114' title="bbox 1973 5021 3661 5086">
     <span class='ocr_line' id='line_1_114' title="bbox 1973 5021 3661 5086; baseline -0.009 -3"><span class='ocrx_word' id='word_1_777' title='bbox 1973 5027 2241 5083; x_wconf 88' lang='lat' dir='ltr'><strong>stantius.</strong></span> <span class='ocrx_word' id='word_1_778' title='bbox 2272 5025 2482 5082; x_wconf 88' lang='lat' dir='ltr'><strong>Ciliciis</strong></span> <span class='ocrx_word' id='word_1_779' title='bbox 2539 5025 2866 5080; x_wconf 90' lang='lat' dir='ltr'><strong>vestiuntur</strong></span> <span class='ocrx_word' id='word_1_780' title='bbox 2905 5023 2977 5079; x_wconf 92' lang='lat' dir='ltr'><strong>ad</strong></span> <span class='ocrx_word' id='word_1_781' title='bbox 3026 5021 3273 5086; x_wconf 89' lang='lat' dir='ltr'><strong>nudum,</strong></span> <span class='ocrx_word' id='word_1_782' title='bbox 3324 5025 3661 5074; x_wconf 65' lang='lat' dir='ltr'><strong>cmterarum</strong></span> 
     </span>
    </p>
   </div>
   <div class='ocr_carea' id='block_1_115' title="bbox 1971 5103 3666 5180">
    <p class='ocr_par' dir='ltr' id='par_1_115' title="bbox 1971 5103 3666 5180">
     <span class='ocr_line' id='line_1_115' title="bbox 1971 5103 3666 5180; baseline -0.008 -9"><span class='ocrx_word' id='word_1_783' title='bbox 1971 5115 2218 5171; x_wconf 88' lang='lat' dir='ltr'><strong>vestium</strong></span> <span class='ocrx_word' id='word_1_784' title='bbox 2246 5114 2429 5170; x_wconf 91' lang='lat' dir='ltr'><strong>multa</strong></span> <span class='ocrx_word' id='word_1_785' title='bbox 2489 5112 2758 5169; x_wconf 90' lang='lat' dir='ltr'><strong>tenuitas.</strong></span> <span class='ocrx_word' id='word_1_786' title='bbox 2796 5112 2914 5168; x_wconf 92' lang='lat' dir='ltr'><strong>Sub</strong></span> <span class='ocrx_word' id='word_1_787' title='bbox 2943 5111 3128 5180; x_wconf 93' lang='lat' dir='ltr'><strong>priore</strong></span> <span class='ocrx_word' id='word_1_788' title='bbox 3157 5115 3340 5179; x_wconf 88' lang='lat' dir='ltr'><strong>agunt</strong></span> <span class='ocrx_word' id='word_1_789' title='bbox 3368 5103 3480 5175; x_wconf 74' lang='lat'><strong>(&#39;°),</strong></span> <span class='ocrx_word' id='word_1_790' title='bbox 3514 5104 3666 5159; x_wconf 88' lang='lat' dir='ltr'><strong>vices</strong></span> 
     </span>
    </p>
   </div>
   <div class='ocr_carea' id='block_1_116' title="bbox 1974 5191 3664 5271">
    <p class='ocr_par' dir='ltr' id='par_1_116' title="bbox 1974 5191 3664 5271">
     <span class='ocr_line' id='line_1_116' title="bbox 1974 5191 3664 5271; baseline -0.009 -12"><span class='ocrx_word' id='word_1_791' title='bbox 1974 5210 2166 5260; x_wconf 90' lang='lat' dir='ltr'><strong>autem</strong></span> <span class='ocrx_word' id='word_1_792' title='bbox 2199 5201 2423 5258; x_wconf 92' lang='lat' dir='ltr'><strong>abbatis</strong></span> <span class='ocrx_word' id='word_1_793' title='bbox 2466 5215 2534 5257; x_wconf 89' lang='lat' dir='ltr'><strong>ac</strong></span> <span class='ocrx_word' id='word_1_794' title='bbox 2581 5200 2894 5271; x_wconf 89' lang='lat' dir='ltr'><strong>provisoris</strong></span> <span class='ocrx_word' id='word_1_795' title='bbox 2946 5195 3514 5265; x_wconf 87' lang='lat' dir='ltr'><strong>Gratianopolitanus</strong></span> <span class='ocrx_word' id='word_1_796' title='bbox 3539 5191 3664 5260; x_wconf 90' lang='lat' dir='ltr'><strong>epi-</strong></span> 
     </span>
    </p>
   </div>
   <div class='ocr_carea' id='block_1_117' title="bbox 1973 5280 3664 5361">
    <p class='ocr_par' dir='ltr' id='par_1_117' title="bbox 1973 5280 3664 5361">
     <span class='ocr_line' id='line_1_117' title="bbox 1973 5280 3664 5361; baseline -0.008 -15"><span class='ocrx_word' id='word_1_797' title='bbox 1973 5306 2178 5361; x_wconf 91' lang='lat' dir='ltr'><strong>scopus</strong></span> <span class='ocrx_word' id='word_1_798' title='bbox 2209 5291 2297 5346; x_wconf 91' lang='lat' dir='ltr'><strong>vir</strong></span> <span class='ocrx_word' id='word_1_799' title='bbox 2350 5290 2662 5359; x_wconf 90' lang='lat' dir='ltr'><strong>plurimum</strong></span> <span class='ocrx_word' id='word_1_800' title='bbox 2695 5289 2995 5359; x_wconf 88' lang='lat' dir='ltr'><strong>religiosus</strong></span> <span class='ocrx_word' id='word_1_801' title='bbox 3042 5283 3400 5354; x_wconf 88' lang='lat' dir='ltr'><strong>exsequitur.</strong></span> <span class='ocrx_word' id='word_1_802' title='bbox 3433 5281 3574 5338; x_wconf 91' lang='lat' dir='ltr'><strong>Cum</strong></span> <span class='ocrx_word' id='word_1_803' title='bbox 3607 5280 3664 5334; x_wconf 92' lang='lat' dir='ltr'><strong>in</strong></span> 
     </span>
    </p>
   </div>
   <div class='ocr_carea' id='block_1_118' title="bbox 1975 5370 3664 5448">
    <p class='ocr_par' dir='ltr' id='par_1_118' title="bbox 1975 5370 3664 5448">
     <span class='ocr_line' id='line_1_118' title="bbox 1975 5370 3664 5448; baseline -0.008 -13"><span class='ocrx_word' id='word_1_804' title='bbox 1975 5379 2305 5436; x_wconf 90' lang='lat' dir='ltr'><strong>omnimoda</strong></span> <span class='ocrx_word' id='word_1_805' title='bbox 2344 5385 2676 5448; x_wconf 87' lang='lat' dir='ltr'><strong>paupertate</strong></span> <span class='ocrx_word' id='word_1_806' title='bbox 2741 5391 2800 5432; x_wconf 85' lang='lat' dir='ltr'><strong>se</strong></span> <span class='ocrx_word' id='word_1_807' title='bbox 2837 5375 3162 5445; x_wconf 90' lang='lat' dir='ltr'><strong>deprimant</strong></span> <span class='ocrx_word' id='word_1_808' title='bbox 3192 5370 3280 5444; x_wconf 73' lang='grc'><strong>(⁸⁷)</strong></span> <span class='ocrx_word' id='word_1_809' title='bbox 3326 5371 3664 5428; x_wconf 91' lang='lat' dir='ltr'><strong>ditissimam</strong></span> 
     </span>
    </p>
   </div>
   <div class='ocr_carea' id='block_1_119' title="bbox 1980 5459 3668 5536">
    <p class='ocr_par' dir='ltr' id='par_1_119' title="bbox 1980 5459 3668 5536">
     <span class='ocr_line' id='line_1_119' title="bbox 1980 5459 3668 5536; baseline -0.007 -13"><span class='ocrx_word' id='word_1_810' title='bbox 1980 5475 2168 5524; x_wconf 90' lang='lat' dir='ltr'><strong>tamen</strong></span> <span class='ocrx_word' id='word_1_811' title='bbox 2223 5466 2626 5523; x_wconf 91' lang='lat' dir='ltr'><strong>bibliothecam</strong></span> <span class='ocrx_word' id='word_1_812' title='bbox 2678 5471 3072 5536; x_wconf 89' lang='lat' dir='ltr'><strong>coaggerant:</strong></span> <span class='ocrx_word' id='word_1_813' title='bbox 3118 5476 3235 5532; x_wconf 92' lang='lat' dir='ltr'><strong>quo</strong></span> <span class='ocrx_word' id='word_1_814' title='bbox 3277 5460 3428 5518; x_wconf 93' lang='lat' dir='ltr'><strong>enim</strong></span> <span class='ocrx_word' id='word_1_815' title='bbox 3477 5459 3668 5514; x_wconf 92' lang='lat' dir='ltr'><strong>minus</strong></span> 
     </span>
    </p>
   </div>
  </div>
