3902 6082
259 156 364 214 855

1147 155 1211 209 ν.
1251 151 1583 210 GUIBERTI
1621 151 1912 207 ABBATIS
1951 149 2006 206 S.
2049 148 2289 207 MARUE
2328 150 2420 206 DE
2459 147 2860 208 NOVIGENTO

3654 149 3778 208 856

261 292 428 362 panis
459 291 638 364 huius
664 291 830 362 copia
859 288 1169 346 materialis
1193 289 1537 355 exuberant,
1572 295 1729 343 tanto
1770 287 1952 357 magis
1987 286 2033 339 A
2060 285 2223 342 ribus
2275 285 2634 342 inveniretur
2689 284 2819 340 ﬁdei
2872 285 3168 353 vivacitas,
3201 300 3380 356 quam
3420 286 3479 342 in
3519 286 3653 356 illis,
3710 286 3778 341 in

263 382 378 450 illo,
414 382 517 451 qui
561 395 673 436 non
710 379 875 450 perit,
923 379 1022 434 sed
1069 378 1129 433 in
1175 384 1458 433 aeternum
1492 383 1802 446 permanet,
1832 375 1957 431 cibo

262 483 495 539 operose
530 467 825 523 insudant.

345 557 504 610 Vasa
526 552 1066 626 argenteaacomite
1081 551 1432 607 Nivernensi
1449 551 1632 606 missa
1659 557 1956 623 respuunt.

263 673 334 684 —
361 645 678 708 Intantum,
714 641 977 711 inquam,
1011 655 1129 697 suae
1157 650 1294 696 sunt
1323 641 1588 696 custodes
1636 641 1862 709 inepize,
1897 647 1960 694 ut

265 731 373 787 hoc
413 731 532 800 ipso
572 744 689 800 quo
735 730 966 799 agimus
1005 743 1156 784 anno
1205 728 1290 797 (α’)
1338 729 1719 785 Neverneusis
1773 743 1961 784 comes

263 819 354 875 vir
382 817 616 874 omnino
642 817 940 888 religiosus
985 831 1051 873 ac
1077 826 1279 887 potens
1297 831 1411 883 eos,
1428 831 1609 873 causa
1640 817 1963 873 devotionis

263 914 318 962 et
359 906 592 976 optimze
631 920 761 975 quae
815 904 948 960 hinc
1003 913 1236 960 emanat
1290 905 1595 974 opinionis,
1658 905 1956 961 inviserit:

266 996 634 1064 multumque
676 1007 848 1063 super
898 993 1160 1049 saeculari
1216 1008 1311 1048 eos
1339 993 1668 1062 cupiditate,
1702 1001 1766 1049 ut
1794 1007 1963 1049 cave-

267 1093 392 1140 rent
415 1085 567 1150 inde,
599 1083 906 1138 monuerit.
937 1084 1200 1153 Cumque
1224 1097 1518 1153 regressus
1543 1084 1615 1137 ad
1639 1097 1745 1138 sua
1762 1097 1961 1138 eorum

267 1171 615 1242 indigentiae,
650 1185 823 1240 quam
858 1171 1098 1237 viderat,
1130 1173 1499 1238 meminisset,
1533 1180 1587 1227 et
1617 1172 1962 1227 monitorum

268 1275 399 1331 quae
426 1259 507 1316 eis
567 1260 838 1316 intulerat
886 1273 1263 1330 nequaquam
1313 1274 1528 1315 memor
1571 1267 1733 1324 esset,
1776 1260 1965 1315 nescio

269 1363 400 1418 qua)
444 1357 736 1418 argentea.
787 1349 1033 1417 scyphos
1083 1348 1345 1404 videlicet
1375 1356 1430 1403 et
1460 1358 1685 1404 scutras
1712 1348 1806 1420 [f.,
1841 1363 1968 1404 scu-

272 1437 477 1506 tellas],
543 1437 708 1505 pretii
779 1436 1013 1505 plurimi
1072 1437 1152 1492 eis
1197 1437 1386 1502 misit;
1440 1438 1535 1492 sed
1585 1452 1784 1493 eorum
1837 1453 1967 1507 quae

269 1524 494 1580 dixerat
533 1524 644 1578 illis
673 1537 1046 1593 nequaquam
1074 1523 1378 1578 obliviosos
1421 1523 1659 1578 invenit.
1693 1527 1962 1580 Commu-

271 1612 458 1667 nicato
508 1625 759 1680 namque
816 1625 950 1666 mox
1009 1611 1263 1677 consilio,
1315 1626 1683 1682 quaecunque
1741 1613 1966 1668 dixerat

271 1700 344 1754 ad
377 1700 664 1770 integrum
695 1699 942 1755 refutata
973 1701 1201 1768 recepit.
1236 1721 1262 1749 ‹‹
1287 1699 1420 1765 Nos,
1455 1700 1747 1770 inquiunt,
1778 1715 1966 1771 neque

273 1787 332 1840 in
379 1785 646 1854 expensis
695 1785 923 1852 nostris,
965 1800 1154 1856 neque
1187 1787 1243 1840 in
1294 1787 1544 1842 ecclesiae
1587 1790 1962 1856 ornamentis,

271 1882 604 1929 exterarum
622 1874 922 1944 quidpiam
944 1875 1320 1943 pecuniarum
1351 1877 1595 1930 retinere
1625 1876 1960 1947 delegimus.

272 1961 343 2015 Et
367 1961 413 2015 si
447 1959 506 2015 in
537 1960 744 2016 horum
775 1961 1052 2017 alterutro
1100 1975 1214 2016 non
1263 1962 1636 2031 expenditur,
1667 1971 1729 2017 ut
1764 1963 1902 2032 quid
1934 1977 1967 2018 a

273 2046 434 2103 nobis
483 2047 841 2116 suscipitur?
879 2069 906 2097 »
973 2048 1184 2104 Puduit
1243 2049 1436 2118 itaque
1491 2049 1967 2118 przevaricatorize

176 2136 188 2145 '
272 2143 471 2191 contra
527 2150 701 2192 suum
749 2150 1066 2192 sermonem
1122 2137 1424 2193 oblationis
1455 2137 1755 2194 comitem:
1791 2147 1847 2194 et
1879 2148 1966 2194 ta-

273 2238 406 2280 men
435 2223 793 2280 dissimulata
820 2224 1220 2294 aspernatione
1241 2240 1462 2292 eorum,
1496 2227 1669 2282 boum
1719 2235 1964 2298 tergora,

271 2320 328 2368 et
358 2327 706 2383 pergamena
753 2313 1005 2383 plurima
1042 2314 1443 2382 retransmisit,
1475 2329 1607 2384 quae
1639 2330 1778 2385 pene
1840 2317 1964 2372 ine-

272 2399 586 2456 vitabiliter
610 2401 746 2470 ipsis
776 2401 1094 2457 necessaria
1123 2416 1244 2456 esse
1269 2402 1562 2469 cognovit.

347 2488 661 2544 Carthasim
688 2488 1008 2560 descriptio.
1043 2518 1104 2528 —
1139 2490 1393 2546 Vocatur
1435 2499 1627 2546 autem
1686 2491 1844 2548 locus
1876 2493 1969 2549 ille

275 2578 598 2644 Carthusia,
634 2577 689 2632 in
722 2593 837 2648 quo
859 2586 1011 2633 terra
1040 2578 1120 2632 rei
1147 2578 1538 2634 frumentariae
1555 2592 1729 2635 causa
1761 2595 1966 2649 parum

275 2665 348 2720 ab
381 2667 463 2720 eis
492 2666 719 2721 colitur.
762 2666 976 2722 Verum
1009 2666 1320 2722 velleribus
1347 2680 1608 2735 suarum,
1661 2683 1809 2738 quas
1841 2670 1970 2738 plu-

276 2753 451 2808 rimas
507 2754 794 2821 nutriunt,
849 2753 1066 2820 ovium,
1120 2754 1556 2824 qualescunque
1601 2757 1721 2811 suis
1767 2758 1970 2815 usibus

274 2839 469 2911 fruges
497 2855 830 2910 comparare
859 2841 1006 2896 soliti
1029 2849 1184 2897 sunt.
1218 2842 1362 2897 Sunt
1392 2851 1583 2899 autem
1621 2843 1770 2900 infra
1799 2861 1969 2902 mon-

277 2934 389 2982 tem
421 2927 583 2984 ilium
627 2929 958 2984 habitacula
1014 2929 1185 2985 laicos
1240 2929 1597 2987 vicenarium
1661 2948 1968 2990 numerum

276 3016 613 3072 excedentes
670 3017 1025 3073 fidelissimos
1075 3017 1397 3083 retinentia,
1445 3021 1546 3090 qui
1601 3022 1709 3076 sub
1769 3037 1968 3078 eorum

277 3113 461 3174 agunt
489 3104 804 3176 diligentia.
865 3106 933 3160 Hi
967 3105 1146 3175 igitur
1183 3113 1340 3162 tanto
1370 3116 1567 3178 emptae
1613 3111 1968 3181 contempla-

279 3191 448 3247 tionis
475 3192 696 3248 fervore
741 3192 1029 3258 feruntur,
1077 3199 1141 3249 ut
1187 3193 1351 3249 nulla
1403 3195 1673 3264 temporis
1718 3196 1966 3268 longitu-

278 3279 411 3335 dine
436 3294 470 3335 a
497 3294 605 3336 sua
654 3281 1009 3337 institutione
1066 3281 1360 3349 desistant,
1396 3298 1498 3339 nec
1546 3283 1744 3353 aliqua
1771 3286 1968 3342 arduae

280 3367 434 3423 illius
460 3369 911 3424 conversationis
943 3369 1323 3425 diuturnitate
1357 3378 1654 3440 tepescant.

345 3457 533 3510 Bruno
558 3455 621 3510 in
653 3455 936 3511 Calabria
960 3457 1052 3510 sui
1073 3457 1328 3511 instituti
1357 3459 1636 3513 construit
1673 3468 1966 3517 monaste-

275 3542 450 3598 rium.
476 3543 715 3616 Refugit
733 3543 1144 3615 episcOpatum.
1170 3577 1236 3584 —
1265 3546 1404 3601 Inde
1425 3547 1616 3613 etiam,
1638 3563 1756 3618 qua
1783 3551 1968 3606 nescio

277 3632 574 3688 occasione
621 3633 902 3688 mirabilis
960 3635 1062 3689 iste
1119 3635 1310 3689 Bruno
1341 3635 1627 3699 recedens,
1664 3645 1967 3707 postquam

280 3719 368 3774 his
416 3735 548 3790 quae
577 3720 1005 3790 praelibavimus
1060 3721 1408 3787 rudimenta,
1460 3723 1639 3778 multa
1684 3725 1966 3782 dictorum

276 3815 329 3863 et
385 3807 665 3865 factorum
736 3809 1116 3866 inculcatione
1178 3810 1533 3880 praestiterat,
1603 3813 1672 3867 ad
1749 3814 1969 3883 Apulos

277 3897 467 3952 nescio
497 3897 840 3953 Calabrosne
864 3899 1159 3962 concessit,
1194 3906 1247 3953 et
1277 3899 1486 3954 ibidem
1530 3900 1665 3956 huic
1690 3901 1966 3971 quiddam

277 3984 462 4039 simile
500 3985 732 4040 vivendi
765 3999 948 4056 genus
978 3985 1245 4041 instituit.
1278 3987 1356 4042 Ibi
1405 4003 1537 4042 cum
1571 3989 1754 4044 multa
1783 3990 1970 4045 humi-

278 4070 433 4126 litate
462 4086 521 4127 se
554 4081 770 4144 ageret,
819 4081 874 4129 et
918 4074 1250 4130 omnimoda
1296 4077 1522 4144 piorum
1571 4077 1965 4147 exemplorum

2066 375 2281 444 quibus
2310 374 2742 445 grandaevitatis
2780 389 2847 430 ac
2874 375 3126 430 scientiae
3155 375 3382 431 ﬂoreret
3429 376 3777 431 auctoritas.

2137 465 2450 518 Innumera
2523 462 2803 517 construit
2873 462 3244 518 monasteria.
3305 493 3366 504 —
3425 465 3568 520 Cum
3627 478 3784 533 ergo

2069 565 2360 621 nusquam
2409 551 2516 607 nisi
2587 551 2644 606 in
2695 552 3095 607 vetustissimis
3151 552 3510 608 monasteriis
3565 566 3784 608 mona-

2068 638 2314 694 chorum
2346 639 2658 694 haberetur
2709 639 3041 707 aliquorum
3089 639 3266 705 sedes,
3300 647 3594 708 coeperunt
3628 638 3786 694 ubi-

2071 741 2183 796 que
2209 727 2314 781 loci
2339 741 2489 781 nova
2519 728 2799 783 construi.
2825 735 2876 779 vt
2909 727 3297 796 undecunque
3344 725 3789 782 conﬂuentibus

2071 815 2267 884 magni
2321 815 2726 870 alimentorum
2771 815 3028 870 redditus
3081 815 3361 869 adhiberi.
3403 814 3626 880 Quibus
3687 815 3788 869 fa-

2067 903 2250 958 cultas
2303 917 2416 958 non
2465 903 2682 966 aderat,
2711 910 2774 958 ut
2810 902 3224 971 grandiuscula
3256 902 3624 968 fabricarent,
3678 902 3786 957 alii

2071 992 2241 1053 binis,
2276 991 2372 1045 alii
2417 990 2737 1060 quaternis,
2785 989 2880 1044 alii
2908 997 3052 1060 quot
3100 998 3361 1060 poterant
3389 991 3606 1046 alendis
3653 991 3788 1046 fra—

2071 1079 2258 1134 tribus
2284 1079 2505 1142 domos,
2525 1091 2590 1133 ac
2615 1078 2890 1134 victualia
2917 1079 3352 1148 componebant.
3381 1080 3538 1135 Unde
3555 1080 3786 1136 factum

2070 1175 2154 1222 est
2180 1175 2243 1222 ut
2270 1167 2326 1221 in
2357 1167 2528 1233 villis,
2566 1167 2800 1236 oppidis,
2833 1167 3076 1222 urbibus
3102 1175 3276 1236 atque
3321 1168 3620 1236 praesidiis,
3663 1169 3788 1223 imo

2072 1255 2244 1311 etiam
2279 1255 2415 1324 ipsis
2447 1255 2690 1310 saltibus
2748 1263 2922 1324 atque
2969 1255 3143 1325 agris,
3175 1255 3588 1311 monachorum
3623 1270 3786 1326 qua-

2075 1359 2428 1414 quaversum
2477 1358 2598 1399 sese
2643 1344 2962 1399 exercendo
3001 1344 3367 1400 dilatantium
3403 1352 3634 1412 repente
3665 1345 3788 1400 fer-

2073 1447 2208 1489 vere
2236 1433 2572 1487 viderentur
2617 1433 2906 1498 examina,
2968 1437 3113 1486 -ιϐτ
3161 1447 3348 1502 eaque
3396 1433 3517 1488 loca
3572 1433 3783 1488 divino

2075 1522 2324 1588 nomine,
2351 1529 2405 1576 et
2425 1529 2759 1575 sanctorum
2791 1520 3044 1576 cultibus
3074 1522 3404 1588 emicarent,
3439 1520 3497 1577 in
3530 1522 3777 1592 quibus,

2003 1579 2043 1632 Β
2073 1617 2128 1665 et
2157 1609 2342 1665 lustra
2367 1609 2641 1673 ferarum,
2674 1615 2730 1663 et
2756 1609 2962 1678 spelaea
2993 1609 3281 1664 latronum
3305 1579 3666 1665 exstiterant.

2147 1697 2428 1753 Brunonis
2474 1700 2529 1750 et
2577 1695 2960 1767 dicipulorum
3003 1696 3129 1765 ejus
3159 1700 3480 1767 spontanea
3516 1714 3778 1770 pauper-

2071 1789 2179 1840 tas.
2207 1784 2316 1851 Qui
2332 1784 2656 1838 institutum
2678 1783 2939 1854 arripere
2966 1784 3297 1855 nequibant,
3332 1785 3470 1857 quid
3497 1787 3772 1858 agebant.

2077 1904 2145 1914 —
2175 1873 2535 1929 Aﬂ'ectabant
2566 1873 2762 1942 itaque
2789 1880 3164 1942 spontaneam
3198 1874 3388 1930 subire
3439 1875 3777 1944 pauperiem

2076 1970 2155 2018 tot
2209 1961 2490 2031 exemplis
2555 1961 2964 2016 circumcincta
3026 1962 3311 2028 nobilitas,
3383 1971 3438 2018 et
3493 1963 3774 2030 emnobia,

2075 2065 2206 2121 qum
2238 2049 2488 2116 subibat,
2524 2049 2697 2104 rebus
2743 2062 2776 2103 a
2823 2063 2881 2103 se
2939 2049 3274 2118 contemptis
3327 2049 3610 2119 inferens;
3647 2052 3779 2106 aliis

2075 2139 2246 2195 etiam
2278 2138 2348 2192 ad
2381 2138 2500 2192 haec
2530 2137 2653 2206 ipsa
2699 2137 2994 2192 trahendis
3054 2137 3148 2206 pia
3194 2152 3417 2207 semper
3470 2140 3779 2195 venatione

2077 2226 2361 2283 tendebat.
2423 2229 2493 2280 At
2548 2225 2774 2280 femina:
2847 2225 3074 2280 itidem~
3115 2225 3368 2296 insignes
3425 2228 3776 2284 maritorum

2078 2315 2386 2371 eelebrium
2422 2313 2726 2384 jugalitate
2756 2313 2999 2378 deserta,
3034 2319 3089 2367 et
3121 2326 3154 2367 a
3186 2312 3292 2381 piis
3317 2313 3586 2370 cordibus
3631 2315 3778 2370 libe-

2078 2417 2276 2459 rorum
2328 2401 2608 2467 abstenta,
2661 2400 2879 2456 collatis
2911 2401 3052 2455 inibi
3085 2401 3313 2470 opibus,
3378 2402 3780 2459 ecclesiasticis

2077 2506 2135 2547 se
2161 2489 2460 2559 stipendiis
2488 2489 2919 2544 contradebant.
2967 2487 3074 2554 Qui
3123 2502 3279 2555 vero,
3331 2489 3419 2545 vel
3471 2505 3602 2560 qua:
3659 2505 3779 2545 non

2078 2586 2338 2649 poterant
2397 2577 2568 2632 rebus
2625 2576 2696 2631 ad
2757 2576 3045 2645 integrum
3093 2576 3429 2632 renuntiare
3477 2576 3776 2646 possessis,

2075 2682 2169 2723 eos
2251 2666 2352 2735 qui
2421 2664 2970 2719 abrenuntiaverant
3031 2665 3244 2720 crebris
3315 2665 3779 2720 substantiarum

2073 2769 2314 2812 suarum
2367 2753 2767 2823 largitionibus
2796 2753 3212 2819 sustentabant,
3243 2753 3508 2808 ecclesias
3537 2762 3592 2808 et
3625 2753 3778 2808 alta-

2009 2858 2049 2912 c
2077 2844 2166 2900 ria
2194 2843 2372 2897 multa
2399 2840 2954 2912 jucundissimorum
2987 2855 3294 2896 munerum
3325 2841 3612 2897 oblatione
3657 2843 3780 2896 cir-

2078 2931 2448 2995 cumdabant,
2477 2937 2532 2984 et
2549 2929 2806 2984 oratione
2822 2929 2928 2983 hac
2953 2929 3044 2997 pie
3071 2928 3296 2984 vivendi
3319 2930 3575 2996 modum,
3599 2945 3777 2999 quem

2080 3019 2220 3074 tales
2253 3017 2526 3072 imitando
2565 3017 2798 3086 exsequi
2833 3031 2946 3072 non
2989 3025 3272 3086 poterant,
3317 3017 3451 3072 talia
3504 3018 3779 3073 facientes

2080 3105 2326 3177 propriis
2358 3105 2427 3160 ad
2481 3105 2536 3159 id
2595 3103 2921 3160 faciendum
2955 3106 3216 3175 juvando
3261 3107 3619 3172 substantiis,
3685 3106 3777 3161 in-

2079 3203 2364 3265 quantum
2399 3193 2637 3248 licuerat
2663 3206 2972 3262 exaequare
2999 3193 3324 3249 studebant.

2152 3283 2312 3339 Unde
2345 3282 2583 3351 contigit
2616 3289 2678 3337 ut
2709 3281 2798 3336 his
2855 3282 3229 3351 temporibus,
3289 3291 3342 3338 et
3400 3283 3776 3340 multitudine

2078 3371 2376 3427 dationum
2406 3377 2461 3426 et
2498 3369 2781 3437 dantium,
2837 3369 2951 3425 imo
3015 3371 3198 3439 magis
3247 3371 3477 3428 solertia
3535 3372 3607 3427 ad
3670 3374 3775 3428 hoc

2079 3458 2350 3529 propositi
2380 3457 2756 3523 venientium,
2809 3457 3180 3514 ecclesiarum
3241 3459 3588 3516 habitatores
3621 3463 3771 3517 mul-

2078 3551 2292 3606 timoda
2321 3563 2428 3606 sua
2471 3548 2872 3618 procuratione
2896 3547 3252 3617 juvantium,
3290 3549 3346 3604 in
3379 3557 3603 3606 tantum
3637 3565 3774 3620 pro-

2076 3645 2448 3694 moverentur
2473 3636 2749 3701 caanobia,
2785 3642 2848 3690 ut
2875 3635 3214 3704 quotidiana
3241 3635 3312 3690 ab
3346 3636 3475 3702 illis,
3499 3637 3598 3707 qui
3634 3646 3776 3693 tunc

2079 3725 2380 3790 ﬂorebant,
2411 3723 2675 3789 statibus,
2733 3735 2832 3791 per
2873 3729 3319 3777 succrescentem
3361 3722 3774 3780 modernorum

2079 3812 2400 3882 nequitiam
2426 3811 2736 3867 videantur
2767 3809 3015 3864 incidere
3053 3809 3413 3865 detrimenta.
3460 3811 3585 3865 .lam
3614 3826 3776 3867 nunc

2075 3901 2250 3962 enim,
2298 3900 2442 3970 proh
2496 3899 2686 3954 dolor!
2744 3913 2876 3967 quae
2933 3897 3264 3968 hujnsmodi
3302 3897 3598 3954 affectione
3641 3915 3771 3970 per-

2077 3989 2215 4044 moti
2275 3989 2412 4045 locis
2466 3988 2645 4044 sacris
2707 3987 3000 4042 contulere
3053 3995 3333 4056 parentes,
3394 3996 3495 4043 aut
3543 3990 3774 4057 penitus

2076 4077 2448 4139 subtrahunt.
2507 4083 2609 4132 aut
2638 4075 2870 4131 crebras
2909 4075 3324 4146 redemptiones
3379 4077 3610 4147 exigere
3658 4091 3771 4133 non

278 4155 609 4226 praebitione
640 4159 1099 4231 circumquaque
1154 4161 1417 4232 fulgeret,
1473 4164 1543 4219 ad
1587 4164 1855 4234 episcopii
1887 4166 1966 4221 di-
2003 4154 2048 4208 D
2079 4165 2346 4221 desinunt
2403 4164 2523 4232 ﬁlii,
2581 4179 2616 4220 a
2644 4171 2875 4234 patrum
2919 4163 3317 4220 voluntatibus
3349 4179 3774 4236 usquequaque

277 4244 552 4313 gnitatem
605 4246 676 4302 ab
728 4248 1038 4317 apostolica
1089 4249 1220 4305 sede
1275 4251 1574 4320 quaesitus,
1643 4260 1698 4308 et
1752 4261 1962 4324 tentus,

275 4333 442 4404 fugit.
475 4335 544 4391 Et
573 4335 851 4392 saeculum
884 4339 1123 4403 veritus,
1155 4353 1228 4394 ne
1257 4352 1325 4394 ea
1353 4354 1485 4409 quae
1533 4341 1602 4396 de
1634 4342 1746 4396 Deo
1775 4351 1968 4413 gusta-

274 4429 382 4489 rat,
407 4422 711 4492 amitteret,
737 4423 794 4479 in
819 4425 1092 4481 dilatione
1131 4425 1276 4481 tanti
1307 4427 1562 4484 muneris
1590 4443 1706 4484 non
1744 4429 1960 4499 divina,

273 4510 368 4566 sed
399 4511 700 4568 saecularia
728 4513 1034 4569 recusavit.

356 4598 484 4653 Viri
491 4616 563 4655 ac
569 4600 804 4664 feminae
813 4601 976 4656 illius
987 4601 1401 4674 vivendigenuc
1412 4604 1728 4675 arripiunt.
1762 4605 1962 4662 Etiam

269 4687 547 4742 decenne:
602 4692 659 4743 et
714 4689 1074 4744 undecennes
1113 4688 1388 4755 infantes.
1442 4721 1514 4734 —
1544 4695 1660 4760 Has,
1699 4694 1959 4765 inquam,

271 4791 524 4847 personae
553 4778 995 4834 conversionum
1051 4786 1191 4834 tunc
1239 4781 1511 4850 temporis
1539 4783 1798 4840 extulere
1849 4783 1962 4852 pri-

269 4864 512 4921 mordia.
577 4865 677 4921 His
732 4865 1015 4922 cohaesere
1067 4868 1342 4924 continuo
1389 4870 1672 4938 virorum,
1723 4871 1957 4926 femina-

268 4968 518 5024 rumque
540 4967 762 5024 greges.
789 4953 975 5010 omnis
1005 4955 1268 5025 protinus
1295 4957 1433 5013 ordo
1462 4958 1772 5014 concurrit.
1813 4957 1958 5024 Quid

266 5042 336 5098 de
386 5041 654 5098 aetatibus
700 5042 958 5112 loquar?
992 5046 1135 5099 Cum
1187 5045 1466 5102 decennes
1493 5054 1548 5102 et
1596 5047 1959 5102 undecennes

268 5130 534 5186 infantuli
566 5130 768 5186 senilia
799 5129 1233 5199 meditarentur,
1276 5141 1330 5189 et
1370 5134 1550 5188 multo
1591 5133 1959 5204 castigatiora

268 5225 551 5285 gererent,
573 5232 750 5288 quam
800 5219 1035 5276 aetatula
1095 5223 1432 5288 pateretur?
1490 5220 1684 5276 Fiebat
1729 5223 1787 5275 in
1847 5221 1959 5278 illis

265 5305 734 5362 conversionibus
763 5308 918 5377 quod
972 5308 1030 5363 in
1064 5309 1321 5378 antiquis
1352 5309 1472 5364 fieri
1505 5309 1718 5365 solebat
1750 5319 1956 5380 marty-

267 5391 449 5458 ribus,
499 5399 564 5448 ut
611 5395 797 5464 major
856 5394 916 5451 in
970 5395 1702 5468 imbecillibustenerisque
1747 5412 1952 5469 corpo-

2077 4254 2403 4325 degeneres.

2724 4340 2952 4397 CAPUT
2991 4341 3118 4396 XII.

2145 4433 2368 4486 Iterum
2395 4429 2466 4483 de
2488 4431 2680 4484 matre
2699 4445 2808 4484 sua
2848 4428 3036 4483 multa
3078 4431 3285 4484 attezit
3322 4429 3646 4487 Guibertus.
3705 4462 3770 4474 —

2072 4517 2160 4573 Ad
2219 4525 2271 4574 te
2321 4517 2551 4573 tandem
2583 4525 2705 4586 post
2735 4518 2838 4572 has
2881 4517 3348 4574 ratiocinationes
3385 4519 3574 4585 redeo,
3616 4521 3773 4576 Deus

2073 4619 2252 4673 meus,
2277 4619 2453 4675 super
2482 4604 2638 4661 illius
2695 4605 2858 4661 bonae
2915 4605 3173 4662 mulieris
3213 4607 3413 4662 matris
3456 4621 3594 4663 meae
3628 4623 3770 4663 eon-

2070 4695 2353 4750 versione.
2379 4693 2514 4760 Quae
2546 4693 2831 4764 siquidem
2863 4693 2935 4749 ab
2967 4694 3137 4749 annis
3163 4694 3263 4749 vix
3295 4693 3596 4750 nubilibus
3620 4697 3766 4765 patri

2070 4795 2218 4850 meo,
2251 4796 2487 4852 prorsus
2515 4781 2876 4849 adolescenti,
2913 4796 3021 4837 avo
3070 4796 3196 4838 meo
3241 4783 3593 4852 providente,
3628 4799 3765 4841 con-

2071 4870 2300 4936 tradita,
2328 4884 2461 4925 cum
2492 4879 2637 4926 esset
2663 4870 2802 4924 scito
2835 4871 3146 4925 admodum
3178 4870 3367 4937 vultu,
3398 4878 3452 4926 et
3496 4872 3614 4927 oris
3665 4873 3765 4927 ha-

2068 4958 2329 5014 bitudine
2359 4957 2703 5013 naturaliter
2726 4970 2793 5012 ac
2821 4958 3216 5014 decentissime
3246 4958 3409 5029 gravi
3459 4960 3718 5029 ingenua
3748 4978 3763 5031 ;

2068 5054 2259 5102 tamen
2317 5045 2494 5101 divini
2554 5045 2802 5101 nominis
2854 5046 3111 5102 timorem
3186 5045 3242 5100 in
3316 5047 3452 5116 ipsis
3505 5050 3764 5116 pueritiae

2065 5135 2374 5203 parturivit
2405 5134 2598 5190 initiis.
2636 5136 2719 5189 Ita
2748 5135 2900 5190 enim
2933 5149 3047 5190 non
3077 5136 3449 5204 experientia,
3494 5136 3592 5192 sed
3626 5153 3760 5207 quo-

2064 5223 2195 5277 dam
2229 5224 2462 5292 superni
2497 5229 2681 5277 metus
2713 5223 2950 5278 incussu
3005 5223 3239 5278 horrere
3271 5231 3567 5292 peccatum
3621 5225 3763 5280 didi-

2062 5317 2236 5379 cerat,
2289 5319 2344 5367 et
2402 5318 2465 5366 ut
2516 5310 2638 5380 ipsa
2689 5311 2826 5366 mihi
2885 5312 3093 5380 saepius
3145 5311 3358 5367 referre
3398 5311 3639 5379 solebat,
3684 5313 3760 5368 ita

2063 5398 2268 5455 subitae
2303 5398 2505 5456 timore
2532 5399 2731 5456 mortis
2760 5407 3008 5456 mentem
3039 5399 3515 5472 ingurgitaverat,
3551 5409 3618 5458 ut
3642 5403 3760 5474 jam
