3902 6082
131 233 237 288 857

1254 232 1347 290 DE
1377 233 1544 291 VITA
1583 234 1717 292 SUA
1754 233 1942 292 LIBRI
1980 236 2178 294 TRES.
2201 267 2272 278 —
2299 237 2430 294 LIB.
2472 239 2517 294 Ῑ.

3533 245 3637 300 858

129 364 446 433 grandava
472 362 706 430 doleret,
732 363 886 434 quod
908 377 1023 419 non
1044 363 1270 420 eosdem
1293 365 1351 420 in
1379 374 1606 422 maturo
1628 367 1821 422 animo
1861 370 1908 423 Α
1941 369 2270 427 tunicarum
2300 370 2571 443 angustia
2612 369 2722 443 (‘9),
2764 371 3092 429 calceorum
3136 372 3205 428 de
3245 372 3513 428 Corduba
3540 387 3637 428 ro-

131 452 263 507 boni
299 451 560 508 stimulos
621 452 852 522 pavoris
897 452 1148 520 haberet,
1206 467 1352 524 quos
1404 457 1457 508 in
1491 454 1622 509 rudi
1651 461 1706 510 et
1733 469 1832 510 ne-

129 541 246 596 scio
274 554 511 609 prorsus
537 539 838 595 habuerat.

203 628 420 683 Accidit
449 628 628 697 igitur
659 637 722 683 ut
764 627 1072 683 efficientia
1101 629 1444 699 conjugalis,
1482 629 1537 684 in
1591 629 1712 699 ipso
1744 630 1831 686 le-

127 717 345 786 gitima
403 717 557 771 illius
615 715 1111 772 confaderationis
1155 718 1411 783 exordio,
1445 719 1832 786 quorumdam

120 804 421 859 maleficiis
477 805 816 860 solveretur.
874 804 1201 860 Novercalis
1259 805 1410 861 enim
1455 805 1591 862 huic
1632 807 1830 862 matri-

131 891 326 946 monio
361 905 473 945 non
507 891 754 946 defuisse
788 891 1080 946 ferebatur
1124 892 1362 960 invidia,
1407 907 1536 962 qua
1570 894 1834 963 plurima

128 979 333 1048 speciei
365 987 422 1034 et
449 979 676 1048 generis
705 993 838 1032 cum
872 987 1066 1048 neptes
1089 978 1348 1047 haberet,
1384 982 1440 1035 in
1473 981 1539 1035 iis
1574 983 1832 1051 aliquam

127 1075 367 1136 paterno
416 1074 538 1122 toro
561 1067 906 1122 moliebatur
948 1067 1308 1138 immergere.
1341 1068 1503 1135 Quod
1549 1084 1680 1124 cum
1733 1070 1834 1123 mi-

133 1156 290 1211 nime
352 1155 714 1224 processisset
771 1155 842 1209 ad
899 1163 1114 1221 votum,
1151 1157 1344 1224 pravis
1367 1157 1580 1213 dicitur
1609 1157 1834 1212 artibus

130 1243 408 1312 effecisse,
464 1252 527 1298 ut
579 1242 816 1298 thalami
893 1243 1128 1299 omnino
1197 1253 1520 1300 cessaretur
1573 1245 1827 1301 effectus.

129 1331 396 1400 Cumque
450 1331 673 1401 integro
724 1331 1041 1400 virginium
1098 1332 1383 1388 illibatum
1431 1334 1833 1403 permansisset

131 1421 399 1486 triennio,
450 1427 504 1474 et
535 1419 646 1474 sub
696 1433 906 1489 magno
940 1427 1162 1475 tantum
1192 1420 1574 1477 infortunium
1605 1435 1830 1490 preme-

127 1516 294 1563 retur
342 1507 587 1573 silentio,
641 1507 870 1562 tandem
938 1521 971 1561 a
1017 1508 1138 1563 suis
1217 1508 1426 1564 citatus
1488 1509 1828 1564 necessariis

128 1603 297 1665 pater
348 1609 468 1651 rem
537 1596 761 1665 primus
810 1597 1078 1664 prodidit.
1129 1596 1372 1662 Quantis
1429 1605 1595 1666 putas
1648 1598 1830 1652 modis

129 1684 503 1740 elaboravere
552 1693 837 1754 parentes,
874 1692 937 1740 ut
979 1685 1291 1740 divortium
1351 1685 1507 1741 ﬁeret
1539 1687 1685 1741 inter
1713 1701 1828 1753 eos,

131 1780 186 1828 et
223 1781 439 1842 patrem
485 1787 678 1828 meum
718 1781 968 1842 tempore
1012 1774 1306 1843 juvenem,
1366 1788 1537 1830 sensu
1569 1775 1827 1830 hebetem

129 1861 468 1916 monachice
527 1861 724 1916 sedulo
779 1862 1235 1928 commovebant,
1306 1861 1437 1917 licet
1479 1869 1619 1917 tunc
1658 1876 1832 1931 super

131 1953 242 2008 hoc
273 1952 473 2007 ordine
503 1965 673 2006 rarus
705 1951 869 2006 valde
899 1952 1208 2007 haberetur
1241 1967 1428 2007 sermo
1458 1967 1470 2006 :
1505 1953 1659 2022 quod
1693 1954 1830 2023 qui-

130 2041 264 2096 dem
322 2054 440 2095 non
493 2039 696 2095 salutis
752 2040 878 2109 ejus
926 2054 1122 2104 causa,
1153 2049 1211 2095 at
1240 2055 1376 2095 vero
1409 2041 1830 2110 possessionum

131 2129 262 2199 ejus
283 2127 730 2182 obtinendarum
769 2127 1081 2183 intentione
1114 2128 1301 2184 fiebat.

212 2215 426 2271 Verum
459 2223 763 2284 postquam
789 2217 910 2270 hac
935 2230 1135 2271 eorum
1164 2216 1456 2287 suggestio
1487 2216 1566 2270 nil
1596 2215 1832 2281 evaluit,

143 2303 399 2375 puellam
429 2303 645 2359 crebris
691 2312 986 2372 caperent
1029 2317 1233 2374 urgere
1266 2305 1595 2372 latratibus,
1629 2313 1692 2359 ut
1740 2305 1832 2359 vi—

143 2391 348 2448 delicet
379 2405 413 2446 a
442 2391 564 2447 suis
596 2391 762 2461 longe
796 2392 977 2460 posita
1000 2391 1138 2446 dum
1187 2400 1557 2448 externorum
1604 2406 1834 2461 oppres-

142 2479 408 2535 sionibus
434 2479 782 2548 pulsaretur.
815 2479 937 2534 sine
968 2480 1083 2534 ullo
1116 2481 1358 2550 repudio
1385 2495 1486 2550 per
1513 2496 1570 2536 se
1605 2481 1836 2552 injuriis

141 2567 384 2636 fatigata
415 2567 746 2622 discederet.
800 2567 1023 2622 Interea
1055 2566 1151 2621 illa
1205 2568 1342 2637 pati,
1377 2583 1508 2637 qua
1540 2568 1836 2639 impenge-

142 2657 360 2711 bantur
392 2656 570 2710 verba
615 2655 1022 2725 aquanimiter
1070 2655 1342 2725 tolerare;
1376 2657 1423 2711 si
1454 2657 1593 2726 quid
1627 2657 1835 2712 exinde

142 2746 667 2801 controversiarum
713 2753 1047 2816 emergeret,
1097 2759 1164 2800 ac
1193 2745 1239 2801 si
1286 2746 1496 2812 nescia,
1558 2747 1833 2802 dissimu-

143 2833 283 2888 lare.
319 2834 532 2888 Prater
563 2833 684 2888 hac
713 2847 844 2888 cum
876 2847 1002 2888 eam
1031 2833 1449 2902 opulentissimi
1501 2835 1736 2904 quidam
1765 2836 1837 2892 ab

1942 465 2058 513 stro
2088 460 2332 524 torticia,
2365 461 2539 515 totius
2570 460 2788 531 ubique
2813 461 3104 530 jacturam
3158 461 3356 517 videas
3387 462 3638 517 clamare

1943 545 2194 613 pudoris.
2266 546 2533 602 ZEStimat
2588 562 2648 602 se
2719 548 2988 617 qualibet
3043 557 3330 605 extremas
3382 549 3637 620 attigisse

1940 633 2218 700 miserias,
2251 633 2296 688 si
2348 633 2697 690 amasiorum
2747 635 3017 704 opinione
3064 637 3350 704 caruerit;
3385 645 3439 693 et
3479 645 3636 693 tanto

1940 721 2048 776 sibi
2084 721 2396 776 nobilitatis
2434 729 2488 777 et
2510 724 2686 777 curia
2720 724 2961 793 gloriam
2996 733 3247 795 arrogat,
3285 740 3399 794 quo
3430 725 3634 795 hujus-

1941 811 2437 880 modiprocorum
2468 825 2708 866 numero
2761 811 3086 867 florentiore
3126 813 3428 869 redundat.
3479 816 3632 882 Erat,

1943 905 2114 953 testor
2151 898 2354 977 Deum,
2410 906 2550 953 tunc
2595 898 2864 967 temporis
2902 899 3088 968 major
3119 899 3175 953 in
3207 899 3348 953 viris
3397 900 3638 955 feminas

1941 986 2286 1041 ducentibus
2319 987 2524 1055 pudor,
2559 985 2850 1041 intantum
2893 996 2956 1043 ut
2983 987 3163 1042 videri
3197 988 3342 1042 inter
3374 987 3494 1042 hac
3545 988 3634 1059 [f.,

1943 1074 2070 1146 has]
2095 1075 2516 1140 erubescerent,
2553 1088 2727 1144 quam
2763 1075 2929 1130 modo
2977 1077 3033 1129 in
3079 1075 3437 1131 nubentibus
3468 1075 3636 1131 femi-

1941 1163 2032 1217 nis
2089 1163 2418 1218 habeatur:
2461 1177 2606 1230 quos
2660 1171 2810 1217 certe
2873 1163 2979 1218 ista
3025 1164 3349 1219 verecunda
3412 1166 3638 1233 negotia

1935 1250 2305 1320 jactantiores
2329 1257 2383 1304 et
2406 1249 2508 1303 fori
2541 1264 2607 1304 ac
2637 1249 2847 1318 publici
2883 1251 3228 1306 amantiores
3249 1251 3524 1307 efficiunt.

2013 1338 2084 1394 Ut
2111 1336 2249 1406 quid
2317 1337 2442 1401 hoc,
2477 1337 2714 1391 Domine
2747 1339 2894 1392 Deus
2956 1353 3137 1405 meus,
3189 1339 3296 1394 nisi
3329 1340 3467 1408 quia
3509 1341 3631 1396 ideo

1940 1425 2138 1480 nullus
2167 1439 2341 1493 super
2370 1438 2475 1479 sua
2516 1425 2744 1480 levitate
2785 1440 2851 1480 ac
2878 1426 3114 1481 lascivia
3144 1427 3450 1498 erubescit,
3481 1430 3635 1498 quod

1939 1529 2134 1568 omnes
2181 1514 2356 1568 teneri
2414 1514 2522 1569 sub
2555 1516 2676 1582 pari
2729 1522 2862 1569 nota
2921 1516 3215 1584 conspicit.
3261 1517 3492 1572 Etcum
3526 1517 3634 1572 sub

1939 1601 2135 1657 eodem
2183 1600 2411 1667 affectu,
2465 1615 2637 1670 quem
2688 1601 2900 1657 habent
2957 1617 3174 1669 omnes,
3261 1617 3402 1671 pene
3467 1619 3637 1674 agere

1940 1689 2173 1754 sentiat;
2208 1687 2379 1752 unde,
2415 1701 2632 1757 quaso,
2665 1689 2840 1743 studii
2895 1688 3074 1758 hujus
3113 1703 3247 1743 eum
3283 1689 3512 1757 pudeat,
3562 1689 3637 1744 ad

1938 1777 2091 1847 quod
2145 1777 2467 1845 coaspirare
2511 1784 2741 1832 cateros
2772 1776 2996 1831 videat?
3054 1776 3157 1832 Sed
3205 1791 3311 1831 cur
3368 1777 3491 1832 dico
3522 1792 3636 1847 pu-

1938 1867 2086 1930 deat,
2137 1879 2270 1920 cum
2316 1866 2422 1920 hoc
2469 1865 2654 1920 solum
2712 1864 2926 1920 talibus
2983 1864 3055 1920 sit
3103 1865 3331 1934 pudori,
3397 1866 3442 1920 si
3500 1867 3633 1935 quis

1939 1967 2139 2007 eorum
2170 1953 2225 2006 in
2266 1953 2648 2021 exemplanda
2699 1951 2936 2007 libidine
2966 1954 3161 2008 minus
3207 1953 3494 2008 emineat?
3524 1955 3638 2009 Nec

1941 2041 2154 2096 detinet
2183 2054 2284 2109 pro
2315 2053 2579 2095 amorum
2627 2054 2890 2106 numero,
2925 2048 3025 2096 aut
3059 2041 3264 2096 selecta
3289 2055 3464 2110 quam
3515 2041 3637 2096 ale-

1940 2129 2026 2183 xit
2057 2127 2241 2197 specie
2263 2128 2516 2198 aliquem
2563 2127 2790 2197 privata
2815 2129 3114 2198 jactantia,
3149 2143 3337 2198 neque
3377 2137 3636 2184 contem-

1945 2225 2076 2286 ptus
2113 2225 2196 2272 est
2240 2231 2305 2272 eo
2351 2217 2724 2288 singulariter
2773 2217 2932 2289 apud
2983 2225 3034 2272 te
3075 2217 3418 2273 intumuisse
3475 2219 3631 2288 quod

1944 2313 2120 2372 amat,
2151 2305 2248 2360 sed
2275 2319 2640 2360 communem
2681 2305 3104 2374 corruptionem
3138 2304 3446 2375 magnifico
3479 2306 3635 2374 apud

1944 2394 2242 2450 universos
2306 2394 2500 2448 favore
2563 2393 2944 2448 concelebrat.
3015 2393 3156 2448 Ecce
3210 2392 3446 2459 clamor,
3497 2393 3637 2448 dum

1945 2481 2100 2552 quod
2130 2482 2454 2537 verecunde
2484 2481 2595 2551 tegi
2619 2481 2915 2545 debuerat,
2939 2481 3075 2536 dum
3109 2481 3262 2550 quod
3290 2481 3639 2536 conscientia

1946 2569 2249 2631 debilitata
2321 2568 2597 2623 castitatis
2657 2575 2910 2634 accusat,
2977 2575 3032 2624 et
3096 2568 3349 2624 omnimo
3394 2569 3636 2638 deprimi

1945 2657 2186 2727 dignum
2252 2664 2394 2723 erat,
2452 2655 2651 2711 effreni
2701 2669 2802 2724 per
2828 2656 3084 2711 inolitam
3128 2656 3427 2725 pravitatis
3458 2656 3637 2711 licen-

1944 2745 2080 2800 tiam
2119 2743 2295 2799 animi
2348 2750 2560 2798 aterno
2609 2743 2999 2798 damnandam
3056 2741 3281 2798 silentio
3330 2742 3638 2812 impudens

1946 2833 2079 2902 quis
2129 2832 2244 2888 huc
2297 2831 2548 2900 illucque
2609 2831 2897 2900 pradicet.
2961 2831 3076 2886 Hoc
3123 2838 3177 2886 et
3222 2831 3399 2902 hujus
3465 2831 3635 2886 simili

141 2935 257 2978 usu
288 2921 532 2976 maritali
566 2929 852 2976 exsortem
891 2923 1307 2992 conspicerent,
1361 2931 1657 2992 coeperunt
1706 2925 1838 2979 ani-
1876 2952 1916 3006 ρ
1947 2921 2114 2976 modo
2146 2921 2484 2976 modernum
2513 2919 2617 2974 hoc
2648 2919 2923 2975 saculum
2979 2920 3378 2989 corrumpitur
3420 2927 3475 2974 et
3505 2933 3637 2973 cor-

141 3024 303 3066 mum
335 3010 562 3080 pulsare
594 3010 956 3081 juvencula;
1019 3011 1112 3064 sed
1142 3019 1225 3076 tu,
1279 3009 1534 3077 Domine,
1560 3012 1836 3069 castitatis

143 3098 389 3155 interna
421 3099 713 3165 fundator,
750 3106 814 3154 tu
857 3099 906 3153 ei
938 3098 1379 3154 sanctimoniam
1431 3099 1830 3168 inspiraveras,

142 3201 324 3258 quam
350 3202 464 3242 non
489 3187 815 3257 patiebatur
844 3197 1056 3242 natura
1094 3200 1198 3242 nec
1227 3196 1384 3242 atas.
1417 3189 1496 3242 Ex
1534 3195 1606 3255 te,
1642 3188 1834 3244 Domi-

143 3289 236 3343 ne,
273 3275 538 3342 habebat,
577 3275 729 3344 quod
784 3274 839 3328 in
873 3274 1004 3343 igne
1066 3275 1248 3343 posita
1299 3289 1412 3329 non
1445 3275 1700 3332 ardebat.
1749 3277 1837 3334 Tu

140 3363 393 3419 faciebas
423 3363 574 3433 quod
599 3363 666 3416 ad
694 3361 1177 3430 prastillationem
1203 3362 1488 3419 malorum
1520 3363 1834 3434 colloquio-

141 3466 275 3507 rum
331 3465 517 3506 mores
571 3451 698 3520 ejus
758 3449 861 3506 etsi
918 3452 1095 3505 teneri
1175 3465 1289 3506 non
1340 3451 1830 3520 depravabantur,

138 3540 256 3595 imo
289 3540 442 3609 quod
470 3539 660 3594 oleum
713 3539 938 3594 camino
992 3538 1332 3605 addebatur,
1390 3538 1542 3607 quod
1575 3538 1835 3594 videlicet

141 3629 513 3684 naturalibus
548 3628 703 3697 (qua
731 3628 940 3683 habere
971 3627 1293 3683 humanum
1326 3635 1408 3682 est
1437 3633 1490 3682 et
1510 3628 1834 3696 commune)

137 3716 391 3772 molibus
419 3724 659 3771 externa
701 3715 985 3771 lenocinia
1039 3715 1498 3770 adhibebantur:
1548 3724 1602 3770 et
1641 3725 1834 3770 tamen

139 3804 507 3874 virguncula
531 3804 761 3858 animus
791 3803 876 3858 sui
927 3818 1148 3872 semper
1174 3817 1376 3872 capax,
1424 3803 1602 3858 nullis
1640 3803 1832 3859 incen-

141 3892 276 3947 tivis
300 3899 465 3947 extra
497 3906 554 3947 se
588 3892 896 3948 ferebatur.
931 3891 1132 3948 Nonne
1183 3893 1303 3947 hac
1334 3891 1416 3946 tui
1471 3891 1649 3947 solius
1699 3899 1836 3948 sunt

139 3993 335 4050 opera,
389 3980 646 4047 Domine,
698 3980 801 4049 qui
831 3994 956 4035 eam
1021 3980 1080 4034 in
1125 3980 1413 4049 primava
1441 3982 1625 4035 atatis
1649 3980 1835 4036 calore

141 4070 406 4140 positam,
437 4078 492 4124 et
519 4070 754 4124 omnino
779 4066 997 4139 jugiter
1029 4069 1086 4123 in
1119 4066 1256 4137 ipsis
1282 4067 1686 4138 coujugalibus
1717 4068 1838 4122 offi-

139 4159 245 4213 ciis
268 4157 657 4223 constitutam,
688 4156 982 4226 septennio
1029 4156 1252 4227 integro
1310 4157 1419 4211 sub
1455 4164 1614 4211 tanta
1644 4157 1834 4211 conti-

1942 3010 2179 3079 rumpit,
2211 3010 2350 3065 dum
2371 3009 2515 3063 male
2545 3014 2814 3077 concepta
2844 3009 2900 3061 in
2932 3007 3072 3063 alios
3101 3008 3341 3078 spargit,
3374 3021 3636 3077 sparsum

1941 3100 2113 3154 etiam
2146 3113 2332 3168 usque
2363 3098 2421 3152 in
2456 3096 2747 3152 infinitum
2781 3097 3048 3152 traducta
3077 3096 3327 3152 faditate
3349 3109 3636 3166 propaga-

1940 3193 2038 3242 tur
2065 3187 2119 3239 in
2152 3186 2379 3241 alteros.

2013 3275 2164 3330 Deus
2189 3283 2402 3341 sancte,
2451 3273 2594 3328 nihil
2648 3287 2788 3342 pene
2839 3275 3049 3329 horum
3102 3288 3168 3329 eo
3213 3281 3486 3342 tempore,
3519 3286 3634 3342 quo

1943 3363 2038 3418 illa
2065 3362 2283 3417 famula
2316 3370 2414 3417 tua
2436 3363 2517 3417 sic
2560 3362 2784 3432 agebat,
2825 3362 3050 3432 uspiam
3097 3361 3460 3427 audiebatur,
3521 3361 3634 3415 imo

1937 3458 2315 3506 sacrosancta
2343 3451 2702 3505 verecundia
2734 3450 2902 3520 pallio
2930 3459 2983 3505 et
3013 3450 3632 3522 tegebanturindigna,

1941 3553 2008 3594 ac
2044 3539 2245 3593 idonea
2281 3539 2674 3594 cornabantur
2721 3537 2816 3609 [f.,
2877 3538 3348 3608 coronabantur].
3418 3539 3482 3592 In
3514 3537 3629 3602 illo,

1941 3628 2197 3694 Domine,
2252 3627 2547 3696 septenuio
2606 3626 2912 3695 virginitas
2963 3625 3078 3691 illa,
3146 3639 3320 3695 quam
3352 3633 3413 3680 tu
3457 3624 3513 3678 in
3565 3637 3634 3677 ea

1942 3716 2180 3771 mirifice
2219 3715 2584 3775 continuasti,
2635 3714 2743 3770 sub
2801 3713 3124 3768 innumeris
3166 3711 3634 3782 oppressionibus

1942 3804 2300 3875 agonizabat,
2363 3803 2498 3858 dum
2518 3801 2703 3857 soluto
2741 3809 2977 3870 paterno
3025 3800 3334 3862 connubio,
3385 3799 3454 3854 ad
3491 3799 3630 3854 alte-

1943 3907 2072 3948 rum
2103 3905 2228 3947 eam
2262 3891 2570 3947 transferre
2600 3889 2875 3944 maritum
2901 3889 3208 3958 sapissime
3236 3887 3630 3952 minabantur,

1943 3988 2043 4035 aut
2074 3981 2130 4034 in
2162 3987 2390 4036 exteras
2421 3979 2792 4034 remotiorum
2825 3985 3130 4047 parentum
3156 3990 3415 4032 meorum
3442 3976 3636 4030 domos

1913 4059 2241 4124 abducere.
2306 4067 2482 4122 Plane
2533 4068 2634 4122 etsi
2694 4067 2975 4121 adversus
3021 4066 3123 4121 has
3173 4065 3635 4134 importunitates

1942 4154 2308 4210 acerbissime
2363 4153 2666 4222 aliquoties
2750 4151 3090 4218 desudabat,
3165 4159 3356 4207 tamen
3436 4158 3636 4205 contra

138 4248 340 4303 nentia
368 4246 734 4313 conservasti,
761 4252 824 4300 ut
848 4245 1021 4316 juxta
1055 4245 1195 4301 illud
1226 4245 1497 4315 sapientis
1527 4244 1827 4316 cujusdam
1869 4241 1912 4294 D
1944 4245 2175 4314 propria
2205 4242 2487 4299 lenocinia
2519 4241 2727 4306 carnis,
2759 4249 2813 4296 et
2843 4254 3350 4310 quorumcumque
3367 4247 3632 4295 externo-

136 4335 377 4401 dictum,
411 4336 578 4390 etiam
608 4334 762 4389 fama
786 4334 855 4389 de
883 4347 951 4389 ea
979 4333 1204 4390 mentiri
1234 4341 1548 4390 vereretur.

211 4421 522 4477 Diasolutio
545 4421 897 4492 puellarum.
930 4453 999 4461 -—
1031 4424 1200 4486 Deus,
1234 4429 1299 4476 tu
1328 4421 1439 4476 scis
1472 4435 1647 4490 quam
1674 4420 1832 4475 diffi-

138 4511 267 4577 cile,
311 4511 422 4566 imo
457 4524 632 4580 quam
685 4510 844 4566 nullo
892 4511 1058 4566 modo
1105 4525 1244 4579 pene
1274 4510 1332 4564 in
1376 4510 1602 4565 feminis
1657 4509 1835 4578 hujus

134 4600 411 4669 temporis
451 4599 507 4653 id
546 4607 916 4654 servaretur:
959 4613 1090 4653 cum
1113 4598 1388 4668 pudicitia
1437 4599 1492 4650 in
1528 4597 1636 4652 illis
1675 4604 1835 4652 tanta

135 4688 343 4743 diebus
364 4687 666 4748 exstiterit,
696 4694 760 4742 ut
790 4686 984 4756 aliquo
1018 4686 1114 4741 vix
1142 4700 1368 4741 rumore
1402 4684 1833 4740 matrimonium

135 4775 447 4845 cujuslibet
473 4777 790 4830 roderetur.
835 4775 1021 4830 Eheu!
1059 4789 1233 4844 quam
1286 4773 1688 4828 miserabiliter
1725 4787 1831 4828 ex—

139 4873 283 4921 tunc
320 4864 390 4918 ad
436 4871 630 4919 nostra
680 4864 892 4918 sacula
928 4863 1112 4931 pudor
1141 4870 1194 4917 et
1244 4863 1509 4916 honestas
1555 4861 1831 4930 paulatim

138 4955 196 5008 in
230 4952 492 5022 virginea
548 4951 892 5021 professione
920 4951 1058 5016 ruit,
1093 4958 1147 5006 et
1178 4963 1268 5005 res
1316 4956 1371 5004 et
1398 4949 1612 5018 species
1641 4956 1832 5006 custo-

133 5042 246 5098 dia
278 5039 612 5094 matronalis
649 5039 932 5105 extabuit,
973 5046 1037 5094 ut
1077 5038 1134 5092 in
1169 5038 1323 5092 omni
1356 5051 1557 5092 earum
1596 5037 1834 5093 habitu-

134 5131 272 5185 dine
299 5127 417 5182 sola
451 5129 663 5196 possint
707 5127 891 5181 notari
924 5125 1246 5192 triscurria,
1283 5125 1381 5180 ubi
1418 5125 1496 5180 nil
1531 5125 1636 5182 nisi
1664 5125 1831 5195 jocu-

134 5215 284 5270 laria
306 5223 532 5281 sonant,
559 5222 612 5270 et
643 5214 943 5270 oculorum
977 5222 1156 5270 nutus
1180 5221 1234 5269 et
1257 5213 1476 5284 lingua.
1511 5213 1834 5269 Petulantia

139 5305 198 5358 in
255 5303 494 5367 incessu,
557 5302 701 5358 nihil
758 5317 872 5358 non
928 5302 1236 5358 ridiculum
1287 5310 1506 5357 constat
1574 5303 1724 5355 468
1776 5302 1834 5356 in

135 5391 442 5447 mortibus.
495 5391 750 5447 Vcstium
784 5391 1091 5462 qualitates
1141 5392 1428 5445 intantum
1453 5399 1588 5446 sunt
1620 5389 1690 5444 ab
1740 5389 1835 5444 illa

135 5480 318 5538 veteri
361 5479 688 5552 frugalitate
716 5477 1038 5546 dissimiles,
1072 5486 1135 5534 ut
1162 5477 1418 5534 dilatatio
1453 5477 1832 5547 manicarum,

1942 4347 2071 4388 rum
2132 4337 2579 4402 temperamenta
2629 4329 2894 4396 mirabili,
2947 4328 3042 4384 sed
3089 4341 3161 4384 ex
3220 4336 3318 4384 tuo
3375 4341 3631 4394 munere,

1941 4422 2093 4476 Deus
2125 4434 2306 4485 meus,
2341 4417 2721 4486 temperantia
2744 4416 3089 4471 decertabat.

2011 4508 2136 4564 Non
2166 4508 2311 4573 dico,
2359 4506 2505 4562 bone
2556 4505 2725 4570 Deus,
2781 4518 2899 4574 qua
2926 4505 3140 4560 virtute
3173 4503 3224 4558 id
3278 4502 3489 4568 fecerit,
3535 4502 3634 4556 sed

1941 4596 2095 4666 quod
2128 4595 2207 4650 tui
2246 4594 2422 4649 solius
2452 4593 2640 4648 virtus
2688 4593 2878 4648 fuerit.
2919 4591 3212 4658 Quomodo
3250 4591 3402 4646 enim
3450 4590 3636 4644 virtus

1938 4683 2067 4745 fuit,
2119 4696 2297 4752 quam
2341 4681 2500 4736 nulla
2545 4682 2785 4751 spiritus
2829 4680 3136 4747 carnisque
3192 4678 3479 4743 discretio,
3532 4691 3637 4731 nec

1945 4772 2036 4841 pia
2066 4771 2136 4825 ad
2165 4771 2345 4826 Deum
2380 4770 2637 4837 intentio,
2687 4769 2779 4824 sed
2841 4768 2960 4823 sola
3017 4767 3318 4822 exterioris
3367 4766 3636 4821 honesta—

1933 4860 2033 4923 tis,
2065 4867 2165 4915 aut
2190 4859 2474 4914 evitanda
2505 4859 2754 4913 infamia
2784 4871 2924 4911 cura
2951 4855 3268 4926 peregerit?
3295 4855 3441 4911 Utile
3470 4854 3638 4923 plane

1942 4957 2024 5004 est
2064 4947 2413 5004 verecundia
2467 4947 2665 5002 saltem
2726 4952 2956 5014 peccato
3015 4943 3305 5015 ingruenti
3339 4942 3633 5011 resistere;

1942 5051 2073 5107 qua
2105 5037 2252 5092 sicut
2285 5035 2440 5091 utilis
2493 5044 2576 5089 est
2607 5041 2738 5088 ante
2769 5039 3088 5102 peccatum,
3125 5032 3202 5086 ita
3257 5039 3383 5100 post
3430 5044 3634 5099 pecca-

1940 5134 2064 5182 tum
2105 5123 2470 5179 damnabilis.
2505 5121 2664 5187 Quod
2684 5122 2838 5176 enim
2869 5121 2951 5176 sic
2981 5120 3240 5174 animum
3285 5120 3376 5189 pio
3416 5118 3635 5188 pudore

1943 5218 2288 5277 consternat,
2342 5218 2405 5266 ut
2463 5224 2495 5264 a
2553 5208 2766 5278 peccati
2842 5208 3262 5277 perpetratione
3347 5205 3633 5272 cohibent,

1943 5301 2013 5356 ad
2051 5309 2276 5368 tempus
2303 5307 2380 5354 est
2413 5298 2586 5363 utile,
2621 5297 2760 5366 quia
2800 5304 2977 5366 potest
3014 5296 3106 5350 Dei
3141 5295 3328 5357 timor,
3363 5296 3464 5364 qui
3524 5309 3636 5364 pu-

1943 5389 2137 5444 dorem
2205 5388 2518 5456 insipidum
2548 5385 2663 5440 sale
2716 5386 2913 5440 divino
2943 5385 3189 5452 condiat,
3242 5385 3541 5439 accedere:
3582 5392 3637 5442 et

1944 5477 2101 5552 quod
2131 5477 2203 5533 ad
2234 5484 2478 5549 tempus,
2514 5475 2568 5529 id
2598 5482 2682 5529 est
2712 5475 2784 5532 ad
2832 5472 3132 5543 saculum,
3183 5473 3470 5549 proderat,
3497 5473 3639 5533 utile
