3902 6082
285 196 389 252 859

285 341 404 383 non
428 326 500 382 ad
535 332 888 382 momentum
945 323 1043 380 sed
1091 322 1438 381 aeternaliter
1470 324 1674 380 facere.
1709 324 1840 380 Haec
1888 331 1972 380 est
2009 325 2056 379 A

286 428 541 484 namque
590 411 934 469 verecundia
972 411 1264 467 adducens
1319 411 1583 482 gloriam,
1625 426 1756 482 quae
1786 419 1976 467 tamen

289 509 445 558 tanto
497 509 580 557 est
610 500 924 570 perniciosa
980 507 1104 569 post
1152 500 1404 569 culpam,
1455 509 1673 570 quanto
1725 499 1974 570 pertina-

287 590 409 645 cius
438 587 806 644 confessionis
835 597 1046 643 sanctae
1084 589 1332 644 obstruit
1372 589 1734 644 medicinam.
1783 589 1975 644 Habe-

285 679 403 743 bat,
423 677 660 732 Domine
681 677 850 743 Deus,
880 676 1098 732 famula
1128 684 1229 732 tua
1247 685 1430 732 mater
1454 691 1578 733 mea
1603 677 1975 733 intentionem

284 765 460 830 illam,
502 765 658 834 quod
707 764 780 819 ad
835 765 1030 820 saeculi
1085 765 1440 821 honestatem
1495 767 1852 820 contrarium
1893 764 1975 819 nil

283 861 504 923 ageret;
565 852 662 908 sed
695 860 904 918 tamen,
956 853 1130 922 juxta
1187 852 1525 922 Gregorium
1586 861 1771 918 tuum,
1802 866 1974 922 quem

283 947 473 995 tamen
524 955 627 995 nec
681 940 916 1011 legerat,
977 955 1080 996 nec
1123 941 1232 1011 legi
1287 941 1570 1008 audierat,
1608 943 1664 996 in
1689 955 1756 994 ea
1789 941 1973 996 inten-

285 1028 434 1083 tione
492 1043 607 1083 non
642 1029 868 1094 mansit,
933 1028 1073 1098 quia
1126 1029 1196 1083 ad
1249 1036 1298 1083 te
1350 1028 1535 1083 solum
1582 1036 1776 1098 postea
1799 1027 1977 1097 ,quid-

282 1114 423 1184 quid
457 1115 804 1182 intendebat,
852 1115 1168 1171 transtulit.
1222 1117 1373 1186 Ergo
1405 1116 1487 1170 sic
1514 1116 1777 1171 saeculari
1810 1129 1976 1170 reve-

283 1203 482 1259 rentiae
514 1203 824 1259 inseruisse
855 1212 992 1258 tunc
1024 1205 1294 1273 temporis
1319 1205 1684 1259 commodum
1719 1203 1796 1259 illi
1843 1203 1970 1259 fuit.

355 1290 560 1348 Voluto
591 1291 768 1362 igitur
817 1299 940 1362 post
969 1293 1330 1360 septenniqu
1380 1299 1434 1346 et
1467 1292 1718 1360 amplius
1756 1291 1972 1347 maleﬁ-

282 1378 388 1446 cio,
446 1394 562 1449 quo
620 1378 905 1435 naturalis
981 1380 1337 1451 legitimiquc
1381 1380 1707 1436 commercii
1767 1380 1975 1450 copula

282 1467 683 1536 rumpebatur,
742 1468 986 1523 nimium
1028 1469 1195 1538 plane
1245 1468 1383 1523 satis
1432 1468 1702 1524 credibile
1755 1477 1858 1535 est,
1911 1477 1973 1525 ut

281 1555 429 1611 sicut
453 1555 753 1626 praestigiis
770 1557 1020 1612 ocularis
1056 1557 1200 1613 ratio
1229 1557 1598 1626 pervertitur,
1634 1565 1698 1612 ut
1735 1557 1802 1612 de
1833 1556 1967 1612 nul-

281 1643 369 1710 lis,
403 1652 467 1700 ut
524 1644 606 1700 sic
636 1644 845 1712 dicam,
891 1645 1089 1716 aliqua
1125 1653 1180 1701 et
1240 1646 1309 1702 de
1342 1635 1490 1700 aliis
1535 1645 1648 1700 alia
1698 1645 1818 1701 fieri
1870 1659 1970 1715 per

281 1745 479 1803 magos
524 1733 862 1803 videantur;
924 1735 1002 1789 ita
1053 1735 1202 1789 vires
1249 1734 1577 1804 hujusmodi
1623 1748 1689 1789 ac
1726 1747 1970 1789 venerea

279 1819 576 1876 molimina
620 1821 800 1876 multo
849 1822 1057 1878 minori
1115 1822 1352 1877 artificio
1405 1822 1972 1892 confundanturgita

279 1908 431 1962 enim
485 1908 834 1978 populariter
877 1911 1165 1976 actitatur,
1209 1917 1274 1964 ut
1318 1911 1436 1980 jam
1466 1910 1538 1966 ab
1564 1910 1808 1966 rudibus
1833 1911 1971 1980 qui-

283 1995 508 2066 busque
536 1997 771 2054 sciatur.
811 1997 1081 2067 Cessatis,
1121 1998 1382 2069 inquam,
1418 2013 1519 2068 per
1547 2013 1725 2055 anum
1757 2012 1968 2068 quam-

281 2082 413 2138 dam
450 2083 559 2139 illis
594 2087 787 2155 pravis
817 2086 1060 2154 artibus,
1090 2101 1157 2142 ea
1208 2086 1318 2142 fide
1353 2087 1737 2143 thalamorum
1786 2087 1971 2143 ofﬁcio

286 2171 619 2238 deservivit,
668 2187 787 2244 qua
831 2175 1118 2231 diutinam
1177 2175 1464 2246 virginem
1522 2177 1631 2231 sub
1677 2184 1970 2231 tantarum

281 2256 850 2317 animadversionum
892 2263 1214 2332 pulsatione
1240 2264 1510 2319 servavit.
1567 2264 1724 2319 Felix
1767 2278 1972 2333 nempe

280 2345 420 2403 alias
447 2348 501 2404 in
527 2363 595 2406 eo
624 2364 682 2404 se
710 2350 946 2406 infinitae
977 2365 1090 2406 non
1119 2359 1234 2406 tam
1282 2350 1524 2407 miseriae
1571 2366 1749 2422 quam
1799 2353 1972 2408 mise-

281 2435 555 2492 rabilitati
585 2437 826 2500 addixit,
860 2439 1016 2509 quod
1061 2447 1200 2495 tunc
1244 2439 1414 2508 bona,
1447 2447 1501 2495 et
1555 2440 1734 2495 multo
1788 2442 1972 2511 magis

279 2525 640 2592 postmodum
669 2527 817 2581 bona
863 2541 1084 2596 semper
1114 2527 1352 2594 malum,
1383 2535 1438 2584 et
1469 2529 1686 2598 meipso
1729 2529 1969 2585 deterio-

280 2625 397 2668 rem
447 2627 674 2683 semper
713 2614 976 2670 ediderit.
1033 2615 1120 2670 Tu
1157 2615 1266 2671 scis
1307 2624 1517 2686 tamen,
1575 2616 1969 2687 Omnipotens,

279 2715 457 2769 quam
490 2716 650 2770 pure,
685 2716 862 2772 quam
892 2711 1086 2759 sancte
1113 2704 1431 2760 secundum
1493 2712 1545 2760 te
1575 2720 1664 2761 me
1694 2707 1972 2762 educave-

281 2788 373 2855 rit,
406 2797 656 2858 quantas
685 2790 1021 2859 gerulorum
1064 2793 1123 2847 in
1165 2792 1430 2863 infantia,
1461 2801 1712 2863 quantas
1759 2809 1970 2863 puere-

1171 195 1230 248 V.
1273 193 1608 251 GUIBERTI
1645 192 1937 249 ABBATIS
1974 195 2031 250 ὃ.
2073 194 2316 250 ΜΑΗΙΑΞ
2355 194 2444 248 DE
2484 193 2876 251 NOVIGENTO
2947 247 2955 254 .

3677 195 3791 250 860

2715 324 2949 380 CAPUT
2991 323 3149 380 XIII.

2157 410 2271 466 Pia
2301 409 2509 466 matris
2549 411 2814 467 Guiberti
2846 411 3138 467 exercitia.
3193 443 3260 452 -
3319 413 3421 469 His
3465 427 3565 483 per
3607 427 3787 469 occu-

2086 500 2375 569 pationem
2405 500 2570 555 dictis
2626 501 2698 555 ad
2746 500 2946 569 aliqua
2997 508 3149 557 retro
3207 501 3418 556 omissa
3457 501 3784 558 redeamus.

2086 589 2250 655 Huic,
2304 590 2564 658 inquam,
2624 587 2848 644 feminae
2904 589 3052 645 inter
3102 590 3315 644 saecqu
3377 590 3775 653 serviendum,

2085 675 2185 731 Dci
2229 676 2477 732 nominis
2512 676 2889 731 reverentiam
2945 690 3120 746 super
3150 676 3402 732 adfuisse
3448 676 3783 742 didicimus,

2085 765 2142 819 in
2175 770 2420 831 tantum,
2453 763 2598 818 utin
2627 763 2902 834 obsequio
2947 764 3341 830 ecclesiarum,
3390 765 3447 819 in
3503 763 3789 820 beneﬁcio

2081 866 2425 922 pauperum,
2461 851 2518 906 in
2564 851 2850 907 oblatione
2897 851 3312 908 sacrificiorum
3348 852 3432 907 sic
3462 867 3520 908 se
3561 859 3784 922 ageret,

2082 948 2148 996 ut
2201 939 2544 996 venerabilis
2589 940 2858 995 omnibus
2914 939 3098 995 esset?
3138 940 3243 995 Sed
3301 939 3416 995 scio
3448 939 3587 1010 quia
3612 940 3784 1008 pari-

2083 1033 2168 1081 ter
2197 1027 2335 1082 mibi
2363 1027 2572 1083 exinde
2614 1028 2866 1098 plurima
2895 1028 3237 1084 adhibendze
3285 1028 3413 1083 fidei
3443 1027 3785 1091 difﬁcultas,

2083 1129 2261 1186 quam
2294 1115 2643 1185 praecludere
2685 1115 2996 1183 videbitur,
3041 1124 3344 1185 suspecta},
3403 1123 3467 1172 ut
3512 1124 3781 1185 putatur,

2083 1203 2274 1260 laudis
2303 1203 2576 1259 affinitas.
2610 1205 2664 1259 Si
2696 1211 2936 1260 matrem
2985 1203 3262 1268 attollere,
3307 1211 3472 1259 caute
3498 1217 3564 1258 ac
3609 1204 3785 1260 falla-

2082 1293 2221 1348 citer
2268 1291 2513 1362 seipsam
2547 1291 2820 1348 extulisse
2851 1291 3097 1358 videtur,
3153 1299 3223 1357 te,
3282 1292 3451 1354 Deus,
3508 1292 3608 1362 qui
3651 1293 3788 1362 ejus

2081 1380 2334 1435 animam
2401 1387 2466 1436 ut
2514 1380 2871 1435 inhabitator
2937 1377 3134 1447 nosti,
3195 1387 3392 1435 testem
3431 1379 3784 1448 compellare

2081 1484 2385 1538 praesumo,
2415 1469 2759 1525 omnimodis
2788 1468 3087 1535 excellere,
3118 1467 3272 1538 quod
3309 1475 3392 1523 est
3422 1467 3588 1533 illud,
3615 1468 3779 1538 quod

2081 1556 2308 1613 dicitur.
2371 1558 2440 1612 Et
2515 1564 2665 1612 certe
2724 1571 2857 1612 cum
2925 1556 3052 1612 luce
3100 1555 3316 1611 clarius
3365 1563 3556 1626 pateat
3596 1557 3780 1611 vitam

2078 1658 2263 1700 meam
2289 1659 2324 1699 a
2365 1645 2648 1701 bonorum
2678 1645 2938 1700 omnium
2988 1643 3320 1699 exorbitare
3377 1643 3656 1714 vestigiis,
3725 1651 3780 1700 et

2078 1733 2268 1788 studia
2320 1747 2542 1802 semper
2588 1747 2714 1788 mea
2773 1733 3014 1789 sensatis
3061 1733 3334 1788 omnibus
3392 1732 3602 1801 probro
3631 1746 3776 1800 esse,

2078 1821 2218 1891 quid
2247 1821 2388 1876 mihi
2422 1821 2669 1890 proderit
2701 1830 2802 1876 aut
2822 1821 3044 1890 paterni
3075 1834 3176 1876 seu
3207 1819 3347 1875 aviti
3376 1819 3629 1875 nominis
3655 1834 3777 1875 ma-

2078 1909 2342 1979 gnitudo,
2378 1908 2474 1964 ubi
2519 1909 2589 1963 de
2636 1909 2793 1976 prole
2844 1909 3170 1964 miserrima
3214 1915 3331 1964 tota
3389 1908 3781 1964 coarctabitur

2078 1996 2360 2052 latitudo?
2417 1998 2487 2052 Et
2542 1995 2644 2066 qui
2700 1997 2769 2052 ad
2812 2010 3010 2052 eorum
3069 2010 3256 2051 mores
3308 1995 3470 2051 nulla
3515 1995 3781 2051 volunta-

2081 2084 2150 2140 tis
2205 2093 2259 2140 et
2316 2092 2479 2140 actus
2534 2085 3058 2154 contemperatione
3126 2098 3419 2155 regenero,
3483 2083 3558 2139 ad
3627 2085 3775 2140 infa-

2078 2173 2206 2228 miae
2254 2173 2654 2243 superequitat
2701 2173 2941 2241 malum,
2997 2173 3044 2228 si
3097 2187 3295 2229 eorum
3361 2172 3502 2228 mibi
3579 2173 3782 2230 laudes

2079 2260 2321 2316 ascribo.

2152 2349 2398 2404 Maritus
2450 2348 2597 2403 bello
2647 2349 2899 2420 capitur.
2956 2378 3030 2390 —
3061 2349 3209 2405 Huic
3266 2349 3466 2420 igitur,
3496 2350 3638 2406 dum
3671 2350 3780 2406 sub

2077 2437 2284 2492 marito
2317 2437 2508 2492 adhuc
2559 2437 2876 2507 juvencula
2908 2446 3120 2508 ageret,
3168 2437 3279 2493 tale
3337 2437 3479 2508 quid
3512 2437 3778 2508 contigit,

2079 2527 2233 2596 quod
2268 2541 2383 2582 non
2416 2527 2722 2583 minimum
2767 2526 3132 2583 correctionis
3157 2527 3210 2582 'ei
3255 2526 3384 2582 vitae
3414 2527 3780 2584 incentivum

2077 2614 2358 2685 praestitit.
2422 2614 2628 2670 Franci
2660 2615 2888 2670 Henrici
2942 2616 3092 2685 regis
3122 2622 3372 2683 tempore
3400 2629 3534 2670 cum
3567 2615 3782 2671 North-

2077 2702 2266 2758 manis
2295 2711 2348 2759 et
2377 2717 2573 2759 eorum
2625 2703 2830 2758 comite
2871 2702 3194 2769 Guillelmo,
3230 2703 3332 2773 qui
3379 2702 3601 2774 Anglos
3640 2712 3783 2773 post-

2077 2792 2312 2847 modum
2377 2791 2626 2862 subegit,
2685 2798 2740 2846 et
2810 2791 3020 2856 Scotos,
3047 2791 3229 2847 multa
3275 2792 3783 2848 animadversione

279 2872 457 2928 scenti
485 2874 704 2943 pusiolo
753 2875 894 2931 mihi
929 2877 1376 2948 paedagogorum
1433 2893 1500 2934 ac
1558 2880 1967 2949 magistrorum
2006 2890 2048 2947 c
2076 2880 2393 2946 certabant,
2428 2879 2486 2934 in
2533 2894 2651 2949 quo
2681 2880 2867 2950 gentis
2900 2879 3208 2950 utriusque
3236 2894 3523 2936 concursu
3554 2889 3782 2950 patrem

277 2975 450 3017 curas
499 2962 847 3031 adhibuerit,
915 2980 1046 3020 cum
1099 2980 1215 3021 non
1264 2967 1436 3022 etiam
1472 2982 1572 3036 pro
1622 2968 1966 3037 corpusculo

279 3050 525 3106 vestium
582 3065 789 3121 pompa
839 3052 1104 3122 defuerit,
1167 3062 1230 3110 ut
1285 3056 1472 3125 regios
1525 3063 1627 3112 aut
1674 3057 1968 3112 comitivos

279 3152 488 3207 pueros
517 3139 810 3210 obsequiis
846 3142 1210 3212 aequiparare
1239 3144 1485 3200 viderer.
1522 3145 1636 3200 Nec
1664 3145 1789 3211 soli,
1849 3147 1966 3200 Do-

279 3225 454 3293 mine,
515 3228 686 3283 matri
719 3229 1044 3286 contuleras
1095 3232 1252 3287 hunc
1289 3231 1577 3301 affectum,
1627 3233 1725 3289 sed
1755 3242 1810 3290 et
1841 3234 1968 3288 aliis

278 3314 582 3373 ditioribus
616 3317 794 3373 multo
819 3319 1073 3388 personis
1103 3328 1165 3376 tu
1197 3321 1564 3388 instinxeras,
1594 3329 1656 3377 ut
1685 3336 1801 3378 non
1851 3330 1964 3378 tam

278 3415 378 3472 pro
447 3406 968 3477 consanguinitatis
1048 3409 1485 3475 necessitudine,
1552 3424 1730 3480 quam
1789 3425 1968 3468 causa

278 3491 478 3560 gratiae
521 3493 592 3548 ad
642 3494 746 3549 hoc
774 3508 810 3550 a
863 3501 916 3550 te
955 3495 1096 3550 mihi
1151 3497 1436 3566 prastitae,
1469 3497 1692 3554 cultum
1744 3498 1885 3555 mihi
1913 3506 1969 3556 et

278 3581 604 3637 nutrituras
627 3581 700 3637 im
712 3583 1042 3652 penderent.
1657 3579 1670 3599 ‘

347 3668 519 3736 Deus,
542 3677 606 3726 tu
635 3672 744 3727 scis
773 3680 994 3742 quanta
1010 3673 1247 3739 monita,
1279 3683 1529 3744 quantas
1560 3676 1802 3732 auribus
1830 3679 1969 3734 meis

280 3771 475 3826 preces
529 3760 785 3828 quotidie
863 3760 1212 3829 instillabat,
1269 3777 1341 3817 ne
1387 3769 1540 3817 460
1582 3766 1970 3836 corruptionis

277 3845 603 3914 cujuspiam
655 3847 832 3903 verba
887 3848 1256 3918 susciperem.
1317 3851 1578 3918 Docebat,
1637 3851 1860 3921 quoties
1934 3866 1970 3907 a

276 3932 433 3986 curis
490 3932 876 3989 familiaribus
931 3934 1179 3991 solitudo
1234 3937 1496 4004 vacabat,
1549 3939 1858 4007 quomodo,
1913 3946 1969 3994 et

277 4033 452 4088 super
503 4020 718 4090 quibus
767 4030 818 4076 te
878 4036 1044 4079 orare
1102 4024 1388 4081 deberem.
1445 4027 1530 4082 Tu
1590 4027 1738 4082 nosti
1813 4026 1970 4083 solus

279 4107 512 4177 quantis
542 4109 856 4179 angoribus
911 4113 1254 4180 parturibat,
1315 4129 1384 4170 ne
1415 4114 1580 4170 initia
1635 4115 1968 4171 florentissi-

278 4207 385 4250 mae
414 4209 482 4251 ac
523 4197 866 4266 spectabilis,
918 4214 1094 4270 quam
1137 4209 1198 4257 tu
1229 4202 1486 4269 dederas,
1521 4203 1788 4269 tetatulze,
1845 4204 1969 4259 ani-
2008 4188 2052 4242 Ι)

278 4297 408 4339 mus
453 4285 600 4340 male
657 4300 834 4342 sanus
893 4302 1035 4344 sana
1091 4298 1459 4359 perverteret.
1544 4291 1672 4346 Voti
1721 4290 1849 4362 ejus
1906 4299 1969 4348 tu

278 4371 510 4440 feceras,
547 4381 611 4429 ut
653 4375 724 4430 ad
778 4382 829 4430 te
881 4377 1270 4434 indesinenter
1299 4386 1624 4447 aestuarem,
1680 4388 1970 4450 quatenus

277 4469 578 4531 prastares
612 4463 896 4520 internam
927 4465 1116 4522 decori
1144 4466 1224 4521 illi
1274 4481 1398 4522 meo
1427 4476 1663 4524 externo
1693 4469 1968 4526 virtutem

276 4563 654 4620 summopere,
689 4560 789 4608 aut
821 4555 1182 4623 sapientiam.
1216 4556 1306 4619 Et,
1357 4556 1502 4612 bone
1533 4556 1789 4625 Domine,
1822 4557 1969 4614 bone

275 4639 446 4707 Deus,
505 4642 551 4696 si
630 4648 768 4697 tunc
812 4643 1101 4711 prmsciret
1142 4653 1360 4713 quanto
1424 4645 1678 4701 sordium
1735 4646 1968 4702 cumulo

276 4726 691 4785 obliteraturus
719 4745 878 4786 eram
920 4731 1098 4786 bonas
1128 4731 1255 4787 illas
1283 4733 1568 4790 donorum
1601 4743 1838 4792 tuorum
1869 4749 1967 4791 su-

276 4816 553 4885 perﬁcies,
609 4818 823 4886 quibus
896 4833 984 4874 me
1053 4819 1152 4874 illa
1221 4820 1561 4890 impetrante
1634 4837 1965 4890 ornaveras,

275 4904 416 4973 quid
468 4905 738 4960 dictura?
795 4906 941 4970 Quid
988 4909 1231 4963 actura?
1282 4909 1463 4976 Quam
1515 4912 1970 4968 irremedtabiles

275 4992 867 5063 gemitusemissura‘?
904 4994 1085 5062 Quam
1135 4999 1350 5054 mentis
1396 4999 1829 5056 dilacerationes
1881 5001 1968 5056 in-

273 5095 520 5137 cursura
586 5087 760 5137 esset!
827 5081 1052 5140 Gratias
1113 5083 1234 5152 tibi,
1291 5085 1479 5141 dulcis
1534 5095 1590 5142 et
1671 5088 1970 5151 moderate

275 5168 594 5238 dispositor,
655 5191 676 5218 ι
729 5169 830 5240 qui
894 5171 1113 5228 finxisti
1157 5172 1450 5243 sigillatim
1523 5174 1698 5229 corda
1773 5182 1971 5230 nostra

275 5257 461 5322 (Psal.
519 5271 696 5325 xxxu,
733 5262 834 5322 i5).
871 5281 899 5309 ››
941 5260 1114 5316 Plane
1162 5262 1208 5315 si
1266 5260 1579 5331 penetralia
1625 5263 1801 5317 animi
1856 5262 1970 5318 mei

275 5343 506 5399 mundis
541 5345 684 5401 adeo
715 5347 952 5418 indigna
968 5350 1367 5419 conspectibus
1399 5349 1814 5406 mundissimus
1842 5352 1970 5422 ejus

274 5431 479 5489 oculus
497 5431 815 5503 irrupisset,
851 5437 1110 5506 miror,si
1147 5437 1593 5494 illicoexanimis
1615 5453 1727 5495 non
1746 5439 1965 5497 fuisset.

2078 2983 2267 3024 meum
2298 2968 2424 3038 capi
2456 2967 2714 3038 contigit.
2765 2967 2947 3038 Cujus
2975 2968 3200 3024 comitis
3258 2969 3619 3024 consuetudo
3661 2969 3781 3024 fue~

2078 3063 2186 3124 rat,
2239 3064 2303 3111 ut
2358 3069 2664 3125 nunquam
2713 3056 2970 3125 captivos
3020 3071 3155 3112 suos
3201 3056 3270 3111 ad
3326 3056 3782 3126 redemptionem

2076 3152 2302 3216 cogeret
2330 3145 2426 3200 sed
2462 3151 2755 3214 perpetua,
2805 3145 2944 3200 dum
3003 3145 3364 3214 adviverent,
3408 3146 3660 3201 carceris
3705 3159 3785 3201 re-

2024 3254 2026 3256 ν
2073 3233 2358 3304 legatione
2409 3233 2727 3288 damnaret.
2759 3233 2919 3300 Quod
2953 3233 3053 3290 ubi
3102 3233 3343 3289 relatum
3375 3242 3460 3290 est
3516 3234 3779 3304 conjugi,

2075 3322 2322 3379 necdum
2351 3321 2503 3377 enim
2535 3329 2706 3376 natus
2735 3336 2914 3389 eram,
2964 3335 3070 3378 nec
3112 3321 3280 3393 longo
3333 3329 3458 3391 post
3526 3331 3783 3392 tempore

2077 3409 2182 3477 fui,
2217 3417 2271 3466 et
2327 3409 2450 3465 ideo
2506 3410 2706 3465 matris
2759 3410 3104 3480 supersedeo
3153 3410 3391 3476 nomini,
3461 3410 3782 3466 miserabili

2077 3512 2322 3554 maerore
2349 3499 2684 3555 examinata
2726 3497 2948 3565 defecit,
2998 3512 3030 3553 a
3073 3499 3199 3555 cibo
3227 3506 3488 3569 potuque
3537 3499 3775 3566 destitit,

2077 3600 2347 3642 somnum
2427 3587 2888 3657 desperatissima
2961 3587 3283 3643 sollicitudo
3370 3587 3500 3658 plus
3569 3587 3779 3644 vetuit.

2075 3675 2191 3731 Nec
2235 3676 2304 3729 de
2361 3674 2731 3730 multitudine
2806 3673 3213 3744 redemptionis
3269 3675 3327 3729 in
3376 3675 3502 3744 ejus
3581 3677 3784 3731 animo

2077 3777 2254 3820 causa
2308 3771 2448 3829 erat,
2506 3763 2601 3818 sed
2659 3763 2729 3818 de
2792 3763 3138 3820 irremeabili
3192 3764 3524 3833 captivitate
3573 3779 3785 3820 mmm-

2080 3853 2195 3908 bat.

2147 3941 2297 3997 Inde
2319 3938 2658 4010 gravissime
2698 3938 3034 4010 aﬂictatur.
3078 3940 3263 3996 νεπαι
3282 3956 3412 3994 eam
3439 3940 3680 3996 damon.
3709 3972 3781 3982 —

2078 4028 2339 4099 Cumque
2366 4028 2621 4098 ejusdem
2681 4028 2864 4083 noctis
2893 4028 3049 4084 fieret
3104 4028 3531 4098 intempestum,
3571 4039 3628 4086 et
3681 4031 3783 4086 illa

2079 4119 2254 4174 atroci
2289 4118 2578 4173 anxietate
2612 4116 2938 4186 plenissima
2967 4117 3262 4187 proprium
3304 4118 3494 4174 cubile
3535 4119 3779 4186 foveret,

2079 4207 2226 4264 sicut
2275 4206 2500 4261 diabolo
2541 4206 3115 4262 consuetudinarium
3171 4213 3275 4275 est,
3309 4215 3372 4263 ut
3412 4208 3781 4277 potissimum

2077 4296 2285 4352 animis
2312 4295 2544 4350 tristitia
2575 4295 2878 4350 maceratis
2927 4295 3252 4365 immergat,
3287 4296 3474 4351 subito
3511 4296 3782 4366 vigilanti

2078 4384 2157 4440 illi
2181 4384 2300 4454 ipse
2331 4383 2600 4439 inimicus
2630 4382 2914 4448 incubuit,
2938 4391 2992 4439 et
3023 4383 3364 4454 gravissimo
3393 4397 3537 4453 pene
3588 4399 3784 4454 usque

2076 4471 2148 4526 ad
2177 4468 2612 4525 exstinctionem
2649 4467 2900 4538 pondere
2946 4469 3231 4538 jacentem
3277 4469 3577 4539 oppressit.
3631 4469 3782 4526 Cum

2076 4558 2186 4615 sub
2217 4558 2324 4612 hac
2353 4556 2482 4627 ejus
2544 4556 2781 4626 spiritus
2815 4555 3202 4612 sutl‘ocaretur
3246 4558 3538 4628 angustia,
3568 4565 3627 4612 et
3657 4573 3786 4613 om-

2077 4647 2240 4702 nium
2292 4645 2686 4700 membrorum
2745 4659 2815 4699 ex
2846 4647 2964 4700 tota
3021 4644 3285 4701 libertate
3321 4653 3563 4712 careret,
3625 4648 3787 4703 vocis

2076 4743 2268 4792 autem
2298 4733 2623 4803 cujuspiam
2682 4733 2933 4788 sonitum
2977 4733 3312 4789 nullatenus
3357 4733 3619 4790 emittere
3663 4749 3788 4804 pos-

2075 4829 2177 4889 set,
2218 4821 2522 4890 solumque
2554 4819 2652 4876 Dei
2684 4827 2844 4874 muta
2874 4820 3125 4890 penitus,
3185 4822 3281 4877 sed
3315 4822 3534 4877 ratione
3575 4823 3779 4891 libera,

2077 4913 2505 4984 praestolaretur
2551 4911 2861 4978 auxilium,
2916 4926 3046 4968 ecce
3089 4926 3123 4967 a
3170 4912 3363 4968 lectuli
3411 4912 3540 4982 ejus
3597 4915 3785 4983 capite

2077 5002 2314 5073 quidam
2344 5000 2603 5072 spiritus,
2664 4999 2818 5056 haud
2863 4999 3108 5056 dubium
3139 5000 3282 5070 quin
3329 5001 3535 5068 bonus,
3572 5002 3659 5057 sic
3691 5005 3779 5058 in-

2077 5087 2325 5144 clamare
2377 5102 2491 5143 non
2555 5089 2748 5144 minus
2797 5085 3125 5149 aﬂectuosa.
3161 5102 3338 5158 quam
3387 5097 3587 5158 aperta
3645 5104 3780 5146 voce

2079 5176 2285 5246 coepit:
2320 5198 2340 5223 ι
2367 5174 2578 5232 Sancta
2614 5175 2813 5243 Maria,
2847 5174 3083 5245 adjuva.
3125 5197 3146 5223 ι
3182 5177 3248 5231 Ει
3276 5190 3411 5232 cum
3431 5176 3780 5246 aliquandiu

2076 5265 2158 5320 sic
2203 5264 2459 5330 dixisset,
2506 5271 2560 5319 et
2589 5264 2743 5334 quod
2794 5263 3095 5319 dicebatur
3151 5264 3316 5333 plene
3349 5264 3447 5318 illa
3492 5264 3778 5336 intellige-

2077 5361 2181 5416 ret,
2230 5353 2506 5408 sentiente
2566 5351 2664 5407 illa
2715 5366 2846 5422 quaa
2903 5359 3195 5422 tantopere
3250 5352 3593 5420 vexabatur,
3645 5369 3778 5410 eum

2077 5439 2285 5513 grandi
2344 5439 2843 5496 animadversione
2895 5440 3167 5510 erumpit.
3220 5440 3344 5507 Quo
3410 5451 3774 5511 erumpente,
