3902 6082
130 235 232 290 861

1260 234 1351 289 DE
1388 233 1548 288 νιΤΑ
1587 233 1724 290 SUA
1762 232 1952 290 LIBRI
1992 233 2190 290 TRES.
2220 263 2288 272 —
2321 232 2452 288 LIB.
2494 233 2537 288 Ι.

3533 237 3639 291 862

129 364 228 421 ille
262 365 364 436 qui
414 364 784 422 incumbebat
819 364 1089 435 assurgit,
1135 378 1309 435 quem
1365 363 1459 420 ille
1489 364 1693 420 obvius
1723 377 1830 434 ap-
1867 374 1916 428 Α
1940 372 2174 434 repetet,
2238 363 2492 432 Domine,
2553 363 2709 434 apud
2764 377 2855 420 me
2893 363 3239 433 Hymenaus
3289 363 3496 432 officia,
3528 367 3641 422 nisi

128 453 453 522 prehendit,
502 461 557 509 et
610 461 804 523 utpote
851 466 924 508 ex
994 453 1105 509 Deo
1146 452 1434 509 violentus
1489 467 1622 508 cum
1673 460 1829 508 tanto

126 542 358 614 fragore
405 542 710 607 subvertit,
782 549 844 596 ut
905 542 1156 610 impulsu
1215 541 1470 611 graviter
1542 555 1829 596 cameram

127 631 446 700 quatiente,
493 629 736 686 asseclas
786 643 984 698 sopore
1040 630 1337 698 depressas
1381 629 1686 684 insolenter
1736 630 1832 684 ni-

127 718 242 774 mis
274 719 510 774 exciret.
545 719 644 774 Illo
688 718 868 788 igitur
895 718 977 773 sic
1013 718 1226 773 divinis
1257 717 1571 773 virtutibus
1625 725 1834 772 extur-

129 805 290 873 bato,
341 806 471 874 pius
515 807 635 876 ipse
678 805 916 875 spiritus
960 805 1060 874 qui
1111 805 1350 861 Mariam
1401 804 1748 860 clamaverat
1779 811 1833 860 et

130 894 448 949 daemonem
479 893 793 964 pepulerat,
825 907 1139 948 conversus
1166 893 1238 948 ad
1268 907 1396 948 eam
1455 907 1632 963 quam
1659 907 1834 948 erue-

130 989 225 1036 rat
257 997 268 1035 :
303 1004 323 1030 ι
359 981 512 1048 Vide,
571 982 777 1051 inquit,
815 989 876 1036 ut
907 983 982 1035 sis
1014 981 1163 1036 bona
1213 980 1441 1037 femina.
1479 1003 1498 1029 ι
1539 983 1612 1037 At
1643 981 1834 1051 pedis-

130 1083 326 1139 sequa
366 1070 608 1139 strepitu
656 1071 952 1139 repentino
1017 1069 1291 1136 attonita,
1326 1069 1573 1140 qualiter
1621 1083 1729 1126 sua
1777 1083 1836 1125 se

131 1158 372 1215 haberet
397 1159 630 1213 domina
672 1159 866 1213 videre
896 1167 1275 1228 consurgunt,
1320 1172 1498 1229 quam
1539 1158 1834 1214 moribun-

132 1247 267 1301 dam
299 1246 582 1317 exsangui
616 1246 805 1312 vultu,
830 1253 885 1301 et
919 1246 1096 1301 totius
1115 1246 1441 1315 corpusculi
1474 1246 1696 1302 viribus
1713 1259 1838 1316 pro-

133 1334 350 1405 ﬂigatis
390 1334 721 1402 inveniunt;
754 1335 824 1389 de
871 1334 1063 1390 sonitu
1111 1334 1494 1402 sciscitantur,
1547 1343 1600 1390 et
1651 1335 1724 1390 ab
1768 1348 1836 1390 ea

135 1423 288 1478 illico
319 1435 522 1478 causas
550 1422 817 1488 audiunt,
851 1421 1021 1491 cujus
1067 1420 1163 1476 vix
1193 1422 1459 1491 spiritum
1493 1429 1547 1476 et
1580 1435 1834 1492 prasen-

134 1511 237 1577 tia,
283 1518 338 1566 et
391 1509 871 1576 confabulatione,
925 1516 978 1564 et
1013 1508 1346 1564 accensionc
1400 1508 1636 1564 luminis
1690 1507 1836 1564 refo-

134 1613 274 1654 vere
307 1607 548 1668 queunt.

1938 467 1998 508 se
2057 453 2206 508 ultro
2255 453 2394 509 mihi
2441 452 2752 510 obtulerint
2813 452 3108 508 nobilioris
3154 453 3335 510 multo
3383 468 3641 525 persona

1938 541 2248 597 connubia.
2274 542 2488 598 Idcirco
2540 549 2732 598 autem
2788 548 2960 597 cauta
2997 540 3089 596 illa
3121 541 3327 597 mulier
3357 542 3425 598 de
3484 543 3643 598 nobi-

1940 630 2079 686 liore
2106 638 2190 686 est
2219 632 2504 687 sortiendo
2535 631 2745 698 locuta,
2796 645 2927 686 cum
2961 630 3128 685 sciret
3163 631 3260 684 vix
3315 638 3416 686 aut
3446 631 3641 686 nulla-

1941 727 2108 775 tenus
2156 733 2314 788 posse
2370 720 2718 791 contingere,
2749 728 2809 775 ut
2839 734 2970 774 cum
3000 719 3092 774 ille
3129 733 3336 774 nomen
3395 718 3642 774 nobilio-

1940 807 2020 863 ris
2063 807 2338 874 horreret,
2389 808 2484 864 illa
2527 810 2800 864 continuo
2851 807 3142 864 nobilibus
3190 821 3257 863 ac
3291 807 3642 877 ignobilibus

1942 896 2281 966 generaliter
2313 897 2646 966 reprobatis,
2701 912 2858 967 spem
2890 897 2997 952 sibi
3027 897 3292 952 secunda
3349 911 3468 952 sua
3501 911 3643 951 con—

1936 984 2254 1055 jugationis
2281 985 2574 1040 adimeret.
2609 987 2750 1041 Cum
2784 987 2962 1056 igitur
2989 985 3079 1040 ille
3111 998 3337 1054 magna
3359 984 3642 1053 superbia

1943 1073 2098 1143 quod
2143 1073 2212 1127 de
2253 1073 2526 1128 nobiliore
2583 1074 2827 1140 dixerat,
2889 1073 3263 1142 ascripsisset,
3313 1072 3410 1126 illa
3448 1072 3644 1127 subin-

1941 1159 2074 1216 tulit
2106 1161 2302 1216 :Certe
2334 1170 2433 1216 aut
2491 1161 2845 1229 nobiliorem,
2887 1169 2988 1217 aut
3018 1162 3265 1217 nullum.
3316 1160 3644 1230 lntelligens

1945 1248 2039 1305 ille
2081 1263 2198 1318 qua
2260 1249 2572 1305 intentione
2633 1259 2894 1305 matrona
2955 1249 3274 1312 dissereret,
3327 1247 3564 1304 descivit
3610 1263 3644 1303 a

1944 1345 2146 1406 capto,
2169 1344 2223 1393 et
2251 1337 2441 1393 denuo
2467 1338 2539 1394 ab
2561 1353 2629 1394 ea
2659 1339 2738 1393 nil
2771 1339 2880 1394 tale
2911 1338 3196 1407 quasivit.

2016 1424 2201 1494 Igitur
2231 1423 2338 1479 sub
2391 1423 2638 1493 plurimo
2682 1424 2779 1479 Dei
2829 1425 3050 1492 timore,
3080 1439 3182 1479 nec
3233 1423 3438 1478 minori
3471 1422 3644 1477 totius

1945 1511 2238 1567 affinitatis
2281 1520 2336 1567 et
2377 1513 2627 1567 maxime
2680 1527 2872 1583 egena
2914 1526 3122 1568 manus
3169 1525 3383 1577 amore,
3430 1509 3644 1566 femina

1946 1602 2200 1671 prudens
2240 1616 2342 1656 nos
2399 1609 2452 1657 et
2502 1610 2697 1656 nostra
2743 1601 2998 1671 regebat,
3040 1600 3206 1656 fidem
3237 1614 3415 1669 quam
3476 1598 3645 1654 advi-

211 1664 358 1740 Curiz
383 1702 602 1740 annum
645 1686 839 1756 ageret
870 1683 1196 1752 Guibertua,
1241 1683 1379 1739 obiit
1422 1690 1608 1756 pater.
1639 1713 1710 1726 —
1739 1683 1835 1740 Ul-
1877 1664 1919 1719 Β
1947 1664 2100 1746 venti
2163 1690 2370 1746 marito
2421 1697 2772 1750 servaverat,
2807 1664 3270 1758 “consequenter—
3315 1695 3370 1742 et
3438 1687 3647 1742 anima

133 1778 280 1833 tima
316 1791 452 1847 ergo
477 1776 568 1830 sui
613 1774 932 1830 liberatoris
974 1774 1166 1840 verba,
1205 1774 1315 1830 imo
1344 1788 1443 1844 per
1479 1782 1645 1830 tuum
1678 1788 1838 1829 nun-

132 1865 284 1921 tium
311 1873 430 1931 tua,
492 1864 730 1920 Domine
777 1863 945 1930 Deus,
998 1863 1206 1918 mulier
1253 1863 1349 1918 illa
1402 1863 1674 1930 retinens,
1708 1876 1835 1932 per-

136 1963 313 2024 petua
362 1952 616 2008 condidit
671 1951 964 2018 memoria,
997 1959 1053 2007 et
1083 1951 1141 2004 in
1189 1950 1506 2020 plurimum
1546 1950 1835 2018 affectum,

137 2042 186 2097 si
240 2041 482 2096 facultas
510 2046 854 2110 suppeteret,
915 2040 1028 2094 Deo
1077 2039 1134 2094 in
1186 2047 1476 2108 posterum
1536 2047 1840 2109 praestante

136 2129 404 2185 ducenda
448 2129 714 2184 servavit.
759 2127 926 2183 Obita
956 2127 1134 2197 igitur
1187 2135 1366 2182 morte
1416 2127 1658 2196 parenti,
1705 2141 1839 2182 cum

139 2214 320 2271 multo
350 2215 542 2271 adhuc
571 2215 762 2270 carnis
806 2223 860 2270 et
909 2215 1106 2270 vultus
1159 2214 1459 2284 splendore
1512 2215 1734 2282 niteret,
1786 2219 1842 2270 et

136 2319 244 2374 ego
274 2319 494 2360 annum
539 2304 712 2359 ferme
745 2311 917 2358 natus
947 2303 1250 2358 dimidium
1300 2303 1456 2359 solus
1488 2304 1536 2359 ei
1567 2304 1840 2359 sollicitu-

138 2391 292 2448 dinis
349 2406 555 2448 causas
601 2392 818 2458 darem,
880 2391 949 2446 de
997 2391 1278 2447 viduitate
1331 2391 1676 2446 continenda
1707 2405 1840 2460 pro-

141 2481 365 2550 posuit;
398 2480 455 2536 in
489 2495 606 2550 qua
637 2489 860 2550 quanta
905 2479 1210 2535 vivacitate
1237 2494 1296 2535 se
1327 2480 1557 2544 rexerit,
1621 2488 1842 2549 quanta

140 2569 432 2624 modestia
480 2568 743 2637 exempla
803 2568 1130 2637 prabuerit,
1163 2581 1236 2623 ex
1268 2567 1375 2622 hoc
1431 2581 1547 2622 uno
1585 2567 1842 2637 subjecto

139 2656 347 2728 conjici
383 2664 596 2727 potest:
649 2661 802 2710 410
852 2656 1006 2726 quod
1049 2670 1183 2711 cum
1216 2663 1478 2725 parentes
1508 2655 1616 2712 mei
1664 2656 1842 2724 patris

141 2746 252 2800 mei
313 2745 718 2801 beneficiorum
781 2746 1321 2814 possessionumque
1349 2743 1563 2811 amuli,
1595 2758 1662 2798 ea
1717 2759 1838 2798 om-

141 2833 260 2901 nia,
295 2841 476 2889 matre
509 2835 766 2901 exclusa,
821 2833 1078 2890 obtinere
1111 2834 1449 2900 niterentur,
1483 2846 1671 2888 causa
1701 2831 1835 2887 acti-

141 2922 332 2977 tanda
361 2922 706 2978 constituere
736 2921 904 2976 diem.

217 3008 346 3063 Dies
384 3007 567 3074 affuit,
628 3016 682 3063 et
719 3021 983 3078 proceres
1035 3007 1190 3062 circa
1247 3021 1476 3062 omnem
1534 3005 1720 3062 acturi
1743 3005 1843 3076 ju-

141 3097 357 3153 stitiam
390 3096 772 3152 considerant.
807 3095 986 3151 Mater
1011 3095 1079 3150 de
1107 3109 1305 3150 eorum
1339 3095 1838 3165 cupidissimis.....

138 3185 240 3256 [λη
289 3185 464 3253 certa]
523 3184 825 3240 conatibus
886 3184 944 3238 in
1000 3182 1297 3239 ecclesiam
1358 3191 1730 3250 concesserat,
1789 3190 1845 3238 et

139 3279 277 3328 ante
308 3271 530 3327 Domini
577 3271 838 3327 crucifixi
874 3271 1181 3341 imaginem
1225 3271 1430 3327 debita
1461 3285 1678 3328 memor
1709 3285 1843 3327 ora—

140 3360 318 3416 tionis
372 3359 611 3414 astabat.
659 3359 742 3414 Ad
776 3372 953 3428 quam
1010 3372 1142 3414 cum
1170 3372 1324 3414 unus
1354 3358 1423 3414 de
1450 3358 1590 3413 meis
1620 3373 1655 3413 a
1685 3365 1845 3426 patre

141 3447 503 3520 parentibus,
533 3447 731 3503 eadem
758 3461 889 3516 qua
941 3446 1036 3502 alii
1079 3445 1354 3516 sentiens,
1385 3454 1442 3502 et
1470 3445 1543 3501 ab
1572 3445 1653 3501 eis
1689 3445 1847 3501 dire-

140 3545 274 3593 ctus
303 3536 568 3602 venisset,
602 3543 656 3590 et
699 3543 762 3590 ut
819 3535 890 3590 ad
925 3534 1070 3598 illos,
1123 3534 1223 3604 qui
1254 3548 1379 3590 eam
1429 3533 1848 3604 prastolaban-

141 3635 265 3691 tur,
321 3625 633 3691 accederet,
681 3623 969 3694 judicium
1013 3637 1216 3679 eorum
1273 3622 1549 3679 auditura
1595 3629 1845 3692 rogaret,

142 3715 246 3771 illa
303 3713 538 3768 intulit:
579 3734 599 3761 ι
657 3711 840 3782 Super
890 3712 1017 3779 hac,
1079 3711 1287 3781 inquit,
1349 3725 1408 3766 re
1465 3710 1693 3766 nonnisi
1735 3711 1848 3766 sub

143 3801 450 3873 prasentia
501 3800 727 3856 Domini
765 3801 877 3855 mei
918 3812 1111 3870 agam.
1144 3821 1164 3847 ι
1203 3800 1271 3854 Ει
1303 3798 1412 3866 ille,
1446 3820 1473 3847 «
1506 3799 1698 3867 cujus,
1743 3797 1842 3864 ait,

143 3889 403 3946 domini?
449 3911 477 3938 »
509 3889 580 3944 Et
627 3889 698 3944 ad
747 3889 1056 3960 imaginem
1116 3886 1380 3944 crucifixi
1415 3885 1643 3943 Domini
1701 3899 1847 3956 pra-

143 3986 311 4033 tensa
369 3990 585 4032 manu:
658 3997 686 4025 «
750 3977 869 4044 Hic,
942 3974 1153 4046 inquit,
1211 3984 1294 4030 est
1351 3974 1695 4030 Dominus.»
1750 3973 1849 4029 His

145 4065 383 4132 auditis,
419 4089 438 4114 ι
477 4066 568 4122 hic
594 4066 731 4122 mihi
765 4065 1095 4121 causidicus
1124 4064 1232 4120 sub
1265 4079 1379 4135 quo
1415 4077 1606 4134 agam.
1637 4085 1656 4112 ι
1693 4063 1848 4118 Eru-

145 4155 281 4211 buit
309 4154 457 4210 dicto
485 4155 595 4222 ille,
641 4162 697 4209 et
727 4163 788 4210 ut
835 4161 958 4210 erat
1015 4167 1130 4210 non
1171 4153 1473 4208 minimum
1509 4151 1845 4222 versipellis,

1947 1779 2162 1849 duplici
2194 1786 2389 1835 tenore
2423 1779 2656 1842 ferebat,
2690 1779 2828 1833 dum
2861 1785 2916 1832 et
2952 1776 3205 1846 corporis
3236 1783 3479 1832 veterem
3513 1775 3646 1831 uni-

1948 1874 2121 1923 tatem
2153 1867 2592 1922 subintroducta
2643 1865 2822 1920 altera
2853 1879 3042 1932 carne,
3079 1879 3144 1920 eo
3178 1864 3498 1930 decedente,
3532 1877 3647 1918 non

1947 1953 2168 2021 dividit,
2221 1961 2274 2008 et
2331 1952 2672 2022 quotidiana
2729 1967 2870 2021 pene
2908 1951 3220 2006 salutifera
3261 1951 3458 2006 hostia
3489 1950 3647 2006 obla-

1948 2041 2100 2096 tione
2132 2041 2236 2109 ipsi
2263 2039 2573 2094 subvenire
2599 2039 2905 2094 contendit.
2943 2039 3009 2092 Et
3037 2053 3168 2093 cum
3195 2037 3467 2093 omnibus
3499 2051 3648 2106 pau—

1948 2128 2182 2199 peribus
2228 2127 2573 2199 generaliter
2629 2133 2775 2182 esset
2821 2126 3084 2193 affabilis,
3146 2125 3496 2196 quibusdam
3544 2138 3648 2194 pro

1946 2217 2216 2273 facultate
2274 2215 2456 2271 multa
2491 2215 2676 2271 fuerat
2735 2215 3097 2270 miseratione
3137 2214 3389 2270 benefica
3458 2221 3512 2268 et
3555 2212 3652 2268 da-

1949 2305 2126 2376 psilis.
2161 2307 2527 2360 Peccatorum
2576 2305 2730 2359 enim
2760 2317 2999 2359 suorum
3035 2301 3312 2359 memoria
3359 2308 3651 2370 tantopere

1946 2394 2268 2464 angebatur
2311 2407 2390 2448 ac
2425 2393 2468 2448 si
2512 2391 2796 2448 universis
2836 2391 3064 2446 addicta
3119 2391 3394 2460 nequitiis
3450 2403 3652 2460 poenas

1947 2483 2204 2537 omnium
2239 2497 2370 2551 qua
2398 2489 2686 2552 geruntur
2738 2480 3022 2535 malorum
3053 2479 3300 2535 incidere
3326 2486 3643 2534 vereretur.

1949 2572 2013 2626 In
2066 2570 2392 2640 frugalitate
2441 2569 2605 2638 plane
2651 2569 2793 2624 nihil
2831 2576 3069 2638 poterat,
3101 2581 3232 2622 cum
3279 2564 3651 2622 teneritudini

1949 2658 2178 2728 ejus'et
2227 2658 2358 2714 usui
2404 2657 2633 2713 lautiori
2683 2658 3086 2712 alimentorum
3141 2653 3496 2724 parcimonia
3544 2652 3650 2706 mi-

1951 2746 2104 2802 nime
2153 2747 2497 2802 conveniret.
2551 2746 2635 2800 Ad
2685 2745 2826 2800 alias
2855 2747 3089 2799 omnino
3140 2740 3565 2812 inopinabiliter
3594 2755 3654 2795 se

1952 2834 2219 2890 habebat.
2272 2833 2412 2889 Nam
2482 2832 2636 2890 hisce
2691 2832 2874 2888 oculis
2932 2831 3049 2894 vidi
3098 2829 3484 2898 manibusque
3537 2835 3650 2883 tra-

1881 2939 1923 2996 ο
1952 2921 2121 2990 ctavi,
2153 2923 2307 2993 quod
2338 2921 2564 2978 cultiori
2595 2921 2957 2977 extrinsecus
2983 2918 3290 2989 aliquoties
3327 2925 3482 2973 veste
3516 2931 3654 2986 pra-

1952 3019 2131 3077 tensa,
2182 3011 2363 3067 cilicio
2413 3010 2797 3081 hispidissimo
2838 3015 3238 3079 contegeretur
3283 3007 3354 3062 ad
3405 3006 3650 3071 nudum,

1952 3114 2059 3155 nec
2086 3099 2271 3155 solum
2309 3099 2560 3155 interdiu
2602 3096 2964 3167 apportabat,
2997 3095 3094 3150 sed
3123 3093 3294 3150 etiam
3321 3092 3478 3162 quod
3507 3090 3654 3146 deli-

1952 3197 2076 3244 cato
2101 3188 2410 3243 admodum
2439 3185 2606 3242 valde
2629 3184 2877 3241 insolens
2908 3191 3033 3240 erat
3063 3181 3308 3253 corpori,
3352 3181 3410 3236 in
3438 3193 3504 3234 eo
3533 3179 3654 3248 ipso

1953 3275 2219 3332 noctibus
2246 3275 2560 3331 cubitabat.

1987 3364 2335 3425 .Nocturnis
2397 3363 2599 3419 officiis
2645 3362 2741 3416 vix
2785 3368 2887 3416 aut
2918 3372 3226 3430 nunquam
3274 3357 3488 3421 deerat,
3519 3369 3653 3410 cum

1953 3451 2163 3506 divinis
2203 3452 2555 3521 temporibus
2610 3447 2941 3506 communia
3001 3448 3097 3502 Dei
3135 3445 3345 3516 populo
3377 3444 3655 3513 frequen-

1953 3547 2118 3596 taret.
2154 3541 2246 3596 Sic
2275 3540 2564 3610 equidem,
2600 3546 2663 3594 ut
2711 3536 3143 3607 capellanorum
3200 3533 3458 3589 studium
3490 3530 3656 3585 inde-

1953 3627 2148 3684 sinens
2193 3641 2497 3697 nunquam
2530 3641 2670 3696 pene
2699 3625 2852 3694 apud
2886 3624 3064 3693 ipsam
3099 3636 3134 3677 a
3169 3621 3265 3677 Dei
3299 3619 3486 3676 laudis
3509 3616 3656 3674 cele-

1954 3715 2162 3770 britate
2221 3722 2466 3769 vacaret.
2518 3712 2792 3782 Conjugis
2843 3710 3097 3767 defuncti
3132 3707 3344 3764 mentio
3369 3706 3509 3762 adeo
3540 3705 3657 3761 fue-

1955 3811 2043 3858 rat
2090 3803 2217 3873 ejus
2249 3803 2407 3873 jugis
2464 3801 2519 3856 in
2551 3813 2649 3856 ore
2705 3808 2768 3856 ut
2798 3799 2942 3854 nihil
2994 3797 3152 3853 aliud
3204 3795 3397 3852 animo
3428 3794 3657 3850 volvere

1955 3891 2248 3946 videretur
2316 3890 2452 3945 dum
2523 3888 2672 3944 inter
2718 3888 3024 3954 orandum,
3079 3886 3227 3941 inter
3269 3884 3658 3953 eleemosynas

1956 3979 2339 4050 largiendum,
2374 3979 2520 4034 inter
2543 3977 2714 4034 etiam
2747 3975 3065 4047 vulgariter
3106 3973 3416 4045 agendum,
3465 3971 3658 4026 homi-

1957 4082 2088 4123 nem
2138 4067 2320 4133 illum,
2370 4065 2524 4136 quod
2593 4067 2716 4121 sine
2766 4071 2952 4120 mente
2999 4077 3113 4119 non
3173 4067 3414 4132 poterat,
3477 4059 3656 4115 conti-

1959 4170 2074 4212 nue
2123 4155 2476 4225 loqueretur.
2533 4153 2716 4225 Cujus
2769 4155 2922 4208 enim
2966 4165 3160 4206 amore
3208 4163 3306 4205 cor
3353 4149 3654 4214 exuberat,

147 4243 276 4299 risu
321 4242 609 4298 extortitio
659 4242 850 4297 fucata
887 4241 1146 4311 nequitia
1213 4239 1372 4307 abiit,
1407 4239 1604 4295 audita
1635 4240 1848 4296 relatu-
1887 4253 1932 4309 ι)
1961 4259 2026 4301 eo
2056 4259 2115 4300 se
2155 4243 2355 4315 lingua
2402 4242 2473 4297 ad
2523 4241 2879 4312 loquendum
2909 4239 3078 4309 quasi
3111 4237 3245 4294 velit
3285 4237 3446 4305 nolit,
3481 4236 3658 4291 infor-

147 4345 255 4388 rus
301 4331 371 4386 ad
434 4345 587 4387 suos.
639 4330 747 4397 Qui
795 4338 850 4386 et
906 4330 1013 4399 ipsi
1065 4329 1164 4384 tali
1197 4329 1563 4399 responsione
1617 4326 1844 4396 suffusi,

145 4434 284 4476 cum
327 4433 384 4474 se
415 4419 492 4474 nil
540 4419 712 4489 justa
754 4417 1067 4473 occasionis
1109 4417 1386 4472 adversus
1409 4417 1536 4486 ejus
1563 4418 1849 4471 omnimo-

145 4509 286 4564 dam
345 4507 696 4562 honestatem
754 4506 965 4562 habere
1007 4512 1433 4576 cognoscerent,
1479 4504 1530 4560 ei
1590 4503 1849 4560 insistere

146 4596 503 4652 desiverunt.

222 4682 340 4738 Nec
370 4695 529 4738 mora
579 4696 733 4738 unus
771 4681 838 4736 de
888 4680 990 4737 loci
1039 4688 1095 4735 et
1145 4679 1450 4750 provincia
1501 4678 1850 4748 primoribus

149 4770 336 4841 patris
393 4770 502 4826 mei
560 4784 754 4840 nepos,
790 4769 880 4824 vir
907 4769 1056 4824 sicut
1089 4777 1305 4838 potens,
1337 4768 1420 4823 sic
1469 4767 1734 4837 cupidus,
1763 4768 1847 4823 fe-

148 4857 373 4912 minam
405 4855 500 4910 tali
544 4869 805 4911 sermone
853 4855 1131 4910 adoritur.
1177 4855 1318 4910 Cum
1355 4855 1476 4920 tibi,
1514 4855 1719 4924 inquit,
1746 4855 1849 4908 do-

149 4943 313 5001 mina
338 4937 602 5014 su'ppetat
629 4945 906 5014 juventus
955 4953 1012 4999 et
1038 4942 1271 5013 species,
1305 4942 1624 4998 thalamum
1652 4943 1852 5012 jurare

149 5041 207 5089 te
237 5035 525 5097 CODVtmll,
553 5041 614 5088 ut
643 5041 698 5088 et
729 5041 790 5088 tu
820 5033 891 5087 ad
932 5032 1209 5088 saculum
1239 5031 1558 5102 jucundius
1586 5031 1766 5098 vivas,
1798 5039 1852 5086 et

149 5121 428 5178 avunculi
463 5121 572 5176 mei
604 5121 766 5177 liberi
789 5135 823 5175 a
852 5135 942 5177 me
973 5120 1211 5175 fideliter
1244 5120 1534 5175 nutriendi
1567 5120 1677 5176 sub
1710 5133 1853 5175 cura

149 5223 285 5266 mea
331 5209 561 5280 degant,
615 5211 865 5280 denique
917 5217 976 5264 et
1022 5209 1405 5279 possessiones
1462 5208 1717 5280 ejusdem
1780 5209 1850 5264 ad

152 5312 302 5364 mea,
337 5306 400 5354 ut
439 5298 724 5368 competit,
753 5297 889 5369 jura
923 5305 1243 5353 recurrant.
1275 5297 1346 5352 At
1401 5297 1496 5351 illa
1527 5313 1540 5350 :
1575 5297 1714 5364 Scis,
1761 5298 1852 5353 in-

151 5387 304 5458 quit,
341 5388 698 5443 avunculum
734 5395 897 5443 tuum
931 5386 1102 5441 claris
1142 5387 1281 5440 bene
1321 5384 1610 5440 natalibus
1650 5400 1853 5455 propa-

152 5485 380 5547 gatum,
416 5475 518 5545 qui
549 5478 689 5547 quia
714 5477 828 5532 Deo
855 5489 986 5531 eum
1015 5472 1281 5530 efferentc
1310 5473 1568 5541 decessit,
1599 5488 1707 5529 sua
1738 5489 1851 5530 non

1959 4340 2096 4388 mat.

2600 4418 2828 4475 CAPUT
2867 4417 3017 4473 XIV.

2029 4507 2135 4564 Sed
2177 4507 2266 4563 his
2293 4507 2536 4574 omissis,
2589 4507 2646 4561 in
2691 4505 2907 4575 quibus
2936 4504 3167 4574 quidem
3212 4501 3380 4566 bona,
3414 4498 3512 4555 sed
3542 4512 3658 4554 non

1959 4597 2102 4652 adeo
2147 4596 2456 4666 spectanda
2515 4595 2804 4665 processit,
2862 4593 3088 4648 residua
3154 4596 3568 4645 consectemur.
3611 4587 3660 4640 A

1963 4685 2140 4754 patris
2171 4683 2275 4738 mei
2305 4683 2466 4739 obitu
2496 4697 2628 4738 cum
2661 4681 2835 4736 ferme
2863 4678 3280 4744 duodennium,
3317 4685 3381 4733 ut
3421 4675 3657 4746 quidam

1960 4779 2247 4836 asserunt,
2295 4769 2695 4839 explevissem,
2733 4781 2850 4838 quo
2901 4775 2955 4821 et
2987 4766 3221 4821 domum
3275 4771 3449 4833 atque
3495 4771 3659 4818 natos

1961 4859 2195 4930 pralato
2221 4858 2414 4914 saculi
2448 4857 2646 4914 habitu
2703 4856 2811 4911 sub
2850 4854 3127 4909 viduitate
3160 4851 3474 4916 curaverit,
3529 4865 3660 4919 qua

1959 4947 2187 5003 diutina
2222 4945 2574 5001 revolutione
2617 4943 2902 5014 parturiit,
2951 4939 3168 4996 felicem
3203 4938 3513 5008 perducere
3537 4952 3661 5007 pro-

1963 5034 2200 5104 perabat
2253 5033 2324 5088 ad
2375 5041 2626 5102 partum.
2682 5033 2826 5086 Dum
2876 5043 3013 5097 ergo
3061 5027 3120 5082 in
3171 5027 3346 5097 hujus
3390 5024 3660 5094 propositi

1961 5122 2364 5178 deliberatione
2426 5119 2709 5190 penderet,
2751 5126 2807 5173 et
2840 5130 2971 5172 cum
3002 5115 3119 5171 solo
3151 5113 3463 5184 padagogo
3512 5127 3660 5182 meo,

1962 5211 2064 5282 qui
2091 5219 2147 5266 et
2179 5208 2449 5279 magister
2503 5208 2691 5265 fuerat
2744 5207 2838 5276 (de
2880 5219 2997 5275 quo
3022 5203 3290 5273 superius
3317 5201 3430 5272 egi)
3487 5215 3662 5272 super

1964 5300 2071 5354 hoc
2102 5298 2222 5368 ipso
2256 5304 2544 5364 tractaret,
2578 5294 2773 5349 audivi
2831 5291 3142 5363 quemdam
3176 5304 3658 5361 energumenum,

1963 5387 2062 5456 qui
2096 5387 2152 5440 in
2183 5385 2310 5453 ejus
2358 5382 2622 5438 alebatur
2665 5381 2854 5446 domo,
2896 5393 3028 5433 cum
3087 5379 3155 5433 de
3193 5391 3259 5433 ea
3314 5376 3500 5431 nescio
3530 5392 3663 5447 qua

1962 5474 2076 5530 alia
2122 5473 2446 5538 delatraret,
2514 5478 2756 5539 urgente
2797 5484 2856 5525 se
2893 5468 3173 5533 damone,
3213 5466 3659 5523 declamantem:
