3902 6082
295 202 400 260 863

1180 201 1241 257 ν.
1286 200 1623 258 GUIBERTI
1663 198 1957 257 ABBATIS
1993 198 2054 255 s.
2094 170 2342 257 manus
2378 199 2470 255 ne
2509 198 2898 256 novmenro

3702 197 3816 255 864

297 356 321 384 ι
353 337 617 402 Crucem,
670 333 877 403 inquit,
933 337 1251 401 posuerunt
1296 330 1608 400 presbyteri
1648 330 1706 385 in
1747 329 1986 386 renibus
2022 330 2067 385 Α
2096 328 2419 397 necessitas,
2450 343 2653 386 earum
2684 337 2877 387 tamen
2922 330 3438 401 providentiarum,
3467 344 3601 400 qua;
3646 328 3815 385 illius

292 422 438 494 ejus.
473 444 493 472 ι
524 422 645 490 Quo
676 421 957 491 siquidem
989 419 1111 475 nihi
1154 419 1371 484 verius,
1410 419 1537 475 licet
1570 427 1707 475 tunc
1764 432 1985 489 nequa-

293 525 470 582 quam
517 510 657 581 quid
699 509 965 564 innueret
1010 509 1298 564 sciverim.
1351 508 1497 564 Nam
1553 522 1667 564 non
1725 509 1847 575 uni,
1890 507 1987 563 sed

293 600 490 656 multis
518 599 701 667 seipsa
740 596 943 653 deinde
972 597 1273 667 supposuit
1320 596 1611 653 crucibus.
1663 596 1778 652 Nec
1828 609 1989 652 mora

291 699 423 742 cum
463 685 677 740 nemini
726 697 818 738 res
855 691 1089 753 pateret,
1153 692 1359 754 prater
1406 684 1487 739 illi
1516 699 1688 755 quem
1730 684 1989 755 praeliba-

289 774 492 841 verim,
537 773 770 828 cuidam
819 773 1026 828 domus
1057 787 1178 829 suae
1215 773 1597 843 dispensatori
1625 774 1730 845 qui
1784 782 1840 830 et
1872 775 1989 843 ipse

289 874 625 917 conversam
674 874 800 916 eam
865 861 978 916 cita
1036 868 1121 917 est
1169 862 1529 930 postmodum
1571 862 1766 917 saeculi
1822 863 1987 918 abre-

290 950 657 1007 nuntiatione
707 957 960 1016 secutus,
1018 949 1130 1006 tale
1159 950 1299 1020 quid
1352 950 1407 1005 in
1448 951 1664 1005 somnis
1694 951 1985 1022 apparuit,

290 1039 447 1108 quod
484 1037 748 1093 videlicet
796 1044 937 1092 4n
992 1038 1185 1094 virum
1245 1038 1496 1105 duceret,
1554 1039 1789 1108 nuptias
1843 1039 1986 1095 cele-

290 1128 511 1195 braret;
562 1140 695 1196 quae
750 1140 841 1181 res
881 1125 1074 1182 liberis
1104 1125 1249 1196 ejus,
1301 1126 1501 1182 amicis
1544 1139 1611 1182 ac
1653 1128 1988 1197 parentibus

288 1214 635 1270 miraculum
677 1222 732 1270 et
785 1221 1080 1284 stuporem
1130 1214 1446 1270 maximum
1491 1224 1808 1285 generaret.
1846 1217 1987 1273 Pos-

288 1302 455 1358 tridie
478 1310 661 1358 mater
694 1316 827 1359 eum
868 1302 1302 1359 deambulatum
1332 1303 1534 1359 comite
1563 1304 1790 1361 doctore
1841 1319 1983 1374 meo,

285 1398 341 1446 et
362 1390 561 1446 eodem
581 1404 875 1447 (economo
926 1405 1027 1446 rus
1057 1391 1180 1457 iret,
1214 1391 1409 1447 intulit
1439 1391 1532 1448 ille
1564 1407 1696 1461 quae
1739 1394 1981 1450 viderat.

285 1478 402 1534 Nec
429 1486 611 1534 mater
650 1479 705 1533 in
752 1478 965 1535 talibus
1005 1479 1400 1535 versutissima
1457 1480 1762 1550 interprete
1803 1483 1982 1554 eguit,

286 1566 384 1623 sed
433 1566 505 1622 ad
563 1566 905 1638 magistrum
950 1567 1114 1624 illum
1160 1568 1489 1637 respiciens,
1540 1570 1695 1639 quod
1744 1583 1813 1626 ea
1851 1586 1984 1642 quae

286 1653 435 1710 inter
476 1667 575 1710 eos
617 1654 687 1710 de
735 1655 856 1721 Dei,
927 1656 1019 1711 cui
1060 1655 1337 1727 conjungi
1371 1657 1749 1726 desiderabat,
1791 1672 1986 1716 amore

288 1741 710 1809 tractabantur,
771 1742 899 1798 visa
935 1742 1033 1798 illa
1075 1745 1494 1813 portenderent,
1552 1745 1783 1802 silenter
1825 1748 1986 1804 inno-

283 1831 415 1887 tuit.
466 1831 806 1887 Accelerans
847 1845 983 1902 ergo
1037 1831 1193 1901 quod
1239 1840 1505 1901 coeperat,
1541 1841 1595 1888 et
1643 1833 1852 1891 interni
1892 1836 1982 1893 sui

283 1926 455 1975 aestus
480 1919 802 1989 impatiens,
836 1919 1046 1989 oppidi,
1097 1920 1157 1975 in
1203 1934 1320 1990 quo
1352 1921 1708 1986 morabatur,
1742 1936 1979 1979 conver-

284 2007 566 2063 sationem
597 2008 867 2064 deseruit.

353 2095 540 2151 Guido
560 2096 848 2152 Bellonae.
879 2095 1123 2168 episcop.
1156 2096 1366 2163 fundat
1388 2097 1690 2153 ecclesiam
1719 2101 1780 2155 S.
1800 2099 1978 2165 Quin-

281 2182 730 2240 tini.Simoniaci
755 2184 1021 2240 criminis
1069 2189 1394 2252 accusatur,
1448 2187 1882 2259 deponiturque,
1923 2195 1982 2245 et

279 2271 551 2328 Cluniaci
565 2274 640 2342 ﬁt
663 2275 995 2329 monachus.
1040 2274 1319 2331 Guiberti‘
1353 2275 1553 2329 natale
1581 2275 1876 2347 Oppidum.
1909 2307 1979 2318 —-

277 2362 398 2425 Quo
446 2360 821 2432 digressionis
874 2367 1125 2431 tempore
1173 2363 1328 2432 apud
1371 2363 1743 2433 episcopalem
1771 2378 1977 2434 quam-

279 2448 409 2504 dam
444 2456 666 2504 morata
712 2456 797 2505 est
848 2449 1121 2518 villam,a
1150 2450 1382 2506 domino
1430 2451 1816 2507 Bellovacensi
1845 2467 1979 2522 pon-

276 2533 426 2590 tifice
449 2534 710 2593 Guidone
768 2537 886 2594 illic
913 2539 1313 2596 commanendi
1359 2539 1666 2610 impetrata
1724 2541 1972 2599 licentia.

274 2620 364 2692 (⁵ο)
397 2623 495 2679 His
524 2623 711 2680 Guido
743 2625 835 2680 vir
854 2626 1011 2681 omni
1045 2626 1367 2683 curialitate
1395 2629 1763 2698 compositus,
1806 2631 1978 2687 nobi-

275 2708 405 2765 liter
444 2710 746 2779 oriundus,
807 2712 991 2768 forma
1045 2713 1317 2769 exteriori
1356 2715 1524 2770 valde
1581 2716 1768 2772 officio
1816 2719 1974 2788 quod

276 2798 508 2867 gerebat
557 2799 816 2856 idoneus.
851 2801 959 2866 Qui
1004 2809 1129 2871 post
1183 2802 1534 2859 clarissimas
1569 2819 1717 2874 quas
1776 2806 1975 2863 Eccle-

2093 418 2203 473 εθνὶ
2255 418 2598 488 impotentiae
2639 419 3014 488 conveniunt,
3072 434 3204 490 quae
3255 419 3377 475 sine
3423 418 3649 475 feminis
3697 418 3814 473 ad-

2097 505 2414 563 ministrari
2445 521 2561 562 non
2611 514 2872 578 possunt,
2906 521 2997 562 me
3024 507 3236 577 saepius
3283 506 3532 562 vexabat
3584 505 3811 575 inopia.

2096 594 2237 651 Cum
2267 608 2404 666 ergo
2453 609 2542 651 me
2594 595 2762 651 sciret
2802 596 2889 652 his
2935 595 3227 651 addictum
3281 595 3543 660 incuriis,
3596 595 3817 649 timore

2095 690 2149 738 et
2178 697 2374 739 amore
2424 691 2541 750 tuo,
2574 684 2746 749 Deus,
2796 697 2901 739 sua
2940 683 3263 739 obdurante
3322 682 3660 753 prmeordia,
3695 682 3814 737 sub

2093 772 2301 842 oppido
2358 771 2467 836 illo,
2509 771 2567 827 in
2626 785 2744 842 quo
2782 772 3081 842 degebam,
3135 771 3274 827 dum
3331 771 3404 827 ad
3460 769 3814 840 praedictum

2094 860 2507 916 monasterium
2556 859 2920 930 demigraret,
2990 860 3298 916 transitum
3344 860 3578 926 habens,
3617 859 3809 914 tantis

2094 949 2282 1004 cordis
2330 948 2693 1004 lacerabatur
2742 948 2977 1004 aestibus
3036 957 3101 1004 ut
3124 948 3440 1008 lcastellum
3474 948 3663 1016 ipsum
3710 946 3806 1001 vel

2095 1038 2376 1106 respicere
2449 1050 2551 1107 pro
2640 1044 2921 1092 tormento
3020 1035 3365 1092 intolerabili
3443 1035 3553 1091 sibi
3620 1045 3800 1099 esset,

2094 1124 2462 1181 acerbissima
2506 1125 2657 1180 enim
2714 1124 3004 1192 maestitia,
3048 1125 3187 1179 dum
3244 1123 3456 1195 cogitat
3501 1123 3647 1193 quid
3701 1122 3808 1178 ibi-

2094 1214 2221 1271 dem
2283 1213 2599 1284 reliquerit,
2671 1212 3062 1269 mordebatur.
3142 1211 3429 1267 Nimirum
3503 1212 3678 1279 plane
3732 1212 3807 1267 si-

2094 1302 2273 1359 veluti
2305 1302 2378 1357 ab
2414 1302 2540 1372 ejus
2588 1314 2824 1370 corpore
2872 1301 3128 1356 membra
3185 1301 3414 1371 propria
3461 1300 3807 1356 viderentur

2096 1391 2384 1459 abrumpi,
2452 1404 2585 1445 cum
2650 1388 3044 1459 impiissimam
3093 1396 3147 1444 et
3212 1388 3499 1444 crudelem
3545 1401 3607 1443 se
3663 1402 3806 1458 pro-

2096 1480 2239 1535 fecto
2285 1485 2668 1549 cognosceret,
2751 1478 2864 1532 imo
2919 1476 3147 1532 audiret
3210 1477 3423 1544 vocari,
3481 1491 3615 1547 quae
3682 1485 3807 1532 tan-

2023 1607 2065 1663 B
2096 1578 2212 1624 tam
2269 1567 2539 1634 sobolem,
2590 1574 2768 1632 tanto,
2828 1572 2890 1621 ut
2940 1565 3246 1630 ferebatur,
3295 1565 3504 1621 affectu
3559 1565 3805 1637 dignam

2093 1656 2367 1728 (multum
2422 1655 2575 1711 enim
2613 1668 2727 1711 non
2767 1653 2934 1709 modo
2973 1666 3008 1708 a
3046 1653 3416 1720 nostratibus,
3476 1653 3574 1710 sed
3623 1653 3799 1709 etiam

2092 1745 2166 1801 ab
2218 1745 2430 1801 exteris
2469 1743 2790 1810 excolebar)
2826 1743 2902 1797 ita
2930 1742 3002 1798 ab
3041 1741 3235 1798 animo
3265 1740 3622 1810 exclusisset,
3667 1742 3801 1797 sub-

2089 1832 2334 1904 sidiique
2368 1832 2587 1901 inopem
2632 1830 2957 1887 dimisisset.
3011 1830 3083 1886 Et
3113 1837 3197 1897 tu,
3233 1831 3385 1886 Deus
3421 1831 3589 1899 bene,
3643 1831 3798 1887 Deus

2092 1924 2199 1993 pie,
2236 1931 2336 1978 tua
2372 1921 2692 1987 dulcedine,
2724 1932 2825 1976 tua
2854 1920 3131 1976 charitate
3157 1920 3324 1992 jecur
3365 1919 3509 1977 illud
3550 1930 3707 1977 certe
3733 1921 3795 1976 in

2088 2012 2300 2067 saeculo
2357 2010 2700 2081 piissimum,
2752 2024 2823 2065 ne
2860 2016 3005 2065 esset
3048 2016 3249 2064 contra
3279 2023 3339 2064 se
3384 2010 3569 2079 pium,
3620 2009 3797 2065 mira-

2088 2100 2277 2156 biliter
2337 2098 2705 2154 indurueras.
2766 2097 2978 2154 Contra
3055 2111 3113 2152 se
3163 2111 3364 2166 nempe
3413 2098 3788 2165 mollesceret,

2089 2186 2132 2240 si
2187 2200 2290 2241 nos
2346 2200 2466 2241 suze
2518 2186 2689 2241 saluti
2762 2185 3092 2255 praeferens,
3170 2185 3269 2240 Dei
3321 2186 3622 2256 negligens
3692 2200 3793 2255 pro

2087 2274 2251 2329 nobis
2303 2274 2600 2330 mundana
2661 2281 2908 2329 curaret.
2982 2273 3087 2329 Sed
3150 2272 3309 2328 fortis
3375 2274 3482 2328 fuit
3522 2281 3590 2329 ut
3640 2287 3793 2329 mors

2085 2363 2311 2420 dilectio
2364 2364 2553 2431 (Cant.
2602 2378 2719 2429 VIII,
2760 2362 2838 2431 6),
2872 2362 3012 2432 quia
3051 2376 3167 2432 quo
3206 2368 3258 2417 te
3312 2361 3515 2418 dilexit
3572 2364 3795 2418 arctius

2084 2460 2246 2509 tanto
2272 2465 2341 2507 ea
2364 2464 2496 2521 qum
2527 2450 2688 2520 prius
2702 2457 3018 2515 amaverat,
3050 2450 3175 2505 visa
3202 2456 3288 2505 est
3316 2463 3351 2504 a
3384 2464 3443 2506 se
3488 2451 3795 2520 abrupisse

2085 2539 2366 2595 securius.

2154 2628 2239 2683 Ad
2280 2626 2605 2683 cmnobium
2655 2639 2790 2695 ergo
2859 2625 2999 2680 illud
3048 2626 3286 2682 veniens
3340 2639 3523 2682 anum
3576 2641 3792 2697 quam-

2083 2716 2215 2772 dam
2272 2716 2330 2770 in
2375 2714 2800 2771 sanctimoniali
2876 2714 3076 2770 habitu
3135 2714 3366 2785 reperit,
3417 2728 3595 2784 quam
3648 2715 3795 2787 quia

2083 2803 2395 2873 plurimam
2436 2802 2729 2874 religionis
2759 2791 3003 2872 speciem
3050 2816 3167 2873 prae
3196 2817 3255 2858 se
3290 2803 3526 2870 ferebat,
3571 2805 3646 2859 ad
3678 2803 3789 2859 sibi

274 2885 371 2941 size
449 2885 774 2943 Belvacensi
847 2889 1189 2959 praestiterat
1265 2890 1556 2958 utilitates,
1627 2893 1776 2950 inter
1826 2909 1975 2965 quas
2013 2900 2053 2956 C
2083 2891 2532 2948 cohabitandum
2565 2891 2898 2961 discipulari
2954 2892 3206 2961 quadam
3254 2892 3514 2948 exhibita
3545 2893 3597 2947 ei
3629 2892 3790 2948 ‘sub-

273 2974 455 3030 sancti
507 2973 767 3041 Quintini
813 2990 848 3032 a
888 2978 1070 3046 primo
1116 2978 1301 3048 lapide
1347 2980 1755 3037 canonicorum
1808 2997 1974 3054 regu-

279 3062 489 3118 larium
520 3063 817 3120 ecclesiam
864 3065 1225 3134 fundaverat,
1278 3076 1584 3125 accusatus
1609 3071 1680 3126 ab
1711 3070 1800 3127 his
1827 3086 1974 3142 quos

272 3149 640 3217 educaverat,
673 3160 850 3223 atque
886 3163 1265 3223 promoverat,
1297 3154 1444 3212 clam
1469 3157 1621 3226 apud
1669 3158 1971 3230 Hugonem

275 3237 722 3307 Lugdunensem
784 3241 1278 3313 archiepiscopum
1333 3245 1657 3314 apostolicae
1704 3247 1852 3304 sedis
1899 3248 1974 3304 le-

272 3332 492 3395 gatum,
527 3326 793 3385 Simonize
844 3338 900 3385 et
928 3330 1175 3386 aliorum
1227 3332 1560 3401 criminum,
1619 3335 1759 3405 quia
1810 3350 1973 3392 voca-

274 3419 367 3469 tus
413 3428 529 3470 non
590 3424 847 3484 venerat,
918 3418 1283 3490 adjudicatus
1350 3422 1555 3479 absens
1611 3424 1967 3494 depositioni,

270 3515 404 3557 cum
434 3510 580 3559 esset
617 3504 913 3571 Cluniaco,
949 3506 1181 3564 inﬂictae
1231 3508 1336 3565 sibi
1387 3511 1683 3567 sententia
1713 3513 1967 3581 timidus,

270 3589 341 3645 ad
370 3592 733 3649 monacbiam
769 3593 977 3651 ibidem
1000 3609 1119 3651 sese
1141 3598 1505 3654 contradidit.
1542 3600 1596 3655 Is
1630 3604 1687 3656 et
1730 3608 1966 3657 matrem

271 3685 326 3733 et
380 3686 646 3747 parentes
702 3694 839 3741 neos
876 3695 1009 3737 cum
1067 3682 1364 3741 videretur
1424 3686 1708 3755 amplecti,
1768 3694 1821 3743 et
1880 3702 1971 3743 me

272 3766 634 3835 potissimum
701 3769 1067 3826 charitudine
1135 3771 1386 3841 plurima
1453 3772 1763 3843 alfectaret,
1823 3789 1971 3845 prae-

270 3854 468 3909 sertim
508 3855 603 3912 cui
637 3858 830 3912 omnia
868 3857 1327 3917 benedictionum
1374 3871 1735 3920 sacramenta
1765 3872 1971 3934 praeter

269 3942 652 4000 sacerdotium
697 3946 1052 4013 contulisset,
1095 3962 1130 4003 a
1175 3951 1509 4008 necessariis
1566 3952 1764 4009 matris
1831 3967 1970 4008 meae

272 4038 529 4100 rogatus,
580 4040 646 4088 ut
706 4033 764 4089 in
815 4034 1078 4105 propriis,
1114 4052 1244 4108 quae
1286 4038 1459 4108 juxta
1517 4040 1623 4095 loci
1671 4040 1968 4097 ecclesiam

272 4118 596 4175 constitutae
645 4129 832 4188 erant,
877 4123 1099 4180 aedibus
1153 4125 1361 4196 degere
1389 4127 1804 4198 aliquantisper
1827 4129 1972 4184 sine-

2077 2981 2321 3053 jectione
2353 2979 2554 3051 coegit.
2608 2979 2819 3050 Coegit,
2876 2979 3138 3049 inquam,
3182 2994 3314 3036 cum
3366 2981 3487 3050 ipsa
3532 2980 3791 3036 ambien-

2083 3066 2313 3132 tissime,
2355 3066 2608 3135 expertis
2634 3067 2761 3137 ejus
2815 3066 3089 3135 moribus,
3126 3067 3455 3123 sodalitium
3511 3068 3625 3124 tale
3670 3069 3786 3123 col-

2079 3153 2297 3224 legerit.
2346 3154 2526 3224 Coepit
2567 3156 2761 3225 itaque
2818 3155 3162 3225 pedetentim
3220 3155 3570 3225 antiquioris
3626 3157 3785 3213 illius

2080 3242 2305 3298 feminae
2336 3243 2581 3313 rigorem
2624 3243 2857 3312 imitari,
2914 3244 3102 3301 victus
3140 3244 3554 3313 parcimoniam
3594 3245 3777 3315 sequi,

2081 3331 2451 3401 pauperrima
2502 3332 2739 3388 absonia
2770 3332 3053 3402 amplecti,
3105 3332 3599 3388 consuetudinarii
3630 3342 3782 3389 stra-

2079 3426 2173 3476 tus
2216 3420 2409 3475 mollia
2459 3420 2644 3477 fulcra
2674 3421 2928 3491 rejicere,
2986 3421 3215 3476 linteolo
3247 3429 3302 3477 et
3344 3421 3623 3478 stramine
3655 3423 3781 3478 fru-

2079 3507 2361 3564 mentario
2417 3516 2681 3564 contenta
2730 3509 2999 3565 dormire.
3059 3510 3129 3565 Et
3180 3523 3313 3565 cum
3363 3510 3549 3566 multa
3591 3511 3782 3566 adhuc

2079 3598 2287 3653 niteret
2358 3597 2542 3667 specie
2601 3597 2948 3668 nullumque
3013 3598 3390 3668 praetenderet
3480 3600 3783 3655 vetustatis

2078 3685 2380 3753 indicium,
2445 3685 2514 3741 ad
2555 3686 2662 3741 hoc
2702 3686 2826 3756 ipsa
2868 3686 3210 3742 contendere
3242 3695 3303 3741 ut
3344 3686 3503 3757 rugis
3530 3687 3785 3743 anilibus

2078 3774 2152 3829 ad
2194 3788 2439 3831 cernuos
2481 3774 2790 3830 deﬂuxisse
2836 3782 3143 3844 putaretur
3200 3789 3401 3831 annos.
3459 3775 3785 3832 Deﬂuentia

2077 3875 2215 3934 ergo
2241 3861 2511 3929 crinium,
2563 3877 2695 3933 qua:
2727 3862 2987 3919 femineis
3034 3863 3393 3933 potissimum
3446 3864 3631 3920 solent
3684 3879 3784 3921 or-

2079 3951 2315 4007 natibus
2352 3950 2648 4018 inservire,
2684 3951 2886 4007 crebro
2917 3951 3131 4021 forcipe
3162 3952 3563 4012 succiduntur.
3619 3953 3780 4023 pulla

2077 4039 2251 4094 vestis
2296 4047 2350 4095 et
2418 4039 2798 4108 amplitudine
2858 4039 3086 4095 insolita
3140 4040 3460 4110 displicens,
3517 4042 3785 4097 innume-

2079 4127 2159 4182 ris
2190 4126 2655 4183 resarcitionibus
2682 4135 3036 4199 segmentata
3088 4128 3360 4198 prodebat
3410 4143 3546 4185 cum
3593 4130 3777 4185 nativi

270 4212 377 4272 ret,
437 4214 733 4277 gratanter
802 4210 1048 4267 admisit.
1100 4213 1346 4270 Vocatur
1402 4223 1593 4271 autem
1642 4215 1791 4283 _villa
1846 4216 1969 4286 ipsa
2006 4222 2050 4278 D
2081 4215 2285 4271 coloris
2327 4216 2554 4286 palliolo
2601 4214 2715 4287 (⁸³),
2742 4224 2797 4272 et
2849 4216 3094 4272 sutulari
3154 4218 3481 4287 partusuris
3544 4218 3783 4274 incorri-

269 4293 680 4352 Castanentum
723 4297 795 4354 ab
835 4300 1041 4369 oppido
1088 4308 1280 4357 nostro
1329 4302 1612 4359 milliariis
1658 4304 1833 4362 ferme
1884 4319 1967 4363 re-

270 4389 427 4438 mota
454 4382 702 4440 duobus.

341 4470 604 4529 (ἠείδει-ιὶ
640 4473 1050 4531 Castanenlum
1095 4482 1285 4532 mater
1328 4478 1581 4548 secessit,
1610 4487 1669 4538 et
1692 4484 1753 4538 S.
1797 4483 1965 4539 Geri-

266 4557 422 4613 mari
447 4576 627 4632 prope
688 4563 988 4619 ecclesiam
1042 4566 1323 4621 construit
1366 4568 1685 4624 aliculam.
1716 4602 1786 4611 —
1820 4571 1967 4629 Inibi

269 4645 449 4717 igitur
478 4650 792 4706 consistens
812 4653 885 4706 ad
913 4653 1005 4723 (³⁸)
1033 4653 1832 4722 Flaviacensemonasterium
1846 4675 1968 4716 sese

267 4734 682 4794 deliberaverat
738 4754 1157 4796 concessuram.
1225 4740 1318 4812 (⁸³)
1379 4745 1705 4804 Exstructis
1770 4748 1967 4819 itaque

266 4821 409 4880 inibi
457 4826 716 4883 aediculis
790 4841 963 4899 prope
1004 4831 1322 4899 ecclesiam,
1389 4835 1673 4892 mediante
1732 4837 1966 4906 praefato

267 4912 542 4983 magistro
595 4929 736 4980 meo,
793 4917 1024 4973 tandem
1084 4932 1118 4973 a
1178 4919 1300 4976 loco
1352 4922 1409 4978 in
1459 4937 1577 4993 quo
1627 4925 1965 4981 morabatur

266 5001 515 5070 emersit,
580 5011 635 5059 et
685 5017 818 5060 cum
867 5005 1035 5063 sciret
1088 5021 1178 5064 me
1221 5023 1459 5079 prorsus
1501 5012 1849 5081 orphanum,
1910 5019 1967 5068 et

266 5088 490 5144 nullam
536 5091 772 5147 omnino
826 5093 1038 5150 habere
1078 5097 1186 5153 sub
1231 5111 1349 5168 qua
1392 5098 1603 5155 niterer
1631 5113 1818 5169 opem,
1858 5113 1962 5169 pa-

268 5184 498 5234 rentum
538 5181 820 5250 siquidem
866 5191 922 5239 et
952 5183 1214 5241 afﬁnium
1264 5187 1566 5257 multiplex
1596 5195 1718 5243 erat
1755 5187 1961 5258 copia;

271 5271 329 5319 at
375 5278 512 5321 vero
550 5269 749 5326 nullus
790 5271 893 5344 qui
938 5273 1181 5343 puerulo
1215 5276 1270 5329 in
1318 5276 1589 5331 omnibus
1629 5278 1958 5342 tenerrimo,

272 5366 377 5421 pro
439 5353 767 5426 indigentiis
812 5362 1060 5417 aetatulae
1100 5362 1336 5419 sollicite
1388 5378 1588 5419 curam
1637 5363 1836 5435 ferret;
1881 5366 1962 5421 vi-

272 5439 551 5500 ctualium
601 5445 754 5505 enim
802 5462 871 5505 ac
935 5450 1407 5509 indumentorum
1446 5452 1547 5508 etsi
1597 5461 1741 5510 esset
1801 5453 1963 5511 nulla

2076 4304 2351 4375 gibilibus
2404 4304 2703 4366 terebrato,
2772 4305 3046 4374 quoniam
3099 4305 3339 4362 interius
3393 4315 3516 4362 erat
3544 4306 3643 4363 cui
3669 4309 3780 4364 sub

2076 4400 2191 4449 tam
2217 4392 2462 4463 inglorio
2487 4400 2775 4463 apparatu
2802 4393 3025 4462 placere
3046 4393 3343 4464 gestiebat.

2146 4481 2434 4538 Confessio
2479 4481 2660 4551 igitur
2718 4489 2980 4537 veterum
3053 4491 3436 4552 peccatorum,
3495 4484 3779 4554 quoniam

2074 4570 2255 4641 ipsam
2319 4568 2592 4625 didicerat
2650 4569 2881 4625 initium
2940 4569 3248 4635 bonorum,
3305 4571 3562 4640 quotidie
3636 4587 3780 4642 pene

2075 4671 2227 4714 nova
2258 4672 2388 4713 cum
2423 4657 2599 4723 ﬁeret,
2635 4671 2858 4727 semper
2897 4658 3130 4714 animus
3184 4657 3441 4729 ejusdem
3479 4662 3779 4717 exactione

2075 4746 2494 4815 praeteritorum
2567 4759 2803 4801 suorum
2884 4753 3118 4802 actuum
3210 4748 3572 4815 versabatur,
3637 4749 3777 4820 quid

2074 4835 2239 4904 virgo
2271 4834 2506 4888 ineunte
2537 4833 2646 4888 sub
2689 4847 2835 4898 sevo,
2865 4833 3005 4902 quid
3040 4833 3231 4900 virita,
3261 4834 3400 4904 quid
3433 4835 3615 4892 vidua
3657 4845 3777 4892 stu—

2073 4921 2166 4977 dio
2217 4922 2336 4991 jam
2383 4921 2731 4991 possibiliore
2787 4922 3089 4992 peregerit,
3141 4922 3493 4993 cogitaverit,
3539 4924 3771 4993 dixerit,

2071 5025 2297 5081 semper
2329 5011 2565 5067 rationis
2594 5011 2930 5067 examinare
2974 5011 3267 5079 thronum,
3302 5020 3356 5067 et
3393 5012 3464 5067 ad
3507 5014 3771 5069 sacerdo-

2071 5100 2163 5167 tis,
2214 5099 2329 5154 imo
2358 5099 2429 5154 ad
2477 5098 2571 5155 Dei
2624 5113 2724 5169 per
2777 5099 2964 5169 ipsum
3014 5101 3399 5170 cognitionem
3440 5102 3773 5156 examinata

2071 5188 2369 5244 deducere.
2422 5188 2560 5243 Inde
2604 5203 2736 5244 cum
2804 5189 2978 5244 tantis
3025 5189 3247 5246 videres
3286 5189 3559 5245 feminam
3608 5204 3772 5246 orare

2070 5276 2434 5344 stridoribus,
2482 5283 2643 5332 tanta
2708 5277 2948 5346 spiritus
3003 5276 3292 5333 anxietate
3345 5278 3655 5343 tabescere,
3709 5288 3768 5335 ut

2070 5364 2218 5421 inter
2246 5365 2604 5435 operandum
2643 5379 2775 5419 cum
2810 5365 3115 5420 dirissimis
3162 5365 3261 5421 vix
3322 5366 3438 5421 ullo
3467 5366 3637 5421 modo
3666 5382 3771 5422 ces-

2070 5463 2264 5510 sarent
2307 5458 2458 5509 4η
2487 5453 2882 5524 deprecatoria
2922 5453 3103 5510 verba
3142 5454 3511 5527 singultibus.
3547 5456 3769 5526 Septem
