3938 6082
187 219 314 270 865

1334 217 1424 272 DE
1464 215 1622 274 VITA
1661 217 1796 273 SUA
1835 214 2023 274 LIBRI
2063 218 2270 274 TRES.
2305 250 2371 258 —
2400 217 2532 274 LIB.
2577 220 2619 274 l.

3613 229 3716 281 866

192 344 638 414 pmnitentiales
671 345 918 414 psalmos
946 345 1056 401 sub
1087 345 1324 416 praefata
1363 360 1481 404 anu
1513 362 1627 402 non
1664 347 1914 403 videndo
1950 351 1998 402 A
2026 348 2215 403 studio
2264 349 2528 418 deinceps
2606 348 2942 421 benigniore
3017 353 3300 408 tractavit.
3373 354 3567 410 Testor
3645 363 3716 425 te,

193 434 308 488 sed
359 434 649 490 audiendo
692 433 989 501 didicerat,
1048 450 1194 506 quos
1255 443 1446 490 tamen
1499 451 1787 505 saporose,
1847 445 1912 492 ut

193 523 291 577 sic
345 521 614 590 dixerim,
649 522 853 578 diebus
881 538 950 578 ac
992 524 1258 580 noctibus
1287 525 1624 580 ruminabat
1656 532 1719 580 ut
1751 539 1911 579 nun-

193 624 394 679 quam
423 610 706 680 suspiriis,
731 625 1040 680 nunquam
1073 611 1383 682 gemitibus
1410 612 1470 667 in
1501 611 1749 668 auribus
1776 613 1908 678 tuis,

195 701 387 764 Deus,
429 699 770 754 suavissime
817 714 1093 754 resonans
1134 700 1421 755 cantilena
1459 700 1557 756 illa
1585 708 1822 756 careret.
1854 699 1910 756 Si

196 787 452 858 quando
476 802 613 842 vero
643 796 977 844 exterorum
1018 788 1317 844 hominum
1359 787 1747 844 conventiculi
1782 788 1910 858 ejus

195 876 538 932 solitudinis
595 889 771 946 quam
827 875 1284 946 amplectebatur
1335 877 1647 932 admodum
1706 877 1904 932 turba-

195 971 451 1033 rentur;
483 980 616 1020 cum
647 965 772 1034 ipsa
808 966 959 1020 enim
987 979 1204 1032 omnes,
1243 964 1346 1034 qui
1394 965 1574 1033 ipsius
1618 965 1906 1020 notionem

195 1052 543 1121 attigerant,
599 1053 708 1108 viri
761 1055 1075 1122 praesertim
1118 1066 1186 1108 ac
1240 1053 1464 1108 feminae
1499 1052 1738 1120 nobiles,
1767 1067 1908 1122 quo-

193 1140 367 1196 niam
427 1141 570 1196 mire
643 1149 766 1197 erat
815 1141 997 1196 faceta
1059 1148 1113 1196 et
1180 1149 1524 1210 temperans,
1585 1140 1906 1210 gratissime

195 1227 622 1298 loquebantur,
691 1229 827 1298 ipsis
887 1229 1329 1295 discedentibus,
1393 1230 1439 1284 si
1511 1229 1652 1299 quid
1715 1229 1907 1285 minus

196 1330 437 1384 verum,
460 1317 506 1372 si
539 1317 681 1386 quid
721 1317 902 1385 futile,
938 1318 981 1372 si
1025 1318 1168 1387 quid
1217 1317 1462 1374 otiosum
1503 1333 1562 1372 se
1607 1317 1906 1387 colloquiis

200 1405 604 1471 immersisset,
667 1406 806 1462 illud
868 1406 926 1461 in
991 1406 1148 1462 illius
1211 1408 1405 1462 animo
1461 1405 1571 1460 dici
1632 1419 1744 1460 non
1805 1419 1904 1474 po-

199 1495 317 1548 test
345 1507 493 1562 quas
527 1494 880 1563 parturiebat
937 1494 1256 1564 angustias,
1328 1494 1507 1549 donec
1563 1493 1756 1549 solitas
1802 1500 1904 1548 aut

199 1583 672 1652 compunctionis
709 1597 810 1638 seu
839 1583 1209 1638 confessionis
1227 1582 1532 1653 attingeret
1568 1581 1772 1637 undas.

281 1668 390 1725 Sed
422 1677 947 1742 quantumcunque
977 1671 1256 1736 studium,
1306 1679 1760 1741 quantacunque
1789 1667 1906 1724 sol-

201 1756 448 1814 licitudo
494 1759 620 1829 ejus
666 1759 976 1816 haberetur
1026 1760 1081 1814 in
1126 1760 1357 1826 talibus,
1405 1759 1482 1814 nil
1531 1757 1773 1824 fiducia,
1823 1755 1906 1811 nil

200 1845 536 1900 securitatis
569 1847 746 1902 menti
792 1848 918 1918 ejus
967 1845 1172 1902 afferre
1202 1854 1442 1917 poterat,
1487 1845 1630 1916 quin
1681 1858 1906 1914 semper

200 1931 450 2004 lugeret,
494 1934 638 2004 quin
684 1949 929 2004 semper,
978 1949 1051 1990 an
1100 1944 1369 1991 reatuum
1421 1948 1662 1990 suorum
1717 1939 1905 2002 posset

202 2025 414 2081 mereri
465 2025 716 2090 veniam,
762 2026 1111 2081 ﬂebilissimc
1177 2027 1473 2096 rogitaret,
1525 2025 1596 2080 Et
1655 2031 1718 2081 tu
1772 2026 1901 2092 scis,

201 2114 380 2180 Deus,
437 2123 790 2184 quantorum
847 2123 1229 2183 peccatorum,
1288 2121 1343 2169 et
1399 2129 1503 2169 nos
1559 2128 1676 2168 non
1730 2115 1905 2168 nesci-

202 2215 357 2256 mus.
393 2204 575 2267 Quam
607 2215 788 2270 parva
837 2208 940 2264 est,
989 2201 1241 2267 Domine,
1293 2201 1365 2256 ad
1419 2200 1903 2270 comparationem

199 2296 368 2345 tuam
397 2288 504 2361 [f.,
527 2289 675 2361 ejus]
696 2289 1104 2359 quorumdam,
1138 2290 1240 2359 qui
1270 2303 1457 2359 neque
1473 2289 1683 2356 dolent,
1716 2301 1903 2359 neque

201 2378 521 2446 suspirant,
590 2391 818 2432 summa
863 2379 1099 2432 eorum!
1158 2377 1244 2432 Tu
1302 2376 1475 2444 nosti,
1542 2377 1795 2442 Domine,
1843 2376 1902 2430 in

203 2473 488 2534 quantam
546 2466 732 2520 metiri
765 2472 1018 2534 poteram
1057 2472 1268 2521 statum
1314 2464 1673 2535 cogitationis
1701 2464 1898 2534 ipsius,

204 2554 364 2622 quod
386 2567 689 2623 nunquam
742 2555 800 2608 in
829 2554 1028 2609 timore
1057 2553 1322 2623 supplicii
1353 2561 1408 2608 et
1437 2567 1633 2609 amore
1673 2554 1753 2608 tui
1775 2552 1903 2622 ejus

205 2642 454 2697 viderim
484 2642 745 2698 animum
781 2643 1050 2711 tepuisse.

855 2730 1088 2786 CAPUT
1128 2729 1253 2784 XV.

283 2817 582 2876 Guiberlus
605 2817 773 2889 genio
804 2821 860 2872 et
901 2817 1288 2888 voluptatibus
1332 2816 1606 2888 indulget.
1656 2848 1725 2857 --
1754 2817 1900 2884 Quid

211 2910 432 2980 plura?
491 2909 614 2979 ipsa
661 2916 726 2964 ut
779 2908 1144 2978 przelibatum
1194 2912 1298 2972 est,
1351 2907 1560 2962 szeculo
1594 2907 1897 2976 repudium
1941 2936 1981 2990 ρ

213 2999 292 3054 ita
322 2999 512 3064 dante,
545 3012 649 3068 ego
676 2997 834 3052 solus
871 2996 995 3052 sine
1030 3004 1229 3062 matre,
1260 2995 1385 3050 sine
1425 2995 1757 3064 paedagogo,
1781 2995 1904 3050 sine

211 3088 488 3157 magistro
521 3099 930 3141 remanseram.
964 3083 1064 3140 Ille
1101 3083 1253 3139 enim
1306 3083 1406 3153 qui
1455 3097 1545 3138 me
1595 3084 1736 3138 adeo
1769 3083 1904 3139 ﬁde-

213 3175 344 3231 liter
374 3181 499 3244 post
530 3182 771 3230 matrem
801 3173 1150 3228 educaverat
1175 3179 1351 3241 atque
1370 3171 1662 3238 docuerat,
1706 3173 1906 3227 matris

211 3278 351 3320 meae
402 3263 688 3332 exemplo,
767 3276 962 3317 amore
1015 3274 1083 3316 ac
1139 3261 1358 3315 monitu
1433 3259 1769 3324 concitatus,
1831 3259 1903 3314 ad

210 3353 618 3408 monachatum
667 3351 915 3407 Flaviaci
961 3365 1080 3406 sese
1137 3349 1478 3405 contulerat.
1536 3349 1724 3404 Prava
1763 3363 1900 3419 ergo

210 3442 469 3498 libertate
500 3439 734 3509 potitus,
781 3439 923 3508 coepi
960 3437 1537 3507 intemperantissime
1585 3452 1709 3494 meo
1739 3437 1902 3492 abuti

211 3528 464 3599 imperio,
521 3527 707 3583 ridere
759 3527 1043 3592 ecclesias,
1111 3524 1335 3580 scholas
1394 3524 1648 3590 horrere,
1698 3537 1901 3579 conso-

208 3618 572 3674 brinulorum
653 3629 905 3671 meorum
976 3615 1274 3680 laicorum,
1357 3613 1457 3682 qui
1536 3612 1904 3681 equestribus

209 3706 620 3762 imbuebantur
659 3703 882 3770 studiis,
939 3701 1206 3758 affectare
1234 3701 1518 3766 sodalitia,
1550 3701 1901 3756 exsecrando

209 3795 513 3851 clericatus
565 3794 818 3863 signum,
848 3791 1236 3848 remissionem
1268 3791 1578 3846 criminum
1626 3786 1897 3856 polliceri,

211 3897 430 3949 somno,
455 3883 624 3952 cujus
656 3895 837 3951 parva
870 3880 1094 3936 licentia
1144 3879 1436 3949 quondam
1470 3877 1609 3932 mihi
1664 3877 1901 3932 laxaba-

209 3981 325 4037 tur,
355 3972 675 4042 indulgere,
711 3979 773 4026 ut
798 3985 869 4026 ex
902 3969 1130 4024 insolita
1184 3968 1478 4023 nimietate
1529 3967 1896 4022 tabescerem.

213 4061 432 4116 Interea
488 4069 721 4115 actuum
770 4072 1025 4114 meorum
1086 4057 1268 4127 gloria
1321 4063 1610 4111 maternas
1647 4054 1904 4110 concutit

212 4165 401 4216 aures,
434 4157 489 4205 et
516 4163 589 4205 ex
619 4148 831 4203 auditis
862 4147 1082 4201 instans
1109 4145 1349 4201 exitium
1385 4159 1573 4200 meum
1610 4145 1730 4213 ipsa
1757 4157 1899 4199 con-

205 4239 408 4310 jiciens
440 4251 580 4307 pene
611 4235 941 4292 exanimata
970 4235 1189 4290 defecit.
1225 4234 1426 4289 Cultus
1450 4233 1602 4288 enim
1625 4233 1892 4300 vestium,
1935 4228 1978 4282 D
2012 4230 2309 4286 volumina
2389 4230 2749 4286 discutienda
2820 4229 3084 4298 curabat,

210 4340 353 4397 quos
381 4327 529 4380 inter
562 4324 984 4394 procedendum
1035 4323 1103 4377 ad
1163 4321 1429 4377 ecclesias
1486 4321 1698 4377 habere
1751 4320 1898 4376 sole-

210 4416 358 4482 bam,
413 4420 467 4469 et
514 4427 680 4483 quos,
730 4419 793 4468 ut
831 4413 1016 4482 magis
1071 4411 1141 4465 ad
1191 4410 1524 4465 clericatum
1585 4409 1896 4475 animarer,

207 4504 326 4574 ipsa
376 4510 696 4572 paraverat,
758 4501 861 4556 hos
927 4501 998 4555 ad
1036 4499 1352 4566 lasciviam,
1397 4510 1572 4567 quam
1629 4511 1736 4552 nec
1762 4504 1900 4553 aetas

204 4592 544 4663 patiebatur,
593 4590 981 4657 circumferre,
1010 4588 1361 4656 majusculos
1413 4587 1483 4641 ad
1523 4586 1896 4655 petulantiam

199 4681 438 4751 juvenes
489 4679 770 4745 aemulari,
812 4677 969 4747 pensi
1027 4685 1082 4732 et
1144 4675 1419 4731 moderati
1469 4674 1706 4729 omnino
1752 4674 1895 4730 nihil

209 4767 432 4910 “3:231.
458 4853 535 4907 ad
563 4853 765 4908 bonam
775 4851 1035 4922 frugem.
1073 4881 1140 4890 —
1174 4849 1313 4906 Cum
1350 4862 1485 4918 ergo
1527 4855 1685 4904 tanto
1717 4848 1897 4904 disso-

205 4942 396 5008 lutius,
454 4943 564 4997 imo
598 4941 873 4996 vesanius
907 4954 994 4994 me
1027 4939 1298 4994 haberem
1333 4944 1551 5008 quanto
1593 4937 1810 4993 arctius
1840 4945 1896 4993 et

205 5028 530 5098 castigatius
586 5035 754 5084 antea
806 5026 1171 5092 victitassem,
1233 5033 1416 5082 mater
1451 5025 1754 5094 impatiens
1783 5038 1896 5080 au-

206 5116 446 5172 ditorum
510 5116 580 5171 ad
629 5115 895 5172 abbatem
965 5128 1023 5169 se
1077 5113 1337 5176 contulit,
1394 5119 1450 5168 et
1506 5119 1570 5167 ut
1622 5111 1895 5181 magister

207 5219 359 5261 meus
409 5205 616 5260 iterum
658 5218 748 5260 me
800 5203 1045 5263 doceret,
1099 5210 1156 5257 et
1203 5202 1275 5257 ab
1328 5201 1525 5257 eodem
1592 5200 1798 5255 abbate
1839 5207 1895 5255 et

208 5293 473 5348 fratribus
495 5292 839 5362 impetravit.
869 5291 1062 5346 Abbas
1086 5290 1366 5360 siquidem
1397 5289 1492 5346 avi
1522 5288 1635 5344 mei
1700 5287 1894 5344 alum-

206 5393 329 5448 nus,
359 5387 414 5436 et
442 5381 569 5451 ejus
593 5380 769 5436 curiae
807 5393 881 5435 ex
913 5377 1184 5435 beneﬁcio
1235 5377 1542 5444 obnoxius,
1594 5375 1758 5431 facile
1788 5375 1894 5433 fuit

206 5476 257 5527 et
301 5482 421 5525 meo
467 5468 846 5540 aggratulans
892 5466 1189 5534 adventui,
1243 5464 1489 5536 benigne
1559 5471 1893 5535 susceptum

2023 437 2249 503 horum,
2285 438 2374 506 pie
2405 438 2706 507 dispositor
2736 439 2907 505 Deus,
2963 441 3122 508 quia,
3155 455 3226 496 ex
3258 456 3375 512 quo
3422 443 3718 500 Basilicam

2021 526 2349 581 monasterii
2400 527 2578 595 ipsms
2628 527 2860 594 intravi,
2907 536 2961 582 et
3018 530 3334 584 monachos
3359 532 3718 588 considentes

1983 639 1988 644 -
2020 613 2235 681 pariter
2273 613 2388 669 vidi
2428 622 2483 669 et
2513 628 2584 669 ex
2616 628 2817 670 eorum
2838 617 3103 672 contuitu
3134 625 3358 674 tantum
3401 620 3718 676 monachize

2018 702 2275 770 concepit
2346 702 2694 759 desiderium
2764 711 2827 759 ut
2888 704 3224 761 nullatenus
3289 707 3714 776 defcrvesceret,

2009 804 2123 844 nec
2147 790 2255 845 sub
2295 790 2487 859 quiete
2539 791 2771 847 animus
2807 801 3021 862 ageret,
3062 793 3241 850 donec
3268 795 3357 850 sui
3389 795 3506 852 voti
3550 799 3714 853 sorti-

2018 885 2179 934 retur
2229 877 2512 934 etTectum.
2569 879 2710 936 Cum
2746 880 2926 949 igitur
2954 881 3062 937 sub
3096 882 3290 938 eodem
3339 884 3424 940 eis
3465 885 3716 942 claustro

2016 966 2372 1033 cohabitans,
2440 974 2621 1022 totum
2702 983 2825 1024 esse
2900 968 3153 1038 ipsorum
3231 970 3717 1044 habitudinesque

2015 1055 2404 1122 considerans,
2454 1063 2510 1111 et
2574 1056 2722 1112 sicut
2779 1057 3179 1114 soletavento
3229 1059 3463 1117 ﬂamma
3490 1075 3716 1119 succre-

2015 1156 2190 1210 scere,
2245 1144 2321 1198 ita
2376 1157 2447 1197 ex
2491 1145 2972 1214 contemplatione
3029 1160 3226 1203 eorum
3279 1162 3505 1217 semper
3556 1165 3716 1206 mens

2015 1245 2141 1287 mea
2209 1231 2643 1288 conformationi
2699 1232 2930 1289 illorum
3011 1234 3263 1301 inhians,
3319 1251 3433 1292 non
3500 1246 3716 1307 poterat

2015 1334 2132 1375 non
2192 1321 2412 1376 ardere.
2473 1319 2824 1377 Sollicitatur
2904 1323 3154 1393 denique
3215 1326 3286 1380 ab
3343 1326 3549 1383 abbate
3605 1327 3715 1384 loci

2009 1410 2424 1479 congeminatis
2479 1409 2731 1479 quotidie
2774 1410 3037 1480 precibus
3085 1419 3149 1468 ut
3207 1415 3555 1470 monachum
3591 1415 3704 1470 ibi-

2009 1495 2136 1551 dem
2196 1511 2284 1552 me
2335 1498 2600 1564 facerem,
2629 1506 2684 1554 et
2733 1512 2867 1554 cum
2927 1498 3154 1555 infinito
3201 1500 3273 1554 ad
3313 1501 3368 1555 id
3398 1509 3705 1559 mstuarem

2015 1584 2309 1652 desiderio,
2354 1587 2422 1641 ad
2477 1587 2808 1656 hujusmodi
2855 1573 3322 1656 pollicitationem
3385 1597 3576 1644 tamen
3616 1605 3714 1660 per

2020 1673 2166 1728 ullas
2220 1675 2549 1745 rogantium
2581 1676 2840 1745 rogarias
2863 1689 2991 1731 mea
3025 1676 3225 1746 lingua
3263 1677 3406 1732 solvi
3456 1693 3570 1733 non
3611 1694 3714 1748 po—

2018 1769 2182 1829 terat,
2215 1770 2269 1818 et
2302 1763 2456 1832 quod
2515 1778 2631 1818 non
2661 1765 2828 1819 modo
2879 1765 2997 1834 jam
3049 1766 3408 1835 gravescenti
3439 1765 3713 1822 difficilli-

2015 1864 2176 1905 mum
2207 1858 2372 1917 esset,
2418 1858 2482 1906 ut
2537 1851 2606 1906 de
2659 1859 2819 1907 tanta
2871 1852 3058 1906 cordis
3091 1851 3449 1908 abundantia
3478 1855 3712 1910 omnino

2015 1938 2238 1993 silerem
2275 1939 2429 1994 haud
2461 1953 2613 2009 aegre
2643 1939 2925 2008 puerulus
2953 1939 3352 1994 Observabam.

2083 2027 2431 2081 Monachum
2491 2026 2677 2081 induit
2745 2026 3022 2081 Flaviaci.
3103 2057 3172 2067 —
3229 2028 3484 2083 Tandem
3537 2027 3708 2083 matri

2014 2128 2132 2170 rem
2165 2114 2385 2183 prodidi
2414 2130 2565 2185 quae,
2604 2116 2931 2184 puerariam
2980 2117 3160 2171 verita
3193 2115 3500 2183 levitatem,
3548 2124 3711 2172 tanta

2013 2203 2085 2257 ab
2153 2203 2263 2258 hoc
2313 2205 2598 2273 proposito
2655 2217 2742 2259 me
2806 2204 3238 2259 ratiocinatione
3271 2203 3466 2273 rejecit
3512 2212 3577 2260 ut
3618 2220 3708 2260 me

2012 2305 2128 2345 non
2159 2291 2464 2346 minimum
2495 2291 2792 2360 paeniteret
2820 2291 2974 2361 quod
3014 2292 3064 2346 ei
3101 2293 3350 2361 gerenda
3376 2292 3704 2358 retexerim;
3753 2282 3758 2286 ’

2012 2391 2143 2432 cum
2177 2385 2232 2432 et
2269 2378 2467 2432 eadem
2501 2378 2773 2448 magistro
2813 2378 3107 2442 dixissem,
3161 2378 3341 2434 multo
3385 2378 3616 2448 longius
3653 2386 3707 2434 et

2010 2465 2130 2534 ipse
2187 2479 2276 2521 me
2307 2465 2535 2534 pepulit.
2589 2465 2714 2531 Qua
2751 2466 3056 2535 utriusque
3087 2468 3316 2535 repulsa
3356 2465 3698 2536 gravissime

2013 2553 2290 2620 irritatus,
2338 2553 2478 2609 alias
2507 2555 2767 2609 animum
2795 2553 3106 2610 deliberavi
3154 2555 3458 2624 appellere.
3506 2556 3706 2625 Itaque

2011 2643 2092 2696 sic
2131 2656 2220 2696 me
2281 2642 2424 2711 crepi
2468 2656 2637 2712 agere
2665 2655 2731 2697 ac
2757 2642 2803 2696 si
2836 2642 2979 2697 nihil
3025 2642 3233 2697 horum
3289 2643 3582 2711 cmpissem
3611 2657 3706 2711 ap-

2012 2738 2218 2798 petere.
2276 2731 2347 2786 Et
2402 2746 2535 2786 cum
2593 2731 2666 2786 ab
2712 2731 2930 2786 octavis
2981 2731 3333 2786 Pentecostes
3393 2745 3580 2801 usque
3632 2731 3705 2786 ad

2010 2818 2268 2875 Natalem
2317 2820 2681 2875 Dominicum
2735 2819 3105 2884 distulissem,
3139 2827 3194 2876 et
3223 2820 3374 2874 votis
3428 2819 3708 2875 ardentis-

2011 2908 2168 2963 simis
2198 2908 2522 2979 peragendo
2556 2907 2784 2978 negotio
2825 2907 3157 2976 aspirarem,
3208 2907 3408 2962 matris
3441 2921 3705 2964 reveren-

2013 2995 2151 3051 tiam
2184 2997 2562 3066 magistrique
2606 2995 2864 3051 timorem
2918 2995 3237 3065 impatiens,
3286 2995 3544 3064 Domine,
3595 3003 3707 3052 tuae

2015 3083 2252 3139 interna}
2293 3084 2702 3140 stimulationis
2757 3084 2959 3155 abjeci,
3019 3088 3074 3139 et
3129 3084 3201 3139 ad
3259 3084 3545 3151 abbatem,
3604 3085 3705 3155 qui

2014 3180 2307 3242 tantopere
2337 3173 2454 3226 fieri
2493 3172 2598 3227 hoc
2652 3173 2915 3240 ardebat,
2971 3180 3026 3228 et
3075 3172 3221 3228 nihil
3279 3173 3600 3243 sponsionis
3649 3174 3705 3228 in

2012 3260 2187 3315 tantis
2211 3260 2710 3315 sollicitationibus
2741 3261 2813 3316 ab
2845 3275 2942 3315 ore
2986 3275 3110 3316 meo
3150 3261 3386 3318 haurire
3441 3262 3704 3330 potuerit,

2011 3367 2102 3408 me
2155 3353 2468 3420 conferens,
2517 3355 2644 3423 ejus
2690 3354 2932 3422 pedibus
2986 3369 3075 3410 me
3126 3353 3328 3419 aliudi,
3356 3362 3412 3409 et
3441 3354 3526 3410 his
3571 3354 3705 3423 ipsis

2011 3441 2221 3505 verbis,
2255 3447 2320 3495 ut
2351 3440 2612 3496 videlicet
2661 3449 3015 3510 peccatorem
3064 3441 3397 3510 susciperet,
3441 3440 3706 3496 flebiliter

2010 3528 2319 3584 admodum
2375 3528 2632 3583 exoravi.
2697 3527 2805 3594 Qui
2847 3529 3035 3598 petitis
3055 3529 3220 3584 laetus
3252 3529 3468 3595 favens,
3522 3537 3705 3585 vestes

2010 3630 2141 3684 quze
2170 3616 2503 3670 necessariae
2543 3614 3160 3685 fuerantquantocius,
3208 3616 3262 3671 id
3307 3624 3390 3671 est
3434 3617 3705 3686 postridie

2009 3711 2376 3773 przeparatas,
2413 3702 2706 3772 produxit,
2739 3710 2792 3758 et
2823 3717 2912 3758 me
2945 3709 3126 3758 matre
3153 3704 3352 3773 procul
3393 3705 3704 3773 aspiciente

2009 3804 2076 3844 ac
2106 3790 2275 3845 flente
2325 3789 2532 3856 induit,
2565 3797 2619 3844 et
2640 3789 3027 3858 eleemosynas
3074 3789 3315 3859 proinde
3359 3805 3424 3846 eo
3463 3791 3554 3847 die
3578 3791 3702 3847 fieri

2010 3879 2327 3934 mandavit.

2079 3969 2298 4023 Interea
2319 3967 2409 4022 ille
2467 3980 2630 4022 meus
2659 3965 2951 4036 quondam
3011 3965 3316 4036 magister,
3372 3965 3512 4037 quia
3553 3972 3703 4023 478

2008 4055 2366 4112 districtioris
2409 4068 2587 4111 causa
2636 4053 2852 4124 regulae
2912 4068 3000 4108 me
3031 4054 3276 4110 ulterius
3329 4055 3532 4111 docere
3584 4071 3701 4112 non

2009 4152 2250 4214 poterat,
2285 4145 2484 4200 saltem
2519 4142 2793 4212 instigare
2831 4143 2903 4198 ad
2959 4156 3027 4197 ea
3053 4157 3184 4212 quae
3219 4144 3474 4214 legebam
3506 4145 3702 4202 divina

3169 4231 3361 4286 minus
3445 4234 3704 4303 cognitas

2009 4332 2274 4388 quasque
2304 4317 2579 4374 dictiones
2605 4326 2660 4374 et
2693 4318 3045 4374 doctioribus
3076 4319 3409 4388 recogitare,
3453 4317 3545 4387 (³⁸)
3580 4333 3703 4388 pro-

2007 4407 2183 4474 sulas,
2247 4406 2676 4476 versiculosque
2726 4421 3082 4476 componere,
3137 4414 3192 4462 et
3250 4420 3366 4475 quo
3397 4406 3537 4461 mihi
3567 4419 3699 4462 eru-

2007 4496 2214 4552 diendo
2259 4495 2446 4552 minor
2489 4496 2562 4551 ab
2615 4495 2742 4550 aliis
2795 4510 2937 4551 cura
2994 4495 3438 4564 impenderetur,
3495 4507 3560 4550 eo
3613 4509 3701 4550 me

2007 4598 2374 4640 commonens
2406 4587 2623 4640 arctius
2673 4583 2988 4639 elaborare.
3025 4583 3111 4649 Et,
3147 4597 3180 4636 o
3211 4582 3468 4650 Domine,
3499 4581 3698 4637 lumen

2004 4686 2229 4732 verum.
2294 4672 2458 4741 plene
2527 4672 2792 4728 recordor
2875 4679 2987 4726 tuae
3037 4669 3476 4737 inaestimabilis,
3520 4683 3697 4740 quam

2007 4761 2145 4816 mihi
2179 4767 2316 4816 tunc
2340 4759 2688 4827 extribuisti,
2744 4759 3043 4830 largitatis.
3076 4758 3221 4813 Nam
3264 4773 3400 4814 mox
3457 4766 3521 4814 ut
3548 4758 3702 4815 habi-

2004 4857 2130 4905 tum
2186 4856 2353 4904 tuum
2412 4856 2467 4904 te
2497 4847 2774 4904 invitante
2803 4847 3051 4917 suscepi,
3106 4847 3252 4902 illico
3283 4847 3425 4902 mihi
3465 4847 3588 4902 visa
3616 4856 3699 4903 est

2005 4951 2037 4992 a
2087 4937 2228 4992 facie
2283 4936 2471 4992 cordis
2509 4936 2696 4992 nubes
2745 4944 2954 5003 amota,
3010 4943 3064 4990 et
3098 4935 3196 4991 illa
3237 4949 3372 4991 mox
3432 4935 3698 4991 introdu-

2005 5039 2132 5080 cere
2163 5031 2479 5095 caeperunt,
2541 5025 2601 5079 in
2645 5025 2860 5094 quibus
2899 5024 3116 5093 pridem
3184 5023 3479 5093 evagabar
3515 5038 3701 5080 caecus

2004 5120 2059 5169 et
2099 5127 2318 5168 errans.
2376 5115 2655 5169 Praeterea
2703 5121 2862 5168 tanto
2900 5112 3153 5167 discendi
3207 5111 3414 5168 affectu
3471 5120 3699 5182 repente

2003 5215 2130 5256 sum
2193 5201 2484 5257 animatus
2516 5209 2580 5257 ut
2640 5201 2774 5257 huic
2832 5200 2935 5256 soli
2967 5201 3046 5255 rei
3080 5200 3248 5256 unice
3303 5200 3611 5270 inhiarem,
3643 5209 3698 5258 et

2003 5290 2293 5346 incassum
2343 5305 2432 5346 me
2481 5291 2676 5346 vivere
2711 5289 3074 5355 aastimarem,
3125 5289 3169 5344 si
3229 5289 3378 5344 diem
3429 5290 3550 5345 sine
3597 5290 3697 5346 tali

2002 5377 2259 5448 quolibet
2295 5386 2429 5434 actu
2467 5378 2866 5448 transigerem.
2898 5376 2943 5432 Ο
2975 5377 3200 5447 quoties
3228 5377 3486 5434 dormire
3523 5386 3697 5447 puta-

2001 5464 2128 5534 bar,
2166 5472 2223 5521 et
2269 5478 2478 5535 corpus
2528 5464 2638 5521 sub
2685 5463 2943 5534 pannulo
3002 5464 3193 5521 fovere
3233 5464 3594 5536 tenellulum,
3639 5473 3694 5523 et
