3902 6082
253 215 352 270 867
1144 211 1210 264 V.
1257 207 1584 266 GUIBERTI
1617 207 1906 264 ABBATIS
1943 208 2000 264 S.
2044 208 2282 264 MARl/E
2324 209 2415 264 DE
2456 207 2852 264 NOVIGENTO

3667 206 3787 262 868

255 347 493 418 spiritus
524 360 684 402 meus
710 350 811 400 aut
839 340 1216 398 dictaturiens
1245 340 1600 404 arctahatur,
1639 347 1742 396 aut
1775 338 1953 410 quid-
1991 341 2036 394 Α
2062 339 2180 410 ipse
2221 338 2322 410 qui
2349 339 2582 409 patitur,
2609 338 2859 410 idipsum
2890 337 3044 409 quod
3085 338 3322 408 patitur,
3359 337 3782 408 floccipendat,

257 439 410 506 piam
441 436 661 505 objecta
690 432 892 500 lodice,
925 431 1065 486 dum
1094 431 1317 501 judicia
1365 444 1569 485 vereor
1618 429 1827 498 aliena,
1878 429 1952 484 le-

256 526 481 597 gebam.

324 617 568 670 Strenue
617 609 833 666 litteris
858 609 962 666 dat
994 625 1250 679 operam.
1285 608 1397 664 Sed
1419 610 1482 662 ut
1527 606 1730 664 laude:
1759 607 1954 677 captet

253 703 559 757 humanas.
591 700 755 754 —Et
806 706 890 764 tu,
945 699 1079 754 Jesu
1137 697 1246 766 pie,
1315 711 1431 750 non
1488 695 1782 751 nesciebas
1831 709 1948 764 qua

253 789 568 844 intentione
617 787 675 842 id
731 786 998 853 facerem,
1048 784 1461 855 conquirendae
1507 785 1712 853 utique
1766 781 1953 852 gratia

253 875 460 940 laudis,
507 882 562 930 et
593 881 655 930 ut
695 873 993 943 praesentis
1035 872 1228 927 saeculi
1289 871 1722 926 honorificentia
1770 870 1954 940 major

253 971 597 1021 occurreret.
662 962 950 1017 Habebam
1005 961 1176 1030 plane
1205 967 1405 1015 contra
1439 974 1528 1014 me
1575 959 1811 1025 amicos,
1845 958 1946 1028 qui

253 1053 355 1109 etsi
385 1053 536 1108 bona
560 1051 701 1106 mihi
732 1050 1074 1114 suadebant,
1101 1049 1304 1104 crebro
1336 1057 1523 1104 tamen
1574 1056 1630 1104 et
1670 1047 1868 1104 laudes
1899 1049 1954 1103 et

254 1152 327 1195 ex
358 1137 562 1193 litteris
592 1136 964 1192 claritudines
985 1135 1346 1206 ingerebant.
1377 1143 1432 1190 et
1464 1149 1564 1204 per
1591 1135 1713 1191 haec
1742 1134 1954 1191 culmi-

254 1241 396 1283 num
428 1239 723 1296 opumque
757 1223 1162 1280 assecutiones.
1214 1225 1350 1292 Spes
1383 1223 1562 1294 igitur
1598 1223 1756 1277 omni
1803 1221 1956 1292 aspi-

255 1314 394 1369 dum
429 1327 536 1368 ovo
577 1311 882 1367 deteriores
938 1310 1092 1365 cordi
1147 1308 1464 1378 improvido
1510 1307 1844 1375 aﬂerebant,
1901 1314 1956 1363 et

255 1416 388 1458 cum
419 1401 613 1458 omnia
656 1414 787 1470 quae
826 1399 1206 1468 spondebant,
1265 1397 1536 1454 citissime
1590 1397 1957 1466 adimplenda

257 1499 546 1560 putarem,
577 1487 908 1543 vanissimis
939 1499 1028 1541 me
1056 1485 1555 1555 expectationihus
1587 1485 1954 1540 deludebant.

256 1577 417 1643 Quod
445 1577 599 1631 enim
625 1575 684 1629 in
707 1574 1019 1645 grandzevo
1038 1582 1319 1628 eventura
1341 1573 1623 1636 dicebant,
1658 1587 1765 1641 ego
1789 1571 1956 1642 plane

259 1663 605 1719 adolescenti
634 1669 810 1732 atque
836 1660 1151 1731 juvenculo
1179 1673 1473 1716 accessum
1503 1661 1796 1729 putabam.
1821 1660 1953 1714 Pro-

259 1752 541 1823 ponebant
571 1764 775 1819 nempe
813 1749 951 1804 mihi
980 1757 1035 1805 et
1063 1763 1187 1803 eam
1239 1762 1370 1817 qua;
1403 1756 1452 1804 te
1480 1754 1714 1803 auctore
1746 1749 1803 1802 in
1834 1747 1955 1802 dies

258 1839 624 1895 excrescebat
654 1838 945 1893 scientiam
998 1845 1054 1893 et
1103 1837 1280 1892 bonos
1310 1837 1380 1891 ad
1403 1835 1681 1891 saeculum
1735 1835 1956 1891 natales

258 1936 313 1984 et
371 1926 652 1995 formam;
697 1925 792 1980 sed
847 1940 962 1980 non
1015 1924 1472 1980 recordabantur
1518 1923 1657 1993 quia
1695 1936 1795 1993 per
1855 1923 1956 1978 hos

259 2015 476 2087 gradus
529 2013 760 2070 vetuisti
817 2013 1044 2068 ascendi
1103 2013 1174 2066 ad
1206 2012 1384 2067 altare
1422 2019 1611 2078 tuum,
1671 2012 1823 2081 quod
1875 2011 1957 2066 sic

259 2105 436 2160 soleat
484 2102 783 2172 turpitudo
829 2101 1091 2158 revelari.
1123 2100 1227 2166 Qui
1259 2101 1413 2156 enim
1441 2100 1696 2156 ascendit
1722 2099 1956 2156 aliunde

262 2193 351 2248 ille
411 2192 506 2248 fur
569 2198 654 2246 est
704 2197 758 2246 et
819 2190 964 2246 latro
1010 2191 1210 2260 (Joan.
1252 2203 1315 2256 x,
1346 2188 1416 2257 l),
1445 2189 1601 2259 quod
1645 2195 1729 2244 est
1769 2188 1951 2258 turpi-

262 2281 420 2338 tudo.

331 2370 557 2436 Quanta
599 2369 1030 2438 compunctione
1072 2364 1401 2420 adolescens
1425 2363 1699 2436 praditus
1721 2366 1867 2432 erat,
1901 2366 1959 2418 et

258 2472 436 2528 quam
467 2454 692 2510 utiliter
727 2451 963 2512 lectioni
984 2453 1334 2508 intendebat.
1368 2483 1436 2494 —
1465 2453 1571 2509 Sed
1601 2455 1655 2508 in
1702 2453 1791 2509 his
1818 2452 1959 2508 meis

261 2554 314 2602 te
345 2546 685 2615 inspiratore
715 2543 1062 2613 primordiis,
1099 2543 1147 2598 si
1169 2543 1325 2597 aliud
1384 2542 1684 2611 sapuisset,
1742 2554 1958 2610 praepa-

260 2634 443 2690 randa
480 2633 622 2688 mihi
672 2631 867 2687 fuisset
919 2630 1114 2686 anima
1151 2631 1221 2686 ad
1275 2631 1667 2686 tentationem.
1703 2631 1770 2684 Et
1806 2637 1958 2684 certe

262 2719 694 2790 tunctemporis
723 2718 1145 2789 quodammodo
1185 2718 1425 2787 insipide
1445 2717 1758 2787 sapiebam.
1805 2716 1958 2772 Licet

262 2809 415 2865 enim
462 2808 715 2879 pueriles
771 2807 1082 2862 admodum
1128 2806 1477 2877 gaudiorum
1511 2805 1721 2861 scilicet
1751 2819 1816 2860 ac
1844 2805 1956 2860 ira-

263 2911 395 2952 rum
432 2903 622 2952 motus
652 2895 944 2961 haberem,
977 2910 1009 2947 ο
1039 2895 1265 2950 utinam
1299 2901 1442 2962 tum,
1497 2893 1754 2955 Domine,
1789 2901 1956 2949 tuum

261 2984 548 3055 judicium
605 2983 686 3038 sic
729 2983 1008 3048 timerem,
1069 2990 1300 3052 peccata
1341 2983 1510 3038 etiam
1568 2981 1828 3037 maxima
1881 2981 1963 3036 sic

265 3074 432 3129 modo
483 3074 794 3136 horrerem,
861 3071 1146 3141 quomodo
1199 3077 1340 3126 tunc
1395 3069 1636 3124 minima
1673 3076 1729 3125 et
1785 3083 1961 3140 prope

264 3160 428 3217 nulla
474 3157 818 3216 horrebaml
869 3157 1210 3214 Emulabar
1259 3172 1415 3225 sane,
1448 3165 1502 3213 et
1529 3171 1703 3228 quam
1749 3157 1959 3213 avidis-

264 3249 405 3305 sime
433 3263 549 3315 eos,
574 3262 723 3318 quas
758 3261 865 3304 sua
915 3247 1179 3302 videbam
1224 3246 1529 3304 commissa
1575 3246 1865 3312 deﬂentes,
1906 3253 1962 3302 et

263 3337 417 3394 visui
446 3337 790 3407 audituique
811 3350 936 3392 meo
960 3339 1126 3391 erant
1143 3336 1472 3406 gratissima
1495 3349 1861 3405 quaecunque
1887 3348 1960 3390 ex

265 3435 319 3483 te
369 3432 554 3482 erant.
607 3426 678 3480 Et
731 3425 830 3494 qui
892 3424 948 3479 in
975 3423 1274 3493 scripturis
1325 3437 1483 3479 nunc
1523 3423 1860 3494 jactantiam
1907 3430 1962 3478 et

263 3515 442 3572 verba
471 3528 690 3584 quaero,
714 3513 828 3569 imo
860 3513 1116 3583 ipsorum
1147 3511 1512 3568 ethnicorum
1545 3511 1783 3566 infamia
1811 3511 1962 3566 dicta

263 3619 366 3674 pro
419 3603 758 3674 garrulitate
811 3601 1112 3670 contineo;
1168 3608 1308 3656 tunc
1337 3600 1524 3667 ﬂetus,
1580 3599 1961 3670 dolorumque

264 3706 467 3750 causas
489 3691 699 3746 exinde
744 3689 1065 3760 exigebam,
1109 3703 1211 3745 nec
1263 3702 1354 3744 me
1406 3689 1609 3760 legisse
1653 3689 1952 3758 putabam,

265 3781 490 3852 quoties
532 3780 588 3834 in
627 3781 753 3850 ipsa
784 3779 1023 3834 lectione
1051 3778 1196 3833 nihil
1229 3777 1758 3848 contemplativum,
1819 3777 1960 3833 nihil

265 3867 692 3939 compunctioni
715 3865 902 3922 habile
929 3866 1299 3936 attingebam,
1329 3865 1572 3921 scienter
1599 3881 1705 3936 ego
1735 3865 1963 3922 nescius

267 3958 348 4013 sic
377 3957 638 4026 agebam.

345 4042 638 4100 Terricula
672 4057 802 4096 eum
832 4040 1084 4098 maxime
1133 4041 1414 4097 cruciant.
1447 4073 1515 4081 —
1546 4042 1619 4098 At
1651 4041 1830 4097 hostis
1871 4041 1961 4099 ille

267 4131 568 4201 antiquus,
601 4129 700 4200 qui
734 4143 835 4199 pro
872 4129 1119 4185 statibus
1149 4129 1499 4196 animorum,
1531 4143 1632 4199 pro
1663 4128 1962 4199 qualitati-

2060 428 2223 484 nulla
2254 437 2446 484 tamen
2477 427 2816 484 auctoritate
2855 427 3112 498 spiritus,
3164 427 3262 483 ubi
3314 442 3373 483 se
3426 427 3646 496 sopori,
3682 426 3788 482 vel

2063 531 2266 586 parum
2335 517 2677 573 immerserit
2739 517 3037 572 horrentia
3116 515 3240 571 visa
3305 515 3566 577 recutiat,
3657 515 3786 569 imo

2059 619 2324 662 somnum
2366 613 2618 675 repetere
2667 619 2832 661 mens
2886 605 3143 674 graviter
3173 617 3208 659 a
3253 603 3558 660 timoribus
3617 604 3788 658 irre-

2057 693 2252 763 quieta
2278 692 2594 762 pertimeat.
2629 693 2734 748 Cui
2786 692 3071 762 siquidem
3131 693 3380 762 passioni
3416 694 3592 747 etiam
3653 693 3785 747 fre-

2060 783 2300 851 quentia
2354 789 2406 837 et
2437 781 2683 837 solitudo
2731 781 2892 852 paria
2920 788 3077 847 sunt,
3129 781 3267 836 dum
3299 781 3536 836 societas
3565 780 3784 835 timori

2057 884 2173 924 non
2205 869 2409 936 obstat,
2440 878 2495 926 et
2525 870 2779 925 solitaria
2814 883 3039 939 semper
3079 868 3354 924 habitatio
3403 877 3504 925 aut
3545 870 3777 939 magis,

2060 966 2162 1014 aut
2187 958 2545 1014 tantumdem
2571 959 2725 1028 quod
2758 958 3054 1015 consuevit
3082 957 3312 1014 efﬁciat.

2140 1045 2301 1101 Visio
2332 1046 2615 1117 terriﬁca.
2648 1046 2716 1086 J—
2747 1047 3014 1107 Multum,
3051 1045 3480 1111 DomineDeus,
3511 1046 3586 1102 ab
3607 1060 3683 1100 eo
3721 1045 3783 1100 in

2061 1150 2178 1206 quo
2209 1150 2367 1191 nunc
2395 1150 2499 1206 ego
2521 1142 2675 1192 statu
2703 1135 2932 1191 diversa
2961 1134 3259 1205 gerebam;
3291 1142 3430 1190 tunc
3462 1133 3640 1203 plane
3661 1133 3784 1190 sub

2062 1236 2275 1295 magna
2303 1231 2417 1280 tuae
2452 1224 2590 1294 legis
2611 1224 2951 1291 reverentia,
2984 1231 3040 1279 et
3073 1222 3298 1278 infinita
3335 1223 3508 1278 totius
3547 1224 3781 1292 peccati

2062 1313 2454 1369 exsecratione
2483 1313 3036 1382 vivebam,qumque
3063 1325 3137 1367 ex
3164 1318 3215 1367 te
3244 1317 3299 1366 et
3327 1310 3458 1377 dici,
3486 1319 3541 1366 et
3571 1310 3781 1366 audiri

2060 1410 2116 1458 et
2161 1402 2293 1456 sciri
2334 1409 2597 1471 poterant
2633 1400 3081 1456 ambientissime
3134 1398 3552 1454 combibebam.
3619 1397 3775 1464 Scio,

2065 1491 2304 1547 caelestis
2355 1490 2541 1557 Pater,
2602 1490 2742 1559 quia
2793 1488 3009 1545 talibus
3039 1487 3268 1558 pueruli
3315 1486 3520 1542 studiis
3566 1486 3775 1541 saevis-

2066 1581 2206 1635 sime
2235 1578 2498 1634 diabolus
2533 1578 2889 1644 irritabatur,
2947 1591 2980 1631 a
3035 1590 3125 1632 me
3179 1575 3540 1645 postmodum
3589 1575 3774 1630 totius

1996 1643 2037 1697 Β
2067 1667 2143 1736 pii
2177 1666 2416 1722 fervoris
2445 1666 2764 1722 desertione
2789 1663 3126 1734 placandus.
3161 1643 3321 1719 Unde
3349 1670 3403 1718 et
3423 1671 3591 1718 nocte
3616 1676 3774 1731 qua-

2064 1752 2195 1806 dam
2247 1765 2378 1806 cum
2429 1758 2589 1806 tanta
2648 1751 2856 1806 misera
2910 1749 3299 1806 sollicitudine
3362 1757 3768 1819 experrectus,

2065 1840 2325 1906 hiberno,
2383 1847 2447 1895 ut
2510 1839 2734 1909 opinor,
2782 1846 3034 1908 tempore
3092 1838 3153 1894 in
3206 1852 3331 1893 meo
3392 1852 3482 1892 me
3541 1837 3772 1892 lectudo

2064 1931 2438 1995 continerem,
2471 1935 2527 1983 et
2582 1927 2843 1997 lampade
2889 1926 3155 1998 proxima
3193 1926 3578 1982 clarissimum
3642 1926 3771 1981 red-

2064 2017 2231 2072 dente
2264 2015 2462 2071 lumen
2515 2017 2771 2072 securior
2801 2030 2923 2072 esse
2970 2016 3216 2084 viderer,
3271 2029 3400 2071 ecce
3445 2023 3682 2084 repente
3719 2021 3771 2069 et

2065 2105 2222 2160 haud
2281 2104 2448 2175 longe
2490 2104 2560 2160 de
2604 2103 3015 2174 superioribus,
3076 2111 3140 2160 ut
3171 2103 3392 2174 putavi,
3445 2103 3770 2158 multarum

2062 2207 2292 2260 vocum,
2323 2207 2452 2249 cum
2505 2207 2621 2248 nox
2651 2201 2797 2249 esset
2851 2194 3207 2263 intempesta,
3255 2193 3472 2248 clamor
3509 2191 3765 2248 emersit.

2065 2284 2194 2341 Vox
2229 2289 2421 2339 autem
2454 2282 2578 2337 sine
2608 2282 2782 2338 verbo
2816 2281 2944 2349 fuit,
2980 2297 3014 2338 o
3042 2279 3144 2352 [f.,
3175 2280 3292 2351 sed]
3336 2280 3523 2337 solum
3576 2282 3639 2335 vi
3671 2294 3770 2336 ca-

2064 2370 2352 2428 lamitatis.
2389 2370 2459 2424 Et
2491 2369 2640 2424 illico
2662 2370 2957 2426 concussis
2987 2371 3164 2425 veluti
3206 2369 3274 2424 ad
3305 2383 3572 2424 somnum
3622 2377 3771 2425 tem-

2067 2459 2304 2530 poribus
2332 2473 2550 2515 asensu
2580 2458 2793 2528 rapior,
2826 2466 2882 2513 et
2903 2465 3194 2513 mortuum
3217 2457 3566 2526 quempiam,
3592 2471 3768 2526 quem

2065 2547 2270 2604 obiisse
2310 2547 2368 2601 in
2402 2545 2624 2602 balneis
2651 2545 2888 2615 quidam
2935 2544 3352 2612 cqnclamabat,
3383 2544 3582 2599 videre
3629 2543 3768 2598 mibi

2067 2634 2282 2689 videor.
2331 2632 2454 2700 Qua
2498 2633 2912 2703 imaginatione
2961 2633 3328 2701 conterritus,
3384 2646 3516 2688 cum
3547 2647 3580 2690 θ
3614 2640 3770 2687 statu

2066 2721 2365 2792 prosiliens
2415 2720 2885 2788 subclamassem,
2933 2722 2989 2776 in
3024 2721 3143 2791 ipso
3195 2722 3378 2791 primo
3418 2728 3581 2776 motu
3645 2735 3771 2775 meo

2065 2810 2388 2880 respiciens,
2425 2809 2745 2879 lampadem
2787 2809 2902 2864 vidi
2936 2809 3301 2876 exstinctam,
3324 2817 3379 2864 et
3415 2823 3517 2878 per
3551 2808 3772 2864 medias

1998 2923 2039 2978 C
2068 2898 2350 2969 rugientis
2379 2898 2600 2953 umbrae
2631 2896 2904 2969 caligines
2931 2911 3038 2953 sua
3077 2897 3257 2968 ipsius
3312 2898 3499 2967 specie
3549 2897 3770 2952 daemo-

2070 3000 2198 3041 nem
2257 2993 2501 3041 stantem
2562 2998 2736 3054 prope
2786 2983 3030 3040 intueor.
3091 2984 3271 3054 Cujus
3327 2983 3547 3039 visione
3601 2991 3768 3038 teter-

2069 3075 2216 3130 rima
2254 3088 2400 3144 pene
2458 3072 2730 3128 eﬁerarer
2791 3072 2849 3127 in
2894 3073 3134 3140 rabiem,
3192 3072 3301 3128 nisi
3360 3086 3450 3128 me
3504 3071 3764 3143 magistri

2070 3168 2217 3218 414
2251 3163 2398 3229 mei,
2447 3161 2548 3232 qui
2588 3161 2678 3217 his
2740 3161 3052 3218 terroribus
3100 3161 3462 3217 moderandis
3507 3160 3766 3216 crebrius

2066 3251 2411 3319 excubabat,
2439 3249 2843 3320 perturbatum
2893 3257 2947 3306 et
2999 3257 3284 3306 amentem
3325 3249 3558 3306 solertia
3615 3248 3763 3305 refo-

2068 3340 2254 3395 visset.

2150 3427 2560 3484 Vehementius
2584 3426 2646 3482 in
2687 3443 2885 3482 recens
2914 3441 3208 3484 conversos
3234 3425 3389 3482 savvit
3432 3425 3676 3483 daemon.
3701 3456 3762 3468 —

2068 3517 2183 3573 Nec
2221 3530 2310 3571 me
2341 3516 2572 3580 latebat,
2607 3517 2756 3571 Deus
2785 3529 2968 3582 meus,
3004 3515 3061 3570 in
3094 3516 3215 3585 ipsa
3244 3528 3530 3570 annorum
3567 3515 3761 3585 pueri-

2070 3603 2210 3659 lium
2265 3601 2667 3665 teneritudine,
2701 3603 2842 3673 quia
2899 3602 3156 3658 studium
3206 3604 3368 3659 bona;
3414 3601 3760 3668 intentionis,

2069 3707 2184 3762 quo
2217 3705 2378 3747 meus
2437 3691 2666 3746 animus
2718 3699 2857 3746 tunc
2890 3690 3182 3758 fervebat,
3239 3691 3588 3746 incentorem
3626 3704 3763 3745 mea:

2071 3779 2445 3850 malignitatis
2475 3779 2768 3834 diabolum
2825 3793 2941 3834 non
2989 3778 3206 3834 modice
3250 3777 3545 3834 incitabat.
3599 3778 3688 3843 Et,
3731 3791 3762 3832 ο

2070 3868 2162 3939 pie
2218 3869 2390 3936 Deus,
2415 3868 2555 3938 quid
2586 3867 2984 3935 victoriarum,
3019 3867 3157 3937 quid
3193 3880 3295 3937 pro
3321 3865 3577 3921 victoriis
3606 3881 3764 3922 coro-

2069 3970 2280 4012 narum
2313 3956 2481 4011 hodie
2536 3955 3022 4020 commeruissem,
3073 3955 3120 4010 si
3167 3953 3534 4010 immobiliter
3585 3955 3656 4010 ad
3708 3955 3760 4009 id

2070 4044 2402 4100 certaminis
2434 4043 2850 4113 perstitissem‘?
2892 4043 3164 4099 Plurimis
3209 4043 3379 4099 etiam
3425 4043 3754 4100 auditarum

2071 4145 2266 4188 rerum
2293 4131 2640 4202 conjecturis
2668 4131 2936 4201 experior
2979 4131 3256 4187 adversus
3284 4145 3471 4200 nuper
3523 4146 3761 4187 conver-

269 4220 380 4276 bus
411 4226 648 4275 aetatum
673 4232 733 4274 se
763 4218 974 4274 habere
1006 4217 1266 4289 longaeva
1297 4217 1677 4274 diuturnitate
1707 4217 1963 4288 pcrdidi-
2003 4215 2046 4270 D
2072 4231 2182 4284 sos,
2212 4231 2313 4273 seu
2342 4231 2438 4273 eos
2468 4216 2570 4286 qui
2602 4217 2675 4272 ad
2707 4217 2814 4272 hoc
2843 4219 3198 4286 propositum
3233 4230 3460 4286 semper
3486 4217 3758 4287 aspirant,

269 4309 382 4377 cit;
417 4306 530 4374 ille,
563 4306 827 4376 inquam,
865 4319 967 4376 pro
1007 4305 1239 4361 modulo
1292 4305 1497 4362 mentis
1541 4318 1608 4361 ac
1636 4305 1963 4375 corpusculi

269 4396 381 4451 mei
411 4409 563 4451 nova
591 4394 730 4450 mihi
782 4393 933 4450 bella
981 4393 1271 4463 parturiit.
1304 4392 1446 4449 Nam
1485 4392 1541 4447 in
1573 4393 1788 4449 somnis
1816 4407 1965 4450 mor-

274 4473 506 4540 tuorum
566 4483 868 4539 hominum
924 4481 1132 4537 mentis
1181 4494 1320 4536 mea;
1350 4479 1648 4536 obtutibus
1703 4481 1964 4537 crebrius

270 4572 554 4643 imagines
583 4571 855 4637 inferens,
893 4575 948 4626 et
986 4568 1239 4625 maxime
1274 4582 1476 4624 eorum
1535 4583 1683 4639 quos
1737 4570 1964 4639 uspiam

271 4660 496 4731 gladiis,
535 4667 637 4715 aut
689 4657 944 4728 quolibet
999 4655 1402 4712 internecionis
1432 4670 1640 4726 genere
1690 4664 1792 4714 aut
1819 4657 1966 4713 vide-

271 4763 416 4814 ram,
445 4754 548 4804 aut
573 4746 910 4803 occubuisse
928 4744 1246 4811 audieram,
1276 4744 1448 4799 tantis
1473 4743 1741 4814 spiritum
1766 4758 1964 4800 somno

271 4835 524 4892 solutum
554 4835 854 4904 speciebus
884 4832 1210 4888 exterrebat
1240 4837 1305 4888 ut
1354 4832 1641 4899 noctibus,
1704 4832 1813 4888 nisi
1847 4846 1964 4888 me

273 4925 527 4994 prmdicti
561 4922 817 4993 magistri
849 4920 961 4976 mei
989 4920 1291 4991 vigilantia
1320 4920 1724 4987 communiret,
1776 4933 1964 4989 neque

273 5011 414 5068 lecto
444 5010 716 5076 cohiberi,
746 5023 936 5078 neque
965 5021 1000 5062 a
1028 5007 1381 5063 clamoribus
1411 5007 1615 5075 arceri,
1648 5007 1762 5062 imo
1791 5014 1846 5062 et
1865 5007 1965 5063 vix

272 5113 502 5156 sensum
536 5111 732 5169 regere
755 5111 1001 5167 possem.
1032 5095 1170 5162 Qum
1223 5095 1482 5151 molestia
1535 5094 1806 5164 quamvis
1852 5095 1964 5150 ali-

273 5187 489 5256 quibus
520 5186 832 5256 inexpertis
866 5184 1102 5255 puerilis
1139 5198 1261 5239 esse
1291 5191 1465 5254 atque
1497 5183 1741 5239 ridicula
1771 5183 1963 5239 videa-

271 5284 388 5342 tur,
431 5282 604 5331 tantae
633 5274 788 5343 apud
813 5288 907 5330 eos
935 5273 1039 5344 qui
1067 5286 1136 5328 ea
1169 5280 1452 5343 urgentur
1478 5271 1819 5327 calamitatis
1856 5271 1966 5327 ha-

273 5363 444 5420 betur
470 5369 532 5418 ut
553 5363 722 5418 timor
749 5361 890 5430 ipse,
923 5359 1024 5432 qui
1057 5373 1092 5415 a
1129 5359 1422 5430 plerisque
1447 5365 1688 5429 putatur
1713 5359 1962 5430 ineptus,

273 5449 437 5506 nulla
466 5448 650 5506 veleat
680 5447 919 5517 ratione,
952 5446 1113 5505 nullo
1136 5446 1372 5503 consilio
1391 5446 1715 5516 temperari,
1745 5453 1799 5504 et
1828 5460 1961 5504 cum

2072 4304 2468 4361 vehementius
2497 4304 2783 4360 daemones
2829 4304 3106 4360 acerbari.
3151 4305 3310 4361 Unde
3359 4305 3595 4361 memini
3637 4313 3763 4362 tem-

2073 4406 2209 4463 pore
2237 4392 2515 4449 Guidonis
2542 4393 2974 4449 Bellovacorum
3006 4393 3253 4463 episcopi
3282 4393 3475 4463 (cujus
3503 4395 3764 4464 superius

2073 4481 2428 4537 mentionem
2467 4479 2716 4544 fecerim)
2759 4480 3068 4550 quemdam
3103 4481 3250 4536 inter
3297 4479 3609 4537 familiares
3638 4496 3764 4538 suos

2069 4569 2342 4640 juvenem
2389 4569 2458 4624 de
2498 4569 2868 4638 equestribus
2910 4569 3215 4636 exstitisse,
3271 4583 3444 4640 quem
3503 4583 3622 4638 prae
3650 4571 3761 4626 suis

2073 4671 2218 4727 pene
2291 4655 2805 4712 contubernalibus
2866 4655 3169 4726 episcopus
3251 4656 3400 4712 idem
3449 4657 3762 4726 specialiter

2073 4744 2398 4801 affectabat.
2432 4744 2609 4812 Quem
2627 4759 2759 4801 cum
2776 4745 3127 4814 pravitatum
3153 4759 3391 4801 suarum
3424 4745 3760 4801 atrocissime

2073 4833 2390 4902 paeniteret,
2425 4840 2479 4888 et
2504 4832 2572 4888 de
2603 4833 2864 4888 saeculari
2900 4833 3332 4889 conversatione
3368 4832 3554 4888 modis
3581 4835 3758 4888 omni—

2071 4920 2181 4977 bus
2232 4921 2528 4976 moliretur
2553 4919 2876 4992 effugium;
2924 4935 3057 4977 cum
3090 4935 3266 4990 super
3312 4921 3421 4976 hac
3451 4922 3757 4976 novitatum

2073 5009 2432 5065 revolutione
2465 5009 2743 5066 acerrime
2770 5010 3092 5076 roderetur,
3136 5015 3301 5065 nocte
3326 5010 3584 5079 quadam
3639 5024 3757 5065 cum

2074 5097 2132 5153 in
2159 5097 2407 5168 episcopi
2436 5098 2706 5154 cubiculo
2754 5098 2874 5168 ipse
2919 5099 3211 5165 dormiret,
3241 5105 3296 5154 et
3342 5098 3646 5168 religiosus
3673 5098 3761 5154 ad-

2073 5185 2308 5240 modum
2339 5185 2430 5240 vir
2459 5185 2696 5256 quidam
2728 5187 2828 5241 Ivo
2857 5186 3090 5242 nomine
3145 5185 3333 5243 Sancti
3377 5185 3758 5250 Quintinensis

2072 5272 2364 5344 indigena,
2397 5274 2459 5328 ni
2485 5273 2673 5341 fallor,
2704 5273 2906 5330 litteris
2931 5274 3301 5342 clarissimus,
3341 5274 3615 5330 facundia
3644 5289 3760 5344 pro-

2073 5361 2376 5430 pemodum
2433 5361 2676 5419 clariore
2708 5362 3068 5433 praepollens.
3129 5362 3527 5420 Cluniacensis
3573 5376 3756 5419 mona-

2071 5447 2238 5517 chus,
2269 5447 2372 5519 qui
2391 5449 2502 5506 sub
2541 5449 2853 5508 benedictae
2877 5450 3167 5508 memoriae
3205 5451 3412 5509 abbate
3445 5451 3624 5524 hujus
3660 5451 3751 5509 loci
