3902 6082
159 223 272 277 869

1285 220 1378 277 DE
1419 220 1580 274 VITA
1619 220 1749 276 SUA
1795 219 1979 276 LIBRI
2022 219 2218 276 TRES.
2253 251 2319 260 -ο
2355 219 2483 275 LIB.
2525 221 2566 273 l.

3561 225 3666 278 870

161 354 410 422 Hugone
437 351 538 406 diu
557 350 674 421 egit
694 349 950 406 ofﬁcium
976 349 1286 420 prioratus,
1311 363 1443 405 cum
1463 349 1591 405 aliis
1616 349 1860 420 quibus-
1900 355 1943 407 Α
1979 350 2188 406 interni
2227 350 2361 406 boni
2411 349 2780 406 mmulatione
2835 350 3199 408 creabantur.
3229 353 3360 408 Mox
3393 354 3571 423 igitur
3603 363 3669 410 ut

156 443 296 497 dam
317 448 518 495 sancta
539 439 658 494 vita
679 454 844 509 mque
865 439 1156 494 nobilibus
1178 439 1394 508 pariter
1422 439 1566 493 inibi
1595 440 1858 507 episcopo

163 535 442 596 praesente
489 528 848 598 quiescerent
895 527 1134 597 quidam
1192 526 1261 581 de
1322 525 1499 581 vicini
1551 526 1859 596 cujusdam

157 616 504 685 proceribus
557 614 769 684 oppidi,
837 614 928 668 vir
982 613 1148 668 valde
1196 612 1434 668 curialis
1484 620 1538 667 et
1580 612 1856 681 prudens,

161 705 502 773 intempesto
535 702 758 758 silentio
789 701 1068 770 soporatis
1089 699 1362 755 omnibus
1407 699 1700 769 vigilabat.
1748 699 1859 762 Qui

157 806 295 847 cum
327 805 458 862 quae
483 791 705 846 volebat
736 790 1016 860 cogitans,
1053 789 1188 844 huic
1221 789 1475 858 illucque
1502 789 1859 857 despiceret;

157 894 291 935 ecce
315 881 532 949 proceri
563 879 754 949 ﬁgura
783 878 1078 944 daemonis,
1119 877 1257 932 exili
1312 878 1516 946 capite,
1569 876 1860 946 turgenti—

161 967 276 1024 bus
301 968 549 1038 scapulis
589 966 960 1037 progrediens
985 966 1109 1020 viro
1158 965 1450 1035 apparuit,
1501 972 1557 1020 et
1606 963 1862 1020 seriatim

161 1054 312 1111 lecta
342 1069 593 1125 quaeque
645 1061 986 1124 respectans,
1045 1052 1391 1122 pedetentim
1439 1066 1539 1122 per
1567 1065 1860 1107 cameram

161 1143 536 1200 deambulare
565 1157 623 1199 se
645 1142 832 1198 finxit.
852 1142 1116 1212 Cumque
1136 1141 1205 1196 ad
1238 1140 1364 1210 ejus
1393 1148 1662 1208 stratum,
1688 1155 1860 1211 quem

161 1231 600 1301 praelibavimus
623 1231 875 1301 juvenis,
906 1244 1195 1300 quemque
1225 1229 1298 1284 ab
1327 1229 1523 1284 eodem
1546 1229 1862 1298 plurimum

161 1319 452 1390 acceptari
477 1319 761 1388 episcopo,
825 1317 1167 1373 falsissimus
1212 1316 1540 1372 accessisset
1583 1317 1860 1383 substitit,

160 1417 220 1464 et
241 1409 471 1464 retortis
508 1408 580 1462 ad
617 1407 990 1462 dormientem
1045 1405 1411 1476 aspectibus;
1468 1405 1588 1472 Hic,
1649 1405 1860 1475 inquit,

160 1497 378 1552 anxius
407 1504 461 1550 et
491 1494 654 1564 pejus
688 1494 777 1549 his
807 1493 1098 1559 omnibus,
1137 1494 1239 1562 qui
1268 1492 1393 1546 istic
1423 1491 1737 1555 dormiunt,
1775 1505 1864 1546 me

161 1590 356 1638 vexat.
390 1581 513 1648 Quo
547 1581 715 1642 dicto,
756 1580 827 1635 ad
869 1581 1080 1635 ostium
1125 1592 1185 1634 se
1224 1578 1479 1648 dirigens
1511 1577 1860 1643 cloacarum,

163 1673 226 1726 in
251 1671 474 1725 easdem
507 1683 565 1725 se
595 1669 856 1724 contulit.

236 1758 290 1813 Is
319 1765 512 1813 autem
543 1757 644 1827 qui
677 1758 782 1812 hoc
815 1755 1246 1826 speculabatur,
1284 1755 1424 1811 dum
1458 1754 1582 1810 haec
1604 1753 1860 1809 attende-

157 1851 266 1913 ret,
302 1851 460 1900 tanto
496 1845 745 1914 pondere
773 1843 1143 1913 premebatur
1184 1851 1247 1898 ut
1280 1843 1464 1911 impos
1509 1842 1580 1896 ad
1617 1841 1862 1896 locutio-

159 1947 295 1988 nem
345 1941 400 1988 et
454 1941 671 1989 motum
704 1932 1048 1988 omnimodis
1093 1931 1269 1987 fieret.
1331 1930 1658 1986 Excedente
1686 1929 1864 1999 igitur

157 2022 512 2086 adversario,
572 2021 815 2078 facultas
856 2020 963 2076 sibi
1028 2019 1239 2089 pariter
1270 2019 1329 2074 in
1377 2027 1630 2087 utroque
1673 2017 1859 2085 rediit,

156 2119 216 2167 et
250 2125 421 2166 mane
451 2110 788 2181 quibusque
840 2108 1255 2165 sensatioribus
1295 2108 1420 2162 visa
1467 2114 1754 2174 retexans,
1809 2113 1865 2161 et

158 2214 296 2255 cum
329 2198 467 2268 ipsis
500 2199 736 2269 juvenis
760 2197 918 2254 illius
952 2205 1166 2253 statum
1203 2195 1630 2265 assentiamque
1662 2195 1863 2264 requi-

162 2302 315 2355 rens,
349 2287 556 2356 reperit
586 2286 714 2356 ejus
751 2286 1012 2340 animum
1045 2284 1277 2340 enixius
1303 2284 1375 2340 ad
1406 2283 1861 2354 aggrediendum

159 2376 448 2431 sanctiora
478 2374 808 2444 proclivem.
841 2373 894 2428 Si
933 2387 1068 2444 ergo
1104 2372 1380 2443 gaudium
1412 2380 1495 2428 est
1525 2385 1700 2440 super
1746 2385 1862 2426 uno

161 2471 456 2534 peccatore
485 2477 760 2518 converso
797 2463 853 2516 in
884 2462 1026 2517 coelo
1074 2475 1250 2532 quam
1308 2475 1483 2530 super
1545 2459 1863 2529 nonaginta

163 2553 264 2623 qui
322 2566 438 2606 non
501 2551 758 2620 indigent
803 2550 1138 2620 poenitentia
1185 2549 1357 2620 justis
1407 2549 1566 2617 (Luc.
1635 2563 1730 2615 xv,
1779 2551 1860 2616 7),

164 2641 366 2711 procul
397 2640 572 2696 dubio
602 2640 834 2709 plenum
859 2638 990 2694 lidei
1029 2646 1114 2694 est
1150 2639 1338 2695 hostes
1369 2637 1609 2693 humani
1639 2636 1863 2708 generis

162 2728 534 2784 acerbissima
567 2726 892 2782 invidentia
919 2726 988 2781 de
1012 2739 1234 2792 eorum,
1284 2724 1386 2795 qui
1443 2732 1746 2780 mutantur
1803 2722 1863 2778 in

165 2817 394 2881 melius,
437 2815 730 2885 ereptione
771 2814 1006 2870 tristari.
1071 2814 1134 2868 Et
1188 2821 1340 2869 certe
1369 2813 1519 2869 sicut
1548 2827 1653 2884 ego
1699 2811 1863 2867 bonis

159 2905 341 2960 initiis
377 2917 677 2974 processus
735 2903 919 2959 habeo
951 2902 1293 2972 pestilentes,
1329 2902 1411 2956 sic
1435 2909 1490 2957 et
1521 2901 1634 2969 ille,
1691 2900 1794 2970 qui
1825 2913 1859 2954 a
1895 2935 1937 2993 α

161 2994 423 3049 daemone
452 2991 840 3048 testimonium
865 2998 1164 3060 acceperat
1186 2989 1546 3060 postmodum
1575 2989 1856 3058 paulatim

163 3081 500 3152 tepescendo
530 3080 774 3145 refrixit,
808 3087 862 3135 et
900 3080 970 3134 ad
1028 3078 1287 3134 studium
1315 3091 1434 3134 sese
1455 3077 1728 3134 saeculare
1762 3093 1856 3135 re-

164 3172 358 3236 torsit;
408 3176 462 3225 et
514 3177 704 3224 tamen
755 3167 984 3224 subitus
1040 3167 1131 3222 ille
1178 3166 1460 3222 bonarum
1525 3176 1856 3223 nostrarum

163 3258 534 3314 voluntatum
594 3265 804 3322 motus,
864 3254 1135 3310 credibile
1179 3262 1263 3310 est
1295 3268 1469 3324 quam
1520 3254 1858 3324 gravissime

162 3345 448 3401 diabolica
479 3344 652 3399 corda
683 3343 986 3400 morderet.
1026 3343 1140 3399 Nec
1175 3344 1387 3398 mirum
1443 3343 1488 3397 si
1520 3342 1704 3398 doleat
1733 3343 1857 3398 dia-

162 3433 333 3490 bolus
382 3433 712 3504 repentinos
767 3439 820 3488 et
877 3431 1068 3487 futiles
1155 3431 1481 3500 cujuspiam
1536 3431 1859 3498 paenitentis

162 3521 427 3587 aﬂectus,
477 3535 610 3576 cum
678 3519 1072 3590 perfunctoria
1130 3518 1345 3573 Achahi
1404 3517 1560 3573 illius
1637 3517 1858 3574 scelesti

163 3609 318 3680 regis
369 3609 682 3676 humilitas,
734 3608 906 3664 etiam
960 3607 1188 3662 divinos
1218 3615 1532 3676 antequam
1571 3606 1858 3662 humanos

163 3699 236 3753 ad
277 3713 336 3754 se
389 3698 622 3754 deﬂexit
683 3705 968 3768 aspectus.
1027 3696 1186 3752 Unde
1222 3696 1520 3762 Dominus,
1564 3695 1623 3749 ni
1670 3694 1854 3763 fallor,

162 3787 348 3842 Elite:
405 3806 434 3833 «
487 3785 706 3851 Nonne,
785 3785 882 3851 ait,
942 3781 1137 3838 vidisti
1209 3782 1406 3838 Achab
1487 3783 1856 3839 humiliatum

161 3887 354 3930 coram
420 3871 546 3928 me?
598 3871 746 3938 Quia
799 3886 939 3942 ergo
998 3870 1341 3926 humiliatus
1387 3877 1470 3926 est
1519 3871 1627 3925 mei
1657 3885 1854 3934 causa,

161 3976 280 4017 non
325 3961 565 4016 inferam
626 3960 777 4015 mala
833 3959 890 4014 in
948 3959 1150 4015 diebus
1201 3959 1327 4029 ejus
1383 3958 1514 4030 (III
1558 3959 1700 4032 Reg.
1738 3974 1856 4022 χχι.

160 4052 274 4107 29).
308 4069 330 4096 ι
787 4113 805 4130 κ

796 4136 1028 4194 CAPUT
1068 4136 1224 4193 XVI.

1970 438 2281 506 piissimam
2311 439 2439 508 ejus
2494 447 2739 494 mentem
2782 439 2923 494 visio
2984 440 3314 509 importuna
3370 443 3664 513 tangebat,

1965 533 2020 582 et
2051 526 2200 582 sicut
2220 534 2342 582 erat
2372 527 2429 581 in
2470 527 2677 582 talibus
2706 528 3069 583 exsolvendis
3097 529 3407 585 admodum
3439 532 3668 587 subtilis

1964 621 2018 669 et
2074 616 2396 684 perspicax,
2451 629 2602 682 mox,
2664 616 2926 685 inquam,
2960 624 3022 671 ut
3071 617 3124 671 id
3173 617 3515 674 incommodi
3559 634 3665 676 suo

1967 702 2072 757 sibi
2100 703 2320 756 somnio
2348 711 2679 772 portensum
2736 704 3114 769 intellexerat,
3161 705 3341 760 accito
3369 720 3458 760 me
3487 721 3664 776 super

1968 805 2094 846 meo
2125 792 2312 846 studio
2343 792 2483 861 quid
2534 806 2785 862 agerem,
2840 793 2980 862 quid
3043 801 3343 849 tractarem
3377 795 3533 864 apud
3568 811 3657 851 me

1968 880 2242 934 secretius
2268 881 2566 949 rogitabat.
2601 881 2705 936 Cui
2737 895 2868 936 cum
2899 881 2980 935 sic
3012 895 3226 936 morem
3273 897 3552 952 gererem,
3601 892 3664 940 ut

1968 967 2016 1022 ei
2048 981 2234 1022 meam
2263 968 2595 1024 nullatenus
2640 969 3082 1025 unanimitatem
3138 984 3431 1040 negarem,
3464 972 3661 1026 omnia

1970 1053 2069 1109 illa
2123 1067 2254 1123 quae
2297 1055 2616 1110 secundum
2674 1063 2896 1110 tenores
2944 1057 3238 1111 audieram
3304 1057 3659 1113 somniorum

1973 1142 2028 1196 in
2060 1157 2193 1212 quae
2235 1142 2542 1198 lentescere
2601 1158 2760 1200 meus
2809 1144 3040 1199 animus
3096 1144 3422 1210 videbatur,
3480 1145 3659 1202 alacri

1969 1229 2319 1284 confessione
2372 1228 2704 1298 prodebam,
2763 1236 2818 1284 et
2868 1244 3000 1285 cum
3055 1230 3122 1285 de
3155 1231 3508 1287 correctione
3536 1246 3664 1288 mo-

1971 1325 2149 1385 neret,
2205 1318 2357 1372 veris
2414 1317 2659 1387 profecto
2707 1318 2897 1374 statim
2953 1317 3254 1375 affectibus
3294 1320 3352 1375 id
3413 1320 3665 1389 sponde-

1972 1403 2125 1459 bam.

2045 1493 2194 1548 Deus
2253 1506 2433 1559 meus,
2491 1499 2705 1548 statum
2758 1493 2942 1560 illum,
2997 1509 3167 1564 quem
3222 1495 3385 1550 modo
3457 1496 3662 1565 patior,

1975 1581 2137 1637 toties
2158 1588 2237 1636 tot
2262 1581 2647 1651 signiﬁcatum
2695 1581 3252 1652 aanigmatibusipsa
3306 1583 3446 1638 mihi
3477 1599 3664 1638 enun-

1901 1653 1940 1705 Β
1972 1670 2155 1736 tiavit,
2211 1678 2266 1725 et
2326 1669 2480 1739 quod
2534 1669 2589 1723 in
2644 1668 2826 1738 primo
2887 1678 3040 1725 statu
3072 1680 3295 1740 gestum
3339 1679 3440 1727 aut
3471 1685 3668 1741 geren-

1969 1758 2108 1813 dum
2141 1765 2465 1827 putaverat,
2502 1757 2610 1812 hoc
2654 1762 2804 1811 475
2837 1758 3094 1827 quotidie
3141 1758 3294 1814 intra
3339 1760 3526 1814 cordis
3557 1758 3666 1814 mei

1973 1845 2280 1916 penetralia
2339 1848 2611 1915 experior
2663 1852 2719 1900 et
2765 1847 3120 1914 contemplor
3179 1847 3423 1916 impleri.
3513 1846 3665 1912 Quin

1969 1934 2142 1990 etiam
2175 1934 2290 2003 ipse
2319 1932 2592 2003 magister
2625 1947 2805 2000 meus,
2841 1949 2971 1989 cum
3015 1935 3212 1990 eadem
3263 1935 3405 1989 mihi
3454 1933 3667 1990 sollici-

1968 2022 2109 2078 tudo
2138 2036 2243 2077 suo
2272 2021 2598 2077 indesinens
2637 2022 2905 2090 penderet
2947 2037 2981 2077 a
3013 2029 3254 2092 pectore,
3286 2022 3482 2078 multis
3511 2023 3666 2093 ﬁgu-

1970 2124 2167 2166 rarum
2202 2110 2400 2174 modis,
2437 2124 2568 2178 qua;
2600 2124 2700 2178 pro
2734 2119 2983 2180 tempore
3022 2111 3376 2175 accidebant,
3426 2119 3482 2166 et
3532 2125 3663 2180 qua)

1971 2213 2142 2269 porro
2171 2198 2230 2253 in
2269 2196 2532 2253 futurum
2581 2206 2862 2254 eventura
2895 2199 3122 2254 fuerant
3170 2205 3224 2254 te
3265 2199 3665 2255 manifestante

1969 2286 2218 2342 videbat.
2250 2285 2337 2341 Ab
2365 2292 2612 2355 utroque
2646 2285 2824 2356 igitur
2849 2285 2994 2351 viro,
3028 2286 3125 2340 Dei
3158 2300 3398 2341 munere
3427 2285 3564 2342 hinc
3592 2285 3661 2342 ad

1971 2377 2324 2442 terrendum,
2376 2375 2505 2431 inde
2563 2376 2633 2430 ad
2692 2375 3063 2432 refovendum
3112 2377 3353 2431 adversa
3411 2383 3468 2431 et
3526 2390 3664 2445 pro-

1970 2479 2135 2535 spera
2163 2464 2566 2530 cantabantur,
2613 2471 2675 2520 ut
2731 2471 2785 2519 et
2817 2464 3056 2519 occultae
3113 2463 3482 2534 malignitati,
3534 2462 3663 2517 vel-

1969 2554 2079 2610 lem
2123 2555 2360 2621 .nollem,
2415 2555 2556 2624 quia
2597 2561 2697 2609 tuo
2749 2552 3029 2609 miraculo
3057 2551 3136 2607 eis
3167 2559 3414 2617 tantum,
3447 2550 3548 2620 qui
3574 2564 3663 2605 me

1971 2641 2304 2711 diligebant,
2339 2641 2732 2710 detegebatur,
2763 2653 3077 2709 parcerem,
3099 2646 3153 2694 et
3173 2639 3241 2693 de
3267 2637 3517 2694 melioris
3543 2637 3664 2707 spei

1971 2729 2275 2799 aliquoties
2297 2727 2703 2798 pollicitatione
2724 2728 3058 2798 gauderem.

2039 2814 2308 2870 Invident
2342 2814 2460 2887 ipsi
2509 2815 2741 2871 sodales
2770 2814 2839 2869 ob
2885 2812 3209 2868 scientiam.
3260 2813 3351 2867 Eo
3407 2811 3665 2882 amplius

1969 2904 2199 2959 acuitur
2216 2906 2339 2973 ejus
2365 2903 2680 2976 ingenium.
2712 2934 2780 2943 —
2811 2903 2952 2959 Cum
3000 2905 3160 2960 enim
3197 2903 3514 2974 aliquando
3543 2903 3664 2972 spi—

1972 2991 2087 3046 ritu
2129 2991 2338 3048 acediae
2379 2992 2705 3057 ventilarer,
2758 2989 2872 3061 ([55]
2935 2990 3146 3046 multas
3198 2992 3350 3046 enim
3385 2991 3659 3046 inviden-

1966 3079 2073 3133 tias
2123 3079 2196 3134 ab
2250 3079 2318 3134 iis
2367 3080 2468 3150 qui
2525 3092 2704 3149 supra
2749 3087 2804 3134 et
2845 3080 3017 3148 juxta
3050 3093 3137 3134 me
3157 3087 3342 3144 erant,
3377 3079 3662 3151 patiebar)

1965 3177 2270 3238 parentum
2329 3183 2588 3226 meorum
2627 3168 2996 3224 adminiculis
3058 3168 3384 3237 aspirabam
3432 3169 3504 3224 ad
3559 3184 3661 3226 ex-

1969 3263 2131 3312 terna
2204 3258 2550 3313 monasteria
2637 3257 3037 3328 commigrare.
3116 3255 3260 3311 Nam
3337 3263 3662 3312 nostratum

1968 3344 2170 3415 aliqui,
2205 3360 2338 3401 cum
2376 3360 2466 3400 me
2503 3347 2638 3402 olim
2671 3345 2838 3416 longe
2871 3344 3022 3400 infra
3075 3359 3134 3400 se
3178 3353 3343 3400 mtate
3389 3358 3457 3400 ac
3510 3345 3664 3402 litte-

1967 3434 2063 3499 ris,
2102 3433 2356 3502 potentia
2383 3441 2439 3489 et
2469 3433 2794 3504 cognitione
2845 3433 3144 3500 vidissent,
3193 3440 3248 3488 et
3306 3432 3485 3489 solius
3537 3434 3664 3503 ejus

1966 3520 2118 3575 dono
2143 3521 2261 3590 ipso
2299 3520 2554 3576 discendi
2604 3521 2919 3589 appetitum
2953 3521 3093 3575 meis
3141 3520 3405 3576 sensibus
3452 3521 3664 3576 instin-

1969 3614 2200 3678 guente,
2233 3607 2336 3677 qui
2363 3607 2539 3663 totius
2575 3615 2659 3663 est
2696 3608 2874 3663 clavis
2904 3607 3176 3674 scientiae,
3227 3623 3318 3663 me
3365 3608 3474 3664 sibi
3503 3622 3664 3664 exae-

1966 3695 2156 3764 quari,
2183 3701 2284 3750 aut
2313 3695 2570 3760 omnino,
2604 3695 2648 3749 si
2681 3695 2792 3750 dici
2823 3694 2908 3749 fas
2933 3703 3037 3761 est,
3078 3694 3358 3751 excellere
3425 3709 3663 3764 persen-

1968 3783 2185 3842 sisseut,
2217 3789 2374 3838 tanto
2413 3781 2610 3838 furore
2666 3782 2974 3838 adversum
3020 3796 3111 3838 me
3155 3796 3354 3838 eorum
3387 3782 3662 3853 indigna—

1969 3870 2167 3926 bunda
2195 3871 2508 3926 excanduit
2552 3871 2810 3941 nequitia
2863 3878 2927 3927 ut
2974 3886 3064 3927 me
3095 3871 3493 3942 frequentibus
3520 3886 3662 3928 con-

1969 3957 2284 4024 troversiis,
2331 3965 2385 4014 et
2451 3958 2845 4015 simultatibus
2890 3960 3191 4030 fatigatum
3267 3960 3555 4016 multoties
3605 3966 3660 4015 et

1969 4044 2181 4100 vidisse
2229 4053 2282 4101 et
2334 4045 2505 4102 scisse
2550 4046 2768 4102 litteras
2805 4047 3122 4117 preniteret.
3184 4047 3450 4103 Studium
3492 4047 3662 4116 plane

1969 4148 2161 4190 meum
2193 4133 2265 4189 ab
2293 4135 2374 4189 eis
2409 4141 2698 4204 tantopere
2731 4136 3097 4203 turbabatur,
3153 4150 3222 4190 ac
3276 4142 3356 4190 tot
3404 4135 3473 4190 de
3526 4133 3662 4204 ipsis

231 4226 584 4298 Sepias-cule
619 4225 852 4280 revolvit
893 4229 1086 4279 animo
1140 4227 1342 4279 auctor
1380 4241 1504 4296 qua
1543 4223 1607 4279 in
1643 4226 1854 4282 mundo
1895 4247 1938 4300 ο
1971 4221 2171 4277 litteris
2225 4229 2454 4290 sumpta
2500 4222 2798 4278 occasione
2832 4236 2930 4292 per
2971 4222 3276 4278 continuas
3319 4213 3664 4292 quaestiones

157 4313 412 4386 reliquit.
474 4343 545 4356 —
574 4314 714 4371 Cum
747 4328 880 4384 ergo
909 4311 1186 4382 paulatim
1213 4321 1602 4370 succrescente
1645 4329 1859 4384 corpu-

163 4402 346 4469 sculo,
404 4402 578 4458 etiam
633 4401 886 4457 animam
955 4400 1015 4455 in
1073 4401 1554 4470 concupiscentiis
1612 4415 1713 4472 pro
1753 4417 1860 4459 suo

161 4489 398 4546 modulo
443 4498 498 4546 et
525 4490 943 4560 cupiditatibus
996 4489 1352 4559 prurientem
1405 4491 1698 4546 saecularis
1742 4491 1861 4547 vita

165 4578 440 4646 titillaret,
477 4579 752 4634 memoria
779 4585 833 4634 et
857 4585 1048 4634 rotatu
1081 4577 1429 4633 creberrimo
1459 4579 1649 4647 qualis
1678 4593 1860 4649 quan-

161 4676 375 4738 tusque
406 4668 464 4723 in
489 4668 699 4723 saeculo
728 4682 848 4724 esse
878 4667 1204 4737 potuissem,
1235 4666 1432 4722 eadem
1461 4681 1605 4735 pene
1637 4681 1860 4737 semper

163 4756 473 4826 repetendo
503 4756 876 4818 revolverem,
901 4763 956 4811 et
987 4755 1167 4810 multo
1191 4755 1410 4824 majora
1442 4769 1619 4824 quam
1650 4757 1860 4812 veritas

159 4849 456 4912 pateretur
514 4856 663 4912 saepe
720 4840 1130 4910 confingerem,
1208 4841 1357 4894 Bone
1400 4839 1570 4906 Deus,
1637 4839 1732 4894 cui
1790 4839 1859 4895 de

157 4931 428 4987 omnibus
455 4945 598 4986 cura
624 4938 725 4995 est,
767 4929 1104 4984 ostendebas
1134 4929 1239 4983 ista
1271 4927 1501 4983 famulae
1531 4935 1645 4983 tuae
1688 4929 1859 4983 matri

162 5032 324 5085 meae,
387 5018 443 5075 in
502 5032 912 5088 quemcunque
969 5023 1180 5072 statum
1227 5029 1434 5071 sanum
1489 5015 1712 5084 utique,
1765 5015 1856 5071 vel

161 5108 436 5162 insanum
496 5105 846 5162 conscientia
900 5105 1088 5160 labilis
1165 5104 1519 5169 vertebatur,
1578 5103 1856 5160 visionem

160 5190 418 5260 ejusdem
465 5190 679 5260 species
726 5203 841 5244 non
871 5188 994 5244 sine
1026 5196 1144 5254 tuo,
1196 5187 1452 5253 Domine,
1499 5187 1717 5257 judicio
1765 5202 1857 5244 se-

163 5279 472 5349 quebatur.
519 5281 589 5333 At
634 5277 911 5347 quoniam
978 5276 1192 5331 multas
1255 5288 1428 5330 curas
1482 5275 1860 5344 perhibentur

159 5364 326 5434 sequi
354 5364 595 5432 somnia,
626 5371 682 5420 et
713 5377 917 5419 verum
948 5361 1186 5418 indubie
1217 5369 1469 5432 constat;
1522 5361 1611 5418 hae
1667 5370 1858 5420 tamen

159 5466 318 5509 curae
347 5466 462 5531 non
489 5451 748 5510 avaritiae
777 5450 1012 5507 testibus
1043 5449 1394 5520 citabantur,
1453 5449 1547 5506 sed
1583 5463 1656 5507 ex
1719 5464 1859 5508 vera

1966 4309 2166 4380 jurgia
2204 4311 2574 4366 motabantur
2629 4319 2693 4367 ut
2721 4311 2792 4366 ad
2850 4312 2956 4367 hoc
3009 4311 3194 4367 solum
3255 4318 3543 4381 quatenus
3589 4309 3662 4365 ab

1967 4412 2036 4454 ea
2067 4412 2207 4454 cura
2237 4412 2364 4454 mea
2393 4398 2636 4456 resiliret
2690 4399 2947 4466 intentio,
3010 4413 3319 4469 meumque
3379 4398 3663 4468 praepedi-

1969 4493 2130 4543 retur
2178 4485 2502 4556 ingenium,
2560 4488 2697 4543 eniti
2742 4487 3099 4544 viderentur.
3134 4487 3238 4543 Sed
3282 4486 3431 4542 sicut
3470 4485 3661 4542 oleum

1967 4574 2193 4628 camino
2250 4573 2532 4641 additum,
2581 4575 2733 4630 unde
2781 4583 3023 4644 putatur
3078 4575 3468 4645 exstinguere,
3530 4573 3663 4628 inde

1971 4660 2203 4716 flamma
2252 4663 2539 4718 vivaciore
2583 4664 2884 4733 proserpit.
2942 4677 3008 4719 eo
3059 4663 3236 4718 instar
3282 4662 3493 4718 clibani
3548 4675 3664 4731 quo

1969 4749 2215 4817 amplius
2274 4764 2400 4806 mea
2453 4765 2623 4820 super
2673 4767 2741 4808 eo
2790 4751 2985 4808 labore
3013 4752 3244 4807 solertia
3272 4751 3660 4821 premebatur,

1970 4844 2126 4893 tanto
2195 4839 2316 4894 suis
2387 4840 2609 4894 reddita
2655 4840 2938 4896 valentior
3010 4840 3246 4896 mstibus
3317 4839 3374 4894 in
3460 4839 3664 4895 melius

1968 4927 2270 4996 agebatur.
2331 4927 2701 4994 Queestiones,
2759 4930 2976 4999 quibus
3025 4929 3353 4984 zestimabar
3396 4927 3660 4994 obtundi,

1968 5013 2358 5085 intelligentia;
2408 5014 2718 5084 plurimam
2776 5015 2911 5070 mihi
2963 5016 3338 5070 acrimoniam
3370 5014 3661 5070 ministra-

1969 5101 2127 5168 bant,
2207 5110 2262 5158 et
2317 5102 2699 5171 objectionum
2778 5102 3089 5158 difﬁcultas
3133 5104 3335 5159 crebra
3379 5101 3664 5172 conjectu-

1970 5203 2169 5245 rarum
2198 5203 2459 5245 mearum
2486 5189 2896 5256 ruminatione,
2948 5199 3003 5246 et
3055 5190 3412 5246 diversorum
3467 5203 3662 5246 versa-

1969 5277 2129 5334 tione
2183 5275 2571 5344 voluminum,
2619 5277 3098 5348 multiplicitatem
3152 5293 3426 5334 sensuum
3488 5285 3544 5334 et
3574 5293 3664 5335 re-

1970 5365 2288 5436 spondendi
2344 5364 2486 5420 mihi
2531 5364 2845 5422 efficaciam
2904 5367 3227 5436 pariebant.
3281 5367 3400 5422 Hoc
3465 5366 3666 5438 itaque

1969 5453 2138 5513 modo
2185 5452 2286 5509 etsi
2324 5452 2659 5526 gravissime
2697 5455 2781 5511 eis
2810 5453 3131 5512 invidiosus
3158 5465 3340 5524 eram,
3375 5462 3438 5512 tu
3471 5461 3666 5511 tamen
