3902 6082
254 242 352 298 871
1136 241 1201 295 ν.
1249 237 1583 296 GUIBEBTI
1622 239 1795 296 ABBA

1308 237 1583 296 UIBEBTI
1622 238 1914 298 ABBATIS
1949 236 2005 295 S.
2046 238 2290 298 ΔίΑῆῐῶ
2322 243 2414 300 DE
2456 241 2849 303 NOVIGENTO

3655 253 3757 306 87"2

255 380 425 445 nosti,
479 378 736 444 Domine,
819 389 994 446 quam
1081 390 1289 446 parum
1351 384 1452 433 aut
1501 376 1643 432 nihil
1729 377 1943 433 talibus
1980 377 2294 446 Aprovida
2348 379 2651 449 retulisset,
2713 396 2846 438 cum
2877 381 3062 438 multa
3103 384 3282 439 animi
3313 387 3756 455 compunctione

257 468 608 531 invideham,
666 473 720 520 et
775 478 908 518 cum
965 471 1157 519 notam
1206 464 1278 518 ad
1317 479 1492 519 suum
1545 464 1685 518 mihi
1719 464 1948 520 libitum

258 565 482 626 turpem
514 569 628 609 non
660 561 886 622 possent
919 552 1169 617 inurere,
1202 552 1540 607 astruebant
1589 566 1678 607 me
1735 551 1951 622 ubique

255 644 509 700 rodendo
529 655 629 710 pro
663 638 953 695 scientiola
991 639 1308 708 superbire.

324 729 586 788 Mutandi
604 726 941 783 monasterii
975 727 1304 782 consilium.
1336 757 1403 766 —-
1436 728 1589 782 Inter
1621 728 1723 783 has
1747 727 1948 798 igitur,

254 834 402 892 quas
430 819 680 874 ferebam
722 816 1021 886 aegerrime
1058 817 1418 881 vexationes,
1453 815 1581 870 licet
1631 817 1688 870 in
1735 815 1947 884 hujus-

253 909 404 965 modi
459 905 712 976 angariis
786 903 1094 960 uberrima;
1161 904 1594 972 parturirentur
1655 903 1946 971 utilitates,

255 995 640 1053 lassabundus
665 993 899 1048 animus
946 992 1056 1048 sub
1103 992 1332 1046 inﬁnita
1361 991 1668 1061 aliquoties
1727 993 1950 1062 cogita-

251 1086 475 1142 tionum
536 1082 778 1138 tortione
851 1079 1180 1149 languebat,
1255 1094 1358 1135 nec
1417 1080 1583 1135 corde
1624 1081 1851 1150 pavido,
1894 1087 1949 1135 et

251 1173 490 1230 rationis
543 1171 770 1226 viribus
820 1183 968 1238 saepe
1014 1167 1245 1222 defectis
1301 1168 1620 1238 cogitabam
1665 1168 1766 1238 qui
1816 1181 1946 1237 pro-

252 1265 435 1319 desset
509 1259 847 1321 adversitas,
932 1257 1030 1311 sed
1135 1256 1508 1312 libentissime
1583 1257 1946 1312 decreveram

253 1357 443 1420 petere
494 1347 814 1404 censionem
865 1359 980 1415 quo
1011 1344 1258 1398 carnalis
1310 1344 1655 1414 suggerebat
1705 1344 1945 1400 infirmi-

253 1445 357 1493 tas.
418 1436 560 1492 Cum
591 1448 728 1504 ergo
787 1432 1144 1502 propositum
1176 1431 1553 1500 appulissent,
1587 1440 1653 1496 ut
1683 1446 1797 1486 non
1830 1440 1946 1487 tam

253 1522 531 1580 benevola
559 1520 784 1576 abbatis
813 1519 919 1575 mei
954 1518 1205 1583 licentia,
1246 1534 1424 1588 quam
1448 1527 1756 1588 parentum
1791 1534 1946 1576 meo-

252 1626 384 1668 rum
414 1612 700 1666 incentivo
725 1615 780 1664 et
825 1608 1143 1672 exactione,
1196 1608 1316 1662 loco
1359 1608 1715 1678 digrederer;
1751 1609 1949 1663 matris

255 1714 492 1770 quoque
546 1712 832 1762 assensus,
891 1696 945 1750 id
992 1696 1111 1751 fieri
1185 1697 1276 1764 pia
1337 1696 1648 1751 intentione
1709 1696 1946 1751 credens

255 1788 473 1842 adesset
505 1786 664 1854 (nam
695 1785 838 1840 bene
868 1783 1168 1853 religiosus
1220 1799 1336 1853 quo
1393 1784 1696 1839 succedere
1744 1785 1948 1854 gestie-

255 1875 385 1931 bam
438 1875 594 1930 locus
637 1873 945 1941 ferebatur)
1006 1873 1161 1928 testis
1205 1872 1492 1927 malorum
1549 1885 1617 1926 ac
1666 1873 1948 1928 bonorum

255 1977 511 2020 meorum
545 1961 670 2017 talis
701 1961 747 2016 ei
777 1975 835 2015 se
871 1960 1118 2030 prmbuit
1151 1961 1314 2015 visio.

325 2057 432 2107 Per
457 2053 637 2105 visum
659 2049 835 2104 matri
844 2049 1040 2118 ﬁli-um
1063 2050 1168 2102 sub
1193 2065 1302 2102 sua
1321 2048 1670 2119 protectione
1701 2047 1950 2105 ostendit

252 2143 312 2197 B.
382 2139 576 2211 Virgo.
635 2168 705 2178 -——
762 2137 828 2193 In
880 2137 1112 2193 ecclesia
1158 2136 1397 2193 coenobii
1475 2137 1676 2206 ipsius,
1736 2137 1948 2194 scilicet

252 2230 601 2286 Flavicensis
659 2228 784 2298 [al.,
841 2226 1274 2298 Flaviacensisj,
1337 2241 1469 2296 qua
1529 2227 1742 2282 dicitur
1792 2227 1946 2282 Beati

249 2317 557 2382 Geremari,
609 2317 717 2371 sibi
755 2329 877 2371 esse
922 2315 1248 2370 videbatur.
1306 2314 1491 2380 Quam
1527 2329 1658 2370 cum
1706 2315 1947 2369 interius

251 2405 602 2471 attendisset,
645 2402 1028 2460 desertissime
1044 2403 1376 2458 destitutam
1392 2418 1408 2472 ;
1440 2403 1750 2458 monachos
1773 2401 1946 2458 etiam

249 2508 366 2548 non
399 2493 564 2549 modo
594 2493 817 2559 scisses,
851 2499 904 2548 et
943 2491 1258 2546 involucris
1301 2491 1430 2546 ﬁdei
1475 2492 1719 2547 nimium
1769 2505 1946 2547 enor—

247 2584 441 2638 mibus
472 2583 798 2651 adopertos;
826 2581 922 2635 sed
968 2587 1024 2635 et
1067 2588 1290 2635 statura
1348 2581 1584 2636 cubitali
1615 2581 1676 2636 in
1727 2595 1944 2636 morem

247 2684 447 2726 eorum
493 2683 642 2740 quos
688 2669 865 2739 vulgo
917 2681 1100 2724 nanos
1158 2667 1434 2736 vocitant,
1491 2683 1688 2725 omnes
1732 2670 1946 2739 pariter

249 2759 604 2813 imminutos.
662 2757 766 2812 Sed
815 2757 954 2827 quia
985 2757 1081 2812 ubi
1110 2757 1439 2822 thesaurus,
1476 2757 1552 2812 ibi
1581 2771 1696 2825 cor,
1757 2765 1811 2814 et
1846 2758 1945 2813 ubi

252 2846 566 2912 contuitus,
612 2845 690 2900 ibi
743 2859 922 2912 amor,
981 2859 1116 2900 cum
1174 2845 1245 2899 ad
1280 2859 1367 2900 me
1421 2845 1652 2901 oculum
1703 2845 1946 2902 sollicita

248 2934 602 3001 destinasset,
662 2934 862 2999 cernit,
930 2933 1084 3002 quod
1141 2947 1256 2987 non
1313 2933 1516 2988 melior
1571 2933 1788 2989 caeteris
1852 2948 1941 2990 me
1977 2960 2024 3020 α

249 3030 433 3079 status
494 3022 754 3092 erigeret,
835 3035 941 3076 nec
998 3027 1314 3090 apparatus
1371 3021 1600 3092 dignior
1674 3022 1939 3092 operiret.

248 3111 512 3180 Cumque
559 3124 662 3180 pro
718 3123 842 3164 meo
895 3116 950 3164 et
1008 3116 1180 3164 tantae
1237 3109 1500 3165 Ecclesiae
1552 3117 1752 3166 mmsta
1803 3111 1946 3168 foret

247 3199 599 3266 discrimine,
633 3212 762 3254 ecce
788 3197 1027 3253 inﬁnitas
1085 3197 1538 3266 pulchritudinis
1584 3213 1650 3254 ac
1679 3201 1946 3271 majesta-

247 3289 320 3344 tis
348 3287 561 3343 femina
600 3301 700 3357 per
751 3287 996 3341 mediam
1059 3286 1352 3342 basilicam
1406 3288 1477 3342 ad
1521 3288 1704 3344 altare
1756 3305 1945 3360 usque

248 3376 542 3447 processit,
573 3389 750 3446 quam
791 3376 958 3445 quasi
998 3375 1316 3445 juvencula
1345 3377 1719 3446 sequebatur,
1772 3379 1944 3448 cujus

248 3465 464 3535 species
518 3464 646 3534 ejus
705 3463 954 3519 multum
1012 3463 1218 3519 idonea
1271 3464 1578 3521 videbatur
1662 3466 1941 3536 obsequio

248 3567 425 3624 quam
456 3551 914 3608 consectabatur.
975 3550 1117 3606 Cum
1163 3565 1299 3621 ergo
1353 3552 1746 3608 curiosissima
1797 3563 1945 3611 esset

247 3643 391 3698 scire
407 3654 677 3711 quaenam
707 3639 846 3695 foret
876 3639 1111 3695 domina
1144 3641 1286 3708 ipsa,
1333 3640 1549 3696 dictum
1592 3649 1676 3698 est
1723 3643 1772 3698 ei
1805 3646 1946 3713 quia

247 3737 389 3786 esset
444 3728 677 3784 domina
733 3727 1118 3783 Carnotensis.
1182 3726 1341 3792 Quod
1405 3742 1511 3783 nec
1556 3743 1720 3784 mora
1772 3732 1946 3801 conji-

248 3822 418 3885 ciens,
481 3819 704 3874 beatam
762 3818 859 3872 Dei
900 3817 1243 3872 Genitricem
1301 3817 1599 3886 intellexit,
1654 3817 1745 3890 (⁸6)
1774 3820 1945 3890 cujus

247 3921 456 3964 nomen
480 3914 536 3962 et
582 3906 825 3976 pignora
869 3905 1076 3960 ibidem
1130 3905 1304 3961 totius
1355 3920 1498 3975 pene
1547 3908 1732 3963 Latini
1791 3910 1946 3965 orbis

246 3996 616 4053 veneratione
648 3993 940 4049 coluntur.
1000 3994 1084 4048 Ad
1138 3993 1318 4049 altare
1351 3996 1528 4065 igitur
1575 3999 1938 4066 perveniens,

248 4099 440 4158 genua
495 4084 564 4138 ad
621 4083 934 4138 orationem
984 4082 1173 4150 flexit;
1224 4083 1320 4140 sed
1365 4091 1419 4139 et
1466 4084 1582 4152 illa,
1647 4101 1778 4155 quae
1824 4095 1945 4156 post

247 4172 429 4241 ipsam
460 4167 680 4238 ingredi
711 4166 1036 4234 videbatur,
1081 4167 1288 4222 nobilis
1339 4167 1705 4239 pedissequa,
1752 4171 1944 4226 itidem

2055 473 2110 521 et
2140 466 2408 536 lacrymis
2454 476 2614 524 tanta
2641 470 2818 525 verba
2844 471 3184 540 suscipiens,
3225 473 3284 528 in
3313 481 3532 528 tantam
3568 487 3757 542 vaga-

2059 552 2268 608 bundae
2300 556 2661 624 cogitationis
2711 557 3018 626 licentiam,
3072 561 3182 615 sub
3213 568 3329 616 tam
3361 562 3762 618 desiderabilis

2057 642 2261 696 somnii
2318 651 2512 700 tenore
2582 646 2816 702 cohibui
2874 655 2938 703 ut
3000 663 3377 720 nequaquam
3428 652 3758 722 cuiuspiam

2058 727 2295 784 alterius
2315 731 2436 799 jam
2464 732 2724 789 traherer
2745 733 3060 791 intentione
3091 737 3357 793 ctenobii.

2129 819 2280 869 4'26
2322 818 2472 872 Item
2502 818 2765 874 Guiberto
2788 818 2850 874 in
2869 821 3343 894 somnisopparet
3357 823 3526 878 beata
3557 823 3762 897 Virgo.

2057 933 2126 942 —
2159 904 2291 960 Haec
2343 914 2399 961 et
2451 907 2540 962 his
2591 908 2822 977 similia,
2882 925 2914 965 o
2970 911 3233 978 Domine,
3297 913 3542 970 cmlestis
3582 917 3766 970 Mater

2057 991 2277 1061 imperii
2330 1008 2503 1063 super
2545 1005 2910 1065 peccatorum
2968 1013 3228 1056 meorum
3281 1001 3519 1057 horrore
3583 1016 3764 1070 super

2057 1081 2598 1149 innumerabilibus,
2663 1084 2880 1154 quibus
2936 1099 2970 1140 a
3024 1093 3124 1142 tuo
3169 1100 3362 1144 amore
3421 1097 3478 1144 et
3523 1089 3763 1144 servitio

2056 1168 2295 1234 descivi,
2359 1171 2677 1240 apostasiis,
2733 1185 2934 1228 ansam
2989 1173 3061 1228 ad
3121 1182 3172 1230 te
3221 1175 3498 1231 redeundi
3558 1177 3761 1232 confe-

2056 1263 2210 1320 runt,
2236 1257 2376 1312 dum
2439 1259 2580 1313 mihi
2609 1273 2732 1315 meo
2765 1266 3137 1329 precantatur
3161 1274 3194 1315 a
3225 1261 3412 1324 corde,
3465 1263 3761 1331 amplissi-

2057 1356 2178 1398 mos
2225 1344 2662 1401 clementiarum
2721 1354 2956 1402 tuarum
3012 1349 3174 1404 sinus
3223 1348 3352 1404 ullis
3401 1349 3758 1418 ﬂagitiorum

2057 1446 2312 1488 meorum
2373 1434 2618 1490 molibus
2690 1436 2962 1505 praecludi
3016 1451 3127 1492 non
3207 1451 3385 1507 posse.
3463 1437 3761 1494 Recordor

2054 1519 2222 1574 etiam
2255 1534 2494 1590 semper,
2532 1523 2772 1578 caelestis
2805 1524 3066 1589 Domina,
3111 1525 3251 1594 quia
3300 1540 3430 1581 cum
3469 1526 3762 1594 puerulus

2059 1605 2193 1660 huic
2223 1609 2566 1663 assumendo
2606 1609 2828 1664 habitui
2875 1611 3212 1680 aspirarent,
3277 1621 3439 1668 nocte
3495 1615 3755 1682 quadam

2059 1708 2158 1762 per
2186 1695 2377 1750 visum
2407 1697 2464 1750 in
2493 1697 2730 1753 ecclesia
2782 1700 2864 1753 tui
2900 1700 3148 1754 nominis
3203 1715 3382 1763 eram,
3428 1710 3482 1756 et
3524 1701 3761 1756 videba-

2057 1793 2153 1841 tur
2181 1785 2320 1840 mihi
2352 1787 2505 1855 quod
2537 1800 2570 1840 a
2598 1787 2826 1842 duobus
2870 1788 2942 1842 ab
2973 1787 3095 1857 ipsa
3127 1789 3430 1845 auferebar
3486 1790 3762 1845 daemoni-

2058 1873 2184 1929 bus.
2217 1877 2483 1943 Cumque
2513 1875 2584 1929 ad
2615 1874 2864 1930 basilicae
2904 1889 2991 1930 me
3052 1877 3342 1946 fastigium
3389 1878 3755 1945 extulissent,

2057 1962 2432 2032 aufugerunt,
2473 1970 2526 2018 et
2573 1964 2851 2019 intactum
2892 1965 3041 2020 intra
3083 1966 3338 2036 ejusdem
3390 1975 3550 2038 septa
3575 1970 3760 2025 eccle—

2057 2051 2155 2106 siae
2185 2051 2548 2107 dimiserunt.
2596 2052 2726 2107 Haec
2753 2053 3065 2121 multoties,
3116 2054 3254 2110 dum
3289 2069 3472 2111 meam
3524 2057 3760 2112 intueor

2058 2138 2634 2209 incorrigibilitatem,
2695 2141 3050 2210 reminiscor,
3104 2151 3158 2199 et
3187 2142 3326 2199 dum
3364 2143 3565 2199 eadem
3621 2159 3759 2214 pec-

2055 2234 2184 2283 cata
2212 2227 2424 2297 saepius
2456 2235 2668 2297 repeto,
2720 2228 2831 2284 imo
2865 2229 3122 2299 pessimis
3181 2231 3377 2300 pejora
3431 2233 3756 2301 superfero,

2055 2315 2126 2370 ad
2179 2323 2251 2380 te,
2285 2315 2562 2385 piissima,
2625 2331 2728 2386 pro
2779 2318 3049 2373 evitando
3103 2317 3288 2374 solum
3343 2319 3759 2389 desperationis

2055 2404 2310 2474 periculo
2335 2419 2449 2460 non
2484 2405 2674 2461 nimize
2705 2406 2842 2476 spei,
2866 2415 2969 2463 aut
2994 2407 3244 2478 alicujus
3290 2423 3484 2477 parvae
3526 2408 3758 2464 ﬁduciae

2054 2491 2330 2547 abusione
2358 2506 2609 2549 recurro.

2123 2581 2242 2636 Etsi
2294 2581 2446 2636 enim
2507 2595 2728 2652 semper
2783 2595 2856 2638 ex
2916 2584 3172 2654 impulsu
3222 2584 3572 2655 fragilitatis,
3637 2599 3757 2640 non

2053 2668 2337 2739 superbiae
2361 2667 2743 2725 obstinatione
2794 2671 3092 2742 delinquo,
3123 2686 3280 2742 spem
3313 2680 3501 2728 tamen
3554 2672 3756 2728 nulla-

2055 2765 2224 2813 tenus
2252 2756 2621 2812 correctionis
2643 2757 2859 2813 amitto.
2895 2758 3111 2829 Septies
3132 2760 3306 2829 plana
3335 2759 3487 2815 cadit
3534 2760 3754 2830 justus,

2053 2853 2108 2900 et
2166 2844 2416 2915 resurgit
2460 2843 2655 2915 (Prov.
2712 2861 2868 2915 xxrv,
2939 2847 3048 2919 16).
3110 2849 3166 2903 Si
3221 2849 3586 2918 septenarius
3653 2864 3759 2918 pro

2054 2933 2428 2989 universitate
2479 2948 2758 2990 numerus
2815 2935 3142 2992 solemniter
3193 2936 3446 3006 ponitur,
3499 2936 3759 3006 quibus-

2053 3035 2286 3092 cunque
2333 3021 2514 3077 modis
2565 3023 2851 3092 peccando
2907 3025 3042 3094 quis
3069 3024 3255 3092 cadat,
3287 3025 3331 3079 si
3374 3024 3758 3079 intentionem

2054 3109 2389 3179 resurgendi
2421 3109 2492 3163 ad
2519 3108 2802 3178 justitiam
2853 3110 3076 3176 habeat,
3135 3111 3403 3181 quamvis
3439 3124 3513 3166 ex
3543 3124 3755 3165 carna-

2052 3198 2210 3254 litate
2262 3197 2508 3265 labatur,
2560 3197 2606 3252 si
2653 3197 2900 3254 dolorem
2935 3205 3085 3254 recte
3115 3198 3441 3268 paenitentis
3469 3197 3758 3264 adhibeat

2052 3298 2426 3354 nequaquam
2453 3283 2596 3354 justi
2626 3283 2857 3340 nomine
2887 3299 3008 3341 sese
3061 3286 3268 3356 privat.
3304 3287 3374 3342 Ut
3414 3287 3558 3356 quid
3588 3287 3746 3342 enim

2052 3375 2337 3430 clamatur
2366 3373 2437 3428 ad
2469 3373 2670 3439 Deum,
2710 3380 2773 3428 ut
2800 3373 2870 3428 de
2901 3375 3107 3429 nostris
3141 3389 3242 3429 nos
3273 3375 3751 3430 neccessitatibus

2050 3469 2216 3518 eruat
2249 3461 2432 3530 (Psal.
2493 3475 2652 3526 xx1v,
2687 3463 2788 3530 l7),
2825 3461 2933 3517 nisi
2989 3462 3129 3532 quia
3183 3469 3407 3517 naturae
3455 3461 3754 3531 corruptio

2055 3549 2268 3619 peccati
2326 3548 2558 3604 servitio
2615 3562 2719 3604 nos
2767 3549 3012 3605 velimus
3062 3550 3313 3606 nolimus
3395 3549 3752 3605 addemnat‘?

2057 3661 2076 3686 ε
2115 3637 2306 3698 Video,
2343 3636 2444 3705 ait,
2475 3637 2770 3706 captivum
2819 3651 2908 3693 me
2934 3638 3236 3696 ducentem
3269 3639 3326 3693 in
3355 3638 3480 3709 lege
3503 3639 3741 3707 peccati,

2053 3738 2184 3794 quae
2236 3730 2320 3779 est
2385 3725 2440 3778 in
2495 3723 2766 3779 membris
2819 3724 2988 3792 meis;
3048 3741 3161 3781 non
3201 3727 3356 3782 enim
3408 3727 3564 3796 quod
3620 3725 3757 3782 volo

2053 3813 2270 3868 bonum
2327 3812 2434 3867 hoc
2486 3825 2615 3882 ago,
2647 3811 2744 3866 sed
2790 3812 2944 3882 quod
2993 3814 3124 3868 nolo
3168 3814 3409 3878 malum,
3455 3814 3561 3868 hoc
3602 3813 3756 3868 facio

2053 3902 2228 3972 (Rom.
2263 3915 2361 3968 vn,
2395 3901 2510 3967 25).
2545 3919 2571 3948 ι)
2608 3900 2708 3954 Est
2737 3907 2930 3956 autem
2964 3901 3312 3970 profundum
3355 3901 3753 3972 quorumdam

2052 3987 2359 4054 malorum,
2421 3987 2479 4041 in
2526 3986 2682 4055 quod
2731 4001 2864 4042 cum
2906 3988 3130 4043 venerit
3163 3988 3394 4058 impius,
3427 3989 3757 4044 contemnit

2048 4078 2245 4148 (Prov.
2304 4090 2466 4142 xvni,
2537 4076 2610 4144 3),
2664 4082 2718 4130 et
2763 4083 2954 4131 tamen
3007 4091 3181 4146 super
3228 4075 3578 4147 quibusdam
3621 4077 3759 4132 aliis

2049 4164 2350 4235 profundis
2403 4163 2688 4218 clamatur
2736 4164 2808 4218 ad
2861 4164 3067 4232 Deum,
3143 4179 3247 4219 nec
3297 4178 3462 4219 suam
3545 4165 3758 4234 petitor

246 4271 281 4312 a
309 4264 468 4326 tergo
519 4256 646 4324 ejus
693 4253 842 4310 fecit.
901 4255 1036 4310 Inde
1081 4269 1437 4326 consurgens
1505 4271 1636 4312 cum
1689 4257 1939 4326 plurima
1979 4257 2023 4312 D
2054 4253 2280 4310 dubitat
2300 4251 2564 4309 exaudiri
2603 4265 2820 4307 vocem.
2879 4253 2980 4308 Est
3004 4252 3289 4322 siquidem
3334 4253 3755 4321 desperationis

246 4345 412 4416 quasi
447 4342 942 4399 animadversione
992 4349 1256 4412 protenta
1299 4357 1497 4410 manu,
1536 4365 1557 4392 ι
1614 4344 1780 4413 hanc,
1845 4345 1940 4401 in-

246 4435 392 4505 quit,
445 4431 739 4488 ecclesiam
813 4445 919 4502 ego
991 4431 1232 4496 institui,
1278 4444 1397 4501 qua
1463 4431 1682 4489 ratione
1754 4435 1942 4504 patiar

245 4518 525 4577 destitui?
553 4519 622 4574 Et
652 4517 723 4573 ad
754 4531 844 4572 me
888 4517 1132 4573 subinde
1169 4517 1599 4574 serenissimum
1660 4520 1938 4590 pietatum

245 4608 521 4680 signifera
558 4605 812 4677 dirigens
853 4604 1107 4671 oculum,
1185 4603 1679 4676 clarissimamque
1740 4609 1936 4666 dexte-

245 4712 370 4755 ram
407 4711 420 4750 :
457 4714 485 4748 ot
517 4695 703 4762 Hunc,
741 4693 840 4760 ait,
867 4693 982 4749 huc
1012 4691 1251 4761 adduxi,
1285 4700 1340 4748 et
1398 4694 1748 4750 monachum
1811 4695 1936 4764 feci,

245 4799 417 4856 quem
449 4782 609 4839 nullo
639 4781 805 4836 modo
833 4780 1021 4850 patiar
1051 4779 1186 4835 hinc
1227 4780 1453 4837 abduci.
1493 4803 1514 4830 ι
1569 4783 1702 4838 Hzec
1740 4784 1940 4840 eadem

243 4872 424 4928 verba
476 4869 710 4940 praefata
769 4873 893 4937 post
972 4866 1097 4936 ipsa
1159 4869 1281 4938 pari
1363 4870 1529 4925 modo
1595 4871 1940 4942 pedissequa

244 4961 557 5019 astruebat.
614 4959 848 5014 Dixerat
906 4964 1099 5026 potens
1148 4958 1264 5026 illa,
1347 4966 1402 5015 et
1465 4959 1612 5016 dicto
1699 4960 1939 5017 celerius

244 5048 431 5105 omnis
458 5047 554 5103 illa
608 5043 899 5112 desolatio,
949 5050 1004 5099 et
1052 5045 1291 5100 vastitas
1329 5046 1402 5101 ad
1438 5045 1726 5118 integrum
1780 5062 1940 5119 repa-

245 5146 411 5194 ratur
434 5149 684 5206 quaeque
709 5133 977 5204 primitus
1010 5133 1333 5202 videbatur,
1361 5141 1415 5190 et
1447 5139 1808 5192 staturarum
1843 5138 1938 5193 illa

246 5223 496 5280 enormis
545 5221 858 5286 modicitas,
922 5234 1042 5276 non
1091 5221 1258 5278 modo
1323 5229 1686 5290 ceterorum,
1733 5224 1829 5279 sed
1883 5232 1938 5280 et

245 5326 375 5369 mea
419 5311 668 5382 potentia
717 5310 942 5366 favente
991 5309 1250 5380 jubentis
1282 5311 1520 5381 imperio
1549 5312 1620 5367 ad
1652 5313 1934 5383 regulam,

244 5400 606 5456 emendatur.
640 5398 828 5468 Hujus
868 5397 1010 5454 mihi
1056 5398 1292 5455 visionis
1322 5399 1526 5456 seriem
1575 5414 1707 5457 cum
1756 5407 1939 5458 mater

317 5521 431 5595 (38)
463 5521 626 5578 Deest
655 5519 897 5589 aliquid.

2048 4357 2121 4398 ex
2179 4340 2392 4411 peccati
2443 4341 2733 4396 nimietate
2787 4348 3164 4411 contemptus,
3219 4341 3322 4410 qui
3374 4355 3495 4396 esse
3566 4349 3756 4410 potest

2049 4427 2319 4497 profundi
2346 4427 2543 4498 hujus,
2577 4442 2692 4498 quo
2714 4442 2827 4483 non
2858 4436 2943 4484 est
2971 4430 3296 4485 substantia
3323 4429 3511 4501 (Psal.
3546 4444 3752 4498 LXVIII,

2051 4516 2126 4586 3),
2177 4515 2237 4570 in
2281 4530 2401 4585 qua
2459 4515 2690 4572 miseria
2745 4530 2858 4572 non
2911 4517 3273 4588 subsistitur;
3339 4526 3425 4574 est
3489 4517 3752 4590 denique

2051 4603 2399 4672 profundum
2428 4603 2497 4659 de
2523 4619 2640 4674 quo
2676 4604 2950 4660 Jeremias
3000 4605 3445 4676 panniculorum
3492 4607 3755 4677 subliga-

2049 4692 2202 4748 tione
2241 4693 2597 4761 protrahitur
2655 4691 2800 4763 (Jer.
2852 4707 3050 4758 XXVIII,
3113 4694 3222 4762 tl),
3304 4694 3460 4764 quod
3535 4708 3749 4764 quam-

2048 4779 2134 4835 vis
2159 4780 2290 4850 (38).
2325 4783 2501 4836 Porro
2531 4779 2774 4836 fundum
2818 4787 3008 4836 tamen
3040 4781 3210 4838 habet
3241 4798 3254 4836 :
3287 4783 3428 4852 quia
3471 4783 3750 4852 quamvis

2049 4868 2380 4938 ingentibus
2436 4868 2508 4923 sit
2543 4882 2705 4923 mens
2733 4867 2968 4924 dimissa
2997 4869 3263 4938 peccatis,
3328 4869 3498 4925 habet
3549 4878 3746 4927 tamen

2045 4957 2391 5028 talecunque
2434 4958 2796 5014 obstaculum
2844 4957 3082 5014 rationis
3113 4966 3176 5014 ut
3208 4973 3318 5014 non
3394 4958 3616 5016 feratur
3649 4977 3754 5031 per

2045 5045 2444 5104 interminatas
2475 5047 2780 5118 voragines
2837 5046 2959 5102 sine
2998 5046 3119 5103 ulla
3149 5047 3556 5118 recogitatione
3578 5050 3757 5105 totius

2044 5132 2388 5204 iniquitatis.

2667 5224 2896 5280 CAPUT
2935 5223 3116 5280 XVII.

2117 5312 2287 5367 Poesi
2311 5313 2444 5385 plus
2471 5328 2626 5384 aequo
2675 5313 2992 5368 delectatur
3023 5311 3350 5367 Guibertus.
3397 5341 3464 5351 —
3519 5312 3749 5368 Interea

2046 5413 2180 5455 cum
2206 5399 2570 5456 versiﬁcandi
2594 5399 2784 5457 studio
2810 5400 2966 5457 ultra
3015 5413 3244 5456 omnem
3271 5398 3504 5455 modum
3545 5413 3748 5456 meum
