3902 6082
67 313 176 365 873

1184 315 1273 368 DE
1317 315 1471 369 VITA
1513 315 1639 370 SUA
1683 315 1868 370 LIBRI
1907 316 2106 371 TRES.
2141 348 2206 354 —
2237 317 2363 372 LIB.
2409 317 2451 371 Ι.

3476 325 3578 377 874

67 442 335 497 animum
367 441 791 503 immersissem,
823 442 901 498 ita
932 450 997 499 ut
1040 443 1327 500 universae
1358 444 1568 500 divina
1599 446 1768 515 pagi-
1804 448 1849 500 A
1878 446 2085 515 srepius
2137 455 2321 502 tamen
2367 447 2604 504 tnentito
2643 455 2896 514 auctore,
2951 449 3073 519 ipsa
3139 451 3354 522 quibus
3419 461 3585 524 pote-

67 546 162 585 nae
194 533 340 585 seria
384 545 485 599 pro
534 539 646 586 tam
698 531 942 586 ridicula
992 533 1247 588 vanitate
1295 547 1649 602 seponerent,
1702 535 1774 590 ad

71 620 180 674 hoc
263 618 451 688 ipsum
509 618 653 674 duce
721 633 849 674 mea
906 619 1135 676 levitate
1186 621 1305 690 jam
1382 636 1652 677 veneram
1711 630 1775 678 ut

65 707 354 762 Ovidiana
409 715 463 762 et
529 707 930 763 Bucolicorum
1007 709 1156 765 dicta
1211 724 1642 779 praesumerem,
1721 720 1773 767 et

68 796 296 865 lepores
352 797 660 852 amatorios
726 797 782 850 in
848 797 1166 866 specierum
1227 799 1771 866 distributionibus,

69 884 445 954 epistolisque
539 885 828 941 nexilibus
909 885 1254 942 affectarem.
1337 887 1525 944 Oblita
1596 890 1775 958 igitur

75 989 239 1029 mens
269 973 441 1029 debiti
493 973 716 1043 rigoris,
771 977 827 1029 et
879 975 1246 1044 professionis
1293 979 1625 1033 monasticze
1663 993 1776 1048 pu-

73 1064 214 1118 dore
260 1063 492 1136 rejecto,
547 1062 757 1118 talibus
791 1063 1094 1120 virulentze
1124 1065 1302 1136 hujus
1341 1065 1581 1122 licentiae
1611 1067 1775 1122 leno-

70 1150 244 1206 ciniis
311 1151 656 1219 laetabatur,
719 1151 823 1207 hoc
879 1153 1064 1208 solum
1136 1155 1444 1221 trutinans,
1485 1155 1532 1210 si
1599 1163 1775 1225 poetae

73 1238 328 1308 cuipiam
361 1239 702 1308 comportari
754 1247 973 1308 poterat
1003 1241 1157 1310 quod
1200 1242 1495 1298 eurialiter
1543 1242 1776 1299 diceba-

73 1333 175 1381 tur
221 1341 232 1380 :
287 1327 620 1382 nullatenus
680 1341 819 1382 vero
885 1328 1179 1398 pensitans
1225 1337 1580 1400 quantopere
1627 1331 1773 1387 sacri

71 1414 313 1481 ordinis,
365 1415 434 1470 de
465 1429 531 1470 ea
563 1430 694 1485 qua:
743 1416 1181 1473 desiderabatur
1231 1418 1533 1485 industria,
1579 1432 1777 1488 propo-

71 1502 250 1558 situm
302 1503 634 1559 laedebatur.
680 1504 866 1575 Cujus
896 1505 1171 1562 nimirum
1223 1507 1529 1576 utrobique
1575 1514 1775 1576 rapta-

75 1592 183 1646 bar
234 1591 405 1662 [deest
469 1596 610 1658 forte
673 1607 890 1662 amore,
955 1595 1039 1648 vel
1085 1594 1425 1666 voluptate],
1478 1595 1614 1651 dum
1660 1610 1773 1650 non

72 1680 263 1736 solum
295 1681 606 1737 verborum
653 1681 932 1748 dulcium,
967 1698 1097 1752 quae
1140 1698 1173 1737 a
1201 1684 1378 1752 poetis
1419 1699 1768 1754 acceperam,

68 1769 173 1824 sed
211 1777 265 1825 et
304 1785 436 1838 quae
480 1784 586 1840 ego
634 1770 1002 1839 profuderam
1058 1772 1308 1826 lasciviis
1357 1773 1631 1835 irretirer,
1671 1787 1774 1827 ve-

71 1873 208 1913 rum
261 1859 432 1913 etiam
465 1872 564 1928 per
593 1858 802 1914 horum
851 1866 904 1914 et
935 1860 1021 1914 his
1065 1860 1340 1916 similium
1391 1861 1776 1917 revolutiones

73 1947 383 2002 immodica
431 1946 733 2017 aliquoties
777 1948 968 2002 carnis
998 1962 1137 2003 meze
1183 1949 1501 2004 titillatione
1533 1957 1773 2005 tenerer.

70 2033 361 2100 Quoniam
408 2035 528 2089 haec
560 2035 777 2090 terebat
830 2036 1102 2091 volubilis
1149 2045 1204 2092 et
1258 2037 1432 2093 totius
1461 2037 1778 2093 severitatis

77 2122 414 2192 infrequens
476 2123 726 2190 animus,
807 2123 956 2180 alius
1023 2125 1272 2194 profecto
1338 2141 1450 2181 non
1519 2133 1774 2195 poterat,

76 2226 258 2280 quam
298 2226 472 2282 quem
526 2212 798 2283 cogitatio
851 2222 1236 2285 suggesserat,
1287 2229 1318 2270 e
1363 2214 1530 2270 labiis
1579 2229 1774 2285 proce-

74 2300 212 2355 dere
245 2314 442 2356 sonus.

153 2390 391 2457 Scriptis
439 2393 489 2443 et
524 2389 702 2443 verbis
749 2390 979 2446 obscena
1021 2393 1252 2460 profert.
1307 2392 1460 2458 Quod
1509 2397 1560 2447 et
1585 2393 1779 2461 pate/it

76 2478 350 2532 divinitus
394 2481 680 2546 magistro.
732 2509 800 2517 —
849 2480 986 2536 Inde
1019 2480 1225 2536 accidit
1273 2489 1337 2537 ut
1377 2480 1780 2538 effervescente

77 2566 336 2622 interiori
370 2565 528 2622 rabie
557 2567 629 2622 ad
659 2567 974 2623 obscenula
1004 2569 1271 2638 quaedam
1305 2570 1478 2625 verba
1511 2569 1775 2626 devolve-

76 2669 192 2720 rer,
245 2662 300 2710 et
348 2655 574 2726 aliquas
622 2655 906 2712 litterulas
938 2657 1131 2713 minus
1178 2658 1337 2727 pensi
1388 2673 1455 2714 ac
1501 2659 1778 2715 moderati

78 2744 375 2810 habentes,
428 2744 539 2800 imo
591 2745 762 2800 totius
811 2745 1122 2802 honestatis
1167 2747 1387 2802 nescias
1435 2747 1774 2803 dietitarem.

75 2833 216 2899 Quae
266 2847 399 2888 cum
455 2833 527 2888 ad
559 2834 820 2904 magistri
853 2833 1107 2903 praedicti
1161 2835 1422 2891 notitiam
1480 2836 1778 2905 pervenis-

77 2928 224 2988 sent,
278 2928 334 2976 et
387 2921 505 2990 ipse
550 2922 849 2992 aegerrime
909 2922 1098 2989 ferret,
1160 2923 1218 2977 in
1271 2923 1423 2979 illius
1468 2923 1776 2978 exacerba-

81 3010 233 3066 tione
284 3009 495 3065 fastidii
541 3025 675 3066 eum
731 3009 970 3081 contigit
1018 3010 1391 3068 obdormisse.
1443 3011 1564 3078 Quo
1611 3026 1776 3082 sopo-

80 3104 206 3153 rato
255 3097 381 3152 talis
431 3098 482 3154 ei
513 3113 570 3154 se
618 3098 853 3169 ingessit
899 3098 1063 3154 visio.
1125 3098 1323 3154 Senior
1367 3099 1594 3155 canitiei
1644 3099 1778 3169 pul-

78 3186 400 3252 cherrimae,
472 3185 584 3242 imo
637 3187 684 3242 is
716 3188 856 3257 ipse,
906 3187 952 3241 si
985 3185 1172 3242 dicere
1236 3187 1502 3255 audeam,
1570 3186 1672 3258 qui
1718 3187 1777 3242 in

55 3271 247 3329 ‘initio
293 3287 382 3329 me
429 3273 502 3328 ad
545 3274 811 3330 eumdem
855 3275 1226 3344 perduxerat,
1270 3283 1325 3331 et
1355 3289 1606 3330 amorem
1653 3275 1780 3344 ejus

83 3361 226 3417 mihi
276 3376 500 3432 semper
526 3363 599 3418 ad
644 3362 908 3419 futurum
957 3363 1358 3432 spoponderat,
1404 3362 1456 3418 ei
1486 3362 1776 3431 apparuit,

80 3449 559 3521 severissimeque
608 3451 803 3507 intulit
836 3467 848 3506 :
891 3473 911 3500 α
949 3450 1109 3517 Volo,
1145 3451 1351 3520 inquit,
1389 3457 1453 3506 ut
1485 3451 1553 3505 de
1583 3449 1781 3506 litteris

82 3554 217 3610 quae
249 3539 410 3595 facta
437 3547 572 3595 sunt
601 3539 743 3594 mihi
769 3539 1047 3595 rationem
1077 3539 1308 3608 reddas;
1341 3553 1545 3594 verum
1572 3552 1782 3594 manus

82 3643 216 3698 quae
263 3627 480 3684 litteras
530 3628 679 3698 ipsas
724 3628 947 3697 scripsit
997 3643 1111 3683 non
1162 3635 1244 3684 est
1283 3642 1390 3682 sua
1425 3627 1603 3696 ipsius
1649 3641 1780 3696 quae

81 3717 331 3787 scripsit.
368 3739 391 3766 ι
427 3717 587 3784 Quod
635 3732 768 3773 cum
799 3731 834 3772 a
865 3717 1140 3787 magistro
1188 3716 1329 3771 mihi
1360 3716 1600 3771 relatum
1633 3712 1782 3770 fuis-

82 3813 186 3874 set,
219 3819 326 3876 ego
353 3812 410 3861 et
439 3805 557 3874 ipse
587 3804 802 3875 pariter
829 3819 1004 3874 super
1036 3812 1230 3860 tenore
1249 3803 1457 3859 somnii
1487 3817 1602 3858 non
1625 3801 1783 3858 dissi-

83 3895 277 3949 milem
311 3893 702 3963 conjecturam
725 3893 1065 3963 habuimus;
1091 3892 1201 3948 laeti
1221 3893 1372 3948 enim
1395 3891 1782 3962 ingemuimus

82 3982 192 4037 sub
225 3995 324 4052 spe
356 3989 474 4048 tua,
508 3982 764 4048 Domine,
798 3981 928 4036 inde
957 3981 1506 4036 animadversionem
1537 3987 1694 4036 tuam
1721 3979 1780 4034 in

85 4078 200 4125 tam
261 4077 500 4139 paterna
547 4069 892 4125 correctione
950 4069 1229 4136 videntes,
1287 4067 1423 4124 hinc
1476 4068 1780 4140 cujusdam

85 4159 194 4227 piae
257 4157 611 4214 alterationis
657 4157 924 4214 ﬁduciam
972 4157 1113 4213 meis
1161 4156 1489 4213 levitatibus
1535 4165 1781 4213 eventu-

84 4260 210 4302 ram
257 4260 330 4302 ex
376 4245 610 4302 visionis
667 4246 982 4302 intentione
1033 4253 1318 4316 putantes.
1372 4245 1478 4302 Ubi
1529 4261 1783 4317 namque

1882 548 2005 590 ram
2054 536 2389 604 recitabam,
2425 545 2479 592 et
2531 536 2765 592 laetabar
2804 552 2870 593 ea
2909 551 2942 592 a
2987 539 3104 594 voti
3135 541 3245 595 mei
3303 543 3584 599 consorti-

1883 623 1991 678 bus
2017 624 2353 691 collaudari,
2406 639 2538 694 quae
2586 640 2714 680 mea
2746 626 2864 682 fore
2896 627 3066 683 rebar
3111 643 3348 698 prorsus
3382 632 3585 687 incon-

1882 712 2118 767 veniens
2170 713 2443 782 protiteri,
2475 721 2531 769 et
2563 715 2716 783 quod
2749 715 2820 770 ad
2853 715 3104 771 fructum
3153 717 3330 773 ullius
3360 720 3583 775 auctori

1883 814 1988 856 suo
2043 815 2156 855 non
2207 801 2472 870 proderat
2522 801 2730 869 laudis,
2766 804 2886 859 solo
2928 805 3178 862 restabat
3221 807 3436 875 fructu,
3470 808 3584 865 imo

1883 888 2246 958 turpitudine
2302 890 2555 960 gaudere
2613 891 2848 961 peccati.
2899 892 3004 949 Sed
3060 893 3200 963 haec,
3254 895 3438 964 Pater,
3473 912 3588 966 pu-

1882 977 2040 1043 nisti,
2099 978 2335 1047 quando
2382 978 2633 1035 voluisti.
2693 981 3134 1052 Emergentibus
3178 983 3330 1039 enim
3380 993 3584 1041 contra

1882 1077 1972 1119 me
2020 1077 2194 1134 super
2252 1065 2347 1120 tali
2380 1080 2552 1135 opera
2599 1067 2947 1136 infortuniis,
2979 1078 3033 1126 et
3094 1071 3277 1127 multa
3321 1072 3581 1130 animum

1880 1160 2219 1222 evagantem
2269 1153 2612 1211 adversitate
2643 1157 2892 1225 cinxisti,
2947 1165 3002 1214 et
3031 1161 3285 1230 corporis
3335 1161 3586 1218 inﬁrmi-

1881 1247 1994 1296 tate
2037 1242 2308 1310 pressisti.
2342 1243 2608 1300 Pervenit
2656 1260 2791 1316 ergo
2825 1254 2964 1302 tunc
3017 1248 3246 1318 gladius
3293 1265 3480 1320 usque
3512 1252 3582 1306 ad

1881 1329 2156 1398 animam,
2184 1331 2323 1388 dum
2350 1333 2576 1390 vexatio
2601 1335 2790 1405 attigit
2823 1335 3274 1407 intelligentiam.

1952 1464 2013 1516 B.
2051 1463 2300 1530 Gregorii
2334 1467 2564 1535 scripta,
2596 1482 2699 1534 quo
2731 1467 3144 1534 intetligentiam
3184 1470 3248 1524 S.
3283 1470 3584 1539 Scriptura:

1882 1551 2301 1620 adipisceretur,
2367 1555 2611 1608 revolvit.
2681 1558 2900 1609 Doctore
2961 1558 3020 1609 Β.
3079 1559 3335 1611 Anselmo
3373 1559 3586 1614 easdem

1881 1641 2284 1708 interpretandi
2335 1643 2551 1696 modum
2582 1643 2843 1698 addiscit.
2893 1674 2960 1684 —
2993 1644 3133 1700 Cum
3180 1646 3373 1715 itaque
3417 1661 3587 1716 paena

1815 1728 2100 1803 Bpeccati
2155 1729 2501 1786 intellectum
2562 1730 2806 1787 dedisset
2858 1732 3106 1801 auditui,
3166 1742 3305 1789 tunc
3353 1735 3586 1791 demum

1888 1817 2106 1872 inutilis
2162 1817 2336 1873 studii
2393 1827 2682 1875 marcente
2733 1821 3009 1887 socordia,
3061 1837 3192 1877 cum
3252 1831 3438 1879 tamen
3487 1825 3585 1880 otii

1887 1903 2193 1973 impatiens
2235 1921 2434 1974 essent,
2486 1908 2652 1977 quasi
2691 1923 2762 1964 ex
2809 1910 3145 1966 necessitate
3189 1912 3408 1981 rejectis
3438 1912 3588 1968 ima-

1885 1993 2299 2062 ginationibus,
2370 1996 2776 2065 spiritualitate
2837 2005 3100 2066 recepta,
3170 1999 3242 2054 ad
3309 2001 3586 2056 exercitia

1885 2083 2274 2138 commodiora
2325 2085 2579 2152 perveni.
2641 2083 2794 2154 Coepi
2848 2085 3025 2155 igitur
3071 2087 3195 2156 jam
3244 2101 3368 2143 sero
3415 2088 3484 2143 ad
3529 2089 3584 2144 id

1885 2170 2039 2240 quod
2072 2186 2220 2241 saepe
2246 2185 2280 2226 a
2312 2171 2574 2241 plurimis
2608 2172 2746 2226 mihi
2783 2172 2948 2228 bonis
2977 2173 3310 2231 doctoribus
3337 2177 3586 2245 praestil-

1887 2259 2068 2315 latum
2117 2259 2322 2327 fuerat,
2356 2259 2655 2329 anhelare;
2686 2259 2900 2317 scilicet
2947 2260 3377 2332 Scripturarum
3428 2280 3582 2320 com-

1886 2346 2092 2403 mentis
2126 2348 2434 2413 intendere,
2485 2348 2836 2419 Gregoriana
2880 2351 3050 2417 dicta,
3096 2353 3152 2406 in
3200 2354 3416 2422 quibus
3445 2353 3585 2409 artis

1887 2435 2066 2506 hujus
2112 2436 2470 2505 potissimum
2524 2437 2893 2506 reperiuntur
2941 2438 3150 2506 claves,
3201 2439 3458 2496 crebrius
3497 2448 3586 2495 te-

1886 2537 2030 2592 rere,
2071 2525 2391 2580 secundum
2442 2532 2700 2581 veterum
2744 2535 3046 2583 auctorum
3092 2528 3343 2598 regulas,
3391 2529 3464 2584 ad
3494 2529 3583 2584 al-

1885 2611 2219 2682 legoricum,
2262 2627 2363 2668 seu
2408 2614 2703 2680 moralem,
2737 2615 2882 2683 quin
2925 2622 2978 2670 et
3020 2617 3402 2686 anagogicum
3452 2631 3583 2672 sen-

1885 2715 2012 2756 sum
2062 2701 2411 2770 prophetica,
2459 2701 2548 2756 vel
2579 2702 2912 2772 evangeliea
2959 2704 3136 2758 verba
3177 2705 3579 2774 perstringere.

1887 2789 1949 2842 In
1982 2788 2071 2843 his
2112 2789 2468 2858 praecipuum
2515 2788 2691 2844 habui
2726 2790 3076 2845 incentorcm
3117 2791 3451 2848 Beccensem
3481 2793 3582 2847 ab-

1885 2875 2073 2932 batem
2125 2877 2482 2943 Anselmum,
2531 2885 2725 2946 postea
2767 2878 3242 2934 Cantuariensem
3299 2879 3584 2950 archiepi-

1885 2977 2120 3033 scopum
2156 2979 2228 3020 ex
2263 2963 2634 3033 transalpinis
2680 2965 2958 3034 partibus,
2991 2967 3333 3036 Augustana
3378 2968 3584 3024 videli-

1816 3047 1858 3104 C
1889 3059 1976 3107 cet
2027 3051 2257 3122 regione
2305 3052 2639 3119 oriundum,
2691 3053 2881 3109 virum
2940 3055 3446 3124 incomparabilem
3486 3057 3586 3112 do-

1886 3140 2171 3196 eumentis
2197 3147 2251 3195 et
2291 3141 2412 3195 vita
2442 3141 2888 3197 sanctissimum.
2932 3143 3037 3209 Qui
3070 3158 3202 3199 cum
3234 3144 3292 3198 in
3326 3144 3584 3214 prioratu

1887 3227 2169 3297 przelibati
2216 3229 2458 3284 coenobii
2507 3229 2698 3285 adhuc
2731 3238 2942 3300 ageret,
2993 3247 3112 3288 sure
3144 3247 3232 3288 me
3275 3233 3582 3304 cognitioni

1887 3317 2106 3383 ascivit,
2153 3323 2204 3372 et
2237 3317 2471 3372 omnino
2511 3317 2845 3386 puerulum,
2877 3327 2933 3375 et
2958 3319 3018 3376 in
3063 3335 3293 3376 summa
3321 3323 3586 3378 etaetatis

1886 3412 1942 3460 et
1970 3419 2174 3460 sensus
2221 3405 2601 3461 teneritudine
2650 3406 2914 3475 positum,
2959 3409 3208 3478 qualiter
3255 3409 3582 3466 interiorem

1887 3506 2080 3547 meum
2146 3492 2434 3548 hominem
2482 3507 2732 3564 agerem,
2783 3496 3034 3565 qualiter
3073 3512 3249 3566 super
3307 3499 3586 3568 regimine

1888 3581 2238 3649 corpusculi,
2289 3581 2526 3637 rationis
2551 3582 2690 3651 jura
2720 3583 3098 3650 consulerem,
3147 3584 3330 3640 multa
3361 3600 3450 3640 me
3477 3586 3585 3640 do-

1889 3682 2013 3723 cere
2058 3667 2368 3724 intentione
2414 3671 2728 3738 proposuit.
2773 3669 2878 3736 Qui
2913 3679 3046 3726 ante
3088 3672 3400 3737 abbatiam,
3439 3681 3491 3728 et
3525 3673 3584 3727 in

1889 3755 2121 3810 abbatia
2169 3755 2406 3824 positus,
2441 3772 2572 3812 cum
2605 3757 2677 3812 ad
2722 3758 3106 3827 Flaviaeense,
3158 3761 3217 3815 in
3249 3776 3366 3830 quo
3404 3775 3582 3827 eram,

1889 3843 2324 3909 monasterium,
2372 3843 2710 3900 familiarem
2758 3847 3048 3918 religionis
3077 3855 3131 3904 et
3161 3847 3431 3904 doctrinae
3466 3863 3585 3906 sua:

1889 3931 2076 4002 gratia
2106 3932 2338 3988 haberet
2369 3933 2705 4002 adventum,
2741 3935 2880 3992 adeo
2906 3936 3101 3992 sedule
3145 3936 3286 3991 mihi
3310 3937 3584 3992 eruditio-

1889 4020 1980 4075 nis
2022 4019 2356 4091 indulgebat
2404 4021 2700 4092 beneﬁcia,
2738 4031 2895 4080 tanta
2940 4024 3011 4079 ad
3052 4025 3108 4079 id
3132 4025 3466 4082 elaborabat
3496 4027 3582 4081 in-

1889 4109 2118 4176 stantia,
2152 4116 2216 4164 ut
2248 4111 2419 4165 unica
2448 4125 2514 4166 ac
2541 4111 2857 4183 singularis
2886 4114 2972 4168 sui
2995 4113 3067 4168 ad
3098 4129 3200 4170 nos
3225 4115 3509 4171 adventus
3531 4122 3587 4170 et

1890 4197 2365 4268 frequentationis
2393 4213 2497 4269 ego
2526 4199 2754 4256 viderer
2781 4202 2936 4257 solus
2961 4216 3080 4258 esse
3101 4217 3294 4258 causa.

84 4348 294 4390 manus
355 4349 486 4405 quae
536 4334 754 4391 litteras
801 4335 1126 4404 scripserat,
1194 4349 1309 4390 non
1357 4335 1483 4406 ejus
1520 4349 1642 4392 esse
1680 4335 1866 4405 quin
1961 4333 2016 4388 ls
2082 4331 2277 4401 itaque
2338 4332 2622 4401 tripartito
2685 4341 2786 4390 aut
2851 4336 3272 4406 quadripartito
3337 4345 3582 4394 mentem

85 4424 394 4493 scripserat
458 4423 700 4489 dicitur,
751 4423 921 4493 plane
979 4438 1093 4478 non
1141 4437 1520 4492 permansura
1565 4423 1622 4480 in
1685 4423 1782 4479 illa

85 4511 468 4582 ignominiosa
531 4526 638 4569 sua
704 4512 925 4568 actione
983 4511 1220 4567 indubie
1285 4513 1608 4569 denotatur.
1659 4513 1781 4569 Mea

83 4600 242 4655 enim
272 4600 398 4668 fuit,
439 4607 494 4656 et
525 4613 640 4656 non
673 4608 758 4657 est
786 4599 952 4657 sicuti
994 4599 1205 4670 legitur
1237 4614 1249 4654 :
1287 4621 1308 4647 ι
1342 4601 1513 4658 Verte
1556 4600 1777 4670 impios,

83 4695 139 4744 et
188 4702 306 4745 non
357 4696 530 4745 erunt
564 4690 744 4758 (Prov.
788 4705 884 4756 xu,
935 4690 1014 4759 7),
1053 4709 1073 4735 ι
1110 4688 1249 4744 dum
1295 4701 1365 4744 ea
1395 4703 1525 4758 quae
1559 4688 1616 4743 in
1671 4703 1781 4744 usu

84 4777 211 4832 vitii
277 4791 405 4832 mea
465 4777 590 4846 fuit,
665 4777 900 4833 virtutis
961 4775 1151 4832 studio
1214 4773 1488 4846 applieita
1553 4789 1779 4832 omnem

82 4865 451 4922 efﬁcientiam
511 4865 922 4938 indignissima;
971 4863 1128 4920 illius
1169 4863 1533 4935 proprietatis
1570 4863 1777 4920 amisit.

86 4956 157 5010 Et
211 4962 274 5011 tu
320 4955 468 5011 nosti
511 4962 721 5023 tamen,
770 4954 1027 5023 Domine,
1075 4961 1132 5010 et
1175 4967 1281 5024 ego
1312 4953 1602 5020 conﬁteor,
1644 4952 1783 5023 quia

87 5051 230 5099 tunc
261 5044 533 5114 temporis
579 5058 684 5100 nec
715 5051 814 5100 tuo
843 5043 1064 5110 timore,
1093 5056 1199 5098 nec
1228 5056 1352 5098 meo
1400 5041 1635 5121 pudore,
1680 5056 1784 5097 nec

86 5146 267 5188 saera:
327 5132 504 5202 hujus
562 5132 800 5188 visionis
854 5131 1067 5187 honore
1117 5129 1482 5200 castigatiora
1545 5144 1785 5200 perege-

87 5221 220 5276 rim.
291 5222 373 5276 Ea
446 5235 651 5291 nempe
715 5219 1114 5286 irreverentia,
1179 5219 1320 5289 quia
1387 5217 1630 5274 interius
1696 5232 1785 5274 me

89 5310 409 5379 habebam,
467 5319 523 5367 et
589 5308 936 5380 scriptorum
992 5307 1342 5378 nugantium
1411 5320 1784 5377 nequaquam

85 5404 238 5454 41³1
297 5397 748 5455 scurrilitatibus
805 5396 1212 5466 temperabam.
1263 5395 1527 5452 Latenter
1572 5395 1786 5465 quippe

88 5502 224 5544 cum
287 5488 485 5544 eadem
525 5485 785 5544 carmina
823 5483 1113 5549 cuderem,
1160 5491 1215 5540 et
1263 5483 1479 5540 nemini
1537 5490 1639 5539 aut
1684 5483 1785 5538 vix

87 5574 326 5630 omnino
394 5573 534 5631 meis
589 5572 986 5629 consimilibus
1051 5570 1148 5628 illa
1200 5572 1437 5640 prodere
1488 5571 1782 5640 auderem,

450 5663 725 5727 PATROL.
779 5662 982 5728 CLVI.

1889 4420 2056 4476 modo
2090 4420 2444 4491 distinguere
2473 4421 2698 4490 docens,
2733 4424 2844 4480 sub
2873 4423 3099 4493 affectu,
3127 4427 3236 4482 sub
3265 4427 3582 4493 voluntate,

1887 4509 1996 4565 sub
2025 4509 2270 4576 ratione,
2321 4510 2430 4565 sub
2463 4509 2754 4567 intellectu
2784 4514 3127 4570 commercia
3173 4514 3347 4570 totius
3375 4514 3584 4570 interni

1889 4595 2146 4666 mysterii
2192 4604 2458 4665 tractare,
2509 4606 2564 4654 et
2596 4614 2727 4669 quae
2780 4615 2898 4656 una
2939 4615 2974 4657 a
3005 4602 3295 4672 plerisque
3339 4610 3395 4658 et
3423 4616 3457 4657 a
3495 4617 3585 4658 me

1889 4685 2011 4755 ipso
2076 4686 2434 4755 putabantur
2487 4688 2655 4743 certis
2712 4688 3092 4746 divisionibus
3148 4690 3416 4759 resoluta,
3468 4705 3584 4746 non

1889 4774 2040 4830 idem
2070 4773 2184 4829 duo
2226 4774 2415 4844 prima
2443 4774 2561 4831 fore
2611 4777 2986 4844 monstrabat,
3017 4792 3149 4848 quae
3196 4786 3387 4834 tamen
3432 4792 3587 4835 acce-

1889 4861 2159 4916 dentibus
2200 4868 2408 4930 quarto
2437 4861 2528 4917 vel
2578 4863 2742 4918 tertio
2771 4865 2968 4921 eadem
3001 4879 3135 4921 mox
3162 4881 3280 4922 esse
3309 4867 3587 4936 promptis

1890 4948 2301 5005 assertionibus
2326 4957 2563 5005 constat.
2599 4950 2780 5021 Super
2809 4967 2926 5023 quo
2955 4968 3127 5011 sensu
3153 4969 3286 5010 cum
3317 4955 3585 5025 quaedam

1891 5037 2224 5109 evangelica
2272 5037 2522 5108 capitula
2569 5040 2709 5095 mihi
2739 5041 3118 5103 disseruisset.
3166 5059 3299 5100 eum
3330 5045 3584 5114 primum

1891 5126 2126 5196 quidem
2157 5125 2298 5196 quid
2331 5125 2478 5182 inter
2506 5128 2649 5184 velle
2677 5137 2732 5184 et
2769 5130 2919 5186 afﬁci
2952 5131 3206 5201 distaret,
3249 5133 3589 5190 luculentis-

1891 5215 2031 5270 sime
2060 5215 2405 5284 aperuisset;
2449 5229 2578 5284 quze
2615 5223 2802 5273 tamen
2835 5233 2947 5274 non
2989 5235 3063 5276 ex
3091 5235 3170 5289 se,
3219 5222 3315 5278 sed
3345 5237 3417 5278 ex
3460 5225 3589 5294 qui-

1892 5303 2136 5359 busdam
2191 5302 2481 5371 contiguis
2533 5303 2945 5375 voluminibus,
2996 5317 3054 5364 at
3099 5309 3289 5365 minus
3328 5319 3590 5380 patenter

1894 5391 2128 5462 quidem
2178 5390 2283 5446 ista
2341 5393 2724 5449 tractantibus
2770 5410 2903 5452 eum
2957 5397 3225 5454 habuisse
3271 5408 3583 5472 constaret;

1893 5477 2036 5548 coepi
2068 5477 2429 5547 postmodum
2458 5487 2512 5534 et
2540 5494 2644 5550 ego
2674 5480 2803 5551 ejus
2827 5497 2994 5539 sensa
3025 5487 3380 5549 commentis.
3418 5499 3591 5558 prout

1895 5575 2172 5639 poteram,
2203 5563 2491 5620 similibus
2509 5567 2793 5638 aemulari,
2815 5581 2870 5629 et
2897 5572 3115 5645 ubique
3135 5573 3589 5645 Scripturarum,

3201 5670 3284 5728 28
