3938 6082
324 313 430 369 875

1220 309 1290 367 ν.
1331 311 1667 368 GUIBERTI
1701 310 1993 368 ABBATIS
2030 310 2088 367 S.
2132 311 2368 368 MARIIE
2407 312 2498 369 DE
2539 310 2928 367 NOVIGENTO

3718 313 3824 369 8‘76

325 451 371 507 si
427 451 567 522 quid
622 449 743 506 istis
801 447 1093 505 moraliter
1152 448 1450 516 arrideret,
1518 449 1783 505 sensibus
1832 448 2017 504 multa
2053 448 2100 501 Α
2128 448 2281 519 quod
2313 463 2429 505 non
2467 461 2673 518 parum
2717 445 3002 503 commodi
3050 445 3191 501 mihi
3232 447 3511 515 prastitit,
3542 449 3600 504 in
3631 463 3822 520 quan-

325 541 502 597 animi
533 538 847 596 acrimonia
876 537 1247 608 perscrutari.

394 630 706 686 Concionem
749 626 908 681 habet
953 627 1250 681 Guibertus
1290 624 1515 695 jubente
1572 640 1669 680 suo
1718 625 1915 679 abbate
1960 626 2019 679 in

321 722 541 772 externo
594 715 845 770 canobio.
891 743 961 755 —
991 714 1152 771 Unde
1206 713 1423 770 factum
1466 720 1551 770 est
1581 721 1648 769 ut
1691 728 1823 769 cum
1870 728 2018 784 quo-

321 805 453 861 dam
484 804 689 861 abbate
726 817 851 859 meo
880 802 954 859 ad
984 801 1219 872 aliquod
1248 801 1560 872 provincia
1589 808 1798 858 nostra
1825 815 2020 858 cano-

325 893 484 949 bium
532 892 877 949 devenirem.
912 890 1175 961 Cumque
1204 889 1284 946 illi
1317 896 1599 961 tanquam
1628 890 1891 959 plurima
1922 904 2019 947 re-

323 981 550 1052 ligionis
589 980 713 1037 viro
748 993 1139 1051 suggererem,
1163 989 1228 1036 ut
1257 978 1331 1034 ad
1359 979 1734 1049 capitularem
1766 992 2016 1034 conven-

320 1078 444 1126 tum
496 1069 752 1137 veniens,
787 1068 929 1125 inibi
983 1081 1303 1124 sermonem
1351 1067 1581 1133 faceret,
1621 1080 1689 1122 ea
1719 1080 1849 1137 qua
1896 1079 1931 1121 a
1958 1080 2018 1122 se

319 1158 661 1228 petebantur
717 1157 777 1212 in
807 1170 897 1213 me
929 1155 1259 1223 transfudit,
1309 1162 1363 1211 et
1395 1161 1459 1211 ut
1504 1156 1658 1211 vices
1704 1168 1878 1225 super
1912 1153 2017 1210 isto

318 1247 444 1316 ejus
493 1259 843 1316 exsequerer
870 1244 1133 1301 exoravit
1157 1251 1212 1301 et
1232 1243 1424 1315 jussit.
1463 1243 1564 1300 Die
1590 1251 1782 1299 autem
1822 1243 2016 1299 Maria

320 1334 672 1406 Magdalena
716 1333 935 1390 Natalis
963 1332 1290 1389 celebratur
1316 1332 1535 1389 eodem.
1576 1333 1661 1387 Ea
1688 1338 1919 1402 propter
1948 1332 2017 1387 de

317 1423 463 1479 libro
511 1422 810 1492 Sapientia
843 1421 1102 1477 adhibita
1140 1420 1419 1477 sermonis
1461 1420 1702 1476 materia
1746 1421 1863 1476 solo
1919 1419 2015 1475 illo

317 1512 489 1569 unico
538 1511 714 1567 verbo
764 1510 843 1565 illi
898 1509 998 1580 qui
1049 1509 1351 1579 petebatur
1396 1509 1663 1565 tractatui
1713 1515 2016 1565 contentus

320 1600 443 1655 fui:
487 1621 509 1648 ι
544 1599 852 1669 Sapientia,
902 1599 1172 1665 videlicet,
1205 1597 1384 1653 vincit
1436 1597 1733 1665 malitiam,
1786 1598 2016 1668 attingit

317 1702 350 1743 a
391 1688 501 1743 line
541 1701 727 1757 usque
764 1687 837 1741 ad
881 1687 1051 1742 tinem
1110 1686 1346 1751 fortiter,
1399 1692 1455 1740 et
1507 1685 1760 1754 disponit
1823 1683 2016 1739 omnia

318 1777 574 1832 suaviter
639 1775 797 1845 (Sap.
851 1791 967 1843 vm,
1040 1775 1114 1843 t).
1157 1795 1177 1823 ι
1224 1775 1341 1829 Hoc
1380 1788 1510 1828 cum
1560 1787 1679 1843 qua
1716 1780 2014 1843 potueram

317 1866 572 1921 oratione
599 1864 1020 1934 explanassem,
1053 1870 1108 1918 et
1136 1862 1274 1932 ipsis
1302 1861 1668 1917 auditoribus
1704 1876 1804 1931 pro
1835 1861 2012 1917 dicto-

317 1968 447 2010 rum
491 1952 823 2009 eorumdem
868 1950 1267 2007 convenientia
1313 1950 1675 2020 placuissem,
1722 1950 1880 2021 prior
1908 1951 2015 2006 Ec-

315 2043 496 2097 clesia
555 2039 756 2110 ipsius,
818 2039 1143 2096 litterarum
1182 2052 1480 2094 sacrarum
1541 2053 1655 2094 non
1706 2038 2013 2094 minimum

316 2145 420 2200 pro
478 2128 727 2185 scientia
784 2128 1040 2198 potentia
1084 2128 1396 2196 studiosus,
1449 2126 1805 2183 familiariter
1851 2142 1886 2183 a
1923 2142 2014 2184 me

313 2218 505 2289 exegit
543 2224 609 2273 ut
647 2216 703 2272 id
751 2216 856 2272 sibi
896 2215 1225 2281 scriberem,
1276 2214 1336 2270 in
1399 2207 1541 2285 quo
1567 2214 1865 2271 materiam
1906 2229 2012 2271 su—

314 2306 508 2363 mendi
572 2304 978 2376 cujuscunque
1044 2303 1325 2360 sermonis
1387 2302 1686 2373 acciperet.
1728 2301 2009 2369 Quoniam

314 2409 450 2466 ergo
481 2392 745 2449 abbatem
772 2406 989 2460 meum,
1018 2406 1135 2462 quo
1167 2399 1442 2462 prasente
1471 2390 1527 2446 id
1550 2390 1828 2459 dixeram,
1858 2404 2011 2462 agre

314 2483 568 2539 laturum
619 2482 831 2552 scripta
877 2493 1006 2536 mea
1051 2493 1455 2550 cognoveram,
1491 2484 1659 2534 caute
1708 2479 2012 2550 aggredior

315 2570 622 2638 hominem,
680 2576 735 2625 et
766 2577 830 2625 ut
876 2582 1053 2624 causa
1082 2568 1192 2623 viri
1245 2567 1417 2634 illius,
1450 2581 1623 2637 quem
1670 2580 1730 2623 se
1773 2566 2011 2637 diligere

315 2659 653 2725 testabatur,
721 2658 879 2729 quod
945 2656 1227 2726 petebam,
1295 2655 1642 2727 indulgeret,
1694 2669 1767 2711 ex
1834 2654 2010 2711 latere

314 2749 482 2820 quasi
524 2762 737 2804 ex......
790 2746 980 2813 amici,
1013 2753 1068 2802 et
1098 2746 1264 2816 quasi
1310 2745 1514 2801 talium
1543 2745 1738 2801 minus
1783 2746 2007 2802 studio-

310 2852 408 2894 sus
456 2850 672 2907 precor.
715 2835 1049 2905 Suspicatus
1099 2834 1281 2905 igitur
1326 2834 1667 2890 brevissima
1696 2848 1786 2889 me
1814 2833 2007 2890 dictu-

313 2939 464 2992 rum,
499 2921 768 2991 assensit;
805 2921 976 2992 cujus
1004 2935 1134 2977 cum
1168 2921 1237 2976 de
1266 2935 1362 2976 ore
1394 2921 1637 2978 verbum
1663 2920 2004 2991 rapuissem,

313 3012 457 3083 coepi
485 3009 739 3068 exerceri
770 3010 827 3064 in
857 3024 924 3066 eo
954 3009 1109 3080 quod
1142 3023 1568 3079 proposueram.

387 3102 703 3156 Tractatum
737 3099 982 3165 Qualiter
1024 3113 1195 3153 sermo
1236 3099 1358 3167 ﬁeri
1405 3098 1613 3160 debeat,
1656 3101 1707 3152 et
1743 3113 2005 3153 commen-

312 3192 521 3245 tarium
569 3190 629 3242 in
665 3189 913 3241 Genesim
963 3186 1158 3241 edidit.
1194 3187 1387 3255 Iniqua
1429 3188 1610 3240 animo
1657 3186 1718 3239 id
1762 3187 1873 3253 fert
1903 3186 2004 3239 ab—

312 3279 426 3333 bas.
454 3306 528 3319 —
553 3276 913 3346 Pr0positum
962 3283 1153 3331 autem
1187 3275 1366 3331 habui
1410 3282 1472 3331 ut
1506 3274 1669 3331 initia
1706 3274 2002 3341 Geneseos,

309 3368 639 3423 Exameron
690 3363 925 3433 scilicet,
967 3363 1341 3420 commentari
1390 3362 1685 3419 moraliter
1737 3363 2009 3433 aggrede-

308 3471 420 3513 rer.
452 3454 556 3511 Cui
586 3455 908 3510 commento
955 3452 1243 3522 praposui
1275 3458 1584 3508 tractatum
1616 3452 1754 3507 satis
1794 3452 2006 3508 medio-

308 3557 461 3602 crem
511 3541 761 3613 qualiter
815 3554 1139 3597 sermonem
1189 3539 1311 3596 ﬁeri
1364 3546 1639 3610 oporteat.
1693 3541 1813 3604 Quo
1855 3554 2007 3610 pra-

309 3632 481 3688 misso
546 3644 647 3686 sex
713 3629 939 3686 dierum
1007 3628 1354 3699 tropologice
1437 3634 1774 3697 prosecutus
1834 3641 2008 3698 opera

309 3720 453 3787 fudi,
490 3718 821 3789 importuno
850 3716 980 3773 licet
1008 3717 1255 3787 eloquio,
1299 3730 1550 3787 quaque
1578 3730 1703 3772 meo
1733 3715 2008 3772 sedissent

310 3806 558 3880 ingenio.
613 3806 877 3877 Cumque
918 3805 1168 3876 primum
1214 3805 1393 3861 abbas
1440 3818 1604 3861 meus
1634 3818 1812 3860 sacra
1850 3803 2007 3860 illius

308 3895 555 3952 historia
619 3893 1003 3963 conspexisset
1067 3893 1329 3949 adnotari
1394 3892 1735 3962 capitulum,
1811 3891 2007 3948 minus

307 3998 447 4040 sano
476 3984 597 4038 hac
620 3982 868 4038 attendit
892 3981 1128 4048 intuitu,
1160 3987 1215 4037 et
1240 3995 1373 4038 cum
1396 3995 1487 4036 me
1516 3980 1769 4050 plurima
1789 3980 2009 4036 anima-

307 4071 609 4127 dversione
656 4069 826 4125 ﬁnem
863 4069 1091 4139 scriptis
1135 4068 1248 4124 illis
1300 4068 1483 4124 facere
1530 4069 1863 4136 monuisset,
1917 4069 2003 4123 vi-

307 4161 448 4217 dens
478 4159 634 4229 quod
696 4172 811 4213 non
856 4158 964 4213 nisi
996 4156 1193 4227 spinas
1238 4163 1420 4226 capta
1452 4155 1587 4211 talia
1644 4156 1825 4212 oculis
1880 4156 2007 4227 ejus

310 4246 666 4319 ingerebant,
717 4260 831 4301 non
864 4245 1051 4301 solum
1083 4244 1230 4316 ejus,
1265 4245 1362 4301 sed
1405 4252 1461 4301 et
1491 4243 1751 4301 omnium
1801 4244 1905 4315 qui
1933 4245 2005 4301 ad

2054 1746 2095 1801 Β

2044 3043 2085 3100 C

2127 543 2251 593 tum
2287 551 2390 601 me,
2421 536 2682 592 ministro
2712 534 3008 600 vitiorum,
3040 533 3306 589 liberavit
3337 534 3410 590 ab
3440 536 3572 591 otio.

2199 625 2462 680 Libellum
2526 625 2592 679 de
2653 625 2933 678 sententiis
2996 622 3229 677 diversis
3294 624 3722 691 Evangeliorum
3772 631 3826 680 et

2124 716 2515 783 prophetarum
2552 714 2868 782 composuit.
2921 713 3103 777 Quare
3146 727 3257 766 non
3308 715 3491 766 sensui
3537 714 3825 781 allegorica

2125 801 2220 856 sed
2265 803 2463 856 morali
2516 800 2751 856 studuit.
2805 831 2876 840 —
2924 798 3137 870 Scripsi
3188 799 3404 875 interea
3448 801 3824 871 eapitularem

2125 889 2383 947 libellum
2413 890 2483 946 de
2512 888 2756 945 diversis
2788 887 3237 960 Evangeliorum
3274 897 3329 945 et
3362 889 3821 959 propheticorum

2124 979 2490 1035 voluminum
2539 978 2852 1045 sententiis,
2906 977 2975 1033 de
3005 976 3152 1033 libro
3191 977 3448 1045 Numeri,
3480 978 3669 1047 Iosue,
3712 980 3822 1035 Ju-

2125 1067 2437 1138 dicumque
2464 1067 2660 1137 aliqua
2693 1067 2962 1133 inserens,
2995 1066 3090 1121 cui
3122 1066 3237 1122 huc
3266 1080 3453 1137 usque
3483 1067 3652 1123 finem
3683 1067 3824 1123 dare

2125 1155 2344 1224 differo,
2384 1157 2524 1227 quia
2572 1156 2660 1211 his
2691 1155 2979 1226 explicitis
3021 1169 3152 1225 qua
3184 1155 3700 1225 imprasentiarum
3733 1163 3823 1212 te—

2124 1259 2248 1309 neo,
2281 1244 2339 1299 in
2388 1245 2674 1301 similibus
2716 1244 2971 1301 exerceri
3018 1243 3321 1314 aliquoties
3371 1243 3441 1312 (si
3470 1246 3589 1300 vita
3634 1259 3825 1303 eomes

2123 1333 2319 1403 fuerit)
2348 1334 2462 1388 Deo
2500 1341 2845 1403 suggerente
2870 1332 3142 1388 delibero.
3176 1333 3243 1387 In
3273 1346 3523 1403 quorum
3555 1333 3823 1403 plurimis

2123 1420 2518 1492 tropologiam,
2554 1420 2613 1476 in
2651 1419 2851 1491 paucis
2896 1420 3232 1491 allegoriam
3259 1429 3508 1488 secutus,
3552 1421 3823 1478 eumdem

2124 1524 2296 1580 quem
2342 1511 2401 1565 in
2451 1510 2651 1566 Genesi
2699 1510 3016 1566 habueram
3064 1523 3281 1565 morem
3333 1510 3496 1581 gessi.
3539 1510 3714 1566 Porro
3759 1511 3821 1566 in

2123 1598 2319 1654 Genesi
2363 1598 2506 1654 adeo
2540 1596 2635 1670 [f.,
2681 1595 2828 1669 ideo]
2879 1597 3240 1667 potissimum
3285 1597 3591 1655 moralitati
3631 1598 3817 1655 inten-

2123 1686 2201 1754 di,
2236 1701 2351 1741 non
2382 1687 2539 1757 quod
2570 1687 2627 1741 in
2672 1701 2842 1743 sensu
2872 1686 3198 1757 allegorico,
3232 1686 3276 1740 si
3311 1686 3524 1756 pariter
3550 1686 3819 1743 elabora-

2126 1789 2266 1841 rem,
2311 1775 2610 1831 sentienda
2675 1775 3003 1843 deficerent,
3063 1776 3162 1831 sed
3209 1776 3362 1845 quod
3420 1775 3638 1846 judicio
3692 1790 3817 1831 meo

2121 1862 2442 1934 allegoricis
2470 1863 2709 1919 moralia
2756 1865 2896 1919 satis
2933 1864 3041 1919 hoc
3084 1871 3337 1933 tempore
3384 1863 3615 1920 utiliora
3646 1872 3814 1935 puta-

2122 1966 2261 2020 rem,
2300 1951 2408 2007 ﬁde
2435 1966 2507 2008 ex
2538 1952 2650 2008 Deo
2689 1951 2763 2007 ad
2794 1952 3081 2023 integrum
3128 1960 3332 2020 stante,
3369 1952 3628 2009 moribus
3676 1968 3815 2023 pene

2121 2041 2382 2097 omnium
2416 2040 2718 2110 multiplici
2762 2040 2900 2097 vitio
2944 2040 3281 2112 proﬂigatis,
3322 2048 3377 2096 et
3406 2041 3561 2111 quod
3606 2041 3666 2096 in
3713 2043 3813 2097 im-

2120 2143 2382 2184 mensum
2413 2129 2644 2184 tendere
2686 2143 2833 2198 opus
2862 2143 2977 2185 non
3023 2143 3163 2185 mea
3207 2128 3393 2185 fuerat
3441 2128 3683 2186 licentia
3714 2138 3815 2187 aut

2118 2216 2451 2273 voluntatis.

2720 2305 2954 2362 CAPUT
2992 2306 3206 2362 XVIII.

2187 2395 2386 2448 lterum
2432 2393 2507 2447 ad
2534 2395 2730 2448 matr-is
2760 2398 2913 2463 gesta
2957 2397 3121 2448 vertit
3169 2396 3466 2449 orationem
3504 2394 3810 2452 Guibertus.

2113 2509 2187 2522 —
2215 2481 2400 2552 Igitur
2428 2489 2610 2537 mater
2657 2481 2837 2538 bonos
2883 2488 3168 2551 quantum
3215 2482 3287 2537 ad
3317 2481 3613 2539 scientiam
3656 2498 3815 2539 meos

2115 2569 2398 2624 admirata
2445 2583 2763 2637 successus,
2812 2570 2979 2626 valde
3031 2570 3313 2626 astuabat
3353 2584 3526 2640 super
3577 2571 3814 2628 lubrica

2114 2657 2297 2712 atatis
2348 2672 2494 2728 quos
2538 2657 2848 2714 verebatur
2893 2658 3245 2714 excessibus.
3298 2658 3461 2715 Unde
3501 2667 3557 2715 et
3583 2659 3675 2716 sui
3725 2674 3816 2716 me

2114 2744 2459 2802 imitatorem
2510 2746 2627 2802 ﬁeri
2678 2761 2856 2817 quam
2907 2747 3103 2803 sedulo
3158 2746 3503 2817 postulabat,
3536 2749 3626 2803 cui
3680 2763 3813 2805 cum

2113 2833 2265 2889 Deus
2304 2834 2551 2904 speciem
2582 2841 2878 2905 tantopere
2924 2835 3296 2905 prastitisset,
3329 2836 3407 2892 ita
3436 2836 3723 2906 quidquid
3756 2839 3817 2892 in

2113 2936 2172 2978 se
2208 2921 2561 2979 laudabatur
2604 2923 2956 2993 posthabuit,
2990 2938 3057 2979 ac
3087 2925 3131 2980 si
3163 2939 3282 2980 sese
3312 2924 3649 2981 nullatenus
3678 2926 3819 2994 pul—

2114 3011 2311 3066 chram
2353 3010 2564 3075 scisset,
2617 3012 2695 3067 ita
2726 3012 3063 3068 viduitatem
3109 3013 3306 3080 coluit,
3354 3027 3422 3069 ac
3449 3013 3495 3068 si
3524 3013 3817 3069 maritalia

2115 3113 2338 3169 semper
2387 3099 2565 3156 debiti
2620 3099 2827 3156 cubilis
2892 3100 3197 3170 impatiens
3248 3101 3588 3157 horruisset.
3651 3101 3813 3158 Nosti

2115 3195 2327 3256 tamen,
2378 3188 2635 3258 Domine,
2679 3189 2821 3260 quid
2872 3189 3019 3257 ﬁdei,
3069 3189 3212 3260 quid
3242 3191 3456 3246 amoris
3502 3191 3675 3246 etiam
3706 3192 3812 3247 de—

2115 3276 2310 3331 functo
2358 3276 2460 3345 ipsi
2500 3291 2604 3333 suo
2661 3276 2848 3348 jugali
2878 3277 3165 3345 detulerit,
3230 3293 3410 3349 quam
3462 3279 3811 3349 quotidianis

2115 3378 2259 3434 pene
2288 3364 2604 3434 sacrificiis,
2664 3365 3023 3422 orationibus
3072 3380 3139 3422 ac
3169 3366 3455 3437 lacrymis,
3486 3368 3641 3423 haud
3694 3382 3808 3424 me-

2115 3452 2407 3507 diocribus
2444 3452 2816 3524 eleemosynis
2856 3454 3141 3511 solvenda
3184 3454 3311 3525 ejus
3353 3455 3581 3523 anima,
3633 3470 3807 3526 quam

2116 3541 2363 3609 peccatis
2411 3542 2715 3612 prapediri
2768 3550 3030 3610 noverat,
3088 3542 3475 3600 indesinenter
3518 3544 3808 3601 institerit.

2114 3627 2239 3695 Qua
2268 3642 2341 3684 ex
2372 3643 2432 3684 re
2480 3629 2628 3684 mira
2658 3628 2757 3685 Dei
2788 3629 3210 3699 dispensatione
3246 3630 3438 3700 fiebat,
3487 3639 3553 3689 ut
3579 3632 3815 3688 creber-

2115 3713 2277 3770 rimis
2308 3713 2360 3770 ei
2406 3715 2744 3786 visionibus,
2785 3731 2934 3788 quos
2971 3718 3065 3774 ille
3092 3719 3314 3775 dolores
3350 3719 3411 3775 in
3442 3733 3550 3776 sua
3588 3734 3818 3792 purga—

2115 3801 2267 3858 tione
2326 3803 2569 3872 ferebat;
2613 3806 3036 3874 patientissimis
3083 3807 3595 3879 imaginationibus
3641 3824 3819 3866 mon-

2114 3897 2460 3948 strarentur.
2496 3891 2635 3959 Qua
2660 3893 2917 3951 visorum
2958 3910 3169 3966 genera
3198 3897 3356 3954 haud
3386 3897 3634 3954 dubium
3667 3899 3822 3969 quin

2113 3992 2187 4034 ex
2217 3978 2331 4034 Deo
2363 3980 2736 4049 proveniant;
2784 3982 2885 4039 ubi
2913 3983 3065 4039 enim
3108 3984 3273 4041 nulla
3301 3998 3484 4055 prava
3532 3986 3821 4042 securitas

2113 4079 2188 4122 ex
2217 4075 2511 4137 assumpta
2540 4068 2682 4125 falso
2719 4069 3152 4140 pulchritudine
3199 4072 3436 4128 luminis
3473 4073 3667 4141 datur,
3714 4074 3821 4130 sed

2113 4168 2187 4210 ex
2231 4154 2424 4211 oblata
2470 4156 2681 4213 doloris
2733 4172 2801 4215 ac
2854 4173 3156 4229 pinnarum
3210 4162 3391 4230 specie
3435 4161 3711 4218 orationis
3760 4170 3821 4220 et

2113 4242 2608 4314 eleemosynarum
2668 4246 2959 4304 incentiva
3007 4249 3361 4318 prabentur,
3411 4249 3512 4305 ubi
3552 4257 3751 4320 aperte
3782 4265 3820 4307 a

310 4336 367 4393 id
416 4336 605 4405 ipsum
650 4333 869 4390 deferre
925 4340 1184 4402 poterant
1228 4331 1559 4402 prasentias
1610 4330 2002 4401 pracavendo,
2046 4341 2089 4396 ι)
2117 4331 2381 4400 mortuis,
2432 4332 2545 4389 imo
2593 4334 2664 4390 ab
2694 4335 2933 4406 angelis,
2982 4337 3084 4407 qui
3132 4336 3389 4393 ﬁdelium
3444 4345 3818 4395 mortuorum

309 4424 458 4481 clam
486 4423 630 4479 illud
673 4435 842 4478 omne
873 4421 1085 4492 peregi.
1128 4420 1420 4490 Opuscula
1463 4419 1620 4475 enim
1649 4433 1775 4476 mea
1801 4419 1924 4476 hac
1952 4425 2008 4475 et

308 4513 422 4570 alia
453 4512 542 4583 (⁸⁷)
574 4511 751 4567 nullis
790 4510 1073 4585 impressa
1103 4508 1315 4565 tabulis
1354 4508 1626 4565 dictando
1666 4516 1722 4565 et
1751 4508 2005 4565 scriben-

308 4604 399 4672 do,
431 4600 735 4658 scribenda
778 4598 953 4656 etiam
992 4597 1208 4668 pariter
1254 4597 1691 4654 commentando
1739 4598 2006 4654 immuta-

308 4691 498 4748 biliter
544 4688 771 4760 paginis
826 4687 1162 4743 inferebam.
1203 4686 1482 4757 Tempore
1527 4701 1664 4758 ergo
1694 4686 1851 4743 illius
1900 4685 2006 4742 ab-

308 4780 456 4837 batis
479 4777 805 4835 omnimodo
857 4775 1050 4833 studia
1097 4788 1223 4831 mea
1252 4774 1530 4831 delituere
1586 4775 1831 4831 silentio.
1882 4773 2006 4841 Quo

307 4868 632 4933 decedente,
690 4872 897 4922 nactus
948 4864 1306 4920 occasionem
1370 4864 1508 4920 dum
1565 4871 1791 4934 pastore
1846 4862 2007 4919 locus

308 4958 401 5013 ille
428 4960 679 5019 vacaret,
724 4952 937 5023 impegi
988 4952 1217 5009 tandem
1266 4956 1414 5007 4'38
1443 4958 1499 5007 et
1537 4951 1699 5008 brevi
1730 4965 1875 5021 opus
1903 4965 2002 5006 ex-

306 5044 478 5117 plevi.
510 5043 672 5111 Quod
697 5042 893 5098 decem
924 5040 1087 5097 libris
1115 5040 1505 5111 complexum,
1539 5039 1858 5095 secundum
1881 5039 2005 5095 illos

306 5141 561 5206 quatuor
607 5129 1055 5202 pranominatos
1084 5128 1373 5185 interioris
1402 5127 1647 5184 hominis
1688 5134 1894 5192 motus,
1925 5126 2005 5183 ita

305 5222 581 5279 moralem
626 5225 937 5277 exsecutus
966 5232 1095 5274 sum
1128 5217 1188 5272 in
1224 5215 1494 5272 omnibus
1523 5224 1771 5285 tropum,
1807 5222 1871 5272 ut
1901 5229 2003 5286 pe-

308 5311 466 5367 nitus
506 5309 808 5365 immutato
857 5305 1213 5363 locutionum
1260 5304 1461 5360 ordine
1507 5303 1668 5359 initia
1697 5303 2004 5360 continua-

307 5406 512 5454 rentur
540 5410 608 5453 ac
639 5395 735 5469 [/.,
782 5393 879 5466 ad]
934 5406 1293 5464 supremum.
1342 5392 1406 5446 In
1437 5405 1555 5461 quo
1602 5391 1880 5461 opusculo
1927 5406 2004 5449 an

307 5487 583 5557 cuiquam
613 5483 947 5554 profecerim
999 5482 1211 5551 nescio,
1251 5479 1528 5551 placuisse
1570 5486 1763 5536 tamen
1795 5480 2002 5551 pleris-

308 5589 422 5645 que
449 5572 771 5644 plurimum
799 5570 1060 5627 litteratis
1088 5583 1204 5625 non
1232 5568 1467 5635 dubito;
1488 5566 1598 5625 hoc
1618 5581 1756 5626 vero
1780 5575 2003 5626 certum

2114 4432 2313 4475 curam
2365 4428 2597 4492 gerunt,
2627 4422 2810 4479 divini
2840 4424 3012 4480 ofﬁcii
3068 4425 3323 4481 remedia
3364 4425 3704 4496 exiguntur,
3737 4442 3819 4484 ex

2115 4506 2229 4563 Deo
2272 4508 2394 4565 hac
2424 4508 2548 4566 ﬁeri
2598 4511 2704 4566 hoc
2746 4511 3037 4568 sufﬁciens
3091 4514 3411 4584 probationi
3451 4522 3554 4581 est,
3603 4516 3751 4585 quia
3784 4530 3824 4573 a

2113 4595 2471 4654 damonibus
2526 4613 2831 4669 nunquam
2888 4600 3059 4656 saluti
3126 4600 3453 4672 cujuspiam
3504 4602 3825 4672 profutura

2112 4693 2480 4753 quaruntur.
2544 4685 2831 4743 Sollicitus
2882 4686 3063 4758 igitur
3113 4688 3279 4744 bona
3340 4688 3495 4745 illius
3549 4690 3823 4749 mulieris

2112 4772 2344 4829 animus
2388 4773 2478 4830 his
2524 4773 3046 4846 signiﬁcationibus
3074 4776 3405 4846 recalefieri,
3451 4791 3521 4833 ac
3548 4777 3822 4834 interno-

2112 4873 2245 4917 rum
2279 4868 2696 4919 tormentorum
2740 4863 2813 4919 ad
2844 4864 3157 4933 profectum
3197 4865 3427 4922 assidue
3473 4880 3573 4937 pro
3605 4867 3821 4924 marito

2112 4949 2407 5018 quondam
2435 4964 2542 5007 suo
2573 4949 2992 5009 intercessionis
3014 4953 3371 5021 portentione
3406 4954 3697 5011 succendi.

2183 5038 2432 5094 Guiberti
2471 5044 2632 5109 pater
2675 5041 2961 5096 Evrardus
3003 5041 3443 5110 nuncupabatur.
3498 5042 3585 5098 Ab
3635 5058 3819 5099 umore

2111 5128 2350 5181 cernitur
2385 5143 2487 5197 per
2531 5130 2729 5186 visum.
2780 5159 2851 5169 —
2898 5130 3058 5186 Unde
3100 5130 3246 5186 inter
3292 5137 3500 5186 catera
3552 5131 3820 5202 quadam

2112 5223 2296 5283 nocte,
2350 5216 2646 5273 Dominica
2695 5225 2822 5288 post
2867 5218 3207 5286 matutinos,
3256 5219 3470 5276 astatis
3513 5227 3816 5289 tempore,

2112 5316 2246 5361 cum
2285 5304 2545 5361 membra
2571 5319 2806 5362 scamno
2851 5306 3115 5364 cubitum
3153 5308 3564 5379 angustissimo
3591 5315 3820 5365 contu-

2111 5390 2285 5461 lisset,
2347 5407 2481 5449 mox
2542 5393 2604 5450 in
2655 5409 2854 5451 somno
2910 5396 3079 5466 capit
3142 5395 3403 5466 deprimi,
3451 5410 3559 5453 sua
3623 5395 3820 5466 ipsius

2112 5481 2309 5537 anima
2349 5481 2419 5538 de
2464 5496 2698 5553 corpore
2741 5484 3084 5541 sensibiliter
3127 5484 3235 5541 sibi
3287 5485 3416 5541 visa
3461 5492 3546 5542 est
3585 5486 3815 5555 egredi.

2110 5568 2373 5640 Cumque
2419 5570 2597 5628 veluti
2630 5586 2733 5642 per
2781 5573 3093 5642 quamdam
3148 5572 3434 5644 porticum
3473 5573 3816 5644 duceretur,
