3902 6082
31 305 139 355 377

1139 308 1226 363 DE
1268 307 1434 363 VITA
1471 307 1606 363 SUA
1649 305 1829 362 LIBRI
1869 307 2070 362 TRES.
2114 337 2181 347 —-
2214 309 2342 364 LIB.
2388 308 2430 362 Ι.

3446 318 3550 371 878

32 439 276 494 ;andem
329 438 459 493 inde
499 451 798 509 emergens
827 439 898 495 ad
936 454 1039 496 ora
1074 441 1380 512 cujusdam
1421 443 1576 513 putei
1629 458 1746 499 cm-
1786 445 1830 497 A
1861 443 2134 512 quentius
2176 444 2436 514 faciebat)
2477 453 2532 502 et
2557 445 2652 502 ille
2679 446 3066 515 subanuisset,
3096 449 3352 506 addidit:
3392 472 3413 500 ι
3447 451 3552 508 Sed

31 535 202 594 gerat
257 526 667 596 propinquare.
722 527 822 583 Cui
876 542 1008 584 cum
1053 537 1197 585 esset
1253 530 1402 586 facta
1449 532 1742 602 contigua,

32 631 166 670 acce
208 616 282 672 de
310 615 486 672 fovere
526 615 683 670 illius
712 615 986 687 voragine
1028 617 1231 674 larvali
1263 619 1449 688 specie
1488 619 1746 675 homines

31 703 371 770 prosiliunt,
407 717 656 773 quorum
693 703 1037 761 videbantur
1065 704 1234 762 tineis
1264 721 1436 763 exesa
1464 709 1743 775 caesaries,

32 804 164 846 eam
227 792 484 847 volentes
535 792 803 847 manibus
851 793 1164 862 corripere,
1217 802 1272 850 et
1319 795 1468 850 intro
1517 803 1746 866 protra—

31 881 195 935 here.
243 881 316 936 Et
359 895 489 936 ecce
518 895 634 936 vox
674 895 708 935 a
737 889 895 951 tergo
928 881 1151 938 feminae
1179 882 1542 953 trepidantis,
1589 892 1643 940 et
1674 885 1745 940 ad

31 982 241 1024 eorum
284 971 586 1025 incursum
636 969 1036 1026 miserabiliter
1079 972 1395 1040 mstuantis,
1444 975 1635 1044 erupit
1671 975 1745 1030 ad

31 1056 205 1112 illos:
255 1078 277 1106 ι
329 1058 535 1122 Nolite,
567 1061 770 1126 inquit,
799 1073 926 1114 eam
975 1066 1229 1130 tangere.
1270 1081 1291 1109 »
1327 1060 1433 1128 Qui
1464 1076 1602 1119 voce
1642 1078 1742 1119 ve-

31 1145 218 1200 tantis
276 1146 462 1202 adacti
515 1146 844 1202 resilierunt
901 1147 958 1201 in
1016 1157 1274 1216 puteum.
1335 1152 1478 1206 Cum
1529 1159 1742 1220 autem,

31 1235 199 1304 quod
242 1249 333 1290 me
374 1235 744 1304 przeterierat,
789 1251 888 1306 per
924 1239 1209 1307 porticum
1251 1240 1598 1308 procederet,
1639 1241 1746 1296 hoc

31 1323 233 1380 solum
284 1325 512 1394 petebat
557 1339 592 1380 a
638 1326 752 1381 Deo
791 1340 924 1381 cum
961 1327 1144 1382 exisse
1193 1328 1478 1384 hominem
1528 1344 1588 1384 se
1625 1345 1747 1386 sen-

33 1412 196 1478 tiret,
231 1421 298 1468 ut
325 1413 396 1468 ad
425 1428 636 1484 corpus
662 1414 771 1470 sibi
805 1414 991 1471 redire
1020 1414 1230 1471 liceret.
1264 1417 1343 1472 De
1382 1418 1539 1487 putei
1569 1419 1746 1489 igitur

32 1501 471 1558 habitatoribus
511 1503 768 1570 liberata,
811 1518 942 1558 cum
981 1511 1182 1560 contra
1221 1507 1539 1576 marginem
1570 1507 1746 1576 ipsius

32 1591 415 1659 constitisset,
484 1603 716 1662 repente
776 1601 994 1662 patrem
1054 1608 1266 1662 meum,
1325 1594 1382 1650 in
1444 1609 1512 1650 ea
1562 1597 1746 1666 specie

32 1693 163 1748 qua
225 1680 460 1749 juvenis
523 1682 839 1744 exstiterat,
916 1682 1022 1737 sibi
1089 1683 1385 1752 conspexit
1450 1685 1741 1752 assistere;

31 1782 299 1837 cumque
350 1770 406 1823 in
475 1784 608 1825 eum
672 1769 1006 1837 intenderet,
1058 1779 1111 1826 et
1166 1785 1240 1826 an
1286 1771 1405 1841 ipse
1447 1773 1745 1828 Evrardus

32 1865 350 1912 vocaretur
400 1858 502 1923 (sic
544 1858 696 1912 enim
738 1873 871 1913 eum
922 1860 1213 1928 quondam
1262 1860 1594 1917 constiterat
1641 1877 1745 1931 ap-

32 1945 268 2014 pellari)
300 1947 632 2016 suppliciter
658 1948 948 2017 rogitaret,
984 1947 1102 2017 ipse
1132 1950 1384 2019 negavit.

112 2033 230 2088 Nec
288 2035 523 2101 mirum,
575 2037 618 2090 si
667 2035 904 2105 spiritus
956 2050 1024 2090 eo
1076 2050 1134 2091 se
1193 2037 1422 2092 nomine
1479 2038 1742 2109 insigniri

32 2122 407 2189 diflitcretur,
464 2139 580 2194 quo
627 2124 800 2180 homo
843 2125 976 2180 olim
1035 2125 1247 2196 fuerat;
1306 2126 1539 2194 spiritus
1589 2129 1743 2183 enim

33 2210 276 2279 spiritui
299 2211 440 2266 nihil
465 2212 616 2267 aliud
642 2227 819 2282 quam
833 2212 988 2282 quod
1010 2213 1394 2282 spiritualitati
1418 2229 1741 2285 congruum

33 2299 114 2353 sit
178 2300 523 2368 respondere
591 2300 884 2356 debuerat.
935 2301 1197 2356 Mutnam
1261 2310 1454 2358 autem
1506 2303 1744 2372 spiritus

35 2401 146 2457 per
184 2389 420 2443 nomina
458 2388 666 2444 habere
703 2388 983 2456 notitiam,
1027 2389 1180 2445 credi
1227 2391 1394 2446 valde
1433 2390 1742 2447 ridiculum

33 2484 146 2542 est,
195 2477 454 2547 alioquin
497 2477 554 2532 in
593 2477 790 2533 futuro
822 2478 1049 2543 saeculo,
1082 2492 1216 2534 rara
1257 2479 1366 2534 nisi
1398 2479 1742 2536 nostratium

36 2565 296 2637 cognitio
342 2573 442 2623 est.
486 2566 733 2622 Nomina
784 2566 951 2636 plane
979 2581 1095 2622 non
1127 2582 1353 2624 necesse
1399 2577 1482 2625 est
1529 2569 1742 2626 habere

36 2655 304 2724 spiritus,
365 2669 618 2725 quorum
671 2662 788 2712 tota
846 2655 1010 2721 visio,
1063 2655 1176 2711 imo
1223 2655 1458 2712 visionis
1506 2658 1742 2714 scientia

37 2751 128 2799 est
181 2744 253 2800 ab
302 2743 477 2800 intus.
528 2744 672 2800 Cum
719 2758 858 2814 ergo
904 2744 985 2799 sic
1024 2758 1084 2798 se
1131 2745 1324 2800 vocari
1373 2754 1652 2816 negasset,
1686 2754 1743 2803 et

39 2840 238 2888 tamen
285 2832 384 2888 illa
415 2847 549 2888 eum
589 2847 702 2888 non
735 2832 929 2888 minus
961 2847 1083 2888 esse
1131 2833 1383 2902 sentiret,
1427 2833 1742 2906 interrogat

38 2921 408 2991 postmodum
453 2921 550 2978 ubi
592 2928 997 2977 commaneret.
1029 2922 1135 2978 Cui
1182 2921 1275 2978 ille
1307 2936 1374 2977 ac
1413 2923 1460 2978 si
1492 2923 1739 2993 plateam

40 3010 201 3065 haud
252 3010 447 3078 procul
497 3023 530 3064 a
582 3009 700 3098 loco
731 3011 972 3098 positam
1022 3010 1296 3098 insinuat,
1330 3016 1388 3066 et
1417 3011 1624 3068 ibidem
1682 3026 1740 3067 se
1779 3045 1818 3098 ρ

39 3096 406 3152 commorari.
443 3096 656 3160 Quarit
693 3097 863 3152 etiam
896 3097 1146 3167 qualiter
1186 3112 1246 3153 se
1279 3098 1501 3154 habeat.
1544 3101 1618 3155 At
1649 3099 1741 3155 ille

41 3185 284 3241 brachio
328 3193 536 3241 retecto
581 3199 713 3241 cum
745 3185 919 3242 latere
949 3186 1089 3241 adeo
1137 3193 1452 3258 utrumque
1498 3189 1741 3245 ostendit

41 3275 321 3342 lacerum,
367 3273 584 3329 crebris
642 3274 781 3330 adeo
832 3274 1174 3330 vulneribus
1231 3276 1620 3346 intersectum,
1679 3284 1742 3333 ut

43 3376 296 3434 magnus
345 3363 660 3419 intuentem
705 3366 1044 3434 sequeretur
1075 3365 1298 3431 horror,
1339 3373 1394 3421 et
1440 3365 1741 3422 commotio

41 3453 351 3508 viscerum.
397 3451 485 3508 Ad
535 3451 640 3507 hoc
680 3451 849 3508 etiam
892 3453 1120 3522 pueruli
1161 3453 1487 3524 cujuspiam
1527 3456 1742 3524 species

43 3540 261 3610 pariter
305 3540 502 3596 aderat
548 3540 719 3596 tantis
765 3540 1116 3597 clamoribus
1163 3549 1542 3611 perstrepens,
1588 3551 1652 3598 ut
1689 3543 1740 3598 ei

45 3641 282 3697 quoque
323 3641 454 3697 quae
509 3627 561 3681 id
597 3627 930 3684 intuebatur
967 3627 1285 3697 plurimum
1326 3628 1595 3684 molestiae
1637 3645 1741 3700 ge-

48 3724 292 3772 neraret.
324 3715 505 3787 Cujus
535 3723 590 3772 et
619 3723 772 3772 mota
801 3716 1040 3772 vocibus
1069 3717 1216 3773 dixit
1247 3717 1319 3772 ad
1341 3732 1473 3773 eum
1501 3733 1512 3772 :
1548 3740 1569 3767 α
1600 3720 1740 3783 Quo-

47 3805 236 3871 modo,
287 3805 547 3874 Domine,
578 3811 765 3860 tantos
795 3805 970 3876 hujus
1008 3806 1242 3862 infantis
1283 3806 1534 3877 ejulatus
1586 3814 1742 3876 potes

49 3892 210 3962 pati?
238 3923 305 3931 —
335 3891 537 3960 Velim,
571 3895 771 3962 inquit,
800 3893 996 3961 nolim,
1032 3892 1252 3963 patior:
1292 3915 1311 3942 ι
1352 3893 1606 3963 ploratus
1634 3908 1739 3949 au-

49 3991 162 4037 tem
192 3981 366 4051 hujus
386 3980 640 4048 infantis,
665 3988 720 4037 et
751 3981 970 4037 brachii
1003 3981 1290 4038 intercisio
1321 3996 1388 4037 ac
1414 3983 1738 4054 lateris(39)

53 4072 199 4124 hanc
227 4070 587 4125 sententiam.
624 4070 768 4126 Cum
797 4077 960 4140 pater
983 4085 1148 4126 meus
1179 4071 1237 4126 in
1268 4071 1540 4140 primaevo
1565 4086 1669 4128 suo
1708 4086 1742 4127 a

51 4158 298 4229 legitimo
354 4159 556 4214 matris
617 4173 756 4213 meae
800 4159 1140 4214 commercio
1198 4173 1300 4229 per
1352 4161 1740 4229 quorumdam

52 4245 329 4302 maleﬁcia
373 4253 520 4302 esset
563 4246 830 4316 extorris,
882 4247 1119 4317 quidam
1166 4247 1236 4302 ad
1292 4247 1571 4318 puerilem
1615 4249 1741 4319 ejus

1852 530 2002 587 inter
2058 547 2159 588 vos
2221 533 2489 602 quaedam
2545 534 2768 591 habitat
2821 536 3235 606 Leodegardis:
3294 559 3315 587 »
3371 553 3551 610 quam

1853 627 2036 676 mater
2066 635 2192 677 mea
2221 637 2288 677 ea
2333 622 2648 679 intentione
2683 624 2848 680 illum
2878 626 3206 682 nominasse
3250 627 3550 691 intellexit,

1853 717 2141 777 quatenus
2189 710 2312 780 ipsa
2359 712 2430 766 ab
2476 725 2544 767 ea
2593 719 2827 781 peteret,
2883 713 3024 782 quid
3074 714 3165 769 sui
3217 717 3550 772 memoriam

1852 795 2106 853 haberet.
2160 799 2299 854 Erat
2351 807 2545 855 autem
2595 799 2834 869 praefata
2890 802 3273 873 Leodegardis
3337 804 3548 861 femina

1851 884 2059 954 spiritu
2103 887 2490 956 pauperrimo,
2516 895 2569 944 et
2600 903 2732 959 quae
2761 889 2882 945 sine
2908 890 3168 947 moribus
3200 892 3394 948 saeculi
3439 894 3552 950 Deo

1852 972 2186 1042 simpliciter
2241 975 2544 1032 victitaret.
2605 977 2831 1033 Interea
2882 978 3152 1048 loquendi
3203 980 3274 1036 ad
3331 988 3551 1051 patrem

1853 1075 2047 1117 meum
2111 1062 2279 1118 ﬁnem
2350 1064 2586 1133 faciens,
2635 1065 2887 1135 respexit
2945 1067 3016 1122 ad
3070 1075 3306 1137 puteum
3373 1083 3552 1140 supra

1854 1164 2027 1219 quem
2076 1159 2198 1206 erat
2239 1151 2465 1222 tabula;
2510 1167 2684 1222 supra
2718 1155 2973 1211 tabulam
3023 1171 3154 1212 vero
3203 1157 3548 1214 Raiualdum

1854 1237 2161 1307 quemdam
2212 1239 2405 1296 virum
2462 1249 2786 1311 equestrem
2838 1243 3132 1313 conspicit,
3198 1260 3314 1300 non
3367 1245 3550 1302 infimi

1855 1325 2020 1394 pretii
2065 1325 2214 1382 inter
2250 1342 2404 1394 suos,
2442 1328 2545 1398 qui
2577 1328 2637 1383 in
2667 1329 2790 1398 ipsa
2823 1331 2935 1396 die,
2967 1346 3097 1401 quaa
3125 1341 3266 1400 erat,
3297 1340 3360 1389 ut
3397 1348 3549 1404 prae-

1853 1414 1994 1483 dixi,
2047 1415 2363 1484 Dominica,
2403 1430 2436 1472 a
2475 1417 2594 1472 suis
2633 1419 3057 1475 contribulihus
3098 1421 3552 1490 proditionaliter

1854 1502 2084 1558 Balvaci
2123 1502 2452 1560 interfectus
2506 1513 2629 1574 post
2659 1506 2968 1575 prandium
3001 1515 3102 1563 est.
3152 1508 3206 1562 Is
3248 1523 3385 1578 ergo
3417 1525 3550 1566 cum

1851 1598 1996 1646 esset
2068 1606 2242 1660 super
2306 1594 2565 1648 eamdem
2630 1595 2907 1663 tabulam,
2987 1605 3228 1652 curvato
3305 1605 3552 1668 utroque

1855 1695 2030 1750 genu,
2073 1687 2128 1736 et
2170 1681 2388 1738 cervice
2435 1682 2701 1750 demissa,
2752 1691 2909 1739 strue
2960 1686 3216 1755 conjecta
3263 1686 3552 1744 conﬂabat

1785 1745 1824 1798 Β
1855 1745 2049 1824 buccis
2079 1769 2444 1838 pulsantibus
2488 1745 2700 1839 ignem.
2740 1771 2872 1826 Haec
2902 1745 3464 1840 mane'videhantur,
3498 1782 3553 1832 et

1853 1855 1973 1925 ipse
2025 1870 2160 1912 suos
2205 1871 2352 1926 quos
2417 1857 2634 1913 meritis
2693 1859 3032 1915 accenderat
3081 1861 3436 1919 devcnturus
3479 1863 3552 1918 ad

1851 1945 2012 2015 ignes
2054 1944 2266 2000 interiit
2302 1945 2556 2001 meridie.
2601 1946 2756 2003 Vidit
2785 1955 2838 2002 et
2868 1962 3044 2018 super
3075 1949 3406 2018 prmdictam
3457 1959 3548 2007 ta-

1852 2033 2048 2088 bulam
2080 2033 2391 2102 quemdam
2409 2035 2508 2104 qui
2542 2035 2876 2104 adjuvabat,
2911 2037 3006 2092 sed
3038 2036 3205 2108 longe
3232 2045 3354 2106 post
3386 2039 3546 2108 abiit,

1849 2119 2084 2175 fratrem
2116 2135 2329 2188 meum,
2355 2121 2641 2177 horrenda
2672 2123 2854 2178 divini
2884 2125 3137 2193 corporis
3161 2132 3215 2180 et
3245 2127 3550 2197 sanguinis

1850 2221 1950 2277 per
1989 2217 2347 2265 sacramenta
2390 2209 2712 2280 jurantem;
2747 2211 2806 2266 in
2857 2226 2972 2281 quo
3005 2212 3084 2267 nil
3137 2212 3296 2268 aliud
3338 2215 3546 2271 melius

1851 2297 2209 2367 intelligitur,
2253 2297 2363 2354 nisi
2413 2299 2615 2370 (quod)
2665 2300 2991 2370 pejerando,
3044 2308 3098 2356 et
3135 2309 3400 2358 sanctum
3449 2303 3549 2359 Dei

1851 2398 2078 2453 nomen,
2114 2393 2171 2441 et
2212 2387 2340 2458 ejus
2367 2401 2530 2442 sacra
2569 2387 2838 2457 mysteria
2887 2402 3059 2458 super
3089 2403 3148 2444 re
3184 2403 3338 2446 vana
3385 2404 3550 2462 assu-

1848 2473 2073 2541 mendo,
2126 2475 2227 2530 hos
2259 2483 2580 2531 mereretur
2615 2483 2670 2531 et
2703 2491 3007 2545 pmnarum
3051 2477 3201 2533 locos
3245 2487 3299 2534 et
3330 2493 3544 2547 poenas.

1920 2561 2074 2618 Vidit
2097 2570 2153 2618 et
2183 2563 2241 2618 in
2272 2565 2470 2620 eadem
2501 2564 2646 2621 serie
2677 2565 2916 2620 visionis
2945 2579 3124 2622 anum
3160 2566 3337 2635 illam,
3371 2582 3548 2639 quam

1851 2649 1909 2705 in
1965 2658 2096 2707 suae
2145 2651 2308 2708 initio
2359 2652 2752 2708 conversionis
2806 2654 3242 2724 supradiximus
3298 2670 3432 2712 cum
3483 2669 3552 2712 ea

1847 2746 2264 2806 conversatam,
2335 2741 2634 2796 mulierem
2684 2741 2853 2812 plane
2906 2743 3104 2798 multis
3161 2743 3435 2800 crucibus
3488 2745 3546 2800 in

1847 2829 2151 2897 superficie
2207 2844 2312 2884 suo
2368 2830 2592 2899 corpori
2658 2845 2884 2901 semper
2939 2831 3224 2900 infestam,
3286 2840 3343 2888 at
3411 2847 3548 2889 vero

1848 2924 2049 2972 contra
2078 2917 2393 2987 appetitum
2434 2917 2642 2987 inanis,
2678 2927 2741 2975 ut
2771 2920 3090 2986 dicebatur,
3126 2920 3322 2991 gloriae
3354 2922 3548 2978 minus

1847 3013 2096 3062 cautam.
2151 3007 2331 3073 Hanc,
2368 3007 2629 3077 inquam,
2679 3007 2821 3064 vidit
2859 3022 2893 3063 a
2923 3009 3150 3064 duobus
3181 3009 3316 3064 ferri
3355 3009 3548 3080 niger-

1850 3094 2011 3149 rimis
2053 3094 2364 3164 spiritibus
2386 3096 2749 3166 speciemque
2778 3097 2904 3167 ejus
2945 3095 3342 3152 umbraticam.
3378 3098 3550 3155 Porro

1849 3183 1988 3238 dum
2037 3197 2188 3238 anus
2233 3183 2330 3239 illa
2373 3183 2610 3247 viveret,
2664 3191 2718 3240 et
2762 3183 2978 3253 pariter
3026 3185 3210 3241 ambae
3247 3185 3547 3243 cohabita-

1848 3278 1995 3338 rent,
2044 3271 2182 3327 dum
2235 3271 2304 3327 de
2334 3279 2488 3328 statu
2530 3271 2859 3328 animarum
2895 3280 2951 3329 et
2997 3287 3237 3329 suarum
3278 3274 3549 3331 mortium

1846 3360 2148 3416 eventibus
2194 3359 2594 3431 loquerentur,
2630 3359 2945 3430 aliquando
2977 3361 3314 3431 pepigerant
3343 3371 3550 3419 mutuo

1847 3449 1973 3516 sibi,
2025 3457 2089 3504 ut
2137 3464 2268 3519 quae
2313 3451 2498 3518 prima
2530 3449 2844 3517 decederet,
2877 3450 3171 3519 superstiti
3211 3451 3549 3520 qualitatem

1846 3545 2031 3593 status
2078 3537 2187 3604 sui,
2220 3538 2341 3593 sive
2387 3538 2616 3606 bonam,
2648 3539 2768 3593 sive
2815 3537 3047 3605 malam,
3083 3539 3410 3607 apparendo
3452 3553 3550 3609 per

1848 3624 1943 3680 Dei
1999 3625 2244 3695 gratiam
2305 3624 2715 3681 manifestaret.
2772 3626 2842 3682 Et
2896 3626 3001 3680 hoc
3063 3626 3235 3681 etiam
3288 3628 3547 3683 oratione

1848 3713 2175 3782 ﬁrmarunt,
2226 3714 2406 3770 Deum
2462 3713 2658 3770 sedulo
2717 3713 3079 3770 obsecrantes
3131 3721 3216 3781 ut,
3270 3724 3395 3784 post
3441 3715 3552 3772 ob—

1849 3802 1992 3857 itum
2039 3801 2392 3870 alterutrius,
2443 3803 2605 3858 alteri
2641 3803 2808 3858 liceat
2837 3802 3144 3858 essentiam
3177 3801 3420 3858 fortuna;
3454 3802 3552 3858 vel

1849 3889 2148 3946 infortunii
2195 3891 2286 3947 sui
2335 3891 2577 3947 visionis
2624 3890 2950 3962 cujuspiam
2996 3889 3344 3946 revelatione
3391 3891 3549 3946 dete-

1848 3992 2000 4051 gere.
2051 3981 2183 4050 Ipsa
2214 3965 2449 4051 quoque
2487 3993 2635 4036 anus
2666 3979 2950 4036 moritura
2997 3979 3056 4034 in
3088 3978 3310 4038 visione
3349 3994 3407 4036 se
3453 3979 3546 4036 vi-

1847 4067 2008 4123 derat
2073 4081 2310 4138 corpore
2361 4067 2684 4137 spoliatam,
2751 4082 2882 4123 cum
2935 4066 3063 4122 aliis
3130 4066 3417 4122 similibus
3477 4066 3549 4122 ad

1848 4154 2139 4226 quoddam
2203 4155 2470 4210 devenire
2535 4153 2832 4224 templum,
2894 4167 3025 4223 quae
3090 4151 3239 4208 inter
3287 4153 3549 4209 eundum

1847 4257 2074 4300 crucem
2119 4257 2153 4298 a
2185 4243 2436 4312 scapulis
2477 4243 2586 4299 sibi
2615 4242 2762 4298 ferre
2789 4241 3113 4297 videbatur.
3152 4240 3239 4296 Ad
3268 4241 3546 4312 templum

51 4335 307 4391 animum
352 4336 518 4404 pravi
569 4335 877 4392 consiliarii
919 4349 1222 4404 accessere,
1266 4336 1367 4407 qui
1408 4344 1472 4393 ut
1507 4337 1740 4407 experi-
1779 4344 1823 4398 Ι)
1853 4340 2046 4389 autem
2085 4347 2218 4388 cum
2262 4331 2354 4388 illo
2394 4332 2668 4388 comitatu
2717 4331 2972 4398 veniens,
3005 4331 3286 4388 obseratis
3328 4330 3552 4386 foribus

53 4430 252 4480 rentur
275 4438 348 4479 an
375 4437 507 4480 cum
530 4423 657 4479 aliis
687 4423 836 4480 coire
866 4431 1050 4494 posset
1085 4423 1442 4493 mulieribus,
1477 4425 1743 4481 suasione

54 4511 463 4583 malignissima
524 4526 817 4568 monuere.
881 4514 1017 4568 479
1089 4512 1197 4579 Qui
1257 4512 1594 4583 juveniliter
1661 4513 1742 4568 eis

54 4601 446 4671 obtemperans
503 4601 654 4658 male
710 4607 984 4657 attentato
1029 4601 1338 4658 concubitu
1381 4615 1455 4657 ex
1501 4601 1741 4657 mulier-

53 4690 184 4746 cula
240 4689 425 4746 nescio
495 4703 614 4761 qua
670 4690 885 4760 prolem
934 4689 1186 4757 sustulit,
1236 4704 1367 4760 quae
1421 4703 1526 4745 nec
1581 4703 1742 4745 mora

52 4779 221 4835 etiam
269 4776 392 4834 sine
432 4778 714 4848 baptismo
757 4778 908 4835 diem
937 4778 1092 4834 obiit.
1135 4779 1200 4833 In
1242 4777 1567 4834 concisione
1604 4791 1740 4848 ergo

55 4867 246 4923 lateris
292 4867 580 4938 corruptio
641 4874 724 4924 est
785 4866 915 4923 fidei
971 4866 1225 4935 socialis;
1283 4867 1341 4921 in
1398 4865 1742 4923 stridoribus

54 4964 243 5012 autem
290 4955 504 5012 infestae
543 4955 699 5011 illius
739 4956 914 5023 vocis,
969 4955 1211 5025 perditio
1257 4955 1404 5011 male
1444 4951 1739 5024 procurati

53 5047 140 5111 (ﬁ,
167 5044 462 5115 procreati)
486 5044 739 5100 infantis.
768 5044 932 5100 Tales
947 5051 1132 5112 erant,
1166 5043 1508 5100 inexhausta
1539 5041 1736 5111 pietas,

54 5135 220 5200 Deus,
255 5141 366 5189 tua:
395 5133 801 5190 retributiones
829 5132 886 5187 in
916 5132 1228 5202 peccatoris
1257 5132 1362 5200 tui,
1396 5131 1492 5187 sed
1521 5144 1595 5186 ex
1631 5129 1740 5186 fide

54 5221 292 5277 viventis
324 5222 594 5277 animam.
629 5221 735 5278 Sed
765 5221 837 5276 ad
867 5221 1126 5276 ordinem
1153 5220 1388 5276 visionis
1416 5219 1736 5275 redeamus.

122 5310 378 5380 Cumque
405 5324 538 5367 eum
572 5309 670 5365 illa
711 5309 1115 5380 interrogasset
1163 5322 1236 5364 an
1267 5309 1469 5372 oratio,
1505 5308 1740 5364 eleemo-

55 5412 212 5469 syna,
253 5412 325 5454 an
371 5398 720 5454 sacriﬁcium
762 5397 869 5453 sibi
912 5397 1147 5467 aliquod
1185 5396 1507 5453 subsidium
1547 5395 1735 5463 ferret,

58 5486 413 5553 (conscientia
449 5487 602 5542 enim
646 5486 755 5543 sibi
805 5493 930 5543 erat
972 5486 1128 5557 quod
1185 5485 1309 5542 haec
1358 5499 1464 5557 pro
1511 5499 1576 5541 eo
1627 5484 1738 5539 fre-

126 5575 232 5645 (39)
264 5575 366 5631 Hic
391 5576 545 5632 deest
569 5575 834 5632 verbum.

1849 4427 2015 4478 extra
2075 4435 2309 4477 manere
2366 4420 2705 4492 cogebatur.
2770 4420 3060 4489 Apparuit
3116 4419 3368 4489 denique
3425 4420 3546 4489 jam

1851 4517 2078 4565 mortua
2119 4509 2350 4566 cuidam
2399 4509 2494 4565 alii
2532 4508 2593 4565 in
2639 4509 2866 4581 magnis
2899 4508 3174 4564 fetoribus
3215 4505 3547 4574 constituta,

1849 4596 1945 4653 cui
1990 4597 2308 4667 plurimum
2358 4597 2873 4669 aggratulabatur,
2919 4596 3071 4666 quod
3117 4609 3216 4665 per
3259 4594 3386 4664 ejus
3432 4608 3561 4650 ora-

1849 4685 2030 4741 tiones
2094 4699 2129 4740 a
2182 4693 2386 4755 putore
2439 4693 2495 4741 et
2544 4685 2735 4742 dolore
2790 4691 2935 4740 esset
2989 4690 3205 4752 erepta.
3265 4682 3546 4738 Przeterea

1848 4773 1988 4829 dum
2051 4773 2247 4830 eadem
2314 4775 2438 4844 ipsa
2498 4780 2841 4838 moreretur,
2906 4785 2940 4826 a
2987 4771 3128 4841 pede
3173 4769 3364 4826 lectuli
3427 4769 3565 4825 hor—

1852 4861 2044 4918 rendae
2132 4861 2337 4932 speciei
2427 4862 2742 4918 daamonem
2831 4859 3135 4916 teterrimze
3211 4857 3567 4914 enormitatis

1847 4951 2041 5008 oculos
2118 4951 2422 5008 habentem
2491 4959 2678 5007 astare
2747 4948 3056 5021 prospexit.
3121 4947 3300 5014 Quem
3362 4955 3556 5003 tamen

1849 5040 1946 5096 illa
1988 5039 2199 5096 divinis
2249 5040 2530 5097 obtestata
2578 5038 2820 5095 nimium
2878 5037 3254 5093 sacramentis
3305 5044 3370 5092 ut
3417 5049 3452 5091 a
3502 5049 3562 5091 se

1848 5128 2288 5185 confusibiliter
2346 5128 2654 5194 recederet,
2705 5134 2761 5183 et
2805 5125 2949 5182 nihil
3008 5140 3178 5183 suum
3225 5138 3259 5180 a
3305 5139 3364 5180 se
3408 5137 3570 5195 repe-

1847 5222 2008 5285 teret,
2043 5217 2282 5273 terribili
2308 5216 2673 5288 adjuratione
2702 5215 2973 5272 removit.

1918 5307 2101 5377 Igitur
2133 5313 2315 5362 mater
2357 5319 2483 5361 mea
2535 5319 2607 5361 ex
2649 5303 3052 5360 convenientia
3096 5301 3360 5373 visionis,
3403 5303 3564 5360 veris

1852 5408 1992 5450 vera
2043 5395 2364 5461 conferens,
2408 5402 2463 5450 et
2507 5407 2578 5450 ex
2623 5393 2863 5448 instanti
2905 5392 3138 5448 oraculo
3183 5391 3382 5448 militis
3426 5405 3564 5448 mox

1848 5483 2149 5554 perempti,
2189 5497 2362 5553 quem
2399 5481 2654 5552 ptenales
2685 5481 2794 5539 sibi
2825 5481 2976 5538 locos
3008 5481 3164 5553 apud
3196 5480 3408 5538 inferos
3435 5480 3558 5552 jam

1847 5570 2038 5627 sortiri
2115 5569 2461 5640 perviderat,
2536 5568 2772 5626 infantis
2827 5569 3122 5638 clamores,
3203 5571 3374 5641 cujus
3439 5582 3555 5625 non
