3938 6082
322 283 426 336 879

1220 279 1283 334 V.
1327 277 1659 334 GUIBERTI
1699 275 1995 333 ABBATIS
2033 275 2088 332 S.
2131 275 2373 331 MARLE
2413 275 2503 330 DE
2543 271 2934 329 NOVIGENTO

3725 271 3827 323 880

322 417 510 474 fuerat
563 416 785 488 ignara,
851 413 1181 484 conjiciens,
1243 413 1300 469 in
1351 413 1511 470 nullo
1553 413 1623 468 de
1689 413 1778 468 his
1822 412 2021 479 dubia,
2063 410 2436 466 Aexterioris
2489 407 2838 466 excellentiae
2894 413 3257 463 excrementa
3312 406 3617 475 mysticum
3676 403 3835 474 regi—

327 512 500 560 totam
552 519 610 559 se
659 503 729 559 ad
771 502 1028 558 subsidia
1066 502 1216 571 patri
1264 516 1390 557 meo
1436 501 1668 557 ferenda
1717 502 2019 558 convertit.

325 593 543 647 Similia
595 606 732 662 ergo
797 591 1084 647 similibus
1142 591 1452 661 objectans,
1524 604 1845 660 paucorum
1915 590 2024 644 ad-

323 681 557 736 modum
645 679 930 735 mensium
1003 679 1378 748 infantulum,
1453 681 1788 750 parentibus
1849 679 2024 735 orba-

325 775 467 835 tum,
521 768 593 823 ad
657 782 716 822 se
777 767 1127 824 contrahens
1193 768 1414 824 nutrire
1478 768 1704 839 delegit.
1757 769 1830 823 At
1895 767 2024 822 dia—

324 856 491 912 bolus
553 856 660 926 piae
727 855 1049 923 intentioni,
1120 870 1224 912 nec
1271 858 1466 912 minus
1515 856 1854 912 ﬁdelissimze
1924 870 2025 911 ac—

323 945 461 999 tioni
540 944 825 1010 invidens,
889 958 1021 999 cum
1093 944 1218 1000 totis
1282 945 1484 1000 diebus
1531 944 1914 1014 placidissime
1967 958 2025 999 se

323 1039 535 1102 ageret,
605 1032 854 1087 vicissim
914 1031 1209 1102 jocarctur
1269 1039 1444 1103 atque
1490 1032 1785 1101 dormiret,
1840 1033 2022 1088 nocti-

325 1121 435 1176 bus
484 1127 642 1176 tanta
672 1120 938 1176 vecordia
985 1121 1291 1191 vagituum
1322 1129 1378 1177 et
1418 1122 1736 1178 clamorum
1785 1129 2026 1177 matrem

325 1224 510 1266 meam
569 1217 624 1265 et
677 1224 874 1265 omnes
921 1210 1047 1280 ejus
1093 1211 1431 1266 domesticas
1479 1211 1761 1278 irritabat,
1815 1218 1876 1266 ut
1925 1211 2024 1265 vix

326 1298 385 1352 in
480 1296 677 1353 eadem
752 1297 960 1353 cellula
1051 1297 1306 1366 cuipiam
1390 1312 1656 1354 somnum
1758 1298 2027 1354 habuisse

325 1387 534 1442 liceret.
586 1385 797 1441 Audivi
830 1392 980 1441 certe
1014 1385 1085 1440 ab
1117 1399 1183 1440 ea
1214 1387 1393 1455 pretio
1424 1386 1705 1442 obseratas
1751 1385 2022 1452 nutrices,

325 1489 456 1544 qua
499 1473 765 1529 noctibus
828 1488 944 1529 non
978 1473 1314 1530 desisterent
1361 1475 1731 1543 continuatis,
1774 1473 2025 1544 perversi

326 1578 442 1618 non
501 1576 534 1617 a
580 1577 657 1630 se,
704 1563 801 1618 sed
852 1563 924 1618 ab
991 1563 1193 1619 intimo
1242 1562 1594 1634 iustigatore,
1665 1563 1820 1619 illius
1864 1563 2026 1632 pueri

327 1657 544 1705 motare
592 1650 936 1719 crepundia;
983 1651 1081 1705 sed
1132 1651 1204 1706 ad
1245 1666 1378 1707 eum
1429 1652 1530 1720 qui
1580 1651 1824 1721 urgebat
1862 1665 2026 1706 ever-

327 1738 563 1794 tendum
597 1737 740 1793 nihil
770 1746 989 1808 poterat
1020 1738 1320 1795 muliebris
1353 1739 1581 1795 astutia.

404 1827 744 1897 Augebatur
807 1827 1001 1882 dolore
1058 1827 1361 1884 immodico
1427 1828 1522 1897 pia
1588 1827 1820 1895 femina,
1889 1827 2029 1882 dum

336 1915 514 1970 nullis
559 1915 704 1970 inter
759 1922 835 1970 tot
882 1915 1153 1971 stridores
1202 1915 1593 1972 moliminibus
1639 1924 1812 1972 noctu
1855 1916 2032 1971 anxia

334 2003 598 2060 deliniret
659 2011 934 2073 tempora,
986 2018 1091 2060 nec
1135 2004 1289 2060 ullus
1331 2005 1503 2060 etiam
1551 2013 1760 2061 vexato
1803 2005 2034 2074 penitus

335 2107 401 2148 ac
464 2092 745 2148 exhausto
802 2092 972 2163 capiti
1039 2100 1258 2162 poterat
1317 2093 1472 2150 illabi
1527 2108 1780 2160 somnus,
1823 2094 1926 2150 ubi
1979 2100 2035 2148 et

337 2181 674 2237 instimulati
724 2181 1041 2236 forinsecus
1082 2181 1246 2237 furor
1295 2183 1474 2251 pueri,
1528 2190 1582 2238 et
1614 2183 1809 2237 omnia
1855 2182 2030 2238 inter-

335 2269 579 2326 turbans
607 2270 805 2325 aderat
843 2269 1133 2325 inimicus.
1186 2271 1257 2325 Et
1299 2270 1429 2326 licet
1468 2276 1656 2326 noctes
1700 2271 1781 2325 sic
1815 2270 1888 2326 ab
1939 2271 2034 2325 illa

339 2358 799 2429 trausigerentur
828 2357 1134 2424 insomnes,
1177 2365 1233 2413 et
1262 2372 1565 2428 nunquam
1597 2366 1788 2414 tamen
1825 2358 1897 2414 ad
1942 2358 2034 2413 di-

336 2446 471 2501 vina
501 2460 632 2516 quze
662 2453 824 2501 nocte
858 2446 1006 2501 fiunt
1052 2445 1240 2500 ofiicia
1273 2453 1497 2515 reperta
1528 2453 1616 2501 est
1661 2446 1831 2502 iners.
1877 2445 2034 2512 Quo-

336 2534 490 2590 niam
555 2548 692 2605 ergo
760 2534 1046 2590 molestias
1109 2533 1247 2589 istas
1308 2534 1698 2606 molestiarum
1766 2534 2030 2601 hominis,

336 2637 484 2693 quas
550 2622 610 2677 in
675 2622 894 2678 visione
941 2623 1179 2689 viderat,
1244 2631 1589 2693 cognoverat
1653 2623 2032 2693 purgatrices,

335 2712 577 2766 libenter
605 2710 903 2778 tolerabat,
941 2725 1040 2780 per
1065 2712 1241 2782 quod,
1275 2719 1340 2767 ut
1370 2713 1479 2768 sibi
1505 2713 1832 2780 videbatur,
1880 2712 2036 2782 quod

335 2807 390 2855 et
427 2813 630 2854 verum
677 2807 780 2865 est,
821 2799 976 2854 illius
1019 2800 1120 2870 qui
1174 2800 1502 2870 patiebatur
1534 2801 1932 2870 compatiendo
1980 2807 2034 2856 et

338 2887 462 2956 ipsa
508 2885 794 2956 levigabat
842 2899 1106 2957 angores.
1172 2887 1486 2958 Nunquam
1555 2895 1744 2944 tamen
1799 2888 2036 2958 proinde

337 2987 579 3043 puerum
650 2974 816 3029 domo
876 2974 1143 3042 exclusit,
1209 2990 1514 3046 nunquam
1582 2983 1780 3031 contra
1845 2977 2033 3046 ipsum

339 3063 531 3119 minus
579 3063 807 3118 curiosa
853 3063 1100 3129 exstitit;
1151 3064 1264 3120 imo
1312 3072 1470 3120 tanto
1514 3065 1698 3135 magis
1747 3065 2035 3135 quidquid

342 3150 813 3206 inconvenientize
867 3151 998 3206 inde
1047 3153 1375 3223 emergebat
1421 3158 1589 3221 480,
1632 3153 2037 3223 aequanimiter

338 3239 533 3294 subire
591 3239 819 3309 delegit,
884 3246 1103 3308 quanto
1147 3241 1220 3295 ad
1285 3241 1341 3295 id
1408 3241 1584 3296 studii
1622 3242 2036 3298 destruendum

339 3328 649 3383 adversum
705 3341 764 3383 se
799 3327 1053 3384 atrocius
1088 3328 1383 3385 diabolum
1412 3331 1695 3386 exarsisse
1728 3329 2033 3400 persensit;

339 3419 558 3482 quanto
599 3411 758 3466 enim
793 3411 983 3481 majus
1013 3411 1197 3482 ipsius
1232 3414 1585 3470 incentivum
1618 3415 1675 3469 in
1721 3414 2037 3470 irritatione

339 3497 571 3568 pueruli
619 3497 948 3568 contigisset
984 3499 1256 3568 experiri,
1311 3508 1467 3555 tanto
1499 3501 1823 3557 auditiones
1856 3501 2038 3556 malas

339 3587 495 3656 apud
528 3585 745 3658 jugalis
788 3586 878 3643 sui
909 3588 1162 3642 animam
1194 3589 1529 3645 nullatenus
1559 3589 1861 3645 dubitabat
1890 3597 2036 3645 tem-

341 3678 547 3746 perari.

975 3761 1208 3818 CAPUT
1247 3763 1404 3818 XIX.

411 3852 726 3907 Guibertum
762 3851 836 3904 ad
865 3850 1160 3916 dignitates
1188 3851 1407 3906 all-icere
1445 3858 1709 3908 conantur
1743 3855 1926 3908 amici.
1967 3883 2035 3892 —-

341 3939 522 3995 Multa
587 3939 718 4005 alia,
771 3938 1007 3994 Domine
1054 3940 1224 4009 Deus,
1278 3941 1571 3998 ostendisti
1617 3942 1848 3998 famula
1888 3949 2032 4011 tuae;

339 4035 394 4082 et
441 4027 540 4094 illi,
590 4040 763 4096 quem
804 4034 867 4081 tu
902 4027 1127 4096 proprie
1179 4029 1320 4084 mihi
1354 4030 1715 4098 praestiteras,
1760 4031 2036 4101 magistro

341 4129 484 4181 meo,
535 4113 799 4184 quaedam
834 4129 963 4184 quae
1007 4117 1299 4186 jactautize
1339 4119 1767 4174 ascribereutur
1815 4120 1859 4175 si
1903 4119 2037 4175 scri-

341 4203 554 4269 berem,
612 4203 669 4256 in
711 4204 926 4272 quibus
975 4206 1136 4264 bonae
1185 4206 1239 4261 id
1282 4207 1400 4275 spei
1434 4207 1717 4277 elucebat,
1755 4223 1888 4277 quae
1926 4209 2034 4264 sub

342 4290 844 4361 indulgentissima
890 4292 1069 4349 Matre
1119 4301 1220 4349 tua
1274 4296 1330 4349 in
1362 4309 1538 4365 quam
1579 4297 1865 4367 projectus
1903 4312 2035 4353 sum

339 4395 413 4437 ex
445 4387 628 4447 utero,
673 4381 805 4436 Jesu
834 4381 1037 4449 dulcis,
1076 4383 1358 4453 hodieque
1406 4386 1728 4454 prazstolor;
1770 4386 2037 4456 quaedam

340 4484 471 4524 cum
522 4483 663 4538 pene
711 4469 901 4526 adhuc
947 4485 1344 4540 puerascerem
1370 4472 1450 4528 eis
1482 4481 1726 4542 ostensa,
1760 4490 1892 4544 quae
1925 4475 2038 4530 mi-

340 4557 595 4613 rabiliter
649 4572 771 4612 aevo
810 4559 932 4629 jam
989 4567 1407 4616 maturescente
1447 4563 1729 4632 experior.
1781 4565 2035 4620 Tandem

339 4647 720 4715 cupiditatum
762 4661 1023 4703 mearum
1055 4647 1244 4703 fervor
1271 4651 1603 4716 excanduit,
1635 4659 1688 4707 et
1717 4653 2036 4708 secundum

338 4736 494 4806 quod
542 4735 793 4790 fomitem
841 4736 1265 4807 cujuscumque
1311 4739 1617 4797 scientiolze
1659 4744 1869 4811 pectori
1907 4757 2036 4798 meo

338 4825 679 4888 inserueras,
730 4831 784 4878 et
832 4839 1133 4893 personam
1179 4827 1251 4882 ad
1285 4829 1562 4884 saeculum
1598 4830 1859 4886 idoneam
1898 4831 2034 4886 satis

338 4926 468 4967 cum
519 4911 803 4966 natalium
859 4913 1008 4968 bona
1055 4915 1443 4972 mediocritate
1487 4919 1831 4988 contuleras,
1886 4919 2034 4974 male

341 5000 480 5055 mihi
535 5000 606 5054 ab
646 5000 836 5056 animo
893 5015 1038 5069 meo,
1080 5009 1136 5058 et
1187 5003 1257 5059 ab
1297 5004 1423 5060 aliis
1480 5008 1814 5062 necessariis
1870 5008 2029 5076 meis,

337 5088 656 5144 secundum
690 5089 796 5144 hoc
825 5097 1014 5146 tamen
1051 5105 1166 5146 non
1198 5092 1382 5156 bonis,
1412 5095 1851 5165 suggerebatur,
1895 5111 2030 5152 con-

340 5176 574 5232 veniens
623 5175 740 5232 fore
769 5185 834 5234 ut
866 5178 923 5233 in
955 5178 1060 5234 hoc
1100 5180 1319 5235 mundo
1363 5181 1597 5237 honoris
1629 5183 1879 5253 alicujus
1906 5199 2032 5253 pro-

337 5266 593 5321 vectione
659 5266 1011 5335 proficerem.
1064 5267 1168 5323 Sed
1223 5283 1528 5340 cognosco,
1583 5271 1841 5340 Domine,
1890 5272 2032 5343 quia

339 5351 399 5406 in
459 5351 581 5423 lege
638 5360 739 5409 tua
795 5356 1172 5424 prohibueras
1228 5371 1328 5426 per
1386 5359 1602 5428 gradus
1667 5360 1895 5416 ascendi
1957 5361 2028 5417 ad

339 5439 516 5496 altare
562 5449 758 5512 tuum;
791 5443 873 5498 sic
913 5444 1068 5500 enim
1099 5446 1244 5500 sacri
1276 5447 1598 5517 cujuspiam
1643 5448 1806 5506 ducis
1843 5451 2028 5521 turpi-

339 5528 596 5584 tudinem
665 5531 906 5588 revelari
955 5546 1114 5601 posse
1175 5534 1468 5591 docueras.
1537 5536 1648 5601 Qui
1713 5539 1866 5595 enim
1927 5554 2029 5610 per

2133 513 2263 554 men
2325 498 2642 568 attigerint,
2707 496 2838 552 inde
2901 497 3132 565 turpius
3197 494 3430 560 cadunt,
3492 493 3647 564 quod
3716 507 3834 547 non

2133 586 2399 657 aequalia,
2445 587 2542 642 sed
2603 586 2659 640 in
2713 584 3077 641 mirabilibus
3118 598 3294 654 super
3351 597 3411 638 se
3459 582 3832 637 tentaverint.

2133 675 2203 730 Et
2258 675 2406 730 inter
2453 673 2841 743 appetendum
2888 679 3039 728 certe
3090 685 3162 728 ex
3214 678 3520 741 parentum
3570 683 3835 724 meorum

2133 762 2556 833 procuratione,
2605 762 2809 817 talium
2840 761 3164 817 culminum
3206 759 3696 830 assequeudorum
3731 771 3834 812 ru-

2133 851 2393 907 moribus
2457 865 2595 906 meae
2653 850 2864 920 saepius
2927 849 3344 920 quatiebantur
3397 862 3598 916 aures;
3665 844 3837 900 multi

2134 940 2275 995 mihi
2305 939 2712 1007 adulabantur,
2760 953 2826 994 ac
2875 939 3104 994 factiose
3132 937 3468 1008 qualitatem
3501 936 3681 991 animi
3721 935 3839 989 mei

2133 1028 2435 1098 explorare
2489 1027 2764 1092 volentes,
2828 1041 2945 1098 quo
2991 1027 3064 1083 ad
3107 1040 3222 1094 eos,
3273 1026 3375 1095 qui
3430 1040 3518 1080 me
3565 1022 3842 1093 nequiter

2133 1115 2582 1178 amulabantur,
2617 1115 2875 1170 studium
2904 1129 3024 1170 suae
3056 1113 3356 1170 delationis
3377 1112 3696 1183 explerent,
3732 1117 3837 1165 aut

2136 1204 2447 1274 placituros
2491 1219 2551 1260 se
2597 1217 2669 1259 ex
2712 1203 2823 1259 mei
2862 1202 3097 1258 honoris
3139 1201 3498 1258 affectatione
3540 1206 3835 1270 putantes,

2134 1301 2188 1349 et
2218 1293 2466 1363 quaestui
2516 1307 2620 1348 suo
2652 1292 2951 1348 commoda
2985 1305 3112 1347 mea
3159 1291 3411 1346 valitura
3457 1289 3730 1354 dicentes,
3782 1295 3839 1342 et

2137 1381 2260 1438 ideo
2292 1381 2668 1451 proventibus
2697 1381 2839 1437 meis
2867 1395 3091 1450 semper
3117 1379 3352 1436 meliora
3373 1385 3690 1448 captantes.

2205 1471 2625 1525 Ecclesiasticas
2685 1470 2978 1537 dignitates
3027 1471 3253 1538 refugit.
3305 1498 3368 1508 —
3409 1468 3482 1522 At
3516 1481 3641 1537 ego,
3688 1465 3839 1520 sicut

2139 1566 2200 1615 tu
2250 1559 2417 1627 nosti,
2451 1561 2682 1615 Creator
2719 1574 2904 1627 meus,
2953 1567 3053 1615 tuo
3085 1558 3202 1614 solo
3237 1557 3533 1622 instinctu,
3579 1562 3679 1610 tua
3719 1553 3838 1608 sola

2137 1647 2531 1717 inspiratione,
2590 1649 2665 1703 ad
2703 1649 2809 1703 hoc
2860 1648 3151 1714 convalui,
3197 1653 3260 1703 ut
3291 1659 3466 1716 quam
3495 1657 3612 1714 prae
3646 1645 3739 1711 (f.,
3782 1642 3836 1696 id

2068 1715 2108 1768 Β
2141 1715 2276 1806 prae)
2325 1738 2528 1793 timore
2573 1745 2670 1793 tuo
2711 1750 3054 1806 aspernarer
3101 1735 3173 1792 ab
3221 1715 3449 1790 homine
3479 1741 3689 1803 petere,
3737 1740 3831 1786 aut

2139 1825 2358 1880 homini
2420 1825 2477 1880 id
2542 1824 2685 1880 mihi
2743 1824 3075 1894 procuranti
3133 1823 3486 1892 colloquium
3541 1827 3642 1876 aut
3700 1834 3832 1875 con-

2138 1927 2368 1969 sensum
2421 1913 2693 1982 praebere,
2746 1927 2920 1983 super
2959 1928 3024 1970 eo
3055 1913 3209 1983 quod
3241 1913 3322 1968 tui
3363 1911 3540 1966 solius
3571 1917 3655 1965 est
3707 1923 3832 1964 mu-

2139 2001 2312 2071 neris,
2375 2002 2591 2057 honore
2631 2001 3031 2058 ecclesiastico.
3085 2002 3155 2057 Et
3206 2002 3337 2066 scis,
3391 1999 3649 2066 Domine,
3703 1998 3834 2067 quia

2139 2103 2314 2159 super
2357 2090 2467 2145 hac
2513 2091 2801 2147 duntaxat
2846 2105 2907 2146 re
2960 2090 3101 2146 nihil
3135 2089 3366 2146 omnino
3414 2088 3541 2144 volo
3582 2094 3686 2142 aut
3731 2085 3833 2140 ali—

2141 2179 2376 2247 quando
2409 2178 2716 2246 voluerim,
2765 2179 2872 2234 nisi
2906 2178 3061 2248 quod
3093 2193 3126 2233 a
3163 2186 3215 2234 te
3246 2185 3348 2233 aut
3394 2175 3672 2246 accipiam
3723 2175 3834 2229 sive

2141 2267 2477 2336 acceperim.
2517 2267 2658 2324 Volo
2705 2268 2856 2324 enim
2910 2275 2974 2324 ut
3012 2275 3067 2324 et
3109 2267 3168 2323 in
3199 2267 3306 2322 hoc
3350 2266 3498 2322 sicut
3541 2265 3687 2320 alias
3725 2266 3836 2333 ipse

2142 2369 2232 2411 me
2276 2354 2494 2422 feceris,
2538 2370 2652 2412 non
2693 2364 2883 2413 autem
2925 2370 3031 2427 ego
3072 2371 3180 2412 me.
3231 2355 3504 2424 Alioquin
3536 2368 3653 2409 non
3700 2353 3836 2408 bene

2143 2444 2438 2500 laetaretur
2465 2444 2641 2501 Israel
2673 2444 2732 2500 in
2772 2460 2837 2501 eo
2867 2445 2967 2515 qui
3001 2445 3127 2500 fecit
3159 2459 3291 2500 eum
3330 2445 3496 2514 (Psal.
3538 2459 3724 2507 cxmx,
3767 2443 3833 2507 2).

2143 2534 2296 2589 Deus
2359 2547 2541 2601 meus,
2605 2541 2748 2604 quot
2796 2533 3262 2600 adversitatibus,
3319 2539 3458 2603 quot
3508 2531 3837 2587 invidentiis

2142 2628 2283 2678 tunc
2333 2623 2604 2691 temporis
2657 2621 3059 2692 opprimebar?
3104 2622 3257 2678 unde
3297 2629 3352 2677 et
3403 2620 3633 2676 animus
3680 2633 3839 2674 meus

2143 2709 2386 2765 latenter
2442 2711 2514 2766 ad
2579 2711 2636 2765 id
2685 2711 2840 2781 quod
2887 2710 3144 2766 exterius
3199 2710 3338 2765 mihi
3394 2709 3838 2780 suggerebatur,

2143 2798 2308 2867 quasi
2357 2799 2428 2852 ad
2485 2799 2812 2855 tentationis
2856 2799 3132 2870 effugium
3182 2797 3491 2867 aestuabat;
3557 2797 3656 2852 sed
3716 2796 3842 2851 licet

2143 2885 2301 2942 intus
2347 2886 2454 2941 ista
2497 2887 2740 2943 ferveret
2783 2887 3036 2954 ambitio,
3080 2900 3386 2956 nunquam
3434 2894 3624 2942 tamen
3666 2892 3842 2940 aestus

2143 2975 2215 3030 ad
2270 2975 2485 3046 linguae
2543 2976 2852 3032 transitum
2909 2976 3271 3045 praevalebat.
3323 2975 3443 3031 Etsi
3494 2974 3643 3030 enim
3708 2982 3840 3028 tur-

2143 3065 2343 3132 babar,
2377 3079 2492 3120 non
2523 3071 2715 3121 tamen
2746 3064 3040 3134 loquebar.
3074 3065 3160 3120 Tu
3191 3065 3318 3132 scis,
3357 3065 3511 3129 Iesu,
3545 3063 3687 3132 quia
3717 3062 3839 3117 cui-

2143 3153 2273 3208 dam
2318 3152 2454 3208 talia
2487 3153 2840 3222 procuranti,
2874 3161 2932 3209 at
2961 3168 3076 3209 non
3111 3167 3235 3209 meo
3267 3152 3540 3208 instinctu
3575 3150 3627 3205 id
3669 3164 3838 3220 pera-

2144 3241 2320 3310 genti,
2376 3241 2548 3296 semel
2603 3249 2832 3311 peccato
2890 3241 3271 3310 praepediente
3326 3238 3718 3294 mandaverim
3774 3246 3833 3292 ut

2143 3329 2298 3399 quod
2337 3330 2542 3400 agebat
2591 3331 2758 3386 citius
2788 3337 3003 3401 ageret.
3056 3330 3140 3385 Tu
3188 3329 3316 3395 scis,
3371 3328 3608 3398 inquam
3658 3340 3833 3396 quam

2141 3432 2293 3488 aegre
2352 3419 2410 3473 id
2459 3418 2675 3474 dixisse
2717 3433 2808 3474 me
2868 3418 3117 3475 tulerim.
3178 3417 3295 3473 Etsi
3343 3417 3497 3473 enim
3550 3415 3837 3471 multoties

2142 3509 2359 3565 nefarie
2398 3509 2540 3564 alias
2583 3509 2695 3565 labi
2749 3510 3083 3579 protulerim
3114 3510 3204 3575 (νζ,
3244 3507 3575 3578 potuerim),
3615 3513 3840 3574 emptor

2145 3604 2354 3666 tamen,
2409 3598 2522 3653 imo
2567 3597 2824 3668 proditor
2869 3597 3271 3654 columbarum
3318 3610 3544 3666 semper
3593 3609 3712 3650 esse
3769 3595 3842 3648 ti-

2143 3687 2411 3742 muerim.
2462 3687 2532 3742 Et
2561 3694 2711 3743 certe
2752 3700 2884 3742 cum
2917 3701 3035 3742 una
3064 3685 3136 3742 sit
3177 3685 3463 3751 columba,
3495 3684 3649 3754 apud
3690 3683 3847 3753 ipsos

2141 3775 2313 3831 etiam
2357 3775 2643 3831 cathedrae
2692 3783 2827 3832 sunt
2863 3789 2979 3831 non
3021 3774 3309 3831 cathedra.
3350 3772 3640 3842 Quidquid
3686 3773 3846 3827 enim

2143 3863 2202 3918 in
2233 3865 2350 3920 Deo
2392 3873 2446 3921 et
2473 3864 2725 3920 Ecclesia
2754 3863 3054 3930 dividitur,
3100 3876 3218 3918 non
3254 3869 3338 3918 est
3366 3861 3612 3930 profecto
3650 3873 3686 3915 a
3727 3875 3848 3930 quo

2144 3953 2202 4008 in
2248 3967 2313 4008 eo
2363 3953 2597 4023 patitur,
2645 3975 2665 4003 ι
2710 3953 2782 4009 Ut
2819 3953 2954 4020 sint,
2987 3952 3197 4022 inquit,
3247 3964 3434 4007 unum
3464 3949 3611 4004 sicut
3641 3957 3698 4004 et
3740 3963 3848 4004 nos

2143 4055 2328 4098 unum
2383 4056 2586 4098 sumus
2635 4042 2809 4112 (Joan.
2846 4057 2980 4108 xvu,
3033 4042 3145 4108 t2);
3193 4061 3214 4086 ι
3269 4046 3368 4094 et:
3419 4056 3446 4091 ι
3497 4038 3642 4094 Cum
3688 4037 3848 4092 divi-

2143 4131 2330 4185 siones
2389 4130 2711 4200 gratiarum
2777 4129 2911 4191 sint,
2968 4129 3116 4185 idem
3179 4136 3368 4184 tamen
3426 4133 3512 4182 est
3581 4125 3848 4195 spiritus.

2141 4217 2405 4273 dividens
2445 4218 2692 4288 singulis
2723 4225 2895 4287 prout
2934 4217 3059 4273 vult
3091 4217 3137 4287 (I
3167 4220 3284 4271 Cor.
3323 4232 3418 4280 xu,
3460 4215 3513 4268 4.
3564 4216 3675 4282 tl),
3726 4237 3748 4262 ι
3793 4222 3850 4269 et

2077 4315 2117 4368 ι)
2147 4306 2448 4374 sequentia
2473 4321 2484 4360 :
2521 4328 2542 4355 cr
2571 4305 3023 4362 Thronusetiam
3046 4305 3167 4371 Dei,
3202 4325 3222 4352 ι
3248 4318 3364 4360 non
3388 4303 3576 4359 throni
3609 4323 3632 4352 ι
3658 4304 3721 4358 in
3740 4317 3846 4358 sae-

2144 4394 2342 4449 culum
2381 4394 2576 4449 saaculi
2617 4394 2812 4465 (Hebr.
2847 4411 2885 4461 ι,
2918 4393 2994 4464 8.)
3033 4413 3052 4442 ι
3084 4395 3193 4448 Ει;
3230 4416 3251 4441 ι
3285 4393 3364 4449 De
3404 4393 3599 4448 fructu
3626 4394 3852 4447 ventris

2143 4481 2230 4537 tui
2265 4495 2471 4551 ponam
2512 4495 2686 4552 super
2718 4482 2910 4538 sedem
2945 4489 3104 4537 tuam
3143 4482 3311 4547 (Psal.
3355 4495 3543 4546 cxxxi,
3579 4482 3672 4546 ll;
3711 4484 3847 4533 Act.

2144 4585 2204 4635 ιι,
2243 4572 2356 4640 30.)
2408 4591 2428 4619 ι
2476 4570 2613 4637 Quae
2642 4585 2779 4641 ergo
2811 4585 2930 4625 una
2973 4574 3110 4625 sunt
3145 4569 3302 4638 apud
3342 4569 3543 4634 Deum,
3591 4581 3693 4637 per
3733 4567 3849 4624 hu-

2142 4672 2328 4714 manae
2357 4659 2747 4728 perversitatis
2772 4659 2923 4714 ﬁunt
2953 4659 3182 4714 diversa
3213 4657 3589 4727 propositum.

2213 4747 2345 4802 Haec
2390 4761 2595 4818 nempe
2638 4747 3025 4814 considerans,
3069 4761 3174 4802 nec
3221 4746 3424 4816 capitis
3469 4743 3853 4814 corporisque

2141 4834 2423 4891 unitatem
2461 4835 2752 4907 ignorans,
2788 4836 2933 4891 nihil
2965 4836 3122 4891 volui
3154 4848 3439 4904 usurpare
3482 4834 3542 4888 in
3579 4848 3847 4903 corpore,

2140 4921 2280 4991 quia
2308 4923 2595 4993 quidquid
2624 4923 2858 4979 aliunde
2880 4937 2940 4980 se
2970 4923 3232 4991 intrudit,
3265 4935 3639 4993 nequaquam
3669 4923 3849 4992 capiti

2140 5011 2388 5080 profecto
2419 5012 2722 5079 consensit,
2763 5020 2816 5068 et
2854 5013 3011 5082 quod
3042 5019 3216 5082 caput
3249 5012 3498 5082 ignorat,
3533 5010 3690 5080 quod
3726 5025 3844 5066 non

2139 5107 2441 5155 censeatur
2499 5099 2556 5155 in
2605 5114 2862 5169 corpore,
2923 5101 3070 5156 nulli
3130 5100 3372 5157 dubium
3429 5107 3670 5156 constat.
3734 5100 3846 5166 Qui

2137 5186 2288 5243 enim
2337 5187 2548 5244 dicturi
2581 5197 2755 5245 sunt:
2791 5211 2813 5237 κ
2856 5189 3058 5245 Nonne
3087 5189 3146 5244 in
3178 5189 3408 5245 nomine
3461 5197 3556 5246 tuo
3599 5191 3852 5259 prophe.

2137 5275 2409 5342 tavimus,
2459 5283 2514 5332 et
2550 5276 2835 5332 daemonia
2879 5278 3188 5349 eiecimus?
3236 5300 3256 5326 ι
3302 5279 3520 5345 (Matth.
3573 5293 3675 5344 vn,
3724 5279 3848 5346 22.)

2137 5363 2402 5432 apostasii
2452 5365 2674 5435 utique,
2718 5371 2782 5420 ut
2820 5366 2899 5420 sic
2943 5365 3210 5434 dixerim,
3263 5380 3380 5422 non
3427 5365 3850 5423 commembres

2136 5460 2291 5520 sunt,
2331 5461 2384 5509 et
2423 5453 2546 5510 ideo
2591 5476 2613 5504 ι
2655 5455 2852 5511 Nescio
2886 5469 2988 5511 vos
3031 5477 3052 5504 ι
3095 5455 3344 5511 audiunt
3381 5454 3566 5521 (Ibid,
3609 5457 3729 5522 23),
3778 5469 3848 5511 ac

2135 5541 2178 5595 si
2219 5541 2466 5598 diceret:
2515 5543 2638 5600 Non
2669 5557 2765 5598 eos
2799 5544 2857 5598 in
2895 5557 3022 5600 meo
3062 5543 3265 5611 sentio,
3307 5543 3448 5613 quia
3484 5557 3558 5599 ex
3596 5557 3690 5598 me
3726 5557 3845 5600 non
