3902 6082
119 250 222 301 881

119 469 259 524 vola
301 483 515 536 meum,
557 476 611 524 et
658 469 894 524 orabam
952 476 1023 535 te,
1073 469 1244 535 Deus,
1291 477 1352 525 ut
1400 470 1445 524 si
1483 471 1716 540 quando
1769 471 1820 527 id

121 556 284 626 quod
313 555 382 610 de
409 569 499 610 me
533 555 888 611 tractabatur
919 555 1095 623 lieret,
1126 563 1178 611 te
1208 556 1562 613 solummodo
1593 565 1824 614 auctore

119 644 500 715 contingeret,
549 650 602 698 et
654 643 893 698 taedebat
946 657 1034 698 me
1083 644 1237 713 quod
1289 657 1386 712 per
1434 645 1574 700 alios
1618 647 1816 702 audie-

119 733 277 800 bam,
328 746 362 787 a
412 732 550 788 meis
600 731 739 786 mihi
787 733 1123 801 parentibus
1173 733 1278 787 ista
1328 734 1530 802 quieri,
1581 741 1635 788 et
1683 735 1824 790 alios

115 834 270 890 pura
347 819 447 875 Dei
511 819 836 886 efficientia,
898 819 1058 875 nullo
1117 820 1423 875 carnaliter
1483 830 1823 890 procurante

117 911 285 981 eligi.
334 909 559 965 Etenim
606 909 710 979 ipsi
743 917 1007 979 parentes
1042 924 1156 965 non
1191 917 1304 965 tam
1337 911 1475 965 mihi
1508 925 1685 981 quam
1715 912 1820 968 sibi

119 999 182 1054 in
233 997 572 1068 hujusmodi
627 1012 768 1053 cura
827 998 1207 1066 providentes,
1259 1013 1482 1054 mecum
1536 999 1824 1056 ullatenus

117 1103 295 1159 super
343 1088 448 1143 isto
492 1087 720 1157 negotio
767 1101 882 1142 non
916 1089 1181 1158 agebant,
1218 1103 1332 1144 non
1389 1089 1554 1158 plane
1582 1090 1820 1160 juveni-

118 1175 232 1232 lem
280 1176 539 1232 animum
581 1191 752 1244 super
798 1177 904 1232 hac
950 1191 1009 1232 re
1058 1178 1281 1233 irritare
1321 1179 1624 1234 'volebant.
1678 1180 1821 1234 Tan-

117 1265 249 1319 dem
304 1265 416 1320 Deo
463 1279 553 1320 me
608 1265 825 1321 diutius
867 1265 1090 1321 volente
1149 1265 1241 1338 [νη
1298 1264 1547 1336 nolente]
1601 1266 1814 1333 deludi,

119 1352 594 1422 procuratoribus
659 1353 798 1408 meis
847 1353 1173 1424 inspiravit,
1234 1362 1296 1410 ut
1346 1369 1448 1424 pro
1505 1355 1627 1410 suis
1684 1355 1816 1410 ani-

116 1443 330 1498 mabus
370 1443 663 1498 salvandis
705 1443 847 1498 alias
893 1445 1358 1514 commigrarent,
1416 1451 1469 1499 et
1527 1458 1814 1513 quarum-

115 1529 254 1586 dam
300 1530 667 1586 abbatiarum
716 1531 1032 1598 monachis,
1077 1532 1178 1602 qui
1211 1531 1424 1588 eisdem
1476 1545 1651 1602 super
1689 1547 1815 1588 mea

113 1618 390 1675 electione
435 1619 851 1687 innitebantur,
907 1633 1129 1676 necesse
1175 1620 1282 1677 fuit
1311 1628 1376 1677 ut
1408 1621 1682 1678 aliorsum
1723 1621 1816 1677 di-

113 1715 424 1766 verterent.

195 1800 361 1860 Deus,
398 1797 498 1854 tibi
533 1798 769 1869 gratias,
805 1799 945 1868 quia
988 1806 1127 1855 tunc
1162 1799 1396 1855 intentio
1426 1799 1498 1854 ad
1525 1799 1812 1870 integrum

117 1884 358 1955 puerilis
403 1886 704 1949 emarcuit,
754 1901 859 1944 nec
901 1887 972 1942 ad
1028 1887 1286 1957 aliquam
1342 1895 1630 1943 terrenam
1679 1887 1815 1944 ulte-

115 1973 242 2028 rius
281 1973 615 2044 dignitatem
657 1975 951 2044 suspicare
989 1975 1260 2047 collibuit.
1307 1974 1628 2046 Flagellasti
1656 1989 1816 2031 nam-

117 2075 235 2132 que
292 2075 382 2116 me
423 2061 482 2116 in
552 2069 804 2132 tempore
829 2067 969 2118 48I
1023 2063 1136 2130 illo,
1198 2066 1378 2132 Pater,
1438 2072 1492 2119 et
1531 2071 1815 2119 corrector

115 2150 499 2220 cupiditatum
547 2159 602 2207 et
657 2151 956 2207 levitatum
1012 2166 1270 2208 mearum
1311 2154 1481 2220 Deus,
1533 2152 1810 2220 afﬂixisti,

113 2246 170 2294 et
221 2253 308 2294 me
341 2238 411 2294 ad
470 2239 850 2311 cognitionem
883 2240 1166 2311 redegisti,
1204 2241 1282 2296 ita
1313 2249 1375 2296 ut
1405 2256 1494 2296 me
1527 2241 1676 2296 intra
1724 2254 1813 2296 me

116 2327 560 2398 constringeres,
636 2342 913 2398 mensque
970 2329 1249 2385 hactenus
1311 2343 1461 2401 vaga
1520 2344 1811 2400 nusquam

115 2416 390 2483 evolaret,
439 2417 535 2472 sed
583 2416 654 2471 ad
702 2417 881 2473 solam
929 2416 1311 2473 humilitatem
1351 2425 1406 2473 et
1453 2417 1814 2489 cogitationis

116 2505 504 2560 sinceritatem
570 2505 906 2562 medullitus
969 2506 1268 2576 aspiraret.
1339 2507 1632 2577 Coeperam
1687 2506 1810 2577 jam

117 2602 259 2649 tunc
302 2594 579 2664 primum,
631 2593 889 2660 Domine,
921 2593 1192 2664 experiri,
1225 2602 1279 2651 et
1318 2595 1392 2650 ad
1431 2595 1642 2650 bonam
1674 2596 1812 2652 soli-

117 2683 379 2738 tudinem
448 2682 673 2750 mentis,
733 2682 793 2737 in
839 2697 958 2752 qua
1014 2682 1338 2739 conversari
1388 2691 1452 2739 tu
1501 2684 1663 2751 soles,
1725 2698 1812 2740 me

115 2771 454 2826 contrahere
503 2770 574 2826 ad
626 2771 862 2826 Matrem
909 2771 1150 2826 cmlestis
1203 2771 1448 2842 imperii,
1506 2772 1606 2828 Dei
1661 2773 1812 2843 geni-

121 2860 314 2915 tricem
366 2859 619 2928 Mariam,
673 2860 909 2914 unicum
959 2874 1151 2915 meum
1189 2861 1246 2915 in
1293 2860 1451 2916 omni
1479 2862 1812 2918 necessitate

118 2961 440 3015 recursum,
492 2947 665 3003 totius
714 2947 764 3002 ei
824 2947 1032 3002 interni
1080 2947 1323 3003 fervoris
1380 2949 1589 3004 librare
1651 2964 1806 3004 com-
1851 2985 1891 3040 Ο

115 3037 370 3107 plexum.
430 3035 762 3091 Delectabar
817 3050 954 3106 ergo
1011 3035 1474 3092 affectuosissime
1517 3051 1638 3095 esse
1704 3053 1814 3093 mo-

113 3126 299 3192 dicus,
359 3124 663 3180 horrebam
718 3125 947 3194 penitus
993 3132 1047 3181 et
1101 3125 1347 3195 gradum
1405 3126 1700 3195 potiorem,
1758 3135 1811 3182 et

115 3211 314 3281 magni
359 3212 607 3267 nominis
654 3213 920 3268 umbram
974 3213 1029 3268 in
1080 3215 1313 3269 mundo.
1364 3215 1506 3270 Tum
1557 3216 1812 3286 primum

119 3299 322 3354 intimo
368 3299 464 3355 illo
493 3314 692 3370 sapore
720 3301 966 3356 addidici
996 3301 1044 3357 ei
1079 3301 1219 3372 quid
1251 3303 1565 3359 voluntatis
1599 3304 1807 3371 unitas,

115 3389 259 3460 quid
301 3390 557 3460 ejusdem
603 3391 842 3459 puritas,
891 3390 1032 3461 quid
1079 3391 1252 3447 fuerit
1293 3392 1558 3448 irrellexa
1603 3406 1811 3462 perpe-

114 3485 229 3533 tuae
300 3477 650 3548 paupertatis
718 3478 974 3534 intentio.
1046 3479 1190 3542 Quid
1263 3479 1468 3546 dicam,
1550 3479 1807 3546 Domine,

113 3580 295 3637 quam
325 3573 762 3622 momentaneus
812 3567 911 3622 iste
940 3568 1244 3638 paradisus
1289 3568 1588 3636 exstiterit,
1633 3583 1809 3639 quam

116 3668 299 3725 parva
337 3654 522 3725 quies,
572 3669 748 3726 quam
790 3656 980 3714 brevis
1017 3665 1071 3713 et
1101 3656 1173 3712 ad
1202 3656 1444 3713 dubium
1479 3663 1651 3712 tanta;
1679 3655 1807 3712 dul-

112 3741 330 3798 cedinis
359 3742 600 3798 sensus?

184 3833 394 3886 Invitus
449 3831 617 3885 abbas
671 3833 962 3900 Novigenti
1017 3835 1259 3902 eligitur.
1315 3861 1385 3873 —
1437 3832 1550 3890 Vix
1612 3833 1812 3903 paucis

115 3917 414 3975 mensibus
467 3919 603 3974 talia
661 3928 1168 3992 praegustaveram,
1229 3919 1324 3976 vix
1376 3920 1623 3990 Spiritus
1674 3927 1812 3976 tuus

115 4007 322 4073 bonus,
373 4007 473 4076 qui
523 4007 581 4062 in
624 4015 832 4064 terrain
879 4024 967 4065 me
1009 4017 1222 4065 rectam
1271 4009 1592 4065 deduxerat
1637 4010 1804 4078 (Psal.

115 4110 286 4162 cxm,
340 4096 448 4166 t2),
499 4096 917 4167 aliquantisper
967 4097 1307 4153 illuminatae
1344 4096 1551 4152 rationi
1602 4098 1813 4155 insede-

116 4191 226 4251 rat,
276 4199 411 4240 cum
457 4199 585 4242 ecce
628 4186 796 4256 quasi
835 4185 1096 4241 diceres:
1153 4184 1295 4240 Cum
1335 4184 1585 4252 voluisti,
1628 4186 1806 4254 volui,

1223 249 1310 303 DE
1356 248 1509 304 VITA
1549 251 1676 306 SUA
1720 252 1902 307 LIBRI
1940 251 2136 307 TRES.
2179 283 2245 292 --
2289 255 2414 308 LIB.
2460 255 2502 307 l.

121 381 354 436 vivunt.
404 380 654 435 Levabat
694 380 872 450 igitur
919 380 1208 436 fastidium
1256 394 1381 450 spes
1421 382 1689 451 quamvis
1731 381 1826 437 frio
1861 384 1906 436 A
1937 382 2213 453 cognitor,

3533 261 3636 311 882

2295 385 2435 454 quia
2497 386 2606 441 tale
2685 386 2820 456 quid
2887 387 3220 443 nullatenus
3275 387 3632 457 allectabam,

1935 473 2126 542 respui
2177 479 2389 541 tamen,
2431 482 2534 531 aut
2590 476 2889 544 reprobari
2947 477 3090 533 fmde
3136 479 3419 546 nolebam,
3470 488 3636 550 teque

1933 561 2379 630 praecordialiter
2430 565 2742 620 exorabam
2806 573 2870 622 ut
2926 566 3006 621 sic
3057 567 3330 623 immunis
3363 583 3396 623 a
3452 577 3633 638 coepto

1935 649 2146 716 ﬁerem,
2195 658 2484 719 quatenus
2532 661 2586 708 et
2637 654 2971 720 verendum,
3027 661 3081 709 et
3134 657 3288 724 quod
3335 657 3634 712 immodico

1930 738 2392 808 extimescebam,
2447 758 2594 798 onus
2638 759 2753 798 non
2801 743 3075 810 subirem,
3127 758 3230 800 nec
3279 753 3474 815 utpote
3520 747 3628 802 fra—

1931 827 2060 898 gilis
2088 843 2159 884 ex
2194 831 2302 886 mei
2337 831 2680 888 refutatione
2705 834 3031 890 deficerem.

2000 919 2071 970 De
2120 918 2235 984 ﬁlii
2289 921 2536 974 electione
2586 922 2727 976 dolet
2780 928 2976 976 mater.
3030 953 3098 962 —
3149 923 3272 978 Non
3325 931 3378 979 te
3441 925 3626 990 latuit,

1930 1005 2080 1059 Deus
2129 1020 2310 1073 meus,
2362 1022 2538 1077 quam
2579 1010 2742 1075 dure,
2785 1025 2964 1080 quam
3006 1026 3155 1081 .ngre
3205 1011 3399 1068 tulerit
3450 1020 3632 1069 mater

1929 1104 2055 1145 mea
2114 1091 2446 1148 dilationem
2513 1095 2908 1165 [electionem],
2976 1112 3106 1166 quae
3154 1098 3279 1152 aliis
3325 1099 3630 1154 videbatur

1929 1178 2177 1245 honoris,
2235 1179 2340 1234 sibi
2394 1189 2586 1237 autem
2635 1182 2970 1239 intolerandi
3017 1187 3295 1254 maeroris,
3347 1201 3452 1243 nec
3490 1188 3630 1244 mihi

1927 1266 2222 1336 quidpiam
2275 1269 2385 1324 tale
2436 1270 2740 1340 contigisse
2788 1272 3034 1338 volebat,
3073 1272 3127 1326 in
3160 1287 3276 1342 quo
3308 1275 3628 1343 periculum

1924 1356 2106 1411 zetatis
2132 1356 2322 1412 adhuc
2351 1356 2553 1412 nesciae
2600 1358 2906 1423 metuebat,
2948 1360 3261 1428 przesertim
3295 1376 3424 1416 cum
3471 1363 3629 1432 igna-

1926 1456 2026 1498 rus
2057 1457 2249 1498 rerum
2293 1443 2602 1500 forensium
2629 1445 2856 1514 penitus
2897 1461 3094 1509 essem,
3144 1448 3422 1505 nimirum
3457 1467 3624 1522 quas,

1924 1529 2058 1585 solis
2085 1529 2288 1586 litteris
2335 1532 2630 1600 quondam
2669 1533 2942 1600 intentus,
2970 1533 3305 1590 nullatenus
3335 1537 3628 1594 addiscere

1923 1618 2297 1674 curavissem.
2349 1619 2436 1674 Ab
2494 1618 2614 1688 ipsa
2671 1626 2881 1687 tamen,
2943 1629 2996 1676 et
3039 1623 3111 1676 ab
3161 1624 3432 1680 omnibus
3480 1641 3624 1695 pene

1855 1684 1894 1737 Β
1924 1707 2026 1778 qui
2054 1707 2407 1764 familiariter
2453 1723 2540 1763 me
2588 1717 2888 1774 noverant,
2941 1709 3080 1765 mihi
3124 1713 3384 1768 crebrius
3432 1684 3626 1770 in-can-

1923 1796 2174 1864 tabatur,
2236 1810 2352 1852 non
2398 1797 2499 1853 diu
2549 1813 2637 1852 me
2682 1798 3080 1869 qualicunque
3125 1802 3481 1870 promotione
3524 1817 3625 1859 ca-

1922 1884 2191 1940 riturum.
2256 1886 2341 1940 Tu
2392 1885 2584 1953 etiam,
2655 1887 2911 1954 Domine,
2982 1888 3130 1943 nosti
3195 1904 3311 1959 quo
3371 1889 3623 1948 interiori

1921 1973 2086 2029 oculo
2124 1981 2179 2029 et
2210 1974 2360 2029 bona
2410 1982 2465 2030 et
2498 1975 2667 2042 mala,
2719 1976 2765 2030 si
2807 1977 3030 2046 uspiam
3062 1992 3446 2046 promovercr,
3483 1980 3622 2035 mihi

1921 2068 2200 2117 eventura
2251 2062 2614 2132 loquebatur,
2668 2078 2799 2133 quae
2851 2065 3130 2135 hodieque
3186 2067 3466 2136 experior,
3515 2083 3621 2124 nec

1923 2164 2031 2216 me,
2065 2165 2171 2206 nec
2199 2151 2341 2206 alios
2383 2152 2581 2207 latent.
2614 2152 2947 2209 Visionibus
2986 2168 3219 2224 quoque
3250 2155 3622 2225 quampluri-

1922 2237 2051 2304 mis,
2099 2239 2208 2294 sub
2260 2254 2384 2294 mea
2429 2247 2484 2296 et
2514 2240 2758 2296 aliorum
2793 2241 2997 2310 specie,
3043 2241 3228 2313 longis
3263 2251 3383 2312 post
3423 2243 3622 2299 futura

1921 2327 2277 2397 temporibus
2305 2329 2682 2399 przevidebat;
2716 2344 2967 2399 quorum
3000 2330 3196 2400 aliqua
3227 2331 3465 2387 indubie
3498 2332 3620 2387 fieri

1922 2417 2295 2486 contemplor,
2345 2424 2400 2472 et
2451 2417 2619 2484 facta,
2669 2432 2773 2474 nec
2823 2419 3015 2474 minus
3067 2419 3300 2474 residua
3352 2419 3618 2490 quaedam

1922 2504 2118 2560 ﬁenda
2165 2505 2480 2575 praestolor,
2514 2506 2738 2576 ’quibus
2790 2513 2977 2562 tamen
3037 2507 3358 2563 attexendis
3411 2522 3620 2578 super-

1920 2593 2231 2661 sedendum
2259 2609 2328 2649 ex
2362 2593 2645 2650 industria
2674 2609 2820 2650 reor.

1992 2683 2161 2748 Deus,
2233 2683 2447 2752 quibus
2503 2683 2599 2738 illa
2657 2683 2888 2740 monitis
2943 2683 3283 2752 cupiditates
3340 2698 3374 2738 a
3433 2692 3620 2740 mente

1921 2785 2112 2827 arcere
2160 2771 2456 2827 monebat!
2506 2771 2919 2828 adversitatum
2973 2772 3292 2828 infortunia
3334 2787 3466 2842 quae
3514 2787 3616 2828 ex-

1919 2867 2116 2930 pertus
2153 2874 2279 2915 sum
2339 2860 2652 2916 certissime
2701 2861 3019 2931 pollicens:
3063 2861 3344 2916 lubricam
3395 2875 3620 2930 semper

1919 2947 2206 3015 suspirare
2231 2946 2530 3016 juventam
2555 2963 2568 3016 ;
2594 2961 2695 3017 per
2713 2948 2904 3003 varios
2923 2947 3334 3017 cogitationum
3364 2947 3620 3003 ambitus

1919 3035 2140 3091 animos
2172 3035 2396 3091 frenare
2433 3044 2714 3106 vagantes
2745 3051 2757 3091 :
2815 3044 2879 3092 ut
2909 3050 3037 3092 eam
3067 3037 3134 3092 de
3167 3037 3379 3092 talibus
3411 3037 3615 3107 dispu—

1919 3130 2134 3179 tantem
2191 3137 2309 3178 non
2365 3123 2711 3190 illiteratam,
2761 3125 2914 3194 quod
2963 3133 3104 3192 erat,
3166 3125 3459 3191 feminam,
3517 3126 3614 3180 sed

1919 3209 2353 3266 disertissimum
2424 3211 2752 3281 episcopum
2813 3211 3145 3267 mstimares.
3204 3211 3613 3268 Monasterium

1920 3306 2132 3366 autem,
2202 3298 2270 3353 ad
2338 3299 2509 3370 cujus
2581 3299 2834 3370 regimen
2889 3299 3166 3370 eligebar,
3232 3299 3614 3370 Novigentum

1918 3395 2178 3455 vocatur,
2230 3395 2285 3444 et
2326 3395 2410 3444 est
2467 3389 2715 3444 confinio
2759 3389 3158 3444 Laudunensis
3205 3389 3508 3444 dimceseos
3559 3387 3618 3442 in

1918 3484 2145 3532 tantum
2180 3476 2450 3546 adjacens
2479 3485 2544 3533 ut
2570 3477 2868 3532 mediocris
2900 3477 3153 3546 quidem,
3187 3477 3283 3531 sed
3315 3475 3616 3545 aliquoties

1918 3564 2240 3634 stagnantis
2273 3564 2456 3630 ﬂuvii,
2497 3565 2599 3634 qui
2640 3565 2849 3634 Aquila
2873 3569 3280 3633 nuncupatur,
3313 3563 3617 3618 interstitio

1921 3652 2223 3722 praefatum
2263 3652 2616 3708 territorium
2665 3666 2698 3706 a
2729 3652 3123 3708 Suessionensi
3171 3651 3515 3722 distinguat,
3543 3651 3611 3705 de

1918 3741 2088 3812 cujus
2113 3740 2500 3796 vetustatibus
2527 3740 2582 3812 {si
2625 3741 2774 3796 Deus
2804 3755 2968 3810 opem
2999 3739 3236 3807 dederit,
3271 3739 3330 3794 in
3373 3739 3477 3794 hoc
3514 3753 3617 3794 nos

1917 3842 2085 3898 opere
2114 3835 2460 3885 tractaturos
2491 3842 2811 3899 speramus.
3289 3829 3298 3838 ’

2564 3916 2797 3973 CAPUT
2837 3917 2963 3973 XX.

1990 4008 2204 4060 Diversi
2248 4021 2404 4060 casus
2441 4007 2538 4075 qui
2568 4009 2628 4060 in
2675 4005 2915 4062 coenobio
2953 4007 3302 4060 Flaviacensi
3352 4003 3612 4059 accidere.

1920 4095 2217 4166 Snggerius
2244 4097 2400 4163 prior
2421 4097 2537 4149 viso
2568 4095 2805 4149 daemone
2833 4097 3020 4161 furore
3059 4095 3376 4163 corripitur.
3408 4121 3475 4132 —
3511 4091 3612 4148 Sed

1919 4184 2197 4252 quoniam
2246 4183 2304 4238 in
2365 4185 2471 4240 hac
2505 4183 2855 4239 Flaviacensi
2898 4182 3135 4239 ecclesia
3185 4183 3292 4238 sub
3352 4183 3465 4238 Deo
3516 4195 3616 4251 pa-

117 4287 233 4328 non
286 4273 376 4328 vis
433 4274 598 4329 modo
645 4281 700 4329 et
756 4274 854 4329 tibi
913 4275 1190 4344 displicet,
1239 4274 1382 4330 velis
1435 4273 1598 4342 nolis,
1661 4275 1804 4332 habe
1845 4278 2096 4340 orente,
2149 4279 2203 4327 et
2265 4272 2414 4327 beati
2470 4271 2757 4328 Geremari
2828 4271 2934 4327 loci
2994 4262 3251 4342 ejusdem
3309 4269 3620 4326 conditoris

118 4360 292 4430 illud;
361 4362 748 4431 quorumdam
815 4369 1167 4418 remotorum
1225 4369 1280 4418 et
1343 4362 1484 4418 mihi
1554 4362 1812 4420 funditus

117 4448 443 4518 ignotorum
517 4450 748 4506 emersit
801 4450 1017 4506 electio.
1079 4450 1184 4506 Sed
1242 4465 1513 4521 quaenam
1577 4450 1811 4508 electio?

116 4536 263 4593 Vere
320 4551 408 4592 me
465 4537 647 4594 fatear
694 4538 1012 4610 egregium,
1070 4553 1202 4594 cum
1259 4539 1406 4595 inter
1459 4553 1657 4594 omnes
1710 4541 1811 4610 qui

114 4625 256 4681 mihi
347 4626 824 4695 obversabantur,
901 4627 1201 4695 sordidior,
1271 4628 1383 4683 imo
1463 4627 1810 4696 teterrimus,

114 4714 283 4778 Deus,
317 4715 426 4771 sub
461 4722 560 4771 tuo
606 4715 926 4771 testimonio
962 4716 1274 4787 judicarer.
1331 4716 1653 4771 Paucarum
1702 4715 1813 4786 igi-

114 4811 213 4860 tur
241 4818 390 4874 quas
431 4805 733 4875 attigeram
769 4805 1116 4872 litterarum,
1159 4811 1214 4860 et
1243 4804 1512 4864 docentis.
1549 4811 1613 4859 ut
1658 4803 1810 4859 dice-

114 4894 308 4960 batur,
389 4895 646 4950 exterius
718 4895 893 4952 litura
973 4908 1250 4965 personae,
1317 4892 1586 4948 electores
1661 4907 1815 4948 meos

113 4983 380 5041 effecerat
428 4985 792 5041 caecutientes
859 4993 914 5041 et
969 4985 1171 5055 lippos.
1225 4985 1376 5039 Deus
1431 4984 1600 5050 bone,
1673 4983 1814 5054 quid

115 5071 373 5127 dicerent
403 5071 448 5126 si
494 5085 623 5127 mea
654 5079 794 5128 tunc
825 5072 1101 5128 interiora
1141 5070 1443 5126 viderent?
1483 5069 1631 5136 Quid
1663 5084 1814 5140 quo-

117 5174 234 5228 que
263 5158 555 5226 sentirent,
607 5158 650 5213 si
694 5159 884 5228 qualis
931 5158 1098 5214 modo
1143 5157 1224 5214 eis
1264 5156 1485 5228 praesim
1541 5171 1813 5229 agnosce-

118 5245 296 5302 rent?
335 5245 422 5300 Tu
453 5245 584 5313 scis,
631 5246 754 5316 qui,
788 5260 904 5316 quo
937 5245 1127 5301 nescio
1152 5245 1391 5316 judicio,
1430 5245 1484 5300 id
1515 5245 1812 5311 ordinasti,

119 5342 410 5404 quantum
463 5333 604 5388 mihi
668 5333 956 5404 indigner,
1013 5341 1300 5404 quantum
1347 5335 1605 5390 horream
1659 5334 1815 5404 quod

119 5421 457 5478 melioribus
503 5434 571 5476 ac
618 5421 1036 5477 honestioribus
1083 5435 1172 5476 me
1212 5429 1550 5490 praepostere
1582 5421 1816 5476 omnino

119 5510 487 5583 przesndeam;
543 5509 652 5565 scis
712 5509 887 5576 enim,
955 5510 1214 5566 cordium
1276 5523 1600 5581 renumque
1665 5523 1815 5580 prte-

1922 4361 2237 4428 patrocinio
2269 4360 2548 4416 coaluisse
2589 4375 2696 4416 nos
2735 4359 3010 4428 diximus,
3046 4360 3312 4430 quaedam
3345 4374 3475 4429 quae
3506 4358 3612 4413 ibi-

1922 4448 2049 4503 dem
2095 4447 2447 4514 audivimus,
2501 4447 2739 4518 ﬁerique
2788 4448 3058 4516 vidimus,
3113 4447 3356 4518 dignum
3402 4454 3466 4502 ut
3513 4460 3618 4500 me-

1923 4535 2118 4590 moriae
2157 4536 2474 4592 tradamus.
2503 4535 2829 4606 {Postquam
2879 4535 2950 4591 ab
2992 4534 3286 4591 eversione
3325 4535 3617 4589 Danorum

1923 4625 2185 4680 restituta
2231 4631 2313 4679 est
2343 4624 2594 4694 'przefata
2632 4625 2888 4691 ecclesia,
2939 4624 3176 4694 quidam
3226 4621 3366 4678 inibi
3414 4633 3619 4676 mona-

1923 4711 2067 4768 chus
2112 4726 2316 4783 gerens
2371 4712 2624 4768 oflicium
2672 4713 2980 4782 prioratus,
3032 4710 3262 4766 nomine
3305 4709 3622 4780 Suggerius

1922 4801 2086 4857 bonis
2125 4815 2183 4856 se
2221 4813 2398 4872 agens
2429 4802 2709 4870 moribus,
2753 4801 2808 4856 in
2852 4801 2977 4870 ipsa
3018 4798 3242 4856 mortali
3282 4797 3622 4868 zegritudine

1922 4889 2317 4946 decumbebat.
2386 4891 2526 4945 Erat
2597 4898 2810 4957 autem,
2863 4889 2937 4959 {ni
2999 4887 3184 4954 fallor,
3244 4887 3419 4942 frater
3475 4899 3622 4941 anus

1923 4978 2078 5034 illius
2104 4994 2235 5048 qua:
2262 4979 2320 5034 in
2365 4993 2485 5034 suae
2517 4979 2678 5034 initio
2704 4976 3152 5033 conversationis
3183 4975 3336 5031 circa
3381 4982 3621 5030 matrem

1923 5081 2110 5124 meam
2159 5081 2436 5124 conversa
2493 5075 2595 5123 est.
2663 5065 2768 5122 Cui
2825 5066 3037 5136 jacenti
3088 5063 3281 5134 [astitit
3336 5062 3619 5127 diabolus,

1922 5155 2135 5212 librum
2160 5169 2337 5211 manu
2361 5162 2576 5222 tenens,
2605 5155 2915 5225 dicensque
2940 5169 2952 5208 :
2983 5174 3003 5202 σ
3044 5153 3270 5222 Accipe,
3300 5151 3443 5222 lege,
3467 5149 3652 5206 hunc'

1924 5243 2024 5301 tibi
2068 5244 2240 5300 mittit
2267 5244 2512 5313 Jupiter.
2552 5265 2572 5292 ι
2625 5243 2805 5310 Quem
2837 5256 2969 5299 cum
3006 5241 3099 5297 ille
3129 5241 3326 5296 audito
3356 5253 3623 5295 exscera-

1927 5331 2026 5389 bili
2055 5332 2306 5398 nomine,
2341 5331 2752 5398 exhorruisset,
2777 5329 2985 5403 adjecit
3015 5328 3278 5384 diabolus
3303 5343 3314 5381 :
3357 5350 3376 5375 ι
3402 5326 3622 5398 Diligis,

1925 5420 2136 5490 inquit,
2169 5421 2402 5477 domum
2429 5419 2941 5491 istam?—Diligo,
2971 5417 3066 5474 ait.
3109 5439 3129 5464 »
3165 5417 3234 5472 Et
3257 5416 3379 5472 ille:
3415 5439 3435 5464 ι
3471 5415 3628 5471 Scias

1927 5521 2053 5565 eam
2104 5509 2276 5566 totius
2340 5507 2634 5580 religionis
2690 5507 2881 5580 rigore
2936 5505 3163 5562 sublato
3217 5504 3446 5576 penitus
3504 5511 3630 5573 post
