3902 6082
341 240 443 293 883

1237 237 1296 288 V.
1341 235 1678 294 GUIBEBTI
1720 241 2009 296 ABBATIS
2046 241 2100 295 S.
2145 238 2387 293 ΜΑΗΙίΕ
2429 238 2516 292 DE
2564 234 2960 292 NOVIGENTO

3757 232 3856 288 884

332 382 566 439 tempus
589 366 822 436 aliquod
843 365 1315 421 exordinandam.
1341 387 1370 416 »
1399 367 1535 434 Quae
1551 370 1728 426 verba
1748 369 2037 442 loquentis
2072 372 2116 424 A
2146 382 2266 425 suae
2309 367 2617 423 discrimen
2662 366 2718 421 in
2749 364 3077 422 catulorum
3123 364 3490 420 distractione
3520 365 3853 436 subjungit.

340 457 563 514 Satanae
592 469 726 512 cum
756 453 1074 510 monachus
1120 454 1311 525 dignis
1348 457 1848 528 objurgationibus
1896 475 2038 514 con-

340 545 642 612 fundisset,
692 541 919 598 recessit
960 541 1060 611 qui
1113 543 1310 599 aderat
1341 545 1535 612 hostis,
1585 548 1682 602 sed
1721 549 2038 603 monachus

342 633 522 689 relato
567 632 723 702 quod
773 629 994 686 viderat
1042 629 1100 686 in
1129 632 1440 688 amentiam
1490 649 1692 690 versus
1729 643 1831 703 est,
1867 636 1945 690 ita
1975 643 2038 690 ut

341 721 773 790 manciparetur
805 717 1074 774 vinculis.
1109 718 1216 786 Qui
1265 727 1457 777 tamen
1489 731 1801 793 antequam
1843 725 2032 793 exspi-

338 815 510 876 raret,
543 807 722 863 menti
751 821 870 863 suae
903 807 1083 872 rediit,
1115 814 1169 863 et
1216 807 1367 864 diem
1399 815 1546 864 48%
1577 811 1722 888 bene
1759 811 2037 868 conﬁtens

338 897 496 954 obiit.
545 899 688 953 Cum
731 911 868 967 ergo
926 895 1178 952 sciamus
1235 896 1529 954 diabolum
1580 901 1932 967 mendacem,
1982 906 2038 955 et

339 994 564 1058 patrem
588 985 732 1056 fejus
776 999 849 1041 ex
896 985 1059 1041 solita
1110 984 1428 1042 invidentia
1466 987 1683 1045 dictum
1710 989 2033 1056 credamus,

341 1075 598 1146 alioquin
649 1089 720 1130 ne
773 1088 976 1130 verum
1028 1075 1145 1142 ﬁat,
1204 1082 1427 1131 avertat
1475 1077 1652 1132 Deus!
1715 1079 1823 1134 Res
1882 1078 2036 1134 enim

341 1163 706 1235 postmodum
745 1162 994 1219 ecclesiae
1025 1163 1168 1220 bene
1200 1171 1488 1234 provecta,
1521 1165 1637 1221 huc
1683 1180 1869 1238 usque
1894 1167 2037 1223 bene

343 1252 704 1324 provehitur.

973 1339 1207 1396 CAPUT
1245 1340 1401 1397 XXI.

410 1429 671 1485 Monacho
724 1429 822 1496 qui
886 1430 1053 1482 inscio
1106 1429 1304 1483 abbate
1347 1431 1606 1498 pecunins
1654 1430 2034 1498 absconderat,

340 1519 476 1589 quid
513 1518 762 1572 evenerit.
795 1545 864 1554 —
909 1516 1029 1571 Vidi
1069 1523 1124 1572 et
1161 1515 1375 1572 ibidem
1419 1517 1528 1572 sub
1560 1526 1756 1575 nostro
1782 1526 2037 1590 tempore

337 1622 406 1663 ex
437 1605 614 1661 milite
641 1605 990 1660 monachum
1031 1604 1307 1672 moribus,
1353 1613 1417 1661 ut
1435 1605 1861 1678 imstimabatur,
1895 1610 2036 1665 sim-

339 1696 564 1766 plicem,
593 1709 716 1750 avo
745 1701 1101 1764 provectum,
1149 1693 1253 1764 qui
1295 1694 1355 1749 in
1385 1708 1601 1766 pagum
1629 1696 2039 1754 Vulcassinum

338 1785 409 1840 ad
442 1783 707 1840 cellulam
750 1783 1062 1852 quamdam
1112 1782 1381 1849 ecclesiae,
1416 1783 1555 1853 quia
1586 1784 1718 1841 inde
1757 1786 2042 1843 oriundus

335 1879 478 1940 erat,
542 1872 613 1927 ab
678 1871 882 1928 abbate
933 1885 1037 1927 suo
1093 1871 1430 1939 destinatus,
1498 1886 1765 1943 aggerem
1827 1875 2038 1944 publici

339 1960 577 2029 itineris,
638 1960 740 2038 qui
803 1967 1110 2029 corruptus
1180 1967 1322 2026 erat,
1397 1960 1625 2016 licentia
1692 1962 1896 2032 prioris
1950 1965 2038 2020 sui

336 2055 662 2104 restaurare
703 2046 1016 2116 proposuit.
1063 2046 1403 2103 Muneribus
1443 2062 1581 2120 ergo
1613 2049 1864 2106 ﬁdelium
1894 2066 2041 2121 opus

335 2136 480 2192 illud
524 2134 823 2205 explicuit,
859 2149 976 2205 quo
1018 2135 1340 2206 profligato,
1393 2137 1662 2207 quaedam
1709 2139 1940 2196 residua
1970 2141 2040 2197 de

334 2225 534 2282 eadem
561 2223 864 2295 largitione
896 2223 1157 2279 retinuit.
1197 2224 1424 2281 Interea
1464 2226 1659 2282 lethali
1709 2226 2038 2286 inﬁrmitate

335 2312 665 2382 corripitur,
700 2326 806 2368 nec
851 2319 1044 2368 tamen
1079 2313 1234 2382 quod
1276 2313 1420 2369 male
1470 2314 1692 2371 celabat
1736 2317 1858 2371 ulia
1901 2332 2034 2373 con-

336 2402 579 2458 fessione
652 2399 873 2470 retegit.
942 2399 1208 2456 Defertur
1275 2401 1347 2455 ad
1405 2403 1819 2460 monasterium
1870 2406 2038 2475 cujus

336 2497 459 2546 erat
489 2489 838 2558 monachus;
890 2503 1008 2544 non
1054 2489 1269 2557 abbati,
1320 2504 1436 2546 non
1487 2491 1660 2561 priori
1711 2493 2036 2563 conﬁtetur,

338 2579 609 2650 quamvis
637 2578 777 2634 dirae
817 2577 889 2633 ab
927 2591 992 2632 eo
1024 2577 1316 2646 tortiones,
1359 2578 1557 2635 mortis
1595 2579 1852 2637 videlicet
1889 2595 2035 2651 prm-

336 2668 504 2724 conia
533 2667 906 2731 sentirentur,
959 2665 1057 2721 sed
1101 2665 1316 2722 famulo
1356 2667 1607 2736 cuidam,
1641 2669 1742 2739 qui
1791 2669 2038 2727 inﬁrmis

337 2755 720 2822 ministrabat,
772 2753 998 2825 argenti
1045 2753 1140 2809 illa
1179 2755 1476 2825 quantitas
1518 2757 1591 2813 ab
1640 2757 1734 2814 illo
1781 2759 2036 2816 commit-

340 2843 504 2900 titur.

409 2931 612 3028 Itaque
657 2929 960 3028 cujusdam
1011 2931 1411 3028 intempestivo
1453 2932 1638 2989 noctis
1685 2933 2035 2992 increscente
2074 2973 2116 3028 Ο

338 3019 600 3076 molestia
667 3033 697 3075 e
765 3019 1028 3076 sensibus
1100 3019 1362 3090 eripitur,
1436 3036 1538 3092 pro
1585 3029 1814 3078 mortuo
1869 3027 2035 3082 terra;

337 3107 702 3176 distenditur,
756 3121 860 3164 nos
907 3107 1075 3164 etiam
1125 3105 1214 3180 (⁵⁸)
1270 3110 1434 3180 signo
1479 3111 1793 3180 crepitante
1851 3115 2036 3170 vocati

337 3198 650 3266 adfuimus,
685 3197 950 3267 psalmos,
984 3197 1298 3262 jorationes,
1333 3207 1385 3254 et
1414 3199 1812 3257 convenientia
1839 3202 2036 3259 obitu-

338 3287 418 3342 ris
447 3285 826 3356 explevimus.
881 3287 1005 3350 Quo
1048 3287 1213 3356 facto,
1246 3287 1537 3344 hominem
1588 3289 1692 3358 (59),
1737 3299 1800 3345 ut
1831 3305 2034 3346 mona-

337 3374 461 3430 stici
503 3374 677 3430 moris
711 3381 813 3442 est,
869 3373 1052 3430 cilicio
1091 3375 1480 3445 suppositum,
1527 3385 1590 3433 ut
1620 3378 1930 3435 videbatur
1978 3379 2036 3435 in

335 3463 608 3520 extremis
637 3463 984 3520 stridoribus
1029 3463 1131 3519 vix
1163 3463 1475 3533 efﬂantem,
1522 3466 1886 3538 reliquimus,
1942 3469 2034 3524 cui

337 3553 536 3610 nullus
582 3553 777 3622 vitam,
833 3567 1031 3609 omnes
1077 3553 1265 3608 solum
1313 3558 1662 3624 praemortuo
1721 3570 1856 3613 mox
1897 3558 2036 3614 ulti—

336 3657 496 3698 mum
556 3642 856 3697 lavacrum
922 3642 1370 3711 spondehamus.
1448 3644 1562 3699 Nec
1615 3659 1796 3709 mora,
1872 3646 2036 3702 nobis

336 3730 684 3786 abeuntibus
717 3731 808 3786 ille
839 3730 1112 3800 respirat;
1151 3731 1393 3800 priorem
1427 3731 1583 3803 (nam
1605 3734 1784 3790 abbas
1813 3735 2038 3806 aberat)

334 3827 570 3887 evocat;
629 3819 696 3874 de
751 3833 816 3874 eo
871 3819 1025 3888 quod
1070 3819 1459 3888 fraudaverat,
1514 3830 1568 3878 et
1621 3823 1714 3878 cui
1776 3823 2032 3880 fraudem

336 3907 718 3973 commiserat,
775 3907 1010 3962 indicat.
1068 3907 1242 3976 Dixit,
1283 3917 1338 3965 et
1386 3924 1420 3964 a
1449 3911 1634 3980 priore
1678 3912 2034 3967 absolutionc

337 4003 577 4064 recepta,
613 4002 736 4064 post
777 3995 1078 4063 paululum
1113 3997 1362 4067 repetitis
1386 3998 1736 4069 singultibus
1769 4001 2035 4071 exspira-

337 4084 438 4139 vit.
475 4084 613 4138 Erat
645 4083 804 4152 prior
835 4091 976 4139 tunc
1005 4087 1276 4155 temporis
1303 4087 1575 4157 magister
1611 4102 1788 4156 meus,
1822 4089 1890 4144 de
1918 4105 2034 4161 quo

337 4170 549 4241 saepius
581 4184 709 4240 ago.
752 4170 895 4226 Ecce
929 4173 1337 4229 misericordiae
1385 4175 1611 4229 Domini
1649 4176 1864 4244 multae,
1897 4177 2036 4248 quia

337 4273 452 4315 non
481 4273 684 4315 sumus
705 4261 1028 4330 consumpti
1061 4261 1284 4330 (Thren.
1318 4277 1397 4330 III,
1430 4262 1548 4333 22),
1579 4263 1679 4334 qui
1709 4277 1883 4334 quem
1910 4265 2035 4322 vult

336 4349 540 4404 liberat
566 4348 634 4403 de
656 4363 751 4405 ore
783 4356 1028 4420 angusto
1059 4349 1351 4407 latissime.

403 4437 623 4492 Exacto
662 4436 840 4508 igitur
869 4451 903 4491 a
947 4438 1326 4506 praesentibus
1375 4438 1626 4507 homine,
1660 4441 1901 4511 quaestio
1937 4455 2032 4511 pe-

333 4523 521 4580 cuniae
553 4524 612 4578 in
644 4523 928 4579 famulum
961 4531 1075 4579 tota
1104 4525 1457 4581 devolvitur.
1499 4527 1623 4597 Ipse
1653 4535 1847 4584 autem
1873 4542 2034 4585 mas-

333 4627 455 4669 sam
496 4611 652 4668 illam
682 4612 740 4666 in
772 4611 1047 4668 stramine
1076 4626 1363 4669 cunarum
1395 4615 1699 4685 cujusdam
1749 4632 1867 4673 suae
1897 4631 2035 4687 par-

332 4699 484 4756 vulae
540 4699 776 4754 infantis
839 4699 1240 4754 absconderat.
1297 4700 1370 4756 At
1427 4710 1591 4758 nocte
1660 4718 1792 4760 cum
1848 4705 2036 4760 infans

333 4788 595 4845 cubitum
625 4787 932 4853 locaretur,
983 4801 1111 4843 ecce
1159 4788 1445 4846 daemones
1488 4791 1669 4848 instar
1709 4793 2033 4849 catulorum

332 4891 365 4933 a
397 4877 572 4932 latere
616 4883 671 4932 et
717 4889 751 4930 a
801 4881 960 4946 tergo
1010 4875 1294 4946 insiliunt,
1338 4885 1392 4934 et
1448 4879 1584 4935 hinc
1637 4881 1766 4938 inde
1815 4882 2032 4937 circum

330 4965 483 5021 circa
550 4963 862 5034 pulsantes,
919 4971 973 5020 et
1042 4965 1344 5036 aliquoties
1393 4967 1738 5037 vellicantes,
1787 4969 1846 5023 in
1913 4969 2034 5023 cla-

333 5067 520 5112 mores
552 5059 607 5109 et
639 5052 921 5123 lacrymas
965 5055 1352 5112 concitabant.
1394 5055 1656 5126 Cumque
1686 5057 1757 5112 ab
1791 5065 2036 5127 utroque

333 5142 788 5212 interrogaretur
852 5141 994 5213 quid
1067 5141 1244 5212 ﬂeret,
1318 5158 1378 5200 se
1456 5159 1490 5199 a
1545 5145 1753 5200 catulis
1815 5143 2033 5200 comedi

333 5231 733 5301 respondebat.
777 5231 925 5287 Tum
973 5239 1174 5299 mater,
1222 5247 1352 5302 qua;
1401 5231 1602 5288 matris
1649 5246 1788 5288 mete
1825 5232 2033 5289 ancilla

330 5326 387 5375 et
425 5318 739 5389 aliquando
777 5319 1122 5390 pedissequa
1157 5319 1470 5386 exstiterat,
1511 5320 1581 5375 ad
1628 5321 1805 5390 ipsam
1847 5321 2032 5378 domi-

333 5419 467 5461 nam
497 5421 683 5475 suam,
731 5415 974 5463 matrem
1020 5407 1282 5464 videlicet
1313 5422 1519 5475 meam,
1567 5409 1878 5477 concurrit,
1926 5410 2029 5466 de-

335 5492 518 5564 posita
547 5493 645 5549 illa
695 5495 917 5550 rufaria
959 5496 1111 5564 apud
1141 5510 1202 5552 se
1246 5495 1494 5566 reposita
1520 5495 1678 5565 dicit,
1713 5503 1767 5554 et
1798 5496 2029 5555 infantis

2145 457 2248 514 Cui
2280 457 2414 512 illa:
2442 478 2463 504 ι
2499 455 2675 521 Scias,
2700 453 2910 525 inquit,
2942 453 3228 509 daemones
3258 467 3396 519 esse,
3431 453 3534 523 qui
3561 468 3742 523 super
3763 452 3863 508 illa

2146 545 2426 602 diabolica
2469 543 2713 616 pecunia
2759 542 3172 614 jocundantur,
3231 549 3287 598 et
3343 542 3394 597 ei
3454 543 3620 612 quasi
3683 556 3866 598 suum

2147 640 2618 706 recognoscentes
2649 633 2887 688 instant.
2943 653 2963 679 ι
3001 633 3118 687 Hoc
3144 631 3391 686 maritus
3421 632 3674 703 cognito,
3728 631 3865 686 licet

2147 723 2385 792 invitus,
2417 729 2472 778 et
2499 721 2752 792 plurima
2791 719 3092 776 vexatione
3132 720 3442 788 cruciatus,
3475 728 3541 776 ut
3574 721 3659 776 sic
3687 721 3868 775 dixe—

2145 811 2278 878 rim,
2325 825 2428 866 seu
2481 810 2559 878 vi,
2618 824 2720 866 seu
2766 809 2936 874 clam,
2995 823 3098 864 seu
3156 809 3438 878 precario,
3498 809 3655 866 istud
3698 808 3862 878 quod

2149 900 2530 969 repetebatur,
2589 897 2810 964 eﬁ‘udit,
2869 905 2926 954 et
2977 897 3308 953 daemonum
3369 911 3547 967 quam
3607 897 3866 966 proinde

2147 987 2476 1058 patiebatur
2549 987 2966 1043 infestationem
3045 999 3162 1041 non
3229 986 3428 1042 tacuit.
3500 985 3869 1041 Audivimus

2147 1077 2287 1147 quia
2318 1076 2412 1132 cui
2440 1075 2566 1132 vult
2594 1077 2746 1131 Deus
2778 1076 3104 1140 miseretur,
3139 1082 3193 1130 et
3236 1089 3410 1145 quem
3445 1074 3571 1131 vult
3613 1074 3864 1129 indurat

2147 1165 2316 1236 (Rom.
2367 1179 2485 1231 vni,
2536 1163 2648 1232 18),
2702 1163 2966 1234 colligere
3004 1177 3077 1218 ex
3110 1163 3370 1233 subjecto
3411 1163 3754 1232 poterimus.
3792 1163 3862 1217 Et

2145 1269 2178 1310 o
2208 1254 2308 1309 Dei
2355 1253 2694 1309 admiranda
2736 1251 2988 1323 judicia!
3050 1250 3096 1307 is
3144 1251 3430 1321 siquidem
3476 1251 3546 1306 de
3593 1265 3717 1320 quo
3771 1264 3859 1306 re-

2146 1342 2408 1409 tulimus,
2472 1349 2646 1398 totam
2712 1341 2771 1396 in
2825 1339 3232 1396 exercitatione
3290 1339 3546 1410 equestri
3599 1346 3860 1406 atatem,

2146 1439 2584 1501 scortorumque
2653 1429 2902 1486 foeditate
2974 1429 3330 1496 deduxerat;
3393 1428 3485 1484 ille
3558 1442 3724 1496 vero,
3791 1428 3858 1483 de

2146 1535 2263 1590 quo
2299 1533 2428 1576 sum
2477 1518 2786 1585 relaturus,
2831 1516 3128 1572 acediosus
3157 1516 3392 1586 quidem
3425 1515 3853 1586 aliquantisper

2148 1609 2351 1675 fuerat,
2400 1607 2497 1664 sed
2543 1605 2688 1662 nihil
2739 1604 3023 1661 inhonesti
3071 1604 3212 1660 alias
3255 1605 3324 1661 de
3376 1604 3493 1673 ipso
3538 1604 3849 1660 claruerat.

2081 1670 2246 1752 BEst
2276 1670 2442 1765 plane
2479 1696 2586 1751 hoc
2635 1695 3006 1766 philargyriae
3059 1693 3268 1750 vitium
3320 1670 3655 1749 incautum
3701 1693 3847 1762 apud

2148 1785 2459 1840 monachos
2507 1783 2914 1854 perniciosum,
2974 1789 3169 1853 utpote
3215 1783 3411 1838 minus
3458 1782 3751 1848 naturale,
3793 1790 3846 1836 ut

2148 1875 2250 1930 vix
2283 1873 2518 1944 aliquod
2549 1873 2765 1929 crimen
2811 1872 3152 1941 reperiatur,
3193 1872 3289 1928 cui
3320 1878 3618 1941 tantopere
3650 1870 3842 1926 diabo-

2148 1962 2239 2019 lus
2267 1961 2635 2032 subripiendo
2666 1961 2989 2017 insidietur.

2770 2049 2996 2107 CAPUT
3038 2050 3223 2105 XXII.

2215 2142 2289 2195 De
2334 2140 2590 2194 monacho
2633 2143 2858 2209 propter
2908 2140 3179 2208 peculium
3216 2140 3274 2192 in
3320 2140 3471 2206 agris
3505 2135 3841 2204 humata:—

2145 2227 2304 2283 Alter
2357 2227 2594 2297 quidam
2651 2241 2722 2283 ex
2782 2226 2992 2282 nostris
3051 2227 3386 2294 monachus,
3456 2233 3512 2281 et
3581 2225 3840 2280 sacerdos

2143 2315 2364 2383 ordine,
2401 2315 2495 2371 cui
2539 2315 2684 2371 nihil
2734 2323 2940 2385 praeter
2980 2314 3279 2385 equitandi
3311 2314 3647 2370 aviditatem
3694 2320 3846 2384 pote~

2144 2409 2234 2457 rat
2309 2402 2556 2458 levitatis
2615 2402 2843 2470 ascribi,
2909 2417 2944 2457 a
2999 2410 3264 2459 matrona
3336 2404 3593 2473 quadam
3677 2402 3845 2457 nobili

2144 2490 2290 2546 duos
2337 2498 2628 2560 acceperat
2670 2491 2905 2562 solidos;
2948 2491 3048 2561 qui
3097 2505 3254 2557 mox,
3312 2490 3645 2561 dysenteria
3694 2503 3848 2544 com-

2144 2580 2477 2648 prehensus,
2530 2581 2683 2650 apud
2727 2579 3000 2636 Sanctum
3047 2580 3388 2646 Quintinum
3415 2578 3645 2635 Belvaci
3693 2579 3846 2633 dece-

2143 2667 2324 2723 derat.
2359 2668 2480 2735 Quo
2521 2668 2774 2724 Flaviaci
2822 2669 3068 2739 cognito,
3118 2669 3287 2739 jussu
3331 2669 3560 2724 abbatis
3606 2667 3681 2723 ad
3715 2681 3850 2738 pro-

2144 2756 2329 2825 priam
2388 2757 2682 2813 ecclesiam
2755 2764 2839 2813 est
2906 2757 3138 2813 relatus.
3202 2757 3462 2828 Cumque
3530 2756 3851 2827 plurimum

2145 2845 2355 2913 ederet,
2398 2853 2452 2902 et
2501 2846 2765 2916 protinus
2808 2845 3201 2902 indifferenter
3225 2844 3505 2914 efﬂueret,
3549 2845 3764 2900 accidit
3795 2854 3855 2899 ut

2145 2934 2322 2990 abbas
2367 2949 2510 2991 suus
2562 2934 2785 3004 uspiam
2837 2934 3197 3006 migraturus
3250 2934 3322 2989 ad
3368 2947 3502 2990 eum
3547 2933 3854 2988 locuturus

2144 3021 2456 3090 accederet,
2501 3037 2704 3079 verens
2733 3037 2806 3078 ne
2863 3038 2922 3079 se
2975 3023 3211 3079 absente
3263 3023 3574 3079 decederet.
3630 3023 3705 3078 At
3765 3022 3850 3076 ille

2144 3111 2252 3167 sub
2284 3111 2512 3167 abbatis
2552 3112 2808 3168 adventu
2850 3111 2921 3167 ad
2966 3112 3245 3182 requisita
3285 3119 3510 3168 naturae
3547 3125 3848 3166 concesse-

2145 3207 2253 3255 rat.
2313 3199 2494 3266 Quem
2544 3200 2726 3270 posito
2785 3200 2893 3256 sibi
2940 3199 3111 3268 dolio,
3179 3201 3320 3271 quia
3366 3200 3680 3270 procedere
3737 3215 3846 3254 non

2147 3295 2384 3358 poterat,
2443 3302 2578 3344 cum
2625 3296 2882 3344 cerneret
2929 3288 3274 3346 incidentem
3335 3289 3425 3359 [f.,
3479 3288 3842 3355 insidentem?

2146 3377 2293 3432 mira
2347 3377 2707 3434 deformitate
2753 3377 3110 3445 horribilem,
3143 3377 3484 3434 alterutrum
3517 3378 3762 3448 quidem
3793 3392 3842 3431 se

2145 3473 2283 3521 sunt
2326 3465 2541 3531 intuiti,
2597 3474 2652 3522 et
2682 3466 2946 3522 abbatem
2991 3467 3200 3537 puduit
3247 3466 3346 3522 tali
3377 3467 3437 3521 in
3485 3466 3611 3522 loco
3660 3467 3844 3522 homi—

2147 3568 2274 3610 nem
2329 3554 2652 3623 convenire,
2709 3563 2764 3611 et
2809 3555 3015 3611 misero
3047 3571 3161 3611 non
3214 3555 3375 3612 licuit
3418 3555 3706 3622 conﬁteri,
3743 3555 3850 3609 imo

2145 3657 2259 3698 non
2311 3643 2499 3710 libuit,
2549 3658 2654 3700 nec
2698 3644 2915 3700 absolvi
2958 3657 2992 3698 a
3039 3645 3298 3700 crimine.
3351 3644 3549 3700 Abbas
3592 3645 3852 3709 recessit,

2143 3739 2197 3786 et
2227 3731 2318 3787 ille
2356 3746 2389 3787 a
2429 3732 2578 3788 dolio
2611 3733 2683 3788 ad
2727 3733 3000 3789 lectulum
3047 3733 3212 3804 quasi
3247 3733 3622 3803 requieturus
3661 3746 3855 3788 acces-

2144 3819 2236 3884 sit,
2289 3820 2346 3875 in
2376 3835 2492 3891 quo
2521 3821 2619 3876 ubi
2663 3827 2746 3877 est
2785 3821 3177 3890 resupinatus,
3210 3834 3241 3876 a
3273 3821 3500 3876 diabolo
3539 3829 3626 3876 est
3673 3819 3853 3876 suffo-

2143 3915 2326 3963 catus.
2375 3908 2607 3964 Videres
2652 3908 3001 3965 horribiliter
3046 3910 3263 3965 haerere
3318 3908 3529 3979 pectori
3581 3916 3853 3964 mentum

2142 4004 2196 4051 et
2225 3995 2521 4067 jugulum,
2551 4010 2619 4052 ac
2661 3997 2708 4053 si
2739 4012 2812 4052 ex
2842 3996 3092 4053 violenta
3121 3997 3481 4067 depressione
3511 3996 3848 4052 subactum.

2144 4083 2508 4140 Inconfessus
2561 4085 2741 4155 igitur
2790 4093 2845 4141 et
2877 4086 3168 4153 inunctus,
3215 4093 3271 4142 et
3327 4099 3502 4154 super
3543 4084 3850 4141 maledicto

2145 4171 2238 4226 illo
2293 4187 2397 4228 suo
2447 4173 2669 4242 peculio
2701 4173 3004 4230 intestatus
3048 4173 3312 4230 moritur.
3371 4172 3603 4228 Nudato
3654 4173 3849 4243 itaque

2075 4275 2117 4329 ι)
2149 4260 2219 4314 ad
2247 4259 2560 4316 lavandum
2624 4260 2923 4328 cadavere,
2964 4260 3247 4329 reperitur
3295 4260 3548 4330 pendens
3588 4260 3666 4315 ab
3741 4260 3846 4314 bu-

2144 4362 2303 4405 mero
2355 4349 2718 4419 marsupium
2775 4349 2884 4405 sub
2933 4349 3120 4404 axella
3167 4349 3378 4406 labere.
3429 4347 3553 4414 Quo
3602 4357 3843 4418 reperto,

2143 4451 2424 4493 concussa
2467 4437 2567 4507 qui
2620 4438 2921 4494 invenerat
2970 4437 3041 4492 ad
3080 4444 3290 4493 terram
3317 4450 3450 4492 cum
3483 4435 3686 4491 furore
3715 4451 3845 4491 cru-

2144 4539 2330 4593 mena,
2385 4525 2771 4596 manibusque
2799 4524 3102 4594 complosis
3151 4524 3412 4580 cucurrit
3431 4528 3585 4578 483
3614 4523 3691 4578 ad
3721 4538 3843 4578 mo-

2143 4613 2378 4680 nachos,
2420 4614 2712 4670 insolitum
2755 4628 2958 4670 eorum
3001 4613 3244 4670 auribus
3275 4627 3567 4669 rumorem
3602 4613 3844 4668 invexit.

2143 4702 2476 4758 Inauditum
2509 4702 2676 4772 plane
2725 4701 2914 4759 fuerat
2953 4703 3110 4772 apud
3156 4701 3321 4772 ipsos,
3355 4714 3597 4757 suorum
3649 4716 3846 4773 quem-

2145 4790 2298 4860 piam
2325 4790 2404 4846 sic
2425 4790 2650 4847 obiisse.

2213 4878 2382 4935 Mittit
2420 4879 2616 4950 itaque
2665 4885 2790 4949 post
2845 4879 3136 4948 abbatem,
3192 4878 3294 4950 qui
3324 4877 3554 4934 duobus
3586 4878 3841 4934 millibus

2142 4973 2301 5024 trans
2340 4968 2645 5023 Belvacum
2681 4967 2835 5038 apud
2873 4969 3187 5039 quamdam
3227 4968 3420 5024 villam
3459 4982 3628 5024 suam
3666 4981 3839 5037 pran-

2142 5055 2276 5111 dere
2320 5055 2442 5127 jam
2488 5065 2755 5126 coeperat.
2811 5057 2918 5112 Per
2961 5057 3144 5115 alium
3191 5065 3382 5115 autem
3427 5057 3695 5123 missum,
3744 5055 3834 5126 qui

2142 5141 2257 5198 huc
2333 5152 2690 5212 pervenerat,
2758 5144 3106 5214 jamdudum
3187 5145 3366 5201 abbas
3436 5158 3574 5200 eum
3637 5144 3835 5200 obiisse

2141 5239 2456 5302 acceperat,
2508 5233 2604 5288 sed
2650 5233 2718 5288 de
2767 5233 2962 5291 solidis
3024 5234 3103 5290 nil
3153 5235 3418 5299 sciverat,
3458 5233 3537 5288 nil
3591 5232 3832 5288 dixerat.

2141 5321 2348 5377 Missus
2376 5335 2513 5391 ergo
2541 5321 2774 5378 veniens
2802 5337 2875 5378 ex
2917 5329 3079 5392 parte
3111 5322 3354 5377 fratrum
3399 5319 3502 5391 qui
3535 5321 3831 5384 miserant,

2138 5408 2383 5465 consulit
2412 5409 2678 5466 abbatem
2709 5411 2849 5482 quid
2880 5411 3026 5468 facto
3059 5424 3205 5481 opus
3239 5410 3329 5477 sit,
3362 5423 3438 5465 an
3478 5409 3612 5465 aliis
3638 5424 3831 5466 conse-

2141 5496 2303 5568 peliri
2355 5497 2562 5565 liceret,
2611 5498 2713 5569 qui
2762 5505 2875 5555 tam
2929 5498 3136 5555 misere
3186 5498 3259 5555 ab
3305 5497 3552 5554 aliorum
3580 5512 3830 5554 commu-
