3902 6082
164 169 273 220 885

1264 172 1354 227 DE
1400 172 1553 226 VITA
1593 173 1727 228 SUA
1774 170 1958 224 LIBRI
1999 170 2192 226 TRES.
2233 203 2301 212 —-
2342 174 2466 226 LIB.
2507 174 2548 227 Ι.

3571 177 3672 229 886

158 302 344 358 nitate
398 304 734 359 desciverat.
782 305 1214 361 Communicato
1266 307 1459 377 itaque
1511 307 1692 362 abbas
1732 320 1867 362 cum
1905 306 1951 358 A
1980 305 2123 375 quid
2168 306 2418 378 fregerit.
2465 307 2537 363 Ut
2583 305 2768 362 simile
2807 307 3021 362 factum
3069 307 3129 363 in
3174 308 3418 363 Francia
3473 315 3668 364 nostra

160 390 308 446 viris
364 391 752 460 prudentibus
813 392 1072 461 consilio,
1133 395 1396 464 praecepit
1462 394 1749 465 agrariam
1812 395 1862 451 ei

164 479 288 534 fieri
320 481 698 550 sepulturam,
729 490 785 537 et
824 482 896 537 ab
925 483 1180 538 oratione
1209 491 1262 538 et
1297 484 1525 553 psalmis
1555 493 1860 551 exsortem,

160 574 222 622 et
263 569 472 636 pectori
518 568 644 639 ejus
687 571 997 639 superponi
1042 571 1363 640 pecuniam.
1404 572 1634 628 Privata
1675 579 1862 628 tamen

162 669 270 724 pro
317 670 381 711 eo
425 656 670 712 fratrum
720 673 834 713 non
877 659 1079 715 defecit
1108 660 1308 725 oratio,
1354 661 1464 716 imo
1518 662 1696 716 multo
1739 676 1862 716 am-

159 743 319 814 plius
367 745 730 814 institerunt,
791 763 907 817 quo
959 748 1146 819 magis
1191 758 1470 805 noverant
1517 765 1650 805 eum
1696 765 1862 821 egere

163 832 445 888 subsidio.
500 835 590 889 Ex
645 836 820 905 hujus
863 836 1043 905 igitur
1087 845 1265 893 morte
1309 840 1623 908 repentina,
1675 839 1860 895 caeteri

165 921 322 976 circa
403 923 693 991 peculium
779 924 1169 994 castigatiores
1243 928 1468 982 redditi.
1541 929 1863 985 Audiamus

164 1010 361 1066 adhuc
385 1012 633 1081 qualiter
661 1012 775 1069 sint
803 1013 947 1068 alias
975 1021 1030 1068 et
1057 1029 1157 1083 pro
1189 1015 1316 1070 aliis
1345 1016 1637 1086 ﬂagellati.

773 1099 1004 1158 CAPUT
1045 1103 1255 1157 XXIII.

243 1187 499 1241 Tonitruo
537 1192 587 1241 et
627 1190 860 1254 fulmine
901 1191 1078 1244 clades
1127 1194 1372 1245 maxima
1422 1196 1481 1246 in
1526 1195 1864 1249 Flaviacensi

161 1275 408 1328 ecclesia.
442 1305 499 1317 -
544 1276 657 1334 Vix
693 1292 892 1347 paucae
923 1279 1306 1335 hebdomades
1335 1296 1580 1337 emensae
1611 1283 1858 1351 fuerant,

161 1373 301 1414 cum
344 1367 488 1416 esset
547 1361 748 1430 vigilia
795 1370 1116 1433 martyrum
1163 1365 1418 1419 Gervasii
1457 1374 1512 1421 et
1558 1367 1858 1436 Prothasii,

160 1461 345 1516 parvo
373 1459 697 1521 emergente
735 1452 1007 1520 tonitrua,
1051 1468 1153 1508 nec
1184 1454 1572 1511 crebrescente
1602 1471 1857 1524 corusco,

165 1537 538 1605 tempestuosi
571 1538 719 1594 aeris
756 1539 995 1596 nubilus
1024 1541 1329 1598 eminebat.
1377 1543 1542 1599 Mane
1573 1558 1706 1613 ergo
1750 1559 1861 1599 no-

164 1623 257 1678 bis
293 1627 667 1696 surgentibus
705 1641 882 1697 parvo
912 1629 1224 1685 admodum
1264 1631 1446 1700 spatio
1478 1632 1676 1700 primm
1707 1633 1861 1688 horae

164 1711 404 1782 signum
444 1714 800 1772 insonuerat.
855 1718 938 1773 Ad
967 1718 1262 1774 ecclesiam
1308 1720 1534 1775 insolita
1581 1720 1864 1776 celeritate

163 1802 561 1871 convenimus,
615 1813 737 1875 post
785 1806 1180 1862 brevissimam
1227 1807 1579 1864 orationem:
1631 1830 1651 1856 ι
1689 1809 1859 1876 Deus,

169 1888 231 1942 in
263 1889 616 1959 adjutorium
648 1907 841 1949 meum
871 1894 1100 1950 intende
1134 1917 1154 1942 ι
1190 1895 1557 1965 dixeramus;
1599 1897 1696 1952 sed
1730 1912 1861 1952 cum

171 1976 449 2035 vellemus
481 1982 718 2050 aggredi
757 1984 1075 2052 sequentia,
1119 1984 1236 2040 ictu
1265 1992 1466 2041 ruente
1514 1985 1862 2055 grandisono

166 2064 427 2123 fulminis
473 2069 580 2124 hoc
610 2071 776 2125 modo
804 2079 1142 2140 penetratur
1174 2073 1430 2128 ecclesia.
1461 2074 1710 2139 Gallum,
1759 2074 1864 2145 qui

167 2168 346 2224 super
385 2157 531 2212 turri
579 2166 720 2225 erat,
769 2175 1019 2224 crucem,
1061 2161 1366 2231 columque
1416 2169 1517 2218 aut
1564 2163 1859 2234 dispergit,

165 2251 271 2298 aut
312 2253 544 2308 cremat,
579 2248 795 2304 trabem
839 2249 933 2304 cui
965 2250 1086 2305 haec
1124 2250 1446 2305 insidebant
1490 2251 1766 2318 debilitat,
1809 2259 1864 2307 et

165 2332 463 2389 scindulas
537 2335 716 2392 clavis
785 2337 993 2392 aflixas
1072 2338 1439 2394 semiurendo
1515 2340 1858 2407 convellens,

167 2435 270 2490 per
318 2423 728 2480 occidentalem
789 2427 966 2481 turris
1026 2426 1268 2482 vitream
1331 2427 1525 2483 intrat.
1588 2428 1860 2483 Cruciﬁxi

164 2510 394 2566 Domini
469 2512 781 2583 imaginem
855 2515 1054 2571 subter
1129 2523 1389 2577 stantem,
1460 2515 1602 2572 illiso
1679 2532 1861 2586 usque

163 2600 236 2655 ad
298 2601 526 2656 ruinam
586 2603 792 2672 capite,
847 2604 1080 2673 lixoque
1132 2605 1306 2661 latere
1352 2606 1572 2673 dextro,
1625 2605 1858 2676 frangit,

167 2703 284 2743 non
367 2690 605 2758 ustulat,
691 2691 957 2748 dextrum
1023 2708 1159 2749 vero
1233 2694 1534 2749 brachium
1600 2701 1655 2749 et
1727 2709 1860 2750 cru-

166 2775 249 2829 cis
314 2784 368 2832 et
430 2777 698 2848 imaginis
759 2779 841 2835 sic
910 2781 1026 2836 urit
1085 2788 1140 2836 et
1207 2790 1455 2848 truncat,
1525 2789 1590 2836 ut
1656 2791 1862 2851 przeter

169 2877 379 2920 manus
434 2867 696 2935 pollicem
752 2868 822 2924 de
887 2875 999 2925 toto
1051 2869 1285 2926 brachio
1344 2869 1644 2939 quidpiam
1695 2886 1860 2927 nemo

166 2954 433 3021 reperiat.

239 3043 624 3098 Percutiuntur
667 3045 772 3099 duo
801 3047 1067 3100 monachi.
1116 3076 1182 3085 —
1210 3045 1381 3113 Quasi
1415 3061 1552 3117 ergo
1592 3061 1860 3117 percusso

169 3137 394 3199 pastore
412 3131 828 3203 disperguntur
857 3134 1039 3204 plagis
1069 3149 1136 3190 ac
1167 3136 1447 3191 mortibus
1473 3150 1608 3191 oves
1639 3135 1855 3206 (Matth.

166 3234 312 3282 xxvx,
376 3222 484 3283 31).
538 3222 916 3277 Dextrorsum
960 3224 1112 3278 enim
1169 3238 1270 3292 per
1313 3238 1534 3291 arcum,
1579 3224 1676 3279 cui
1725 3239 1858 3294 per-

167 3321 338 3362 cussa
393 3307 580 3379 imago
629 3310 882 3377 suberat,
938 3310 1171 3366 ﬂamma
1225 3311 1420 3367 labens
1476 3312 1533 3366 in
1585 3321 1859 3369 caemento

167 3410 340 3452 arcus
381 3397 772 3454 descendendo
812 3398 1094 3455 bifurcam
1125 3400 1440 3471 nigredinis
1469 3401 1653 3471 rigam
1699 3402 1855 3472 fecit;

165 3491 222 3540 et
269 3484 328 3539 in
377 3485 616 3540 chorum
665 3486 1022 3555 perveniens,
1064 3487 1211 3542 duos
1251 3487 1387 3541 hinc
1420 3494 1474 3542 et
1511 3487 1642 3542 inde
1689 3502 1859 3544 arcus

166 3579 385 3628 stantes
434 3574 744 3629 monachos
795 3575 1062 3643 percutit,
1112 3583 1166 3631 et
1215 3575 1272 3629 in
1325 3582 1608 3630 momento
1649 3577 1859 3631 exani—

166 3675 288 3716 mes
333 3661 532 3716 reddit.
588 3662 992 3719 Sinistrorsum
1037 3671 1232 3720 autem
1279 3663 1622 3719 altrinsecus
1684 3679 1858 3720 ruens

165 3749 376 3804 abrasa
426 3764 525 3818 per
570 3751 786 3821 gradus
829 3767 946 3807 non
985 3752 1194 3822 passim
1243 3753 1504 3808 caementi
1552 3752 1744 3819 litura,
1792 3766 1861 3807 ac

167 3835 214 3892 si
260 3850 471 3894 saxum
518 3839 654 3895 inibi
714 3841 1061 3908 volveretur,
1120 3841 1468 3896 monachum
1517 3841 1685 3896 etiam
1745 3841 1860 3896 illic

166 3933 410 3982 stantem
461 3928 695 3996 tutudit,
747 3929 876 3985 licet
925 3945 1113 4000 neque
1153 3930 1210 3984 in
1259 3930 1507 3998 duobus,
1560 3944 1747 4000 neque
1801 3931 1859 3985 in

169 4014 278 4070 hoc
307 4029 423 4070 uno
448 4017 744 4086 quidpiam
778 4017 1025 4073 ltesionis
1055 4025 1248 4088 aperte
1267 4017 1532 4087 patuerit,
1563 4017 1672 4072 nisi
1705 4019 1858 4088 quod

170 4104 228 4158 in
283 4105 498 4160 eversis
564 4105 741 4176 hujus
787 4106 970 4162 oculis
1031 4107 1104 4161 ab
1167 4121 1307 4162 arcu
1355 4107 1622 4162 decidens
1674 4107 1861 4176 pulvis

1972 408 2139 449 nemo
2166 403 2330 450 aetate
2357 394 2634 451 didicerit.
2670 395 2821 462 Vidi,
2857 396 3039 451 Deum
3073 403 3265 460 testor,
3303 403 3425 466 post
3466 397 3664 451 horam

1972 497 2091 551 qua
2151 483 2270 539 haec
2322 485 2666 550 acciderant,
2716 484 2894 539 beatae
2951 484 3050 539 Dei
3100 484 3403 540 Genitricis
3459 485 3667 555 imagi—

1972 585 2120 638 nem,
2165 587 2294 642 quze
2342 572 2491 627 infra
2538 572 2888 628 crucifixum
2932 573 3119 628 stabat
3156 573 3320 628 vultu
3354 574 3494 629 adeo
3542 583 3666 629 tur-

1972 658 2206 714 bulento
2261 668 2315 716 et
2364 674 2396 714 a
2451 661 2615 716 solita
2671 661 2971 716 serenitate
3019 669 3260 728 mutato,
3326 669 3386 717 ut
3441 662 3667 731 penitus

1969 747 2208 802 alterata
2254 748 2564 804 videretur.
2611 749 2718 815 Qui
2768 763 2899 803 cum
2940 763 3063 804 meo
3111 749 3343 806 intuitui
3393 765 3507 806 non
3539 766 3667 806 cre—

1970 835 2182 903 derem,
2247 838 2368 892 haec
2428 839 2550 908 ipsa
2597 839 2769 894 etiam
2827 839 2899 894 ab
2966 839 3092 894 aliis
3153 847 3346 895 notata
3401 842 3662 909 cognovi.

1969 924 2278 993 Postquam
2311 934 2502 981 autem
2542 940 2576 980 a
2608 933 2857 995 stupore,
2896 926 2999 996 qui
3039 941 3112 982 ex
3143 935 3352 982 eventu
3387 928 3480 983 illo
3511 928 3666 983 acci—

1969 1012 2146 1076 derat,
2183 1015 2502 1082 experrecti
2541 1029 2761 1082 sumus,
2814 1025 2868 1070 et
2917 1015 3263 1071 confessione
3299 1016 3467 1082 facta,
3521 1018 3662 1087 quid

1971 1115 2070 1170 pro
2118 1103 2363 1170 peccatis
2393 1103 2601 1158 nostris
2632 1104 2782 1172 passi
2820 1118 3073 1171 eramus,
3121 1119 3299 1174 supra
3332 1119 3508 1174 quam
3555 1105 3664 1160 dici

1968 1189 2040 1244 ab
2083 1189 2313 1246 homine
2345 1199 2544 1260 potest,
2591 1192 2780 1247 tristes
2826 1206 3064 1261 pensare
3112 1193 3408 1262 ccepimus,
3450 1201 3505 1248 et
3550 1201 3665 1248 sta-

1971 1279 2078 1333 tuti
2136 1292 2170 1332 a
2211 1279 2321 1334 Deo
2377 1287 2577 1334 contra
2625 1279 2794 1334 facies
2844 1287 3068 1335 nostras
3114 1295 3185 1335 ex
3228 1288 3488 1349 respectu
3535 1295 3667 1336 con-

1968 1365 2339 1423 scientiarum
2390 1375 2716 1423 nostrarum
2766 1367 3072 1423 didicimus
3115 1382 3292 1436 quam
3328 1370 3482 1438 juste
3534 1383 3666 1437 per—

1969 1455 2289 1522 tulerimus,
2366 1456 2512 1511 illico
2575 1457 2682 1526 pia:
2762 1457 2951 1511 Matris
3007 1456 3208 1511 faciem
3269 1458 3328 1511 in
3396 1472 3661 1512 serenum

1970 1557 2196 1599 versam
2245 1544 2520 1600 vidimus.
2552 1544 2791 1600 Omnem
2831 1557 2968 1599 sane
3009 1543 3178 1599 ﬁdem
3225 1553 3458 1614 superat
3506 1545 3668 1601 dolor

1970 1639 2024 1687 et
2057 1633 2262 1701 pudor,
2298 1633 2400 1703 qui
2430 1633 2488 1687 in
2515 1633 2679 1688 nobis
2707 1632 3052 1702 aliquandiu
3091 1633 3218 1688 fuit.

2041 1721 2249 1775 Iterum
2290 1721 2356 1774 de
2400 1721 2650 1787 fulmine.
2690 1750 2763 1761 —
2795 1722 2922 1775 Post
2956 1735 3168 1790 paucos
3197 1721 3508 1776 admodum
3556 1736 3668 1777 an—

1969 1821 2074 1863 nos
2120 1824 2253 1864 cum
2316 1809 2494 1880 hujus
2530 1810 2652 1878 jam
2697 1809 2973 1864 memoria
3022 1808 3156 1864 facti
3212 1810 3474 1865 omnium
3527 1824 3668 1879 pene

1969 1897 2397 1953 oblitteraretur
2426 1899 2497 1952 ab
2526 1897 2740 1964 animo,
2774 1898 2956 1953 simile
2991 1899 3141 1954 Deus
3163 1898 3664 1953 commonitorium

1969 1984 2253 2053 repetivit,
2285 1991 2522 2054 excepto
2567 1985 2723 2055 quod
2769 1985 3056 2041 neminem
3089 1986 3256 2042 laesit.
3315 1985 3459 2040 Nam
3493 1985 3668 2055 juxta

1970 2072 2312 2128 eminentem
2357 2087 2596 2128 camerae
2645 2073 2950 2143 cujusdam
2982 2074 3271 2129 caminum
3309 2086 3457 2143 pavo
3503 2081 3666 2128 nocte

1969 2159 2307 2215 substiterat
2334 2159 2661 2230 quieturus,
2695 2161 2753 2215 in
2782 2168 3010 2216 tantum
3042 2168 3105 2216 ut
3131 2175 3188 2216 se
3219 2169 3400 2216 totum
3441 2161 3491 2216 ei
3524 2163 3660 2216 dum

1968 2262 2169 2303 somno
2232 2248 2649 2318 deprimeretur
2694 2248 3076 2318 imprimeret.
3127 2249 3426 2304 Festivitas
3480 2249 3666 2304 sancti

1966 2336 2162 2391 Jacobi
2217 2335 2479 2405 apostoli,
2558 2344 2612 2392 et
2678 2337 2891 2406 pariter
2951 2337 3243 2392 Dominica
3307 2336 3664 2404 habebatur;

1968 2439 2102 2480 cum
2150 2433 2316 2480 nocte
2359 2427 2553 2495 gravis
2586 2425 2832 2480 tonitrus
2875 2425 3070 2496 fragor
3099 2426 3400 2492 insisteret,
3445 2426 3662 2481 fulmen

1967 2514 2193 2570 camino
2227 2513 2417 2580 irruit,
2452 2513 2740 2584 quidquid
2769 2514 2895 2584 ejus
2929 2529 3171 2571 camerae
3199 2515 3489 2570 eminebat
3525 2514 3661 2570 sub-

1968 2603 2104 2663 ruit,
2147 2600 2300 2671 ~pavo
2347 2603 2399 2657 ei
2441 2601 2780 2657 incumbens
2828 2602 3132 2658 immobilis
3163 2602 3333 2670 stetit,
3381 2602 3664 2671 puerulus

1969 2691 2288 2746 monachus
2342 2689 2540 2745 subter
2593 2691 2883 2746 dormiens
2934 2706 3004 2746 ne
3061 2705 3094 2746 a
3159 2705 3358 2746 somno
3428 2690 3662 2760 quidem

1967 2785 2060 2834 est
2109 2778 2362 2848 excitus;
2416 2778 2668 2834 famulus
2699 2787 2891 2835 autem
2934 2780 3171 2850 quidam
3217 2787 3450 2849 stupore
3501 2779 3664 2848 capi—

1969 2867 2039 2923 tis
2068 2882 2134 2923 ac
2177 2867 2570 2922 membrorum
2601 2867 2745 2923 dure
2783 2874 2866 2922 est
2896 2867 3192 2922 attonitus.
3225 2868 3402 2923 Juxta
3431 2865 3663 2921 beatum

1967 2957 2386 3027 Augustinum,
2436 2956 2592 3026 (non)
2627 2955 2870 3024 girustra
2925 2963 3144 3011 montes
3203 2957 3354 3011 Deus
3409 2966 3510 3014 aut
3583 2955 3666 3011 in-

1967 3045 2260 3100 sensibilia
2287 3045 2550 3114 percutit,
2573 3045 2668 3100 sed
2701 3052 2817 3100 uta
2834 3045 3000 3100 nobis
3025 3052 3298 3114 pensetur
3323 3047 3497 3116 quod,
3524 3047 3663 3101 dum

1966 3147 2053 3198 ea,
2096 3148 2227 3203 qua:
2271 3147 2385 3188 non
2432 3141 2687 3202 peccant,
2739 3133 2821 3188 sic
2858 3133 3094 3203 impetit,
3138 3147 3413 3203 magnum
3459 3133 3663 3204 judicii

1967 3222 2274 3278 discrimen
2373 3221 2743 3291 peccantibus
2838 3221 3096 3289 intendit,
3189 3221 3474 3278 nutricem
3562 3236 3664 3291 pro

1967 3310 2226 3380 exemplo
2307 3310 2556 3366 inferens
2623 3315 2774 3364 484
2841 3324 2972 3379 quae
3052 3310 3200 3366 fuste
3264 3317 3490 3365 terram.
3546 3323 3666 3365 ver-

1967 3399 2146 3466 berat,
2172 3405 2234 3454 ut
2264 3398 2614 3454 infantulum
2647 3397 2720 3452 ab
2751 3397 3185 3466 importunitate
3214 3405 3555 3467 compescat.

2039 3487 2122 3540 Dc
2172 3489 2569 3541 conversatione
2623 3485 3006 3540 monachorum
3077 3487 3308 3550 fulmine
3375 3490 3658 3539 tactorum.

1965 3603 2037 3616 —-
2063 3574 2343 3630 Praeteriit
2387 3588 2493 3641 me,
2527 3573 2664 3628 dum
2703 3574 2771 3628 de
2806 3573 2981 3642 priori
3017 3573 3334 3628 infortunio
3376 3573 3660 3642 loquerer.

1967 3663 2036 3718 de
2085 3662 2262 3718 trium
2309 3662 2539 3718 illorum
2564 3661 2667 3732 qui
2716 3661 2990 3731 perempti
3031 3669 3166 3716 sunt
3193 3661 3450 3716 moribus
3482 3660 3658 3729 loqui.

1968 3752 2092 3808 Duo
2159 3750 2444 3821 siquidem
2514 3751 2714 3806 novitii
2776 3752 2876 3804 vix
2933 3757 3058 3804 octo
3120 3749 3176 3804 in
3233 3749 3664 3804 conversatione

1969 3852 2190 3894 menses
2239 3838 2640 3908 impleverant,
2685 3851 2933 3908 quorum
2980 3837 3124 3893 alter
3153 3838 3261 3892 sub
3309 3837 3496 3893 colore
3531 3851 3661 3907 gra-

1968 3927 2159 3982 vitatis
2209 3927 2404 3982 minus
2446 3927 2600 3996 apud
2645 3941 2703 3982 se
2749 3927 2988 3982 idoneus
3029 3933 3172 3994 erat,
3215 3927 3358 3981 alter
3394 3926 3504 3982 sub
3552 3926 3664 3980 levi

1969 4015 2305 4072 habitudine
2360 4016 2440 4070 nil
2496 4015 2668 4070 nimis
2718 4014 2928 4070 odibile
2979 4015 3136 4069 intus
3184 4014 3340 4084 quod
3387 4014 3664 4070 sciremus

1969 4103 2231 4160 habebat.
2265 4103 2351 4170 lli,
2385 4104 2566 4172 pridie
2595 4117 2772 4173 quam
2802 4110 3154 4172 paterentur,
3190 4103 3437 4158 multum
3466 4103 3575 4159 sub
3597 4116 3665 4157 ea

167 4192 458 4261 apparuit.
494 4193 640 4248 Illud
673 4195 883 4250 mirum
915 4195 1147 4264 quidem
1177 4195 1302 4260 fuit,
1337 4195 1491 4264 quod
1523 4195 1623 4264 qui
1648 4197 1854 4252 mortui
1897 4199 1940 4252 D
1967 4205 2142 4262 quam
2201 4192 2322 4247 dixi
2382 4192 2711 4248 diversitate
2764 4206 2823 4246 sc
2879 4199 3192 4262 gesserant,
3253 4206 3420 4247 mane
3468 4192 3660 4258 etiam,

165 4288 305 4336 sunt
371 4281 674 4338 substitere
751 4284 1036 4355 sedentes;
1095 4299 1199 4340 nos
1253 4299 1389 4341 vero
1447 4287 1547 4356 qui
1602 4285 1860 4341 fulminis

166 4371 530 4426 vehementia
593 4363 982 4442 stupéscentes
1045 4388 1187 4442 pene
1249 4373 1544 4429 examines
1605 4388 1855 4439 eramus,

168 4459 333 4529 proni
359 4459 418 4514 in
449 4459 755 4516 alterutros
792 4476 1113 4518 rueramus.
1149 4461 1344 4531 Aliqui
1373 4469 1565 4518 autem
1597 4469 1859 4518 nostrum

166 4549 266 4618 qui
303 4549 632 4617 cecidimus,
680 4564 715 4604 a
761 4551 995 4622 cingulo
1043 4551 1282 4606 inferius
1325 4564 1559 4606 sensum
1607 4552 1861 4621 corporis

165 4651 393 4692 omnem
446 4638 827 4707 perdidimus;
871 4639 1053 4709 aliqui
1091 4639 1230 4695 adeo
1267 4638 1385 4694 laesi
1425 4645 1561 4694 sunt
1592 4647 1657 4694 ut
1703 4647 1859 4694 metu

168 4723 369 4780 mortis
419 4738 579 4780 sacro
633 4725 925 4781 confestim
989 4725 1109 4780 oleo
1162 4739 1258 4780 eos
1308 4725 1741 4794 inungeremus.
1795 4726 1859 4779 In

167 4811 556 4882 quorumdam
598 4813 758 4869 sinus
808 4813 1040 4869 ﬂamma
1076 4813 1407 4869 subintroiit
1444 4820 1499 4868 et
1546 4812 1690 4882 pilos
1737 4813 1862 4868 uni-

165 4913 363 4956 versos
403 4900 675 4969 adurens,
707 4907 761 4957 et
790 4901 1154 4968 ascellarum,
1184 4915 1316 4971 quae
1340 4900 1642 4958 subhircos
1672 4901 1861 4956 nomi-

166 4995 329 5054 nant,
389 4997 783 5045 succrementa
841 4989 1226 5060 conﬂagrans,
1280 4988 1511 5059 pedulcs
1561 5002 1630 5044 ac
1680 4989 1862 5044 soleas

175 5077 528 5146 pertusando
569 5092 668 5147 per
697 5085 956 5134 extrema
983 5077 1365 5149 progreditur.

241 5168 495 5234 Πείραι’-ευ
548 5169 805 5238 imaginis
862 5169 1030 5228 facies
1087 5169 1266 5221 tristis
1311 5171 1558 5235 apparet.
1621 5195 1690 5206 —
1742 5165 1863 5220 Dici

169 5268 286 5310 non
322 5261 500 5323 potest
542 5269 720 5325 quam
745 5255 1096 5325 judicialiter
1127 5255 1184 5309 in
1219 5261 1502 5309 momento
1539 5253 1634 5309 illo
1659 5253 1854 5309 caeles-

170 5342 243 5398 tis
309 5341 616 5413 disciplina
679 5343 945 5410 szevierit,
1015 5356 1113 5411 per
1183 5355 1327 5410 quos
1394 5341 1689 5398 anfractus
1750 5342 1866 5398 huc

174 5431 429 5502 illucque
512 5431 867 5498 discurrerit,
953 5431 1093 5502 quid
1165 5430 1390 5498 laeserit,
1463 5431 1602 5500 quid
1637 5430 1864 5499 usserit,

1967 4294 2083 4350 quo
2126 4281 2249 4336 haec
2296 4282 2680 4352 contigerunt,
2716 4295 2848 4336 cum
2880 4281 3120 4337 tonitrui
3157 4295 3321 4337 voces
3365 4281 3458 4337 ille
3503 4289 3660 4336 exte-

1968 4368 2091 4424 rius
2146 4369 2287 4426 levis
2356 4372 2628 4440 audisset,
2681 4370 2858 4426 verba
2908 4370 3116 4426 exinde
3179 4371 3366 4426 dicere
3418 4370 3665 4425 ridicula

1968 4458 2153 4527 coepit,
2230 4460 2538 4529 statimque
2605 4460 2828 4515 intrans
2901 4459 3197 4515 ecclesiam
3257 4459 3433 4514 ictum
3500 4458 3663 4514 illum

1968 4561 2142 4616 quem
2194 4547 2317 4602 risit
2362 4547 2601 4616 excepit.
2648 4548 2722 4604 At
2767 4546 2970 4603 tertius
3035 4546 3310 4602 vocabulo
3361 4547 3658 4610 Robertus,

1967 4635 2069 4704 qui
2096 4643 2147 4690 et
2182 4636 2238 4690 in
2270 4636 2479 4691 saeculo
2523 4637 2802 4692 Columba
2849 4635 3386 4705 cognominabatur,
3436 4635 3506 4690 ob
3540 4634 3664 4690 sin-

1969 4737 2156 4778 ceram
2208 4737 2383 4793 quam
2440 4724 2684 4780 habebat
2745 4723 3187 4793 simplicitatem,
3244 4722 3478 4794 juvenis
3525 4731 3664 4779 tunc

1969 4811 2172 4881 primis
2249 4811 2411 4882 genis
2493 4813 2962 4883 pubescentibus,
3045 4812 3105 4866 in
3169 4812 3323 4867 omni
3400 4811 3666 4882 cognitus

1971 4901 2284 4966 honestate,
2326 4902 2383 4955 in
2426 4901 2803 4957 ecclesiastico
2847 4914 2913 4955 ac
2963 4900 3213 4955 fraterno
3245 4900 3430 4956 officio
3480 4907 3665 4956 tanto-

1972 5002 2104 5058 pere
2141 4997 2265 5044 erat
2306 4990 2607 5058 expeditus
2647 4997 2700 5045 et
2740 4989 2918 5046 solers
2948 4993 3014 5043 ut
3053 4988 3308 5045 vicarius
3340 5003 3480 5058 pene
3521 5004 3663 5059 quo-

1973 5077 2107 5133 tidie
2157 5079 2414 5134 omnium
2466 5079 2796 5135 haberetur.
2857 5077 3140 5148 Attigerat
3187 5085 3379 5133 autem
3427 5085 3482 5132 et
3527 5077 3668 5132 bene

1973 5166 2429 5236 grammaticam.
2467 5167 2520 5223 ls
2550 5168 2832 5222 matutina
2861 5167 2958 5222 illa
2989 5167 3149 5232 hora,
3175 5181 3306 5236 quae
3337 5165 3412 5222 ibi
3444 5167 3669 5222 fovebat

1973 5254 2236 5321 exitium,
2270 5269 2402 5309 cum
2458 5270 2546 5310 me
2589 5263 2939 5325 surgentem,
2991 5268 3061 5310 ne
3102 5254 3305 5310 solitus
3333 5262 3474 5321 erat,
3519 5271 3668 5325 pric-

1976 5342 2222 5398 venisset
2273 5343 2328 5396 in
2380 5342 2630 5398 claustro
2667 5343 2882 5409 sedere,
2934 5341 3282 5412 signiﬁcavit
3325 5343 3467 5397 mihi
3514 5346 3669 5412 quod

1976 5429 2309 5500 ingentibus
2381 5437 2436 5486 et
2495 5429 2717 5499 reliquo
2792 5444 3028 5500 corpore
3095 5431 3324 5502 magnis
3380 5431 3675 5489 doloribus
