3938 6082
249 167 349 218 887

1146 163 1203 214 V.
1249 161 1582 217 GUIBERTI
1623 161 1916 216 ABBATIS
1955 161 2010 215 S.
2058 160 2295 214 MARIIE
2336 158 2426 215 DE
2469 158 2862 215 NOVIGENTO

3660 163 3774 215 888

248 300 578 370 angeretur.
636 298 709 354 Et
751 295 996 353 subinde
1051 304 1400 352 commotum
1460 295 1820 366 respectabat
1877 294 1950 351 ad
1989 297 2035 349 Α
2065 302 2194 351 ctus
2253 294 2480 351 horruit
2528 293 2803 364 seipsum,
2859 293 2957 350 sed
3001 264 3314 364 antequam
3373 295 3770 364 conﬁteretur,

249 401 458 453 aerem,
505 401 578 442 ex
609 401 724 456 quo
762 393 817 441 et
866 398 1001 440 mox
1030 384 1321 440 occubuit.
1363 385 1505 440 Ecce
1545 391 1675 440 ante
1719 383 1952 440 ruinam

249 490 349 531 cor
394 475 621 530 illorum
671 474 927 529 duorum
975 472 1366 542 exaltabatur,
1413 486 1684 542 quorum,
1728 478 1791 527 ut
1831 486 1951 528 cre-

249 562 460 630 dimus,
522 563 580 617 in
633 560 732 618 Dei
787 560 1008 633 judicio
1079 561 1333 617 severior
1389 575 1525 616 mox
1577 567 1700 616 erat
1755 561 1954 616 futura

249 651 560 721 sententia;
612 650 853 722 gloriam
897 663 1034 706 vero
1085 651 1142 705 in
1193 650 1296 706 isto
1348 649 1706 720 praecedebat
1761 649 1953 704 humi-

252 739 400 808 litas,
451 739 548 795 cui
596 746 650 795 et
697 738 848 795 illico
895 739 1041 795 nulli
1080 739 1326 795 dubium
1370 739 1514 809 quin
1563 738 1761 793 divina
1813 737 1956 793 foret

251 842 554 884 accessura
599 828 944 884 sublimitas.
994 827 1138 884 Nam
1179 827 1410 884 cuidam
1460 841 1594 882 mox
1637 827 1953 882 revelatum

249 925 332 973 est
379 917 519 987 quia
564 917 624 972 hi
661 924 775 973 tres
806 917 1048 973 Romam
1096 915 1169 971 ad
1203 915 1477 972 Sanctum
1511 916 1743 972 Petrum
1794 915 1956 984 pari-

253 1014 338 1062 ter
380 1006 848 1076 commigrarent,
896 1005 993 1062 sed
1046 1005 1161 1060 duo
1210 1005 1567 1072 umbratiles,
1620 1012 1674 1060 et
1709 1003 1810 1074 qui
1855 1004 1955 1060 vix

252 1095 437 1151 videri
482 1101 731 1164 possent,
765 1093 967 1150 tertius
1017 1093 1111 1149 ille
1149 1093 1399 1161 albatus,
1445 1101 1500 1149 et
1529 1092 1695 1150 solita
1737 1092 1958 1164 sagaci-

255 1190 370 1240 tate
399 1183 598 1250 vivax,
633 1195 701 1238 ac
729 1181 954 1238 mobilis
986 1181 1350 1251 properabat.

325 1272 576 1328 Accessit
651 1280 775 1342 post
833 1271 1054 1341 aliquot
1101 1285 1285 1326 annos
1326 1271 1448 1340 jam
1488 1270 1696 1326 horum
1746 1269 1957 1337 oblitis,

253 1369 308 1418 et
361 1360 663 1417 securitate
724 1359 1103 1430 torpentibus,
1161 1358 1327 1415 tertia
1374 1358 1668 1414 correctio.
1710 1360 1838 1415 Jam
1885 1358 1957 1414 ab

255 1450 492 1506 ecclesia
547 1450 748 1505 eadem
799 1449 1020 1504 fueram
1082 1447 1397 1518 digressus.
1459 1448 1625 1503 Mane
1683 1447 1956 1518 quodam,

258 1553 375 1609 quo
424 1538 580 1594 ﬁeret
626 1545 1006 1607 tempestuosa
1051 1536 1377 1602 commotio,
1429 1535 1501 1591 ad
1541 1535 1732 1606 majus
1778 1536 1958 1592 altare

257 1627 489 1683 litanias
535 1626 825 1681 cantaturi
872 1631 1286 1695 processerant.
1330 1627 1392 1678 In
1450 1625 1622 1680 choro
1671 1624 1844 1693 enim,
1899 1624 1957 1680 in

258 1731 375 1786 quo
433 1715 686 1784 primum
744 1713 1044 1780 ceciderat,
1103 1713 1412 1768 subsistere
1470 1727 1585 1767 non
1645 1713 1957 1779 audebant,

262 1817 396 1859 cum
443 1803 632 1859 subito
671 1802 907 1857 ﬂamma
953 1815 1203 1870 superna
1249 1799 1387 1865 ruit,
1428 1808 1503 1867 et,
1552 1800 1721 1856 sicuti
1772 1801 1810 1855 ii
1859 1801 1960 1870 qui

265 1893 459 1948 videre
516 1890 703 1946 testati
772 1897 927 1957 sunt,
1001 1903 1187 1959 usque
1235 1889 1308 1943 ad
1355 1887 1554 1945 altaris
1614 1889 1960 1959 crepidinem

264 1978 676 2047 descendendo,
718 1978 1028 2034 circuitum
1067 1977 1194 2048 ejus
1229 1984 1374 2034 tetra
1416 1977 1489 2032 ad
1537 1977 1836 2048 sulphuris
1875 1978 1961 2033 in-

264 2073 385 2122 star
444 2065 718 2136 implevit.
779 2065 1022 2122 Cuidam
1069 2066 1348 2122 monacho
1395 2066 1720 2136 presbytero
1771 2067 1966 2124 oculos

270 2154 348 2210 ibi
403 2154 666 2222 obduxit,
717 2154 945 2210 duobus
1000 2154 1196 2224 pueris
1256 2155 1327 2210 ad
1385 2154 1582 2212 altaris
1645 2155 1965 2225 pedaneum

273 2243 462 2312 capita
506 2242 868 2310 habentibus,
929 2256 997 2298 ac
1047 2242 1362 2312 prostratis,
1414 2256 1664 2313 quorum
1710 2244 1854 2299 alter
1894 2257 1967 2298 ex

275 2332 472 2388 Judzeo
503 2346 836 2399 conversus,
884 2331 982 2387 sed
1017 2329 1460 2400 prmcordialiter
1490 2331 1670 2386 ﬁdelis
1703 2338 1845 2398 erat,
1898 2331 1968 2387 ab

278 2421 445 2477 altari
514 2420 775 2488 sublatis,
833 2419 1150 2489 proculque
1208 2419 1533 2486 transactis,
1585 2420 1754 2489 pedes
1809 2433 1970 2476 aram

280 2523 501 2575 versus,
551 2515 722 2578 caput
765 2507 836 2562 ab
867 2507 1062 2564 abside
1111 2509 1384 2577 parietem
1418 2507 1555 2577 ipsis
1583 2508 1972 2565 nescientibus

274 2604 466 2653 motus
504 2596 597 2652 ille
640 2595 938 2651 convertit.
987 2595 1217 2662 Arcam,
1265 2610 1396 2666 qua:
1430 2601 1555 2665 post
1602 2596 1782 2652 altare
1827 2604 1969 2664 erat,

283 2699 382 2754 per
428 2684 552 2740 loca
608 2683 915 2739 debilitans
959 2683 1178 2738 fulmen
1226 2683 1462 2751 introiit,
1503 2684 1790 2754 planetam
1843 2699 1974 2754 quze

278 2772 576 2843 pretiosior
617 2771 953 2842 putabatur,
995 2786 1127 2827 cum
1156 2785 1289 2841 pars
1321 2772 1572 2842 plurima
1602 2773 1678 2829 ibi
1720 2772 1975 2830 thesauri

277 2866 424 2917 esset
460 2859 731 2926 ecclesiae,
785 2858 964 2915 solam
1013 2859 1122 2915 fide
1159 2860 1434 2929 corrupit.
1485 2860 1665 2932 Cujus
1708 2861 1830 2917 haec
1868 2861 1976 2917 mi-

278 2949 462 3005 randa
491 2949 636 3005 ratio
665 2955 770 3005 est.

347 3041 396 3093 A
442 3053 576 3110 rege
604 3038 947 3109 Anglorum,
982 3038 1106 3094 viro
1149 3052 1385 3108 prorsus
1415 3039 1724 3111 illegitimo,
1771 3047 1826 3096 et
1861 3041 1976 3096 Ec-

279 3128 465 3184 clesiis
511 3127 752 3195 infenso,
788 3126 889 3197 qui
919 3126 1126 3194 Rufus,
1160 3127 1317 3196 quod
1345 3135 1399 3183 et
1437 3135 1579 3195 erat,
1612 3130 1977 3198 cognomina-

279 3218 452 3273 batur
510 3217 641 3286 (40),
697 3229 873 3286 quem
918 3216 1072 3272 Deus
1123 3215 1213 3270 sui
1261 3215 1442 3286 ipsius
1492 3217 1694 3272 amasii
1746 3218 1972 3288 sagitta,

278 3307 422 3362 dum
483 3313 810 3374 venaretur,
865 3305 1089 3372 occidit,
1154 3304 1381 3375 planeta
1444 3305 1566 3374 ipsa
1621 3320 1695 3361 ex
1747 3306 1977 3362 nomine

283 3394 453 3464 petita
489 3400 592 3450 est.
645 3393 751 3458 Qui
803 3393 1060 3464 proprios
1107 3407 1238 3448 cum
1271 3392 1447 3449 nollet
1483 3393 1798 3449 exhaurire
1847 3393 1979 3449 the-

283 3497 508 3550 sauros,
557 3482 907 3538 monachum
957 3481 1136 3552 hujus
1195 3481 1278 3537 rei
1319 3488 1687 3538 executorem
1727 3481 1978 3538 destina-

284 3572 364 3628 vit
409 3572 482 3627 ad
517 3571 778 3627 abbatem
829 3569 1162 3626 monasterii
1207 3569 1307 3640 (⁸ο)
1347 3570 1503 3640 quod
1547 3571 1864 3627 vocabatur
1911 3571 1979 3627 de

284 3660 456 3726 Bello,
521 3659 804 3715 mandans
855 3657 906 3714 ei
967 3664 1032 3714 ut
1088 3658 1418 3728 quindecim
1475 3673 1700 3715 marcas
1756 3661 1979 3730 argenti

284 3748 393 3819 ipsi
456 3748 741 3803 monacho
801 3746 976 3803 daret.
1042 3747 1261 3803 Abbate
1321 3761 1456 3802 vero
1514 3755 1810 3815 renuente,
1881 3763 1980 3818 per

285 3837 436 3908 regis
478 3836 809 3892 violentiam
848 3836 1178 3891 monasterii
1227 3836 1414 3904 praeda
1445 3836 1713 3902 abducta,
1755 3844 1809 3892 et
1847 3851 1978 3892 mox

283 3924 494 3980 marcis
525 3922 874 3994 quindecim,
915 3922 1085 3979 vellet
1114 3923 1307 3990 nollet,
1335 3923 1406 3979 ab
1432 3925 1631 3980 eodem
1667 3924 1868 3980 abbate
1897 3932 1982 3980 est

286 4012 596 4081 redempta.
652 4011 791 4066 Inde
845 4010 1143 4081 sacrilega,
1204 4011 1316 4068 imo
1355 4026 1454 4081 per
1499 4013 1804 4084 sacrilegos
1852 4012 1980 4082 pla-

287 4108 419 4156 neta
467 4107 623 4155 tanta
679 4107 762 4154 est
821 4098 992 4154 etiam
1051 4099 1254 4156 fraude
1295 4108 1574 4170 coempta,
1621 4115 1726 4157 nec
1776 4100 1979 4157 minori

288 4186 492 4243 fraude
538 4186 869 4256 composita,
914 4194 975 4243 ut
1002 4187 1060 4242 in
1093 4188 1478 4257 procurando,
1523 4189 1580 4243 in
1610 4189 1871 4256 emendo,
1920 4197 1982 4245 ut

287 4274 682 4345 componendo
729 4281 845 4330 tota
892 4282 1110 4331 constet
1157 4275 1216 4330 in
1263 4275 1656 4332 maledictionc
1707 4277 1980 4345 conﬂata;

286 4378 392 4420 nec
433 4362 587 4420 enim
619 4362 872 4419 medium
904 4364 1087 4433 pretii,
1125 4371 1432 4434 postquam
1466 4372 1586 4434 post
1613 4366 1770 4421 hunc
1809 4380 1980 4421 even-

291 4461 413 4510 tum
445 4452 504 4507 in
533 4459 723 4522 partes
759 4452 933 4508 missa
962 4453 1320 4510 considerata
1353 4452 1480 4522 fuit,
1512 4461 1596 4509 est
1626 4455 1815 4510 valere
1853 4468 1984 4524 pro-

288 4543 442 4598 bata.
475 4543 543 4597 In
583 4541 705 4612 ipsa
749 4541 919 4612 plane
960 4541 1087 4612 ejus
1118 4541 1522 4611 compositione
1551 4543 1733 4598 multa
1757 4550 1984 4612 empto-

288 4631 367 4687 ris
433 4630 594 4686 fraus
654 4631 872 4687 detecta
939 4637 1079 4686 tunc
1138 4636 1242 4685 est.
1310 4629 1442 4685 Haec
1509 4629 1687 4702 igitur
1749 4631 1985 4701 integris

287 4720 507 4777 caeteris
553 4718 907 4775 ornamentis
941 4718 1023 4772 sic
1069 4725 1153 4774 est
1189 4718 1321 4789 jure
1363 4718 1655 4788 damnata,
1711 4719 1840 4775 licet
1877 4733 1984 4775 suo

289 4807 592 4865 mercatori
621 4806 794 4863 simili
827 4820 1064 4876 parsum
1092 4805 1358 4862 videatur
1379 4820 1411 4861 a
1439 4820 1626 4876 poena.

357 4895 600 4953 Cuidam
649 4899 842 4949 autem
875 4893 1156 4948 monacho
1204 4893 1527 4949 mordacem
1578 4891 1801 4964 gerenti
1840 4906 1983 4947 con—

287 4984 586 5043 scientiam
617 4989 749 5038 ante
775 4983 881 5038 hoc
905 4981 1120 5038 factum
1155 4982 1263 5039 tale
1287 4981 1428 5052 quid
1456 4981 1761 5052 apparuit:
1787 4981 1984 5052 [maga

291 5073 516 5130 Domini
567 5071 827 5128 cruciﬁxi
857 5070 928 5128 de
966 5084 1135 5128 cruce
1163 5071 1501 5128 descendere
1538 5069 1864 5136 videbatur,
1914 5070 1982 5124 de

290 5163 580 5231 manibus,
631 5161 824 5224 latere,
890 5173 957 5215 ac
1003 5159 1242 5230 pedibus
1302 5158 1586 5230 sanguine
1632 5157 1977 5214 exstillante.

291 5250 396 5307 Per
461 5250 619 5306 chori
687 5248 941 5306 medium
1002 5247 1268 5305 incedens
1321 5247 1509 5304 dicere
1569 5245 1915 5303 audiebatur
1964 5261 1977 5300 :

299 5361 320 5388 ι
366 5339 485 5396 Nisi
541 5338 778 5394 confessn
814 5337 1054 5404 fueritis,
1095 5337 1436 5394 moriemini.
1486 5355 1513 5384 »
1563 5334 1673 5402 Qui
1718 5349 1982 5405 experre-

365 5425 472 5497 (40)
504 5425 842 5483 Guillelmus
871 5425 942 5480 II.

2060 384 2216 440 subit
2267 383 2602 454 hujusmodi
2658 397 2793 440 cum
2840 383 3060 439 caeteris
3104 383 3376 440 omnibus
3415 385 3769 454 periculum,

2062 473 2162 542 qui
2204 472 2495 529 confessus
2537 472 2678 543 justi
2722 472 2924 543 judicii
2956 486 3236 543 magnum
3279 473 3432 528 dedit
3459 473 3770 530 indicium.

2062 563 2169 618 Pro
2214 577 2329 632 quo
2369 563 2490 632 jam
2535 569 2898 617 consternato
2933 561 3285 628 discrimine,
3332 561 3424 617 die
3473 577 3589 631 quo
3639 562 3776 617 haec

2066 650 2319 720 primum
2369 650 2644 717 accidere,
2680 649 2956 720 perennia
2984 651 3296 721 quotannis
3323 657 3460 705 sunt
3499 650 3776 707 instituta

2058 739 2303 810 jejunia,
2339 739 2953 809 eleemosynarumque
3003 739 3294 795 beneﬁcia.
3349 738 3442 808 (5')
3491 740 3662 795 Missa
3693 740 3774 794 ad

2064 828 2288 884 beatam
2354 827 2595 885 Mariam
2667 834 2722 884 et
2793 828 2863 883 de
2928 828 3052 897 ipsa
3119 829 3479 897 quotidiana,
3560 835 3783 898 praeter

2065 917 2214 972 hanc
2240 931 2476 986 quoque
2521 915 2694 972 missa
2719 916 2788 972 de
2817 916 3006 972 Natali
3039 917 3268 973 Domini
3309 917 3381 973 ad
3408 917 3587 973 altare
3618 918 3782 973 San-

2066 1004 2142 1061 cti
2197 1004 2490 1062 Michaelis
2525 1003 2678 1060 omni
2723 1004 3042 1060 Dominica.
3094 1004 3200 1062 Sed
3238 1005 3358 1076 jam
3394 1019 3782 1076 properemus

2065 1091 2139 1147 ad
2179 1091 2312 1147 alia.

2675 1213 2909 1270 CAPUT
2945 1213 3159 1270 XXIV.

2143 1360 2419 1414 Dmmones
2474 1362 2675 1412 terrent
2730 1357 3049 1412 monachum
3093 1360 3260 1412 morti
3294 1362 3637 1427 proximum,
3683 1376 3789 1429 qu,-

2067 1449 2208 1503 malo
2279 1450 2384 1516 ﬁne
2436 1449 2624 1516 periit.
2675 1477 2745 1486 —
2793 1447 2873 1502 Eo
2930 1460 3103 1514 anno,
3164 1449 3278 1504 imo
3334 1454 3461 1517 post
3518 1454 3785 1517 quatuor

2069 1535 2238 1606 primi
2267 1549 2437 1592 casus
2483 1549 2729 1602 menses,
2771 1535 3011 1606 quidam
3057 1536 3381 1592 monachus
3410 1534 3615 1590 ordine
3647 1549 3778 1604 pre—

1998 1599 2036 1652 Β
2066 1625 2278 1694 sbyter,
2312 1623 2514 1680 matris
2555 1637 2694 1679 mem
2729 1623 3023 1694 quondam
3072 1622 3132 1678 in
3162 1623 3372 1680 saeculo
3414 1599 3777 1692 capellanus,

2067 1712 2158 1769 vir
2202 1713 2275 1768 ad
2321 1712 2556 1768 oculum
2612 1720 2753 1768 tunc
2793 1710 3119 1782 religiosus,
3169 1712 3268 1768 sed
3315 1719 3454 1767 tunc
3510 1719 3564 1767 et
3618 1721 3780 1781 post-

2067 1801 2307 1856 modum
2348 1800 2502 1856 vitiis
2519 1799 2872 1868 enormibus,
2908 1813 2942 1854 a
2979 1799 3196 1869 quibus
3222 1800 3483 1856 custodia
3516 1799 3782 1855 humana

2069 1889 2344 1946 abstineri
2397 1903 2514 1945 non
2573 1896 2807 1958 poterat,
2870 1889 3360 1945 irretractabiliter
3398 1889 3652 1955 deditus,
3705 1889 3781 1944 fa-

2069 1978 2176 2034 cile
2233 1985 2479 2048 cceperat
2535 1976 2837 2033 inﬁrmari.
2897 1977 3004 2042 Qui
3070 1976 3421 2047 insperatam
3479 1977 3539 2032 in
3603 1977 3782 2033 biduo

2071 2066 2386 2136 perductus
2436 2066 2508 2121 ad
2559 2073 2822 2126 mortem,
2862 2064 3029 2134 coepit
3071 2064 3339 2121 atrociter
3386 2065 3494 2121 hac
3533 2065 3785 2134 illacque

2072 2160 2224 2210 485
2273 2153 2579 2224 despicere.
2641 2157 2905 2224 Cumque
2961 2154 3033 2210 ab
3083 2154 3151 2209 iis
3195 2152 3296 2224 qui
3335 2168 3455 2210 esse
3495 2154 3624 2224 ejus
3674 2169 3784 2211 no-

2076 2251 2278 2301 verant
2308 2251 2617 2314 rogaretur
2659 2243 2798 2312 quid
2832 2250 3110 2308 cerneret,
3147 2242 3440 2312 respondit
3473 2257 3486 2297 :
3534 2243 3786 2298 Domum

2075 2333 2305 2403 plenam
2346 2331 2611 2388 barbaris
2654 2331 3009 2388 hominibus.
3063 2332 3326 2402 Cumque
3367 2331 3443 2387 illi
3495 2331 3785 2402 intellige-

2080 2429 2207 2476 rent
2252 2421 2361 2476 sibi
2413 2435 2509 2476 eos
2559 2421 2659 2490 qui
2704 2420 3052 2476 videbantur
3090 2435 3204 2475 non
3257 2419 3397 2476 alios
3445 2435 3622 2489 quam
3675 2421 3787 2476 daa-

2079 2523 2274 2565 mones
2348 2508 2668 2574 imminere,
2744 2515 3044 2578 coeperunt
3109 2508 3159 2564 ei
3215 2523 3524 2579 suggerere
3589 2516 3655 2564 ut
3723 2523 3785 2564 se

2081 2598 2354 2668 signaret,
2390 2605 2445 2653 et
2487 2597 2712 2652 beatam
2738 2597 2839 2653 Dei
2875 2597 3224 2653 Genitricem
3270 2597 3536 2652 invocare
3574 2611 3784 2666 spera-

2082 2693 2204 2742 ret:
2263 2707 2284 2734 ι
2321 2685 2507 2755 Spem,
2554 2685 2766 2754 inquit,
2807 2692 2862 2740 et
2907 2685 3179 2741 ﬁduciam
3231 2685 3289 2739 in
3334 2685 3457 2754 ipsa
3505 2684 3786 2739 haberem

2082 2774 2191 2830 nisi
2220 2775 2462 2830 barones
2493 2773 2583 2828 isti
2615 2773 2963 2829 insisterent.
3000 2794 3019 2821 ι
3057 2773 3267 2830 Mirum
3298 2772 3456 2828 dictu
3486 2773 3636 2842 quod
3674 2773 3788 2828 ba-

2032 2904 2054 2922 η
2084 2878 2251 2920 rones
2307 2877 2401 2918 eos
2461 2863 2772 2928 vocaverit,
2833 2861 2990 2932 quod
3045 2876 3120 2918 ex
3189 2861 3386 2917 Graeca
3437 2859 3788 2930 etymologia

2085 2965 2290 3022 graves
2341 2950 2646 3021 signiﬁcat.
2708 2950 2795 3018 Et,
2847 2965 2879 3006 o
2923 2963 3100 3020 quam
3149 2949 3296 3006 male
3345 2962 3554 3019 graves
3594 2955 3782 3014 erant,

2084 3039 2187 3109 qui
2253 3053 2369 3094 non
2423 3039 2542 3109 jam
2614 3037 2949 3107 poenitentia
3013 3047 3114 3094 aut
3173 3038 3530 3093 invocatione
3583 3037 3784 3107 aliqua

2085 3127 2307 3184 amoliri
2384 3127 2717 3183 valuerant!
2788 3128 3157 3197 Interrogant
3221 3126 3469 3195 denique
3536 3125 3591 3179 in
3665 3140 3783 3195 quo

2086 3216 2444 3287 potissimum
2475 3223 2807 3286 angeretur.
2842 3215 3163 3284 Respondet
3203 3215 3298 3270 ille
3326 3215 3406 3270 sic
3443 3229 3500 3270 se
3548 3215 3778 3280 sentire,

2085 3320 2152 3361 ac
2205 3306 2250 3360 si
2299 3305 2502 3376 ingens
2535 3304 2853 3374 productile
2904 3304 3123 3360 ferrum
3167 3311 3371 3374 guttur
3395 3303 3523 3373 ejus
3545 3310 3598 3358 et
3631 3316 3781 3372 pra:—

2085 3394 2300 3463 cordia,
2334 3394 2568 3450 flamma
2613 3393 3082 3460 excandescente,
3132 3399 3447 3462 perureret.
3505 3391 3644 3446 Cum
3685 3404 3783 3445 au-

2086 3491 2199 3539 tem
2229 3489 2374 3539 esset
2404 3497 2520 3537 nox
2563 3481 2936 3552 quietissima,
2970 3488 3035 3536 ut
3065 3494 3136 3535 ne
3172 3479 3499 3536 venticulus
3544 3479 3781 3534 audire-

2088 3577 2203 3639 tur,
2259 3577 2557 3640 cceperunt
2601 3568 2863 3624 fenestrae
2919 3568 3126 3624 domus
3183 3567 3500 3637 parietibus
3551 3565 3778 3635 appelli,

2086 3667 2140 3715 et
2171 3658 2339 3729 quasi
2367 3673 2441 3714 ex
2477 3658 2674 3727 aliqua
2706 3657 3048 3713 intrantium
3091 3655 3416 3725 frequentia
3447 3655 3644 3710 crebro
3691 3668 3782 3708 re-

2089 3747 2330 3818 percuti.
2382 3747 2509 3802 Duo
2548 3760 2682 3802 eum
2725 3745 3011 3810 monachi,
3055 3744 3272 3800 caeteris
3335 3745 3392 3799 in
3427 3744 3593 3799 domo
3642 3743 3783 3798 dor-

2088 3836 2420 3902 mientibus,
2481 3835 2875 3902 asservabant,
2915 3841 2989 3901 et,
3041 3833 3251 3888 conscii
3291 3832 3447 3903 quod
3481 3831 3617 3888 talia
3662 3846 3782 3887 non

2087 3938 2158 3979 ex
2209 3923 2358 3979 bono
2403 3922 2624 3990 ﬁerent,
2674 3922 3017 3978 aestuabant.
3052 3923 3206 3977 Inter
3233 3921 3329 3976 illa
3357 3935 3495 3992 ergo
3525 3934 3654 3990 quae
3699 3920 3781 3974 di-

2086 4013 2282 4068 ximus
2314 4013 2495 4069 verba
2523 4011 2760 4068 efﬂavit.
2793 4012 2930 4067 Erat
2961 4018 3155 4067 autem
3203 4009 3370 4065 homo
3401 4008 3598 4065 multis
3625 4007 3783 4063 indi-

2089 4102 2408 4172 gnitatibus
2450 4101 2730 4168 addictus,
2765 4100 2919 4156 unde
2958 4107 3014 4156 et
3046 4100 3216 4155 talem
3265 4097 3442 4154 vitam
3494 4096 3620 4152 talis
3655 4111 3786 4152 con-

2022 4206 2066 4260 D
2091 4197 2323 4246 secutus
2347 4195 2433 4246 est
2461 4189 2672 4246 exitus.

2166 4281 2231 4334 In
2279 4278 2601 4335 coemeterio
2645 4277 2897 4333 ecclesiae
2956 4276 3109 4332 illius
3157 4275 3488 4346 sepulcrum
3549 4273 3782 4328 cuidam

2092 4366 2360 4424 defuncto
2403 4366 2685 4422 monacho
2715 4365 3067 4434 parabatur;
3099 4355 3204 4420 nec
3239 4363 3354 4432 ille,
3397 4362 3491 4420 cui
3521 4362 3575 4417 id
3613 4360 3785 4416 ofﬁcii

2093 4455 2390 4522 attinebat,
2425 4454 2750 4511 meminisse
2785 4469 2899 4509 non
2950 4460 3187 4524 poterat,
3221 4468 3286 4508 eo
3315 4467 3374 4508 se
3417 4452 3476 4507 in
3520 4450 3639 4506 loco
3684 4458 3784 4506 tu-

2093 4543 2318 4600 mulum
2341 4542 2610 4599 ell'ecisse.
2663 4542 2826 4598 Fodit
2866 4542 3066 4613 igitur,
3105 4549 3161 4598 et
3199 4555 3330 4597 cum
3362 4540 3567 4596 altiora
3609 4539 3779 4608 petis—

2092 4641 2195 4699 set,
2229 4632 2486 4688 tabulam
2516 4647 2648 4702 quae
2687 4631 2928 4701 supponi
2975 4631 3115 4686 solet
3153 4629 3508 4700 sarcophago
3558 4628 3777 4696 reperit,

2093 4736 2212 4792 qua
2249 4721 2481 4787 dimota,
2534 4733 2790 4776 vacuum
2838 4733 2982 4789 pene
3010 4717 3338 4788 sepulcrum
3395 4715 3634 4781 invenit,
3676 4714 3782 4768 nisi

2093 4810 2248 4881 quod
2279 4809 2572 4866 cucullum
2602 4807 2714 4880 (δ’),
2749 4822 2922 4878 quem
2969 4819 3305 4876 caperonem
3338 4804 3516 4874 vulgo
3564 4804 3782 4873 (chape—

2091 4915 2208 4964 ron,
2241 4905 2295 4954 et
2334 4896 2630 4968 capuchon)
2678 4903 2909 4961 vocant,
2943 4909 3077 4950 cum
3119 4895 3303 4964 capite
3348 4893 3660 4948 introrsum
3697 4904 3778 4944 re-

2093 4985 2294 5054 posito,
2335 4992 2390 5040 et
2423 4985 2680 5054 crepides
2711 4983 2837 5041 feno
2868 4983 3210 5053 semiplenas
3248 4981 3428 5050 (quod
3457 4980 3594 5035 olim
3643 4985 3777 5034 tem-

2096 5086 2230 5142 pore
2274 5072 2587 5142 sepulturae
2627 5073 2842 5128 factum
2873 5079 2973 5139 est,
3011 5079 3073 5127 ut
3101 5070 3290 5140 magis
3319 5069 3574 5124 hrcreant
3623 5067 3779 5136 pedi-

2093 5161 2219 5224 bus)
2260 5161 2332 5216 ad
2387 5160 2555 5230 pedes
2613 5160 2957 5231 sarcophagi
3013 5159 3240 5229 reperit,
3296 5159 3350 5213 in
3415 5164 3530 5212 toto
3595 5163 3780 5211 autem

2093 5249 2279 5305 medio
2326 5249 2494 5304 nihil.
2539 5249 2698 5316 Quod
2743 5263 2877 5304 cum
2927 5248 3109 5318 aliqui
3150 5247 3446 5313 vidissent,
3500 5243 3776 5314 nobisque

2091 5339 2434 5405 retulissent,
2478 5337 2576 5394 Dei
2619 5335 3190 5407 incomprehensibile
3248 5334 3533 5405 judicium
3589 5332 3772 5388 mirati
