3902 6082
70 253 188 305 889

1187 251 1277 306 DE
1318 251 1479 307 VITA
1515 251 1649 308 SUA
1687 249 1874 306 LIBRI
1909 249 2112 307 TRES.
2159 279 2227 290 --
2266 249 2390 304 LIB.
2435 249 2476 303 Ι.

3498 257 3600 308 890
3640 225 3650 234 ’

77 401 296 443 sumus
329 404 342 441 :
374 401 506 458 qua
555 393 672 443 tam
702 386 920 444 occulte
957 401 1024 443 ac
1052 387 1340 444 subtiliter
1369 387 1489 444 fieri
1523 385 1791 458 pervide-
1828 388 1874 440 Α
1904 384 2006 441 sibi
2039 385 2248 441 obvius
2294 384 2421 452 fuit,
2454 392 2508 441 et
2562 384 2711 441 fuste
2768 384 2986 441 elevato
3037 387 3386 443 monachum
3433 388 3600 457 quasi

82 489 242 532 mus.
279 476 343 530 In
383 490 498 546 quo
529 475 671 532 illud
705 475 949 547 dignum
979 484 1062 532 est
1100 476 1398 543 miraculo,
1432 476 1588 546 quod
1618 481 1794 546 caput

85 563 171 618 ibi
209 563 531 620 dimissum.
585 564 806 633 Corpus
854 572 1046 620 autem
1077 580 1193 634 quo
1238 567 1348 621 Deo
1382 564 1593 635 placuit
1625 578 1658 618 a
1688 578 1792 620 suo

83 651 216 707 loco
274 660 639 722 exportatum
687 660 789 708 est.
842 653 946 710 Cui
1003 654 1187 709 simile
1228 653 1504 723 quiddam
1554 667 1587 707 a
1629 653 1792 707 bona

87 740 387 796 memoria
415 741 674 797 Manasse
705 741 1154 812 archiepiscopo,
1185 742 1284 812 qui
1318 749 1450 797 ante
1480 741 1582 796 hos
1611 753 1793 795 annos

89 826 422 884 fidelissime
489 829 758 897 decessit,
819 837 873 885 et
934 830 1146 885 certius
1183 843 1217 884 a
1282 829 1579 884 monachis
1643 827 1792 883 beati

90 916 336 987 Remigii
371 918 428 972 in
458 918 722 973 Remensi
756 918 896 974 urbe
935 917 1202 973 addidici.
1250 916 1524 973 Artaldus
1555 915 1793 986 quidam

92 1005 273 1074 hujus
303 1005 550 1061 civitatis
575 1006 1040 1076 archiepiscopus
1069 1006 1140 1060 ad
1169 1006 1337 1075 pedes
1376 1005 1526 1060 beati
1555 1003 1793 1072 Remigii

91 1093 389 1162 quondam
422 1093 611 1150 fuerat
641 1094 901 1164 sepultus
935 1108 947 1148 :
980 1095 1080 1164 qui
1113 1101 1236 1164 post
1264 1094 1513 1164 plurima
1539 1100 1794 1162 tempora

91 1195 167 1236 ex
225 1180 600 1237 adiﬁciorum
666 1182 1079 1239 mutandorum
1135 1183 1468 1238 necessitate
1525 1188 1789 1244 retectus,

93 1282 230 1324 cum
264 1270 390 1337 ejus
419 1269 752 1340 sepulcrum
801 1271 1001 1327 fuisset
1031 1278 1316 1341 apertum,
1353 1271 1495 1326 nihil
1546 1270 1683 1326 inibi
1725 1270 1794 1326 de

93 1357 225 1427 ejus
267 1373 498 1428 corpore
530 1365 612 1414 est
660 1360 894 1414 omnino
939 1368 1251 1430 repertum,
1302 1361 1530 1430 planeta
1577 1359 1696 1415 sola
1726 1359 1795 1414 de

94 1447 224 1516 ejus
266 1447 522 1502 vestibus
556 1447 668 1503 illic
720 1449 953 1504 residua
1003 1450 1290 1518 apparuit,
1345 1462 1522 1518 quam
1575 1454 1795 1503 constat

95 1535 238 1604 quia
293 1549 428 1591 cum
482 1536 609 1606 ejus
662 1551 895 1606 corpore
946 1551 1062 1592 non
1114 1537 1317 1602 tabuit,
1365 1537 1507 1608 quia
1559 1550 1796 1607 prorsus

99 1623 275 1680 illasa
301 1625 504 1693 patuit.
542 1625 613 1681 Et
638 1632 788 1680 certe
816 1625 864 1680 si
893 1625 1020 1695 ejus
1049 1639 1259 1695 corpus
1290 1625 1498 1680 ibidem
1528 1625 1794 1694 putruis-

99 1719 202 1779 set,
250 1689 410 1768 tabes
456 1713 660 1783 utique
687 1689 942 1769 casulam
991 1689 1360 1783 corrupisset.
1398 1689 1675 1771 Videmus
1705 1712 1794 1768 his
1835 1689 1873 1742 Β

103 1801 472 1871 temporibus,
497 1817 626 1872 qua
653 1803 807 1872 apud
839 1803 1068 1858 beatum
1097 1802 1436 1873 Gregorium
1466 1801 1798 1857 referuntur

104 1904 276 1960 super
320 1891 631 1946 noxiorum
681 1891 1058 1946 cadaveribus
1100 1890 1200 1945 Dei
1255 1889 1475 1961 judicia
1506 1888 1792 1955 innovari,

103 1992 248 2048 quos
280 1992 380 2047 per
405 1992 569 2034 sacra
599 1978 720 2035 loca
749 1986 970 2034 constat
1000 1978 1248 2034 indebite
1286 1978 1582 2034 tumulari.

172 2068 427 2122 Monialis
460 2082 578 2136 qua
621 2070 793 2122 vitam
831 2067 981 2134 foede
1027 2071 1365 2133 transegerat
1395 2082 1488 2121 nec
1534 2067 1800 2136 paenitue-

101 2161 212 2221 rat,
265 2160 388 2224 post
417 2159 646 2210 mortem
688 2159 808 2210 visa
840 2161 917 2210 est
965 2159 1223 2225 torqueri.
1264 2185 1322 2196 —
1360 2158 1422 2210 In
1453 2155 1797 2211 monasterio

101 2243 396 2314 virginum
427 2243 662 2300 Cadomi
692 2245 1020 2311 constituto,
1055 2245 1212 2315 quod
1243 2259 1275 2300 a
1307 2245 1563 2301 Mathildi
1591 2244 1799 2315 Anglo-

102 2346 232 2388 rum
297 2333 498 2402 regina
565 2341 965 2389 constructum
1030 2341 1132 2402 est,
1193 2348 1323 2404 qua
1388 2333 1675 2390 Guillelmi
1725 2347 1799 2389 ex

99 2421 630 2478 Northmannorum
685 2423 892 2478 comite
947 2423 1096 2493 regis
1141 2421 1264 2492 (qui
1308 2422 1521 2494 Anglos
1573 2422 1799 2478 eosdem

99 2510 428 2581 subegerat)
480 2525 628 2566 uxor
677 2511 804 2570 fuit,
857 2512 1139 2567 monacha
1191 2512 1458 2581 quadam
1504 2511 1631 2577 fuit,
1669 2526 1800 2581 qua

101 2599 211 2654 sub
264 2598 510 2668 peccatis
565 2599 862 2669 aliquibus
919 2600 1081 2655 fadis
1150 2613 1269 2655 sese
1328 2606 1640 2669 receperat,
1697 2614 1803 2657 nec

101 2701 455 2757 quocunque
509 2688 731 2743 monitu
785 2688 856 2744 ad
903 2689 1295 2744 confitendum
1343 2688 1468 2760 cogi
1514 2695 1798 2758 potuerat.

104 2777 263 2831 Hanc
313 2777 424 2832 sub
451 2790 519 2832 ea
565 2777 947 2833 obstinatione
995 2778 1139 2832 mori
1192 2786 1330 2832 tunc
1377 2777 1634 2847 contigit,
1667 2792 1800 2848 qua

102 2879 206 2919 nec
235 2863 384 2920 inter
412 2864 775 2920 moriendum
807 2865 947 2921 utile
977 2866 1302 2936 quidquam
1343 2865 1507 2922 dixit.
1538 2866 1801 2938 Cumque

103 2966 221 3008 una
248 2967 320 3008 ex
352 2954 644 3009 sororibus
671 2954 730 3008 in
761 2954 974 3009 cellula
1006 2968 1125 3024 qua
1151 2955 1248 3009 illa
1281 2954 1515 3022 obierat,
1547 2955 1800 3024 quadam

101 3048 264 3096 nocte
306 3041 598 3109 dormiret,
656 3042 808 3097 videt
840 3042 898 3096 in
929 3042 1144 3097 somnis
1188 3043 1246 3097 in
1297 3043 1416 3113 ipso
1445 3043 1670 3098 camino
1700 3043 1800 3098 do-

101 3144 232 3186 mus
262 3129 469 3186 nimios
502 3131 662 3200 ignes
688 3131 943 3197 accendi,
977 3144 1223 3200 eamque
1254 3132 1312 3186 in
1342 3132 1528 3187 medio
1558 3132 1800 3201 positam

102 3232 218 3272 non
261 3216 445 3272 solum
503 3219 872 3290 conflagrari,
925 3233 1127 3276 verum
1182 3233 1216 3274 a
1255 3219 1481 3275 duobus
1531 3219 1800 3290 malignis

100 3304 399 3374 spiritibus
447 3305 582 3361 hinc
628 3313 681 3361 et
737 3306 867 3362 inde
913 3307 1164 3363 duorum
1214 3307 1550 3363 malleorum
1595 3307 1802 3363 ictibus

101 3394 289 3450 tundi.
319 3394 456 3461 Qua
503 3409 636 3452 cum
686 3403 875 3452 tantas
917 3397 1135 3453 misera
1167 3397 1324 3452 illius
1371 3397 1630 3453 mulieris
1682 3403 1801 3452 tor-

103 3484 286 3541 tiones
316 3485 650 3552 attenderet,
701 3485 950 3541 scintilla
980 3499 1098 3542 una
1136 3485 1550 3542 considerantis
1580 3486 1638 3540 in
1664 3500 1805 3541 ocu-

102 3572 226 3628 lum
271 3587 344 3628 ex
393 3573 760 3641 percussione
809 3573 998 3630 mallei
1045 3574 1169 3629 visa
1213 3581 1296 3629 est
1333 3573 1606 3629 evolasse.
1641 3573 1802 3630 Unde

101 3668 158 3717 et
203 3675 275 3716 ex
323 3661 576 3717 coctione
620 3661 920 3718 insidentis
968 3662 1204 3734 igniculi
1253 3676 1379 3717 eam
1411 3661 1647 3731 contigit
1677 3660 1802 3716 evi-

104 3749 331 3820 gilasse.
382 3747 507 3815 Qua
557 3764 630 3806 ex
681 3765 743 3806 re
773 3751 988 3806 factum
1017 3758 1103 3807 est
1151 3757 1234 3818 ut,
1284 3750 1441 3820 quod
1482 3749 1704 3805 viderat
1741 3748 1802 3804 in

103 3836 329 3906 spiritu,
395 3844 689 3906 pateretur
744 3838 803 3893 in
856 3852 1111 3908 corpore,
1172 3845 1228 3894 et
1290 3837 1521 3894 veritati
1567 3836 1804 3894 visionis

101 3939 280 3981 verax
312 3932 656 3996 congrueret
687 3926 1076 3982 testimonium
1105 3925 1374 3982 Iasionis.

722 4067 954 4125 CAPUT
992 4067 1176 4126 XXV.

171 4189 447 4256 Edituus,
476 4193 572 4260 qui
600 4206 893 4260 pauperem
917 4192 1111 4245 durius
1137 4193 1444 4261 pepulerat,
1478 4192 1799 4258 castigatur.

1903 488 2286 544 percussurus
2336 473 2595 543 impetiit.
2655 475 2824 529 Fores
2873 487 3130 544 namque
3187 474 3334 530 inter
3380 477 3598 532 clerum

1901 570 1955 619 et
1983 562 2262 633 populum
2295 561 2575 632 interjecti
2607 561 2839 631 parietis
2884 569 3206 631 aperuerat,
3240 571 3294 618 et
3335 564 3406 618 ad
3436 565 3596 633 alias,

1902 665 2003 721 per
2032 665 2180 722 quas
2205 650 2381 706 intrat
2413 651 2679 719 populus,
2715 651 3053 706 reserandas
3080 651 3435 720 procedebat,
3467 667 3596 708 cum

1901 747 2130 810 repente
2184 739 2566 795 exterioribus
2613 738 2888 795 obseratis
2929 739 2988 794 in
3036 740 3199 795 exitu
3247 740 3599 796 anteriorum

1901 842 1936 884 a
1980 828 2164 884 medio
2232 827 2480 884 basilica
2533 827 2623 883 ille
2669 828 2952 884 simulans
2989 841 3047 884 se
3113 827 3280 883 ferire
3336 829 3598 898 prosiliit.

1902 917 2163 987 Cumque
2192 917 2285 972 ille
2316 917 2648 986 pavefactus
2682 917 2956 983 cessisset,
2996 916 3282 971 hominem
3313 916 3601 974 astimans

1903 1019 2074 1074 quem
2108 1005 2373 1059 hesterno
2404 1005 2696 1067 arcuisset,
2730 1005 2786 1058 in
2819 1019 2876 1058 se
2902 1004 3127 1059 tandem
3155 1005 3338 1071 rediit,
3372 1013 3425 1060 et
3461 1005 3596 1059 dum

1902 1092 2046 1149 ostia
2076 1092 2355 1148 forinseca
2385 1093 2580 1149 clausa
2605 1100 2822 1162 pensat,
2855 1092 3148 1147 diabolum
3176 1093 3405 1148 tandem
3429 1092 3602 1149 fuisse

1902 1181 2162 1246 credidit,
2187 1180 2286 1251 qui
2307 1182 2412 1236 hoc
2432 1181 2596 1251 signo
2615 1197 2786 1237 suum
2805 1196 2950 1251 opus
2966 1181 3022 1236 iu
3045 1181 3274 1237 homine
3288 1181 3596 1237 denotavit.

1973 1272 2245 1326 Molestius
2290 1273 2545 1340 ingerunt
2589 1271 2850 1324 daemones
2895 1273 3230 1338 agonizanti.
3274 1300 3342 1308 —-
3376 1270 3440 1324 In
3474 1269 3600 1324 hie-

1904 1358 2038 1413 mali
2071 1365 2323 1427 tempore
2367 1358 2506 1413 dum
2538 1358 2609 1412 ad
2640 1365 2865 1413 natura
2896 1358 3173 1427 requisita
3203 1365 3596 1429 consurgeret,

1902 1447 2080 1503 solitis
2115 1447 2274 1502 indui
2308 1447 2591 1517 pigritans
2635 1447 2754 1501 sola
2790 1445 3019 1501 cuculla
3050 1450 3199 1499 486
3227 1445 3596 1512 vestiebatur,

1901 1544 1957 1592 et
2018 1537 2163 1591 inter
2221 1548 2410 1590 moras
2477 1535 2603 1590 illas
2660 1534 2871 1605 frigore
2932 1534 3221 1589 mortifero
3255 1533 3596 1602 angebatur.

1903 1623 2017 1679 Nec
2063 1622 2244 1678 multo
2291 1629 2415 1691 post
2463 1630 2856 1677 extremarum
2906 1620 3160 1689 corporis
3208 1621 3459 1688 partium
3507 1627 3603 1674 tu-

1906 1723 2062 1767 more
2115 1711 2428 1781 perductus
2483 1711 2552 1765 ad
2600 1717 2860 1777 mortem,
2916 1723 3122 1764 nomen
3177 1708 3366 1777 ipsum
3406 1707 3604 1762 mortis

1905 1801 2036 1870 plus
2088 1801 2244 1870 justo
2291 1800 2522 1855 moleste
2571 1799 2803 1854 ferebat.
2867 1798 3132 1868 Cumque
3195 1797 3600 1863 indesinenter,

1905 1890 2046 1948 heu!
2079 1890 2182 1947 sibi
2225 1890 2333 1946 sub
2390 1890 2566 1945 tantis
2608 1888 2950 1945 maeroribus
2999 1887 3337 1954 clamitaret,
3385 1887 3455 1941 ad
3500 1899 3605 1941 ex-

1905 1983 2147 2034 tremam
2194 1977 2423 2033 devenit
2467 1977 2689 2032 horam.
2723 1977 2830 2043 Qui
2877 1983 3107 2045 sumpta
3159 1974 3599 2041 communione,

1903 2075 1958 2123 et
2007 2081 2107 2137 per
2163 2065 2261 2121 Dei
2294 2065 2537 2136 gratiam
2593 2072 2828 2132 retenta,
2889 2071 3095 2120 eatera
3141 2064 3293 2119 enim
3338 2063 3603 2118 redibant

1905 2155 1977 2212 ad
2008 2154 2310 2222 vomitum,
2343 2154 2609 2224 spiritum
2632 2153 2755 2224 jam
2781 2153 3080 2209 laborabat
3109 2151 3422 2207 absolvere.
3457 2151 3604 2206 Inte-

1905 2258 2004 2301 rea
2053 2258 2186 2300 cum
2235 2244 2357 2300 hac
2412 2243 2600 2313 prima
2633 2242 2830 2298 tierent
2885 2242 3027 2297 liora
3079 2241 3282 2306 noctis,
3326 2247 3380 2296 et
3412 2245 3604 2295 custos

1904 2333 2155 2390 ecclesia
2205 2332 2295 2389 vir
2353 2332 2540 2388 bonus
2588 2345 2707 2387 sese
2764 2330 3025 2387 cubitum
3075 2329 3420 2394 collocasset,
3475 2343 3603 2384 ecce

1906 2421 2067 2478 audit
2121 2422 2178 2476 in
2209 2421 2548 2486 coemeterio,
2606 2420 2760 2490 quod
2815 2421 2986 2491 juxta
3014 2426 3156 2478 erat,
3197 2419 3460 2484 fratrum,
3515 2418 3600 2472 in-

1907 2510 2325 2567 numerabilem
2393 2509 2717 2565 damonum
2804 2508 3184 2579 frequentiam
3261 2507 3598 2562 consedisse.

1906 2599 2015 2666 Qui
2067 2614 2199 2665 cum
2235 2599 2478 2655 liberum
2539 2599 2611 2653 ad
2660 2598 2782 2653 hac
2819 2596 3112 2653 sentienda
3166 2595 3398 2651 haberet
3429 2593 3601 2650 intel-

1908 2688 2138 2756 lectum,
2202 2687 2454 2757 potentia
2508 2693 2695 2742 tamen
2751 2686 3004 2756 quadam
3063 2684 3348 2754 spirituali
3407 2682 3601 2752 depri-

1907 2782 2162 2831 meretur
2192 2775 2263 2830 ad
2292 2775 2509 2845 lingua
2537 2782 2592 2830 et
2623 2773 2876 2844 corporis
2907 2780 3144 2839 motum,
3182 2772 3477 2828 introeunt
3515 2785 3603 2825 ec-

1907 2864 2158 2931 clesiam,
2207 2871 2264 2919 et
2293 2871 2426 2920 ante
2464 2863 2674 2918 lectum
2705 2864 2830 2933 ejus
2857 2868 3236 2928 transeuntes,
3284 2860 3431 2916 inter
3461 2859 3604 2914 cho-

1908 2967 2040 3009 rum
2077 2960 2131 3009 et
2183 2953 2362 3008 altare
2409 2967 2527 3008 sese
2576 2952 2925 3021 proripiunt,
2977 2957 3031 3006 et
3078 2950 3151 3005 ad
3199 2949 3437 3006 domum
3487 2963 3606 3018 qua

1908 3041 2287 3098 decumbebat
2334 3047 2587 3112 agrotus
2643 3039 2971 3096 intendunt.
3023 3039 3285 3108 Cumque
3343 3037 3455 3106 ille,
3504 3037 3606 3106 qui

1908 3131 2016 3186 ista
2048 3131 2368 3186 mentaliter
2401 3130 2520 3186 fieri
2553 3129 2852 3196 sentiebat,
2905 3129 3085 3184 Deum
3118 3135 3180 3183 ut
3211 3127 3283 3182 ab
3316 3127 3381 3181 iis
3411 3126 3606 3182 salva-

1909 3227 2069 3275 retur
2100 3220 2158 3274 in
2203 3219 2409 3289 spiritu
2454 3225 2740 3286 exoraret,
2796 3231 2901 3273 nec
2930 3231 3106 3272 causa
3138 3216 3336 3270 mortis
3380 3222 3606 3270 tantum

1907 3306 2032 3378 cogi
2061 3307 2379 3363 exercitum
2427 3307 2736 3377 ignoraret,
2786 3319 2919 3360 mox
2954 3312 3016 3360 ut
3055 3304 3125 3359 ad
3170 3303 3438 3359 cellulam
3471 3317 3606 3373 ago-

1909 3395 2106 3450 nizans
2152 3395 2246 3467 [f.,
2281 3392 2660 3465 agonizantis]
2705 3391 3020 3463 attingunt,
3070 3392 3293 3460 fratres,
3323 3393 3424 3462 qui
3456 3392 3609 3447 circa

1907 3482 2246 3539 morientem
2293 3483 2543 3549 fuerant,
2579 3483 2648 3536 ad
2698 3481 3136 3537 convocandum
3176 3480 3422 3535 aliorum
3467 3495 3608 3535 con-

1907 3577 2148 3627 ventum
2176 3570 2434 3627 tabulam
2468 3584 2539 3625 ex
2575 3584 2732 3624 more
2764 3570 3113 3638 percutiunt.
3145 3569 3268 3634 Quo
3294 3569 3433 3623 dum
3466 3581 3608 3622 con-

1908 3659 2158 3725 venitur,
2225 3657 2316 3713 ille
2381 3671 2486 3712 nec
2543 3670 2703 3711 mora
2773 3655 3099 3710 resolvitur.
3170 3655 3330 3719 Quod
3395 3655 3608 3710 idcirco

1909 3745 2227 3812 retulerim,
2259 3760 2370 3801 non
2404 3745 2558 3814 quod
2603 3745 2662 3799 in
2695 3744 3009 3814 malignam
3046 3745 3196 3799 illam
3225 3752 3446 3814 partem
3475 3759 3607 3799 eum

1909 3836 2139 3891 cessisse
2195 3832 2554 3902 crediderim,
2605 3834 2702 3888 sed
2755 3833 2909 3903 quod
2939 3847 3138 3888 omnes
3189 3847 3416 3889 mecum
3468 3847 3605 3903 peu-

1909 3937 2034 3979 sare
2081 3937 2498 3989 commoneam,
2557 3923 2713 3994 quod
2767 3921 3029 3991 princeps
3076 3921 3278 3977 mundi
3337 3921 3492 3977 venit
3535 3921 3607 3976 ad

1913 4011 2120 4069 Filium
2151 4013 2270 4080 Dei,
2317 4013 2374 4068 in
2403 4026 2518 4082 quo
2547 4027 2664 4067 non
2694 4012 2940 4067 habebat
2972 4011 3314 4082 quidquam.
3348 4011 3418 4066 Et
3457 4011 3504 4065 si
3537 4011 3608 4066 ad

1911 4100 2094 4167 illum,
2141 4101 2214 4156 ad
2253 4115 2357 4157 nos
2405 4115 2582 4170 quam
2615 4101 2804 4170 potius
2856 4099 2917 4172 [ι.
2953 4098 3143 4168 potius
3171 4112 3348 4169 quam
3381 4098 3450 4155 ad
3478 4098 3605 4172 nos]

1909 4188 1970 4244 in
2000 4189 2217 4260 quibus
2259 4203 2403 4259 pene
2433 4196 2616 4245 totum
2656 4189 2847 4255 habet,
2895 4187 3235 4242 diabolicam
3266 4193 3487 4243 certum
3528 4191 3610 4240 est

104 4309 170 4318 —
203 4278 445 4342 Quidam
500 4279 879 4335 Flaviacensis
909 4281 1232 4336 monachus
1265 4279 1593 4336 Otmundus
1625 4292 1800 4334 voca-
1841 4295 1882 4350 ι)
1910 4277 2126 4347 rapidis
2157 4276 2458 4333 affectibus
2487 4277 2792 4332 convenire
2823 4276 3189 4331 dementiam.

103 4368 295 4435 batur,
331 4368 433 4436 qui
476 4382 606 4423 cum
653 4368 845 4424 adhuc
873 4368 1114 4424 clericus
1157 4368 1409 4439 plurima
1457 4367 1801 4422 monasterio

104 4455 456 4522 contulisset,
489 4455 559 4511 ad
591 4463 916 4512 extremum
959 4471 1081 4512 sese
1110 4456 1369 4513 contulit.
1404 4455 1512 4522 Qui
1539 4464 1800 4525 suscepto

105 4545 456 4600 monachatu
483 4544 652 4614 capti
684 4544 817 4599 boni
852 4545 1152 4614 paenitens,
1187 4559 1338 4615 agre
1367 4543 1616 4600 nimium
1647 4543 1800 4614 quod

106 4633 334 4700 fecerat,
368 4632 515 4688 tulit.
582 4632 687 4688 Sed
750 4646 947 4689 moxa
987 4635 1102 4689 Deo
1154 4633 1486 4688 infirmitate
1550 4631 1804 4701 corporis

103 4721 456 4791 castigatus,
521 4721 734 4788 sensit,
803 4722 1037 4792 egitque
1090 4721 1453 4790 postmodum
1519 4719 1803 4776 viciniora

101 4809 298 4875 saluti,
368 4823 476 4864 nec
531 4823 761 4866 sacrum
811 4811 932 4879 jam
969 4809 1230 4865 ordinem
1285 4808 1638 4876 necessitate,
1705 4808 1803 4863 sed

102 4899 281 4954 coluit
307 4897 622 4954 voluntate.
661 4899 714 4953 Is
747 4898 831 4953 ira
861 4898 1088 4953 mobilis
1120 4910 1253 4953 cum
1280 4911 1448 4967 aquo
1474 4896 1605 4965 plus
1634 4902 1800 4965 esset,

102 4986 292 5043 factus
337 4987 587 5044 ecclesia
635 4987 884 5043 adituus
938 4985 1074 5058 (41),
1136 4985 1557 5057 pauperculum
1612 4985 1804 5041 homi-

103 5089 257 5144 nem,
292 5075 395 5146 qui
429 5089 463 5130 a
488 5090 547 5131 se
575 5075 993 5144 eleemosynam
1029 5075 1356 5144 importune
1381 5072 1629 5143 petebat,
1662 5073 1805 5129 dure

101 5164 416 5235 plusquam
463 5165 740 5220 debuerat
793 5164 866 5219 ab
895 5163 1132 5219 ecclesia
1181 5161 1425 5232 expulit.
1458 5161 1580 5230 Quo
1628 5164 1805 5218 inter-

103 5253 208 5310 diu
257 5253 422 5320 facto,
455 5268 588 5309 cum
634 5259 796 5308 nocte
827 5253 1088 5322 sequenti
1121 5250 1346 5323 vigilias
1372 5250 1806 5321 significaturus

104 5341 178 5396 ad
210 5342 354 5397 ostia
383 5341 694 5412 aperienda
741 5340 1008 5412 prodiret,
1042 5354 1171 5396 ecce
1199 5339 1480 5406 diabolus,
1516 5339 1572 5394 in
1621 5339 1805 5408 specie

107 5429 359 5486 hominis
407 5429 677 5501 pauperis
725 5443 899 5500 quem
953 5429 1138 5499 pridie
1192 5429 1340 5484 male
1385 5427 1801 5496 eliminaverat,

181 5518 292 5588 (41)
327 5517 438 5576 Seu
464 5518 772 5587 aditimus,
805 5519 976 5591 quasi
1005 5518 1154 5576 ades
1182 5525 1367 5575 tuens.

1979 4367 2178 4420 Mulier
2232 4369 2442 4433 infanti
2489 4368 2792 4435 imprecata
2850 4365 3066 4420 diabolo
3121 4365 3486 4433 mancipatur.
3540 4392 3608 4400 ———

1911 4453 2207 4510 Mulierem
2238 4453 2376 4509 inibi
2407 4453 2542 4521 vidi,
2575 4468 2706 4524 qua
2739 4467 2873 4509 cum
2904 4467 3008 4509 suo
3034 4453 3277 4522 parvulo
3306 4451 3422 4506 tilio
3453 4457 3608 4504 atro-

1910 4542 2134 4598 cissime
2191 4543 2554 4610 irasceretur,
2625 4543 2772 4599 inter
2832 4542 2946 4597 alia
3005 4541 3330 4607 maledicta,
3395 4537 3611 4608 quibus

1912 4631 2271 4688 innocentem
2291 4631 2679 4702 jaculabatur,
2713 4630 3064 4686 infantulum
3099 4627 3382 4698 baptisma
3411 4627 3608 4692 etiam,

1911 4720 2007 4776 cui
2064 4720 2342 4776 intinctus
2395 4719 2604 4785 fuerat,
2658 4734 2754 4775 ore
2815 4718 3032 4773 nefario
3085 4715 3403 4772 maledixit.
3471 4715 3610 4782 Qua

1911 4807 2208 4864 confestim
2257 4815 2486 4877 arrepta
2515 4822 2550 4862 a
2578 4807 2860 4863 damonio
2904 4805 3175 4861 bacchari
3229 4803 3608 4868 insanissime,

1911 4904 1966 4954 et
2011 4895 2366 4953 detestabilia
2419 4895 2580 4966 loqui
2619 4903 2674 4951 et
2714 4909 2883 4965 agere
2915 4894 3105 4963 coepit.
3163 4892 3303 4958 Quae
3336 4892 3612 4961 perducta

1912 4985 1985 5041 ad
2013 4985 2329 5052 ecclesiam,
2378 4991 2432 5040 et
2463 4983 2740 5039 fratribus
2781 4982 3061 5049 exhibita,
3109 4995 3210 5052 per
3241 4980 3528 5036 orationes
3555 4986 3610 5034 et

1910 5074 2300 5130 exorcismum
2351 5073 2545 5128 sensui
2593 5071 2834 5139 reddita,
2893 5084 2965 5125 ex
3025 5070 3332 5126 vexatione
3380 5067 3610 5124 edidicit

1912 5162 2210 5218 Dominica
2241 5176 2354 5218 non
2384 5160 2720 5217 maledicere
2748 5165 3128 5216 sacramenta.

1983 5254 2362 5320 Energumena
2390 5249 2641 5305 monachi
2665 5264 2866 5318 pravos
2892 5263 3062 5301 mores
3092 5249 3322 5316 appetit.
3355 5276 3423 5284 —
3449 5245 3612 5300 Puel-

1914 5339 2093 5395 lulam
2126 5339 2318 5395 itidem
2350 5338 2467 5394 vidi
2499 5351 2950 5408 energumenam
2995 5335 3065 5391 ad
3098 5333 3435 5391 memoriam
3472 5333 3613 5389 inibi

1913 5428 2204 5486 Geremari
2263 5427 2605 5484 confessoris
2657 5427 2987 5485 adductam.
3037 5425 3175 5493 Qua
3229 5437 3361 5480 cum
3412 5422 3617 5478 diebus
