3902 6082
283 187 374 238 891
1171 185 1229 238 ν.
1274 181 1603 238 GUIBERTI
1646 184 1935 238 ABBATIS
1973 184 2030 238 S.
2074 184 2312 239 MARLE
2353 185 2441 240 DE
2486 183 2878 240 NOVIGENTO

3695 193 3811 244 89‘2

284 316 504 386 aliquot
552 322 902 370 commorata
934 313 1134 369 fuisset
1181 312 1419 380 ibidem,
1443 312 1694 383 quadam
1723 312 1814 368 die
1854 319 1977 369 tra-
2014 318 2059 371 A
2089 314 2187 383 ait,
2217 314 2274 368 in
2303 328 2610 370 occursum
2635 313 2932 382 venientis,
2962 329 3253 386 nusquam
3286 317 3489 374 dextra
3521 319 3807 391 laevaque

285 412 376 459 cta
405 407 491 460 est
520 417 554 458 a
605 403 941 474 parentibus
984 402 1055 456 ad
1105 401 1305 457 altare.
1336 402 1440 458 Cui
1489 415 1621 456 cum
1671 400 1973 466 assisteret,

288 500 494 548 retorto
548 492 620 546 ad
673 492 912 546 chorum
975 489 1160 560 capite
1219 490 1376 546 videt
1421 503 1628 559 pueros
1667 489 1980 546 monachos

289 589 410 650 post
441 595 498 635 se
530 586 762 647 stantes,
794 586 848 634 et
877 580 956 634 ait
990 595 1000 633 :
1037 601 1058 629 ι
1093 578 1276 645 Quam
1306 578 1594 648 pulchros,
1621 579 1772 633 Deus
1797 592 1976 646 meus,

279 666 658 737 juvenculos!
693 668 790 722 sed
819 675 901 723 est
934 667 1080 723 inter
1125 667 1248 722 illos
1278 681 1432 722 unus
1461 666 1562 736 qui
1607 679 1979 736 nequaquam

285 756 365 811 eis
419 755 748 812 cohabitare
801 755 1049 812 deberet.
1117 777 1136 803 ι
1174 754 1295 821 Quo
1345 755 1541 809 audito
1591 753 1758 809 valde
1791 754 1980 810 mirati

286 857 509 911 sumus,
577 857 856 913 quorsum
921 843 1050 898 talis
1113 841 1393 898 sententia
1459 849 1820 911 respectaret.
1868 841 1984 897 Nec

287 945 450 987 mora
481 932 719 1003 quidam
747 947 820 988 ex
850 931 989 1002 ipsis
1027 931 1165 1002 fuga
1193 930 1461 998 elabitur,
1495 939 1549 986 et
1575 931 1723 986 inter
1749 929 1980 1000 fugien-

288 1020 427 1076 dum
494 1035 674 1091 prava
742 1021 868 1093 ejus
932 1021 1051 1076 vita
1117 1019 1410 1076 moriendo
1448 1019 1672 1075 deserta
1711 1018 1985 1089 religione

287 1109 592 1180 detegitur.

891 1233 1122 1290 CAPUT
1169 1232 1377 1289 XXVI.

360 1378 453 1433 Ad
481 1379 765 1445 sortilegia
808 1376 1144 1431 addiscenda
1189 1377 1368 1430 Satan
1411 1375 1658 1430 admittit
1698 1377 1982 1443 neminem,

291 1469 404 1520 nisi
427 1469 587 1535 prius
634 1467 963 1522 Christianae
987 1467 1320 1535 professioni
1345 1465 1705 1518 abrenuntiet.
1739 1495 1807 1502 —
1835 1463 1984 1531 Quo-

292 1555 448 1610 niam
480 1555 548 1610 de
595 1554 952 1610 daemonibus
998 1567 1165 1625 agere
1195 1555 1493 1623 coepimus,
1545 1553 1812 1622 quaedam
1842 1553 1986 1608 sub-

292 1649 514 1699 nectere
564 1643 834 1698 idoneum
883 1623 1236 1714 judicamus,
1302 1655 1552 1711 quorum
1616 1641 1877 1710 exemplo
1932 1649 1987 1696 et
2028 1623 2067 1676 Β

291 1746 492 1788 eorum
551 1732 804 1799 oracula,
870 1746 1186 1801 eorumque
1244 1731 1343 1800 qui
1401 1729 1484 1785 eis
1540 1730 1989 1786 confabulantur

292 1821 528 1876 consilia
579 1821 758 1876 vitare
817 1822 1115 1889 possimus.
1188 1818 1484 1874 Neminem
1537 1818 1691 1873 enim
1752 1819 1824 1874 ad
1881 1831 1988 1874 sua

292 1909 573 1965 maleﬁcia
638 1909 983 1965 addiscenda
1042 1907 1374 1973 admittunt,
1417 1907 1528 1962 nisi
1593 1922 1765 1977 quem
1817 1907 1988 1963 totius

293 2013 412 2053 suae
469 1997 917 2054 Christianitatis
964 1997 1179 2053 honore
1227 1995 1541 2052 detestabili
1589 1997 1844 2066 primum
1891 2009 1988 2051 sa-

293 2087 524 2158 crilegio
567 2094 813 2144 exuunt.
868 2088 931 2142 In
962 2086 1213 2157 quodam
1257 2084 1438 2141 nobili
1484 2085 1830 2141 monasterio
1860 2100 1988 2141 mo-

293 2177 517 2233 nachus
555 2177 794 2246 quidam
842 2176 914 2230 ab
973 2175 1207 2231 ineunte
1259 2181 1422 2231 aetate
1474 2175 1730 2230 nutritus
1778 2173 1986 2243 fuerat,

295 2268 846 2337 grammaticamque
905 2265 1324 2335 aliquantisper
1390 2263 1698 2335 attigerat;
1749 2265 1851 2335 qui
1917 2264 1988 2320 ad

294 2354 495 2410 cellam
534 2353 784 2410 ecclesiae
833 2354 1204 2424 appendicem
1237 2368 1271 2409 a
1318 2368 1423 2410 suo
1463 2355 1671 2410 abbate
1715 2354 1986 2420 directus,

293 2457 426 2499 cum
493 2443 631 2499 inibi
695 2451 1046 2510 moraretur,
1109 2443 1164 2498 in
1233 2444 1502 2499 morbum
1560 2443 1777 2510 incidit,
1820 2443 1990 2513 cujus

294 2545 471 2588 causa
492 2547 624 2588 cum
649 2532 845 2588 Iudaeo
867 2532 1140 2602 quodam,
1167 2545 1346 2602 gnaro
1369 2533 1686 2597 medicinae,
1716 2532 1990 2602 loquendi

294 2620 444 2676 malo
493 2635 596 2676 suo
643 2621 995 2676 occasionem
1047 2621 1310 2689 sumpsit.
1362 2621 1449 2675 Ex
1479 2628 1685 2676 mutua
1731 2635 1866 2692 ergo
1905 2620 1988 2676 fa-

295 2708 620 2765 miliaritate
672 2717 961 2765 sumentes
1021 2709 1343 2776 audaciam,
1395 2724 1501 2765 sua
1542 2710 1652 2765 sibi
1704 2710 1991 2780 incipiunt

297 2796 554 2852 revelare
599 2798 888 2868 mysteria.
925 2799 1126 2868 Itaque
1175 2798 1424 2854 sentiens
1454 2800 1773 2854 monachus
1806 2799 1990 2854 mala-

297 2900 428 2940 rum
460 2887 673 2942 artium
705 2889 966 2942 curiosus
993 2887 1260 2943 Judaeum
1303 2887 1578 2944 maleﬁcia
1613 2903 1792 2956 nosse,
1830 2889 1984 2945 mul-
2025 2924 2066 2978 Ο

297 2982 421 3030 tum
467 2975 513 3031 ei
564 2976 784 3032 institit.
837 2977 1094 3033 Assensit
1136 2977 1392 3044 Iudaeus,
1426 2984 1481 3033 et
1530 2985 1892 3047 sequestrum
1935 2977 1988 3033 ei

297 3064 448 3133 apud
481 3063 772 3120 diabolum
819 3080 878 3121 se
911 3065 1175 3121 futurum
1218 3065 1536 3135 pollicetur.
1571 3066 1858 3122 Statuitur
1905 3067 1992 3122 lo-

297 3168 402 3209 cus
439 3153 826 3224 colloquiique
856 3155 991 3210 dies.
1043 3155 1296 3210 Tandem
1326 3169 1392 3210 eo
1427 3155 1733 3210 mediatore
1774 3155 1995 3211 sistitur

299 3248 430 3297 ante
476 3241 801 3308 diabolum;
834 3244 969 3312 petit
1017 3258 1076 3300 se
1101 3244 1373 3300 doctrinae
1423 3244 1600 3315 hujus
1637 3259 1702 3300 eo
1737 3245 1855 3300 ﬁeri
1888 3259 1990 3300 au-

300 3338 453 3387 ctore
493 3330 846 3401 participem.
883 3332 1070 3388 Refert
1115 3346 1322 3402 prmses
1355 3333 1447 3388 ille
1477 3333 1764 3389 nefandus
1806 3333 1991 3389 neuti-

299 3433 474 3490 quam
528 3421 636 3476 hoc
687 3421 829 3488 ﬁeri,
875 3421 979 3476 nisi
1031 3421 1458 3479 Christianitate
1501 3430 1709 3493 negata
1758 3422 1868 3477 sibi
1899 3436 1996 3478 sa—

299 3509 580 3565 criﬁcium
665 3509 974 3566 deferatur.
1058 3511 1381 3581 Interrogat
1447 3511 1540 3566 ille
1605 3511 1780 3581 quod.
1835 3511 1997 3577 Quod

299 3598 692 3654 delectabilius
744 3607 826 3655 est
877 3599 934 3654 in
995 3600 1243 3655 homine.
1307 3599 1469 3666 Quod
1526 3599 1714 3656 illud?
1763 3599 1997 3670 Sperma

301 3685 530 3752 libabis,
559 3687 638 3740 ait
669 3727 683 3753 ,
719 3693 917 3754 tuum;
945 3687 1100 3756 quod
1128 3700 1258 3742 cum
1301 3685 1442 3741 mihi
1477 3685 1818 3755 profuderis,
1865 3685 1998 3741 inde

301 3775 456 3843 quod
488 3775 950 3831 sacriﬁcantibus
995 3783 1078 3830 est
1110 3775 1364 3831 debitum
1415 3773 1812 3844 prmgustabis.
1849 3773 1996 3829 Proh

299 3863 519 3917 scelus!
571 3862 718 3917 Proh
770 3861 989 3932 pudor!
1044 3864 1114 3918 Et
1145 3863 1248 3918 isa
1279 3878 1393 3932 quo
1444 3863 1566 3917 haec
1611 3862 1999 3932 exigebantur

301 3958 423 4006 erat
472 3953 777 4021 presbyter.
830 3953 900 4006 Et
930 3951 1052 4006 haec
1080 3951 1150 4006 ad
1204 3952 1285 4006 tui
1317 3950 1536 4007 ordinis
1577 3957 1632 4005 et
1663 3957 1775 4006 tuae
1826 3949 1998 4004 bene-

301 4037 466 4092 dicta:
516 4039 711 4094 hostia;
759 4039 1098 4110 sacrilegam
1131 4039 1508 4110 ignominiam
1562 4038 1690 4095 fecit
1733 4045 1869 4094 tuus
1897 4051 2000 4092 an-

306 4125 505 4194 tiquus
550 4127 748 4193 hostis,
783 4128 1040 4184 Domine.
1074 4129 1155 4184 Ne
1181 4129 1370 4194 sileas,
1403 4141 1592 4198 neque
1622 4125 2002 4196 compescaris

303 4227 336 4269 a
367 4213 639 4282 vindicta,
669 4216 820 4271 Deus
863 4217 1036 4284 (Psal.
1067 4233 1266 4282 Lxxxu,
1298 4218 1378 4285 2).
1409 4215 1556 4282 Quid
1583 4215 1819 4270 dicam?
1847 4213 1998 4280 Quo-

303 4303 472 4358 modo
528 4303 767 4380 dicam?
824 4304 973 4360 Fecit
1019 4305 1173 4375 quod
1219 4304 1519 4374 petebatur
1568 4303 1784 4368 infelix,
1819 4317 1990 4373 quem

303 4398 386 4457 tu,
420 4407 451 4446 o
482 4392 704 4448 utinam
743 4393 816 4448 ad
847 4395 1106 4463 tempus!
1141 4394 1495 4449 deserueras.
1524 4392 1830 4462 Fititaque
1861 4407 1992 4448 cum

304 4480 559 4537 horribili
603 4481 912 4538 libamento
943 4496 1116 4552 super
1147 4482 1276 4537 ﬁdei
1324 4480 1670 4552 relegatione
1698 4480 1990 4550 professio.

301 4569 455 4637 Quas
496 4578 688 4628 autem
729 4579 878 4628 artes
915 4571 1248 4627 exsecrabili
1294 4571 1401 4627 hoc
1437 4571 1806 4626 mercimonio
1835 4585 1995 4626 com-

303 4660 522 4730 pararit
550 4661 699 4717 facto
729 4661 1086 4717 notiﬁcemus
1117 4661 1174 4715 in
1209 4675 1324 4716 uno
1357 4675 1370 4714 :

378 4749 568 4803 Mulier
594 4752 653 4803 in
696 4765 879 4804 canem
929 4751 1272 4803 convertitur.
1306 4777 1380 4789 —
1420 4748 1740 4816 Quamdam
1785 4748 1994 4820 cogniti

303 4837 529 4908 generis
586 4839 925 4895 monacham
977 4837 1262 4908 colloquio
1305 4853 1410 4894 suo
1461 4845 1808 4894 assueverat.
1861 4838 2001 4892 Erat

303 4932 498 4980 autem
560 4925 620 4981 in
666 4925 876 4982 cellula
936 4939 1324 4990 commanens,
1378 4940 1494 4981 uno
1532 4933 1760 4981 tantum
1821 4923 2001 4981 sodali

304 5014 607 5083 monacho,
665 5015 764 5085 qui
827 5015 1062 5085 quidem
1115 5015 1399 5071 exteriora
1448 5015 1705 5078 curabat,
1748 5015 1793 5070 is
1847 5013 2000 5069 domi

305 5103 551 5159 vacabat
592 5103 836 5174 ineptiis.
889 5104 990 5160 Die
1019 5118 1156 5175 ergo
1199 5105 1453 5175 quadam
1499 5119 1604 5160 suo
1629 5117 1761 5159 cum
1806 5112 2004 5159 contu-

307 5192 528 5248 bernali
560 5205 593 5246 a
623 5196 852 5264 negotio
883 5193 1158 5250 redeunte
1177 5191 1325 5249 domi
1349 5193 1640 5259 sedebant,
1674 5207 1846 5262 quem
1871 5207 2004 5247 cum

307 5293 474 5349 porro
523 5280 819 5348 vidissent,
875 5282 1283 5338 diverticulum
1335 5280 1562 5337 mulieri
1623 5294 1737 5335 non
1798 5281 2001 5349 patuit,

312 5366 407 5422 sed
437 5367 628 5422 exitus
655 5369 783 5438 ejus
828 5370 1075 5426 reditum
1125 5369 1391 5425 monachi
1421 5367 1766 5424 offendebat.
1816 5369 2006 5438 Trepi-

309 5453 440 5508 dam
484 5453 679 5522 itaque
729 5470 914 5511 novus
948 5457 1270 5512 incantator
1320 5457 1548 5511 intuens
1577 5455 1811 5520 sociam,
1841 5456 2006 5523 vade,

2085 402 2411 472 respiciens,
2443 403 2524 458 nil
2562 404 2832 460 verearis.
2867 403 3118 461 Credidit
3164 405 3374 461 femina
3405 416 3457 462 et
3489 409 3798 477 processit.

2086 492 2186 547 Ille
2237 506 2369 548 vero
2425 492 2678 548 substitit
2724 493 2779 548 in
2824 493 2986 560 ostio,
3041 500 3096 550 et
3144 503 3504 565 prmcantans
3555 499 3605 552 ei
3658 512 3804 566 quae

2087 582 2380 650 didicerat,
2433 583 2492 637 in
2531 596 2730 639 canem
2779 597 2903 638 eam
2955 585 3233 640 convertit
3278 585 3800 641 immanissimum.

2086 672 2224 738 Quae
2253 687 2386 727 cum
2425 672 2686 728 redeunti
2717 672 3000 727 monacho
3032 673 3475 743 propinquasset
3508 690 3520 727 :
3557 695 3586 722 ‹‹
3619 675 3757 730 Heu
3788 672 3800 726 l

2088 760 2297 831 inquit,
2332 761 2485 816 unde
2535 768 2731 816 tantus
2773 763 2934 815 canis
2963 761 3229 816 advenit?
3261 781 3289 810 »
3319 767 3461 816 497
3515 763 3622 817 Illa
3655 777 3806 818 vero

2088 849 2337 905 multum
2391 848 2687 918 pavefacta
2731 848 3082 918 pertransiit,
3136 857 3362 905 tantum
3401 865 3469 906 ex
3513 866 3580 906 eo
3611 852 3807 907 verbo

2088 938 2198 994 sub
2231 951 2348 1007 qua
2368 938 2552 1006 specie
2581 937 2869 1003 evasisset,
2902 938 3158 1007 agnovit.
3192 938 3506 994 Monachus
3535 939 3807 1009 denique

2088 1031 2143 1079 et
2186 1024 2306 1094 ipse
2353 1025 2589 1081 domum
2644 1026 2880 1080 veniens
2928 1026 3138 1096 rogitat
3170 1027 3323 1082 unde
3383 1036 3497 1082 tam
3546 1028 3806 1083 insolita:

2090 1113 2507 1183 magnitudinis
2553 1115 2711 1170 canis
2741 1116 3053 1170 etnerserit.
3091 1135 3119 1163 ‹‹
3151 1115 3336 1171 Vicini
3371 1115 3583 1186 inquit,
3638 1117 3806 1172 illius

2092 1203 2270 1257 nostri
2300 1209 2402 1257 est.
2432 1202 2633 1258 Nonne
2667 1217 2799 1259 eum
2823 1203 2944 1274 jam
2974 1203 3195 1259 dudum
3231 1204 3415 1260 nosti?
3449 1227 3470 1252 ι
3510 1205 3603 1260 Sic
3633 1205 3808 1261 siluit

2091 1291 2230 1347 dum
2265 1305 2400 1346 vera
2425 1299 2607 1361 putat.
2647 1293 2757 1347 Diu
2785 1293 2964 1362 igitur
2990 1292 3112 1347 sine
3159 1294 3270 1348 Deo
3301 1293 3520 1360 vivens,
3555 1294 3807 1350 demum

2093 1380 2258 1451 gravi
2312 1381 2529 1448 morbo,
2582 1381 2694 1436 Deo
2739 1381 3104 1450 propitiante,
3155 1384 3490 1450 percutitur,
3539 1390 3614 1445 et,
3660 1382 3806 1437 velit

2094 1469 2253 1536 nolit,
2290 1470 2444 1539 quod
2475 1477 2725 1540 gesserat
2767 1470 3090 1525 conﬁtetur.
3137 1471 3244 1525 Res
3275 1470 3346 1525 ad
3370 1469 3664 1540 judicium
3701 1483 3804 1524 sa-

2094 1558 2394 1628 pientium,
2426 1565 2480 1614 et
2509 1558 2762 1614 maxime
2793 1558 3044 1614 Anselmi
3077 1558 3509 1614 Cantuariensis
3536 1565 3800 1627 postmo-

2095 1647 2232 1703 dum
2289 1647 2720 1717 archiepiscopi,
2776 1654 2914 1703 tunc
2945 1647 3239 1702 Beccensis
3283 1646 3526 1714 abbatis,
3579 1661 3803 1716 provo-

2095 1742 2278 1802 catur,
2325 1743 2379 1791 et
2425 1736 2532 1792 sub
2595 1736 2722 1806 ejus
2780 1735 3138 1805 potissimum
3191 1749 3455 1802 censura,
3513 1735 3588 1790 ab
3639 1733 3798 1790 omni

2096 1824 2425 1880 divinorum
2458 1824 2861 1894 mysteriorum
2909 1824 3220 1880 ministerio
3250 1839 3449 1880 eorum
3484 1823 3798 1894 spurcissi-

2097 1928 2225 1969 mus
2274 1913 2605 1983 profanator
2635 1912 2926 1983 abjicitur.
2966 1914 3030 1968 1n
3061 1927 3178 1982 qua
3207 1921 3398 1969 tamen
3435 1913 3798 1969 abstentione

2095 2002 2330 2073 positus,
2367 2015 2670 2071 nunquam
2714 2001 2786 2057 ab
2815 2000 2943 2072 ejus
2973 2000 3167 2057 animo
3202 2002 3520 2057 oblitterari
3551 2008 3795 2071 poterat,

2097 2090 2240 2160 quin
2288 2090 2480 2146 adhuc
2529 2090 2762 2146 futurus
2809 2096 2953 2145 esset
3013 2090 3336 2160 episcopus.
3386 2089 3572 2157 Quam
3639 2103 3800 2158 spem

2098 2178 2332 2234 indubie
2381 2186 2676 2247 acceperat
2709 2192 2743 2233 a
2772 2177 3154 2240 daemonibus,
3190 2193 3410 2248 semper
3437 2178 3700 2248 quidem,
3747 2186 3799 2233 et

2097 2266 2190 2321 hic
2219 2281 2453 2337 quoque
2481 2266 2874 2333 mendacibus,
2906 2265 3045 2336 quia
3074 2273 3205 2321 ante
3235 2280 3444 2335 paucos
3471 2281 3656 2321 annos
3684 2281 3798 2321 non

2097 2356 2262 2411 modo
2323 2355 2512 2428 [non.]
2571 2355 2848 2425 pontifex,
2895 2355 2992 2411 sed
3041 2355 3101 2410 in
3153 2364 3433 2410 aeternum
3481 2354 3798 2425 expresby-

2098 2451 2183 2499 ter
2202 2451 2285 2500 est
2313 2443 2640 2499 defunctus.

2168 2535 2404 2590 Clericus
2455 2533 2742 2587 daemonem
2773 2548 2931 2601 quem
2976 2533 3318 2587 consulturus
3365 2531 3605 2594 adierat,
3645 2535 3799 2586 inco-

2097 2628 2217 2677 cato
2265 2624 2456 2676 Maria
2518 2624 2750 2686 nomine,
2806 2625 2990 2690 fugat.
3055 2652 3122 2660 —
3169 2622 3434 2676 Attexam
3484 2621 3796 2690 cujusdam

2100 2711 2348 2777 initium,
2391 2711 2487 2766 sed
2527 2710 2745 2766 meliori
2779 2711 2891 2765 [ine
2930 2710 3289 2766 conclusum.
3345 2709 3590 2774 Quidam
3639 2709 3803 2765 cleri-

2098 2813 2201 2855 cus
2233 2799 2289 2853 in
2317 2798 2645 2854 Belvacensi
2677 2813 2823 2869 pago
2853 2799 3167 2868 scriptandi
3191 2806 3312 2854 arte
3341 2798 3594 2866 vivebat,
3627 2813 3801 2869 quem

2099 2893 2154 2940 et
2189 2899 2294 2956 ego
2345 2900 2617 2942 noveram
2689 2889 2842 2956 (nam
2891 2887 3142 2942 Flaviaci
3189 2887 3244 2942 in
3295 2887 3401 2942 hoc
3466 2887 3585 2956 ipso
3634 2901 3805 2956 opere

2099 2975 2419 3030 conductus
2464 2975 2896 3046 laboraverat);
2945 2975 3045 3045 qui
3092 2976 3452 3045 postmodum
3504 2975 3662 3044 apud
3709 2989 3806 3030 ca-

2099 3069 2282 3118 strum
2315 3063 2612 3119 Britoilum
2648 3078 2781 3119 cum
2812 3064 2989 3119 altero
3017 3064 3272 3119 maleﬁco
3304 3064 3562 3119 fabulam
3585 3065 3803 3120 habens

2101 3151 2322 3215 clerico,
2353 3152 2463 3207 tale
2497 3151 2635 3223 quid
2655 3152 2908 3208 audivit:
2942 3151 2994 3207 Si
3017 3152 3264 3222 quaestui
3288 3153 3802 3223 mihiesset,quid-

2100 3239 2231 3294 dam
2258 3247 2310 3296 te
2336 3241 2616 3308 docerem,
2651 3241 2807 3310 quod
2852 3255 2983 3295 cum
3011 3240 3245 3305 faceres,
3287 3239 3647 3310 quotidiana,
3682 3237 3799 3290 sine

2103 3328 2222 3384 ulla
2288 3328 2786 3385 administratione
2853 3328 3121 3393 hominis,
3199 3328 3574 3398 pecuniarum
3650 3327 3796 3381 dona

2103 3417 2442 3488 perciperes.
2494 3417 2709 3485 Quaerit
2741 3417 2832 3474 ille
2862 3418 3003 3488 quid
3050 3417 3197 3473 facto
3227 3431 3371 3487 opus
3407 3424 3573 3472 esset.
3626 3415 3800 3471 Infert

2102 3506 2398 3563 maleﬁcus
2452 3507 2592 3576 quia
2644 3507 2755 3562 civi
2819 3506 3198 3568 infernorum,
3270 3505 3484 3561 scilicet
3548 3505 3796 3569 diabolo,

2103 3595 2388 3652 litandum
2452 3595 2562 3652 sibi
2603 3595 2763 3651 foret.
2831 3593 2972 3661 Qua,
3019 3595 3229 3665 inquit,
3287 3595 3565 3649 victima?
3619 3593 3798 3660 Gallo,

2103 3685 2313 3755 inquit,
2382 3685 2462 3740 ita
2526 3691 2591 3740 ut
2638 3698 2836 3748 ovum,
2887 3684 2958 3740 de
3018 3699 3135 3753 quo
3182 3691 3485 3739 concretus
3545 3690 3651 3747 est,
3713 3681 3803 3735 die

2103 3774 2260 3831 Jovis
2312 3773 2368 3828 in
2433 3787 2628 3830 mense
2694 3772 2898 3828 Martio
2963 3786 2997 3827 a
3064 3772 3279 3842 gallina
3332 3778 3548 3827 constet
3585 3771 3804 3839 exposi-

2107 3871 2250 3918 tum.
2289 3863 2458 3918 Hunc
2507 3876 2643 3932 ergo
2680 3869 2987 3932 postquam
3020 3860 3314 3928 torrueris,
3361 3860 3420 3914 in
3473 3860 3593 3927 ipso
3623 3859 3806 3914 noctis

2108 3951 2384 4022 principio
2430 3957 2619 4005 tecum
2661 3964 2913 4015 sumens,
2951 3949 3033 4004 uti
3068 3956 3249 4004 tostus
3285 3955 3387 4015 est,
3434 3961 3579 4002 veru
3611 3946 3804 4001 adhuc

2105 4039 2155 4096 ei
2185 4040 2391 4106 intuso,
2425 4040 2496 4095 ad
2527 4039 2855 4109 proximum
2891 4038 3181 4093 vivarium
3217 4051 3444 4092 mecum
3474 4035 3604 4090 ibis.
3632 4034 3803 4102 Quid-

2106 4127 2247 4197 quid
2295 4134 2486 4183 autem
2516 4127 2594 4182 ibi
2643 4127 2857 4192 videas,
2891 4126 3114 4192 audias,
3162 4125 3395 4190 sentias,
3432 4138 3546 4178 non
3593 4124 3798 4183 Deum.

2041 4227 2222 4280 Dnon
2282 4217 2504 4271 beatam
2564 4216 2826 4278 Mariam,
2890 4229 3004 4270 non
3060 4214 3208 4270 ullos
3256 4220 3482 4268 sanctos
3535 4211 3802 4267 invocare

2103 4319 2436 4376 prmsumas.
2473 4305 2646 4370 Faxo,
2684 4304 2894 4374 inquit.
2928 4303 3188 4359 Mirabile
3217 4300 3467 4358 factum!
3501 4300 3584 4356 Ad
3617 4301 3799 4356 locum

2101 4409 2238 4466 ergo
2269 4401 2441 4449 noctu
2491 4392 2750 4461 veniunt,
2803 4399 2858 4449 et
2890 4392 3132 4448 hostiam
3188 4391 3284 4447 tali
3336 4393 3444 4446 Deo
3484 4403 3801 4458 congruam

2105 4497 2298 4540 secum
2357 4481 2566 4538 ferunt.
2634 4481 2898 4551 Cumque
2943 4480 3034 4536 ille
3084 4494 3158 4536 ex
3205 4479 3436 4535 nomine
3486 4479 3804 4532 invocasset

2103 4571 2472 4637 daemonium,
2507 4577 2560 4625 et
2587 4582 2805 4639 pravus
2841 4567 2935 4624 ille
2966 4566 3285 4637 discipulus
3317 4573 3532 4622 teneret
3560 4564 3800 4636 gallum,

2104 4661 2376 4717 suscitato
2420 4659 2652 4715 turbine
2711 4657 2934 4713 daemon
2969 4657 3168 4724 astitit,
3220 4655 3438 4726 gallum
3482 4654 3590 4710 sibi
3632 4656 3801 4710 corri-

2104 4749 2250 4819 puit,
2282 4747 2594 4804 exterritus
2625 4745 2719 4800 ille
2749 4745 2850 4815 qui
2883 4746 3224 4810 ducebatur,
3257 4751 3518 4799 sanctam
3568 4744 3797 4799 Mariam

2108 4836 2461 4892 inclamavit.
2507 4834 2686 4905 Cujus
2713 4833 2955 4903 potentis
2989 4832 3242 4888 Domina
3273 4831 3473 4887 audito
3503 4831 3598 4886 ille
3627 4830 3800 4885 nomi-

2109 4935 2180 4976 ne
2211 4935 2341 4976 cum
2376 4918 2525 4990 gallo
2551 4933 2655 4973 suo
2690 4917 2938 4988 aufugit,
2974 4917 3052 4972 ita
3077 4923 3141 4972 ut
3169 4915 3432 4972 eumdem
3467 4913 3666 4970 efferre
3695 4927 3799 4969 non

2111 5010 2418 5073 sufﬁceret,
2453 5007 2546 5063 sed
2597 5021 2729 5062 cum
2763 5006 2824 5061 in
2869 5005 3122 5075 quadam
3171 5004 3384 5060 vivarii
3430 5003 3621 5059 insula
3651 5003 3796 5073 quis-

2115 5099 2265 5169 piam
2311 5099 2379 5154 de
2426 5096 2813 5168 piscatoribus
2861 5095 3129 5164 postridie
3159 5093 3458 5163 reperiret.
3492 5093 3536 5148 Ο
3589 5093 3799 5163 regium

2113 5195 2168 5243 et
2214 5187 2380 5242 dulce
2429 5185 2542 5241 tuis
2574 5199 2800 5251 nomen,
2856 5184 3129 5254 malignis
3182 5181 3445 5252 partibus
3493 5181 3575 5236 sic
3603 5195 3800 5250 paven-

2115 5277 2254 5332 dum
2281 5273 2292 5329 1
2323 5277 2512 5330 Iratus
2539 5282 2622 5330 est
2653 5280 2843 5329 autem
2878 5272 3174 5328 maleﬁcus
3203 5271 3484 5326 adversus
3518 5269 3795 5328 clericum.

2117 5379 2222 5420 cur
2249 5371 2464 5420 tantam
2497 5363 2607 5420 sub
2652 5362 2748 5418 tali
2780 5362 3010 5432 negotio
3042 5360 3314 5417 feminam
3363 5359 3698 5414 invocasset.
3739 5358 3800 5411 At

2119 5454 2213 5510 ille
2265 5451 2593 5523 poenitentia
2623 5457 2785 5508 actus
2827 5450 2919 5521 (⁸³)
2952 5450 3024 5506 ad
3057 5449 3377 5505 Lisiardum
3417 5447 3798 5504 Belvacensem
