3902 6082
145 227 250 278 893

1213 229 1303 286 DE
1344 230 1500 286 VITA
1538 231 1668 287 SUA
1706 231 1892 287 LIBRI
1929 232 2127 289 TRES.
2168 260 2238 273 —
2276 232 2404 288 LIB.
2446 229 2515 287 Il.

3544 231 3648 286 894

143 355 616 414 archidiaconum
636 356 1436 429 avunculummeum;virum
1456 361 1845 433 undecunque
1881 364 1927 418 Α
1956 370 2058 420 aut
2101 362 2383 420 audierim
2433 362 2646 420 dixisse
2697 360 3006 418 sufﬁciant.
3061 361 3136 418 At
3181 361 3464 432 deinceps,
3510 375 3642 418 cum

142 443 484 513 litteratum,
526 445 889 515 prudentem,
940 454 994 502 et
1033 447 1106 502 ad
1157 447 1295 504 talia
1342 450 1619 506 curialem
1667 464 1735 506 ac
1766 451 1845 507 fa-

142 548 395 600 mosum,
443 533 708 604 accessit;
742 535 1154 605 confessusque
1184 538 1339 608 quod
1384 538 1578 609 gessit,
1623 540 1843 596 oratio-

142 620 320 678 nibus
348 635 416 677 ac
456 621 697 693 jejuniis
738 638 855 679 sese
883 625 955 681 ad
1003 625 1418 695 paenitudinem
1449 628 1572 698 ipso
1605 628 1844 700 jubente

140 710 440 781 depressit.
493 710 626 767 Haec
671 712 740 767 de
798 712 876 789 iis.
910 728 1042 785 quae
1098 714 1157 770 in
1201 718 1544 773 monasterio
1602 718 1839 774 viderim

1951 452 2222 523 superius
2250 452 2319 508 de
2341 453 2437 508 illa
2468 458 2665 507 nostra
2722 450 3120 522 qualicunque
3143 449 3415 506 electione
3444 450 3647 506 dixeri-

1951 556 2103 609 mus,
2132 541 2264 612 quis
2296 541 2412 612 ipse
2448 542 2628 608 locus,
2662 539 2912 609 qualiter
2956 539 3268 605 institutus,
3301 552 3450 608 quas
3489 539 3647 594 anti-

1952 634 2201 702 quitates
2251 631 2532 697 habuerit,
2592 629 2666 684 ad
2714 643 2888 698 quem
2942 627 3199 685 translati
3255 628 3369 683 Deo
3417 635 3648 684 auctore

1950 732 2172 786 sumus,
2200 717 2435 775 alterius
2464 718 2644 774 libelli
2679 717 2839 773 initio
2871 717 3241 790 attingamus.

1301 1017 1700 1105 LIBER
1757 1019 2481 1107 SECUNDUS.

660 1227 861 1274 INlTIA
907 1230 984 1273 ET
1030 1229 1422 1277 PBOGRESSUS
1466 1232 1748 1277 ABBATUE
1794 1234 1854 1278 B.
1900 1233 2114 1278 MARIIE
2162 1234 2243 1279 DE
2287 1234 2651 1280 NOVIGENTO
2700 1235 3126 1282 REFERUNTUB.

714 1514 947 1572 CAPUT
989 1516 1292 1574 PRIMUM.

214 1602 316 1674 (⁵³)
364 1603 622 1661 Vocatur
656 1604 941 1676 siquidem
981 1605 1369 1676 Novigentum
1394 1605 1592 1679 (vulgo
1615 1609 1843 1675 Nogent-

135 1692 510 1765 sous-Coucy).
544 1692 651 1761 Qui
699 1701 987 1765 quantum
1038 1695 1112 1751 ad
1169 1695 1580 1753 habitationem
1622 1704 1840 1767 spectat

141 1781 514 1837 monasticam
567 1796 790 1853 novus;
838 1790 1126 1853 quantum
1174 1798 1309 1841 vero
1349 1784 1423 1841 ad
1462 1800 1634 1842 usum
1674 1801 1845 1843 saecu-

137 1870 319 1926 larem
400 1869 783 1926 vetustissime
850 1870 1062 1928 cultus.
1135 1870 1317 1939 Quam
1377 1873 1723 1944 'opinionem
1795 1875 1842 1931 si

138 1957 306 2014 nulla
347 1957 607 2014 litteralis
654 1960 887 2031 juvaret
926 1959 1176 2027 traditio,
1227 1965 1551 2031 suppeteret
1594 1962 1842 2033 profecto

138 2045 361 2102 aﬁ‘atim
392 2046 719 2118 peregrina,
744 2055 799 2104 et
827 2062 964 2118 non,
989 2055 1283 2118 putamus,
1310 2049 1621 2106 Christiani
1652 2051 1843 2108 nomi-

138 2134 234 2190 nis
297 2135 739 2205 sepulchrorum
810 2136 1043 2193 inventa
1107 2139 1415 2194 contextio.
1479 2139 1644 2195 Circa
1688 2140 1840 2197 enim

140 2223 344 2294 ipsam,
395 2231 452 2281 et
498 2224 558 2280 in
607 2225 729 2295 ipsa
777 2225 1011 2282 basilica
1073 2233 1291 2283 tantam
1347 2228 1841 2301 sarcOphagorum

139 2313 368 2383 copiam
401 2313 704 2385 conjunxit
736 2314 1072 2385 antiquitas,
1107 2314 1163 2371 in
1194 2316 1434 2372 multam
1466 2316 1573 2373 loci
1606 2318 1844 2374 famosi-

143 2408 319 2459 tatem
370 2408 666 2473 tantopere
695 2404 956 2473 expetiti,
989 2404 1340 2461 cadaverum
1381 2405 1521 2462 inibi
1558 2415 1845 2480 congesto-

146 2504 282 2546 rum
337 2492 695 2548 commendat
749 2492 1023 2548 inﬁnitas.
1069 2491 1214 2560 Quia
1256 2493 1410 2550 enim
1457 2509 1572 2552 non
1617 2496 1677 2552 in
1732 2511 1845 2552 mo-

140 2593 264 2636 rem
322 2586 652 2637 nostrorum
701 2580 843 2637 ordo
901 2581 1227 2652 disponitur
1279 2583 1695 2654 sepulcrorum,
1744 2585 1843 2642 sed

141 2668 470 2726 circulatim
545 2669 605 2725 in
671 2670 907 2727 modum
979 2671 1207 2727 corollae
1274 2672 1606 2742 sepulcrum
1668 2673 1844 2730 unius

143 2757 329 2814 multa
393 2758 679 2820 ambiunt,
751 2759 805 2814 in
861 2759 1078 2830 quibus
1142 2761 1410 2831 quaedam
1471 2762 1845 2831 reperiuntur

142 2859 307 2912 vasa,
349 2861 600 2917 quorum
631 2825 1176 2905 causam-nesciunt.
1204 2825 1840 2920 Christiana-tempora.
1884 2825 1924 2881 θ

144 2934 270 2991 Non
299 2949 606 3005 possumus
647 2936 804 2992 aliud
835 2937 1064 2993 credere
1092 2936 1201 2993 nisi
1233 2938 1389 3008 quod
1429 2938 1668 2995 fuerunt
1700 2953 1846 3011 gen-

148 3023 314 3091 tium,
346 3032 447 3080 aut
470 3025 875 3096 antiquissima
898 3030 1047 3080 488
1077 3025 1553 3095 Christianorum,
1578 3027 1675 3083 sed
1696 3027 1845 3084 facta

147 3112 351 3183 gentili
382 3127 554 3169 more.
587 3113 861 3181 Quaedam
906 3121 1099 3170 autem
1128 3123 1265 3171 sunt
1296 3115 1353 3171 in
1384 3116 1581 3172 eadem
1608 3115 1847 3172 ecclesia

146 3201 348 3258 litterae
378 3209 556 3258 metro
586 3203 929 3273 compositae,
966 3203 1181 3273 quibus
1222 3218 1327 3276 ego
1365 3204 1529 3260 nulla
1558 3204 1847 3277 adniterer

146 3292 502 3357 auctoritate,
536 3291 646 3348 nisi
677 3291 964 3361 quaadam,
1007 3306 1140 3363 quae
1172 3292 1489 3364 plurimum
1514 3307 1714 3350 eorum
1744 3308 1846 3350 ro-

147 3380 355 3436 borant
393 3380 582 3448 fidem,
627 3381 881 3437 viderem
930 3381 1215 3452 hodieque
1261 3390 1539 3439 constare.
1574 3382 1712 3449 Quae
1755 3382 1845 3438 hi-

144 3468 322 3525 storia
348 3468 430 3525 sic
459 3482 518 3524 se
565 3468 777 3526 habere
821 3470 1142 3526 secundum
1194 3471 1499 3541 scripturae
1542 3471 1719 3543 hujus
1751 3484 1845 3527 se-

144 3558 291 3614 riem
322 3557 571 3613 traditur
603 3572 615 3612 :

219 3642 318 3716 (‘5)
347 3647 494 3701 Mira
522 3645 588 3701 de
622 3661 745 3716 rege
797 3645 1284 3704 Ertio-Saxonum.
1321 3677 1389 3688 —
1419 3647 1589 3718 Apud
1633 3646 1845 3719 Anglos

144 3740 280 3790 ante
308 3734 593 3792 incarnati
617 3734 792 3793 Verbi
825 3734 884 3790 in
919 3735 1127 3792 coelum
1158 3735 1627 3805 assumptionem,
1652 3748 1845 3806 regem

144 3822 460 3892 quemdam
491 3822 775 3880 exstitisse
812 3822 1003 3892 refert,
1053 3824 1154 3895 qui
1203 3824 1438 3894 quidem
1486 3838 1602 3881 non
1646 3822 1841 3894 Angli,

145 3911 304 3981 quod
334 3911 543 3969 novius
587 3926 795 3968 nomen
838 3920 940 3981 est,
987 3926 1021 3968 a
1049 3912 1303 3983 quadam
1337 3919 1497 3983 parte
1525 3912 1842 3980 Saxonum,

145 3999 253 4069 qui
280 4000 402 4056 illas
436 4002 800 4072 postmodum
830 4008 1192 4073 usurparunt
1222 4011 1423 4069 terras,
1456 4003 1550 4059 sed
1585 4001 1844 4058 Britones

147 4087 223 4144 ab
252 4088 492 4159 antiquo
524 4096 829 4145 vocantur.
863 4089 929 4145 In
960 4089 1083 4160 ipsa
1110 4104 1249 4161 ergo
1284 4089 1600 4158 Britannia,
1632 4089 1842 4146 Oceani

146 4175 409 4233 videlicet
446 4176 658 4245 insula,
701 4191 803 4233 rex
830 4176 988 4248 jidem
1033 4178 1221 4234 fuerat
1254 4178 1454 4235 litteris
1494 4178 1727 4248 poeticis
1775 4191 1843 4233 ac

145 4264 555 4336 philosophicis
585 4266 878 4322 uberrime
908 4266 1110 4336 fultus,
1141 4275 1196 4324 et
1224 4268 1294 4324 ad
1339 4268 1461 4323 haec
1502 4267 1843 4323 naturaliter

145 4352 255 4408 sibi
304 4351 472 4409 insita
532 4354 783 4411 bonitate
844 4355 916 4411 ad
967 4354 1372 4412 misericordiae
1426 4371 1601 4428 opera
1655 4356 1838 4413 fusus.

144 4440 411 4512 Cumque
446 4457 640 4514 egena
688 4444 889 4501 manui
920 4446 1049 4500 ’non
1080 4444 1200 4513 Dei,
1234 4460 1405 4516 quem
1453 4446 1645 4502 adhuc
1674 4445 1841 4515 igno-

144 4530 333 4597 rabat,
382 4531 612 4596 intuitu,
645 4532 743 4587 sed
773 4531 1154 4588 humanitatis
1192 4532 1439 4601 eximiae,
1482 4547 1601 4604 qua
1630 4532 1838 4589 afﬂue-

144 4619 264 4686 bat,
299 4618 575 4688 impulsu,
607 4619 883 4691 dapsilem
917 4634 976 4676 se
1010 4620 1308 4690 praeberet,
1341 4621 1581 4692 dignum
1625 4621 1734 4677 fuit
1778 4628 1842 4677 ut

144 4708 257 4780 pize
300 4714 522 4763 natura:
569 4694 839 4765 exercitio
889 4708 1148 4765 clarioris
1187 4708 1578 4780 intelligentiae
1627 4724 1843 4766 munus

142 4796 456 4853 accederet.
532 4795 714 4868 Cmpit
766 4797 919 4854 enim
977 4797 1364 4854 disertissimis
1411 4798 1563 4868 apud
1608 4812 1667 4855 se
1712 4812 1844 4855 con-

137 4886 382 4959 jecturis
427 4886 750 4944 discurrere
798 4886 939 4958 quid
994 4887 1141 4944 inter
1188 4894 1269 4944 tot
1315 4886 1553 4944 deorum
1601 4901 1840 4943 suorum

140 4974 424 5033 formulas
479 4976 616 5033 certi
678 4977 936 5034 numinis
992 4991 1224 5048 sperare
1278 4976 1528 5033 deberet.
1594 4976 1844 5033 Pensans

141 5063 301 5122 enim
345 5079 613 5135 quaenam
643 5064 700 5121 in
750 5066 1145 5122 moderatione
1178 5065 1302 5122 caeli
1334 5072 1390 5121 et
1426 5072 1594 5121 terrae
1623 5071 1844 5135 poterat

143 5154 298 5211 inter
351 5167 448 5209 eos
496 5167 617 5210 esse
664 5153 990 5221 concordia,
1040 5167 1173 5210 cum
1228 5152 1285 5208 in
1343 5152 1650 5224 conjugiis,
1703 5153 1840 5209 dum

143 5240 506 5307 adviverent,
576 5240 695 5297 suis
750 5240 925 5297 fuerit
989 5247 1044 5297 et
1090 5240 1395 5310 impuritas
1457 5253 1525 5297 ac
1582 5239 1846 5297 simultas

145 5328 417 5399 indubia;
462 5335 518 5384 et
564 5328 622 5383 in
667 5328 936 5385 dominiis
984 5335 1267 5385 terrarum
1297 5342 1558 5396 suarum,
1593 5328 1842 5385 ﬁliorum

146 5420 209 5476 in
258 5427 467 5490 patres,
501 5425 733 5489 patrum
772 5417 833 5474 in
887 5416 1032 5474 ﬁlios
1072 5431 1257 5488 usque
1305 5418 1377 5474 ad
1412 5417 1691 5474 vicariam
1744 5426 1846 5475 aut

142 5504 540 5564 exclusionem
588 5511 693 5562 aut
750 5511 990 5563 mortem
1029 5502 1280 5576 patuerit
1329 5502 1475 5562 inter
1512 5504 1664 5576 ipsos
1705 5519 1847 5563 cru-

1885 1525 1924 1578 B
1950 1519 2089 1576 delis
2142 1520 2382 1588 invidia,
2415 1528 2470 1578 et
2522 1534 2656 1576 cum
2694 1521 2764 1577 ‘de
2820 1521 2958 1592 ipsis
2999 1523 3222 1579 cunctis
3266 1538 3406 1593 pene
3453 1524 3650 1596 pejora

1952 1609 2290 1667 mortalibus
2337 1609 2710 1679 cantitentur,
2762 1610 3061 1667 dementiae
3114 1612 3509 1669 arbitrabatur
3553 1628 3649 1669 ex-

1952 1704 2149 1754 tremae
2205 1698 2255 1754 si
2302 1698 2512 1755 talibus
2554 1706 2740 1767 terrae,
2807 1700 3021 1756 nedum
3068 1701 3343 1757 caelorum
3394 1701 3647 1774 regimen

1952 1786 2296 1843 ascribatur.
2348 1788 2418 1842 Et
2449 1787 2580 1858 quis
2608 1802 2704 1843 eos
2733 1788 2805 1843 ad
2833 1802 3087 1858 superna
3140 1789 3491 1860 disponenda
3538 1798 3651 1847 tra-

1952 1870 2143 1935 ducat,
2197 1885 2449 1941 quorum
2481 1872 2775 1941 quondam
2808 1872 3134 1929 miseranda
3170 1874 3422 1943 potentia
3460 1882 3649 1931 terra-

1950 1972 2084 2015 rum
2142 1958 2455 2030 particulas
2502 1960 2941 2030 qualescunque
2999 1960 3120 2017 sine
3166 1960 3317 2032 turpi
3374 1963 3648 2019 commis-

1950 2046 2109 2103 sione
2138 2055 2330 2105 tenere
2358 2063 2474 2105 non
2505 2048 2764 2120 poterat?

2022 2138 2250 2193 Caelesti
2304 2139 2507 2193 lumine
2565 2138 2899 2193 illustratur.
2971 2167 3016 2179 -
3077 2138 3209 2193 Haec
3264 2138 3432 2195 homo
3489 2139 3649 2195 simi-

1951 2225 2146 2297 liaque
2191 2227 2510 2294 revolvens,
2544 2226 2795 2283 exclusis
2835 2240 2869 2281 a
2899 2227 3068 2283 corde
3125 2227 3383 2283 inanium
3407 2228 3548 2299 jam,
3584 2235 3648 2285 ut

1952 2314 2213 2384 putabat,
2246 2315 2555 2372 numinum
2588 2314 2960 2386 imaginibus,
2994 2315 3067 2371 ad
3095 2329 3276 2371 unum
3324 2316 3649 2387 incompre-

1951 2403 2309 2470 hensibilem,
2342 2418 2513 2475 quem
2547 2403 2670 2459 sine
2708 2402 2892 2459 forma
2919 2403 3027 2459 coli
3058 2411 3335 2473 oporteat,
3378 2405 3477 2475 qui
3524 2419 3644 2460 om-

1951 2492 2050 2548 nia
2094 2508 2249 2549 unus
2282 2506 2399 2548 una
2444 2492 2752 2548 concordia
2797 2491 3180 2559 administrat,
3232 2493 3402 2563 cujus
3455 2492 3649 2548 invisi-

1952 2580 2101 2656 bilia.
2133 2595 2235 2650 per
2271 2595 2339 2637 ea
2370 2596 2502 2652 quae
2533 2580 2683 2636 facta
2726 2588 2863 2637 sunt
2906 2581 3029 2652 jam
3079 2580 3362 2637 intellecta
3406 2595 3647 2652 conspe-

1951 2676 2117 2726 xerat
2170 2671 2344 2738 (Rom.
2386 2684 2423 2737 ι,
2464 2668 2555 2741 20)
2584 2668 2888 2726 colendum
2919 2683 2979 2725 se
3008 2669 3198 2726 vertit.
3230 2670 3373 2727 Cum
3399 2684 3536 2742 ergo
3587 2670 3647 2725 in

1951 2756 2042 2814 his
2075 2756 2314 2814 utilibus
2355 2758 2713 2829 argumentis
2759 2756 2869 2813 sub
2923 2757 3273 2828 quibusdam
3305 2765 3496 2814 tamen
3530 2758 3649 2815 hae-

1952 2847 2148 2903 sitaret
2191 2846 2554 2918 ambagibus,
2593 2847 2762 2913 Deus,
2797 2846 2897 2917 qui
2944 2846 3234 2903 benevolis
3274 2847 3509 2904 meliora
3550 2847 3647 2903 de-

1952 2935 2151 3002 clarat,
2206 2935 2495 2992 hominem
2542 2935 2701 2992 hunc
2746 2934 2956 2990 caelesti
3001 2935 3175 2990 missa
3220 2934 3289 2990 ad
3330 2950 3464 2991 eum
3514 2950 3648 2992 voce

1952 3023 2217 3080 sollicitat
2255 3024 2337 3079 uti
2379 3024 2830 3093 Hierosolymam
2865 3037 3055 3092 usque
3101 3023 3390 3093 procedat,
3441 3023 3520 3080 ibi
3549 3038 3650 3080 au-

1951 3112 2183 3168 diturus
2231 3113 2370 3183 quid
2418 3113 2487 3169 de
2534 3114 2649 3169 Deo
2696 3112 2895 3168 sentiri
2945 3111 3159 3179 deceat,
3193 3112 3503 3183 qualitcra
3532 3113 3646 3168 Deo

1951 3200 2051 3257 Dei
2078 3200 2277 3258 exiens
2305 3201 2485 3258 Filius
2534 3202 2684 3257 inter
2731 3201 2991 3257 homines
3025 3215 3123 3272 pro
3162 3201 3492 3257 hominibus
3527 3214 3647 3257 sese

1951 3289 2239 3358 habuerit,
2273 3290 2413 3361 quid
2464 3291 2819 3361 perferendo,
2862 3297 2963 3346 aut
2993 3290 3132 3361 quid
3164 3290 3473 3357 devenerit,
3502 3304 3647 3360 quos

1949 3378 2131 3435 divini
2160 3379 2410 3435 nominis
2450 3377 2814 3448 exemplandi
2845 3378 3093 3435 vicarios
3120 3385 3243 3447 post
3287 3391 3347 3434 se
3392 3377 3646 3448 relique-

1952 3467 2053 3538 rit;
2085 3482 2322 3539 quosve,
2354 3481 2487 3523 cum
2512 3482 2571 3523 se
2604 3466 2697 3522 illo
2719 3466 3097 3527 transtulerit,
3129 3472 3422 3522 tantorum
3446 3472 3647 3535 myste-

1950 3555 2170 3611 riorum
2202 3555 2433 3610 indices.
2467 3555 2704 3611 Matrem
2737 3554 2997 3610 videlicet
3026 3568 3160 3609 cum
3192 3553 3463 3608 universo
3506 3566 3645 3622 apo-

1949 3644 2161 3705 stolatu
2191 3650 2532 3714 reperturus
2560 3642 2652 3699 sit.

2024 3734 2271 3800 Regnum
2324 3732 2567 3787 abdicat.
2629 3732 2924 3799 Novigentt'
2974 3731 3302 3799 hospitatur.
3362 3730 3648 3798 Novigcnti

1951 3822 2263 3891 descriptio.
2291 3850 2361 3860 —
2409 3819 2596 3892 Igitur
2640 3833 2745 3875 rex
2788 3819 2878 3875 ille
2930 3818 3315 3887 Britannicus,
3368 3817 3543 3874 rebus
3590 3826 3647 3874 et

1949 3925 2129 3983 regno
2176 3910 2392 3980 positis,
2442 3908 2742 3965 enuntiato
2788 3907 2893 3964 sibi
2941 3907 3069 3963 ﬁdei
3116 3907 3371 3973 oraculo,
3422 3906 3493 3962 ad
3542 3921 3643 3962 ex-

1951 3999 2218 4071 perienda
2271 4013 2402 4070 qua
2467 3997 2745 4054 didicerat
2801 4009 3108 4067 properare
3158 3995 3475 4066 proposuit.
3537 3996 3644 4051 De-

1951 4095 2102 4144 serta
2158 4087 2352 4158 itaque
2421 4085 2626 4156 patria,
2682 4093 2737 4141 et
2791 4084 2970 4141 classe
3027 4091 3248 4155 parata,
3305 4083 3644 4154 contiguum

1951 4184 2188 4234 tranans
2215 4189 2433 4247 aequor,
2457 4174 2795 4232 transmisso
2824 4174 3166 4244 oppidorum
3194 4172 3444 4243 plurimo
3464 4186 3532 4228 ac
3555 4186 3647 4227 ur-

1949 4265 2107 4324 bium
2165 4264 2491 4329 interstitio,
2540 4263 2852 4334 provincize
2895 4263 3300 4319 LaudunenSIs
3344 4261 3531 4333 attigit
3570 4260 3645 4316 li-

1949 4355 2163 4411 mitem.
2202 4354 2344 4410 Ruri
2371 4353 2550 4425 igitur
2582 4353 2739 4424 quod
2779 4352 3330 4422 praenominavimus
3356 4350 3643 4421 Novigen-

1952 4451 2095 4512 tum,
2150 4442 2463 4513 hospitium
2502 4441 2725 4512 appulit
2754 4441 3083 4497 sortiturus.
3136 4442 3233 4495 Est
3263 4446 3454 4495 autem
3484 4438 3645 4493 locus

1950 4530 2043 4587 ille
2091 4531 2201 4588 sub
2260 4530 2509 4599 castello,
2567 4530 2665 4601 qui
2718 4528 2996 4585 Codiacus
3045 4528 3243 4599 (vulgo
3295 4527 3491 4595 Coucy)
3538 4538 3643 4594 ap-

1947 4619 2214 4690 pellatur,
2243 4634 2392 4675 novo
2420 4618 2654 4689 quidem
2688 4626 2743 4674 et
2772 4631 2807 4673 a
2838 4616 3088 4681 rusticis,
3132 4624 3194 4672 ut
3226 4615 3433 4683 ferunt,
3479 4621 3645 4671 terrae

1950 4708 2149 4779 hujus,
2178 4706 2344 4763 valde
2363 4706 2626 4777 superbis
2652 4713 2708 4762 et
2747 4705 2982 4773 ditibus,
3014 4711 3242 4775 propter
3272 4710 3642 4759 externorum

1949 4797 2222 4852 incursus
2263 4795 2560 4851 aediﬁcato.
2615 4793 2709 4866 (⁵⁸)
2756 4793 2981 4852 Castelli
3031 4808 3168 4864 ergo
3213 4792 3375 4849 nulla
3411 4791 3645 4847 omnino

1950 4883 2290 4955 antiquitas.
2352 4884 2535 4940 Locus
2566 4883 2678 4951 ille,
2725 4882 2794 4939 de
2842 4897 2959 4952 quo
2987 4881 3235 4953 agimus,
3270 4888 3409 4936 tunc
3436 4887 3646 4950 tempo-

1949 4973 2032 5030 ris
2061 4972 2436 5029 venationum
2474 4972 2761 5028 feracibus
2801 4969 3165 5026 ambiebatur
3192 4968 3372 5037 silvis,
3405 4966 3497 5039 (⁵⁷)
3527 4968 3644 5024 ﬂu-

1950 5061 2045 5119 vio
2097 5076 2271 5133 quem
2326 5075 2504 5130 supra
2561 5059 2818 5116 diximus
2866 5058 3079 5128 Aquila
3129 5057 3340 5115 utiliori
3393 5057 3646 5112 maxime

1952 5164 2130 5222 quam
2161 5150 2398 5221 majori;
2433 5162 2566 5205 nam
2599 5148 2923 5205 oelebrioris
2966 5146 3212 5203 nominis
3240 5145 3428 5202 undas
3458 5145 3644 5215 pisco-

1951 5241 2118 5297 sitate
2183 5253 2463 5309 superans
2518 5237 2832 5301 uberrima,
2901 5236 3046 5291 alvei
3112 5234 3201 5291 sui
3267 5248 3645 5305 nequaquam

1951 5335 2146 5386 meatu
2214 5328 2599 5394 concluditur,
2674 5333 3008 5383 caeterorum
3081 5324 3262 5381 instar
3313 5323 3643 5391 ﬂuminum,

1952 5418 2047 5476 sed
2118 5431 2407 5489 aquarum
2483 5422 2789 5486 stagnante
2852 5414 3016 5484 copia
3071 5413 3425 5471 vivariorum
3493 5428 3649 5470 more

1955 5504 2339 5576 protenditur.
2394 5502 2672 5560 Montium
2713 5501 2849 5559 hinc
2895 5498 3026 5557 inde
3064 5498 3514 5571 prominentium
3556 5498 3651 5555 vi—
