3902 6082
285 247 387 299 895

1181 243 1237 295 ν.
1279 239 1612 296 GUIBERTI
1650 239 1939 295 ABBATIS
1975 240 2030 295 S.
2076 239 2312 295 MARI/E
2351 242 2440 296 DE
2483 241 2880 299 NOVIGENTO

3693 249 3798 298 896

283 381 405 437 neis
460 380 683 437 devexa
741 380 1076 448 cinguntur,
1131 376 1348 433 humus
1404 377 1711 448 utrobique
1770 376 2044 434 LiberoA
2083 377 2365 446 praeﬁxos,
2435 378 2645 435 coelum
2707 386 2762 435 et
2817 387 3031 436 terram
3075 394 3326 452 quaeque
3385 381 3443 436 in
3499 383 3582 437 eis
3658 389 3830 439 sunt-

283 469 589 541 Cererique
656 467 1020 534 conveniens,
1081 466 1342 522 omnium
1393 467 1676 522 bonarum
1740 466 1978 538 frugum

283 558 450 628 gleba
489 555 760 628 genitrice
806 555 1096 623 laudatur,
1140 555 1360 610 ﬂuvioli
1419 555 1739 611 fecunditas
1789 563 1980 625 prato-

285 660 413 701 rum
463 646 629 714 louge
676 643 902 714 lateque
947 644 1302 700 tendentium
1351 643 1780 700 amoenitatibus
1825 658 1978 700 com-

283 732 607 788 mendatur.

350 821 496 874 Inibi
550 821 770 886 Virgini
811 822 975 873 Deum
1018 821 1288 888 pariturae
1339 823 1616 874 sacratum
1662 822 1875 888 fanum.
1912 851 1979 860 ——-

282 909 552 964 Traditur
603 916 795 964 autem
847 909 920 964 ab
974 908 1232 978 antiquis
1276 916 1331 964 et
1379 922 1478 978 pro
1507 917 1658 964 certo
1697 909 1983 966 astruitur

283 998 436 1068 quod
466 1013 532 1053 eo
586 997 643 1052 in
679 998 798 1053 loco
828 998 1282 1054 vetustissimum
1316 998 1534 1053 exstitit
1574 999 1867 1069 quondam
1900 999 1981 1054 fa-

280 1099 445 1151 num,
518 1099 632 1141 non
680 1085 976 1141 existentis
1030 1086 1354 1155 cujuspiam
1416 1087 1514 1142 Dei
1589 1087 1821 1142 nomine
1881 1094 1984 1143 aut

283 1175 497 1230 honore
543 1181 854 1241 sacratum,
908 1176 1004 1229 sed
1041 1173 1135 1245 (53)
1167 1174 1218 1230 ei
1268 1175 1492 1230 feminae
1524 1175 1781 1232 nondum
1813 1183 1980 1243 natae,

282 1277 412 1333 quae
466 1263 645 1319 Deum
695 1271 749 1319 et
817 1263 1106 1318 hominem
1167 1271 1310 1319 esset
1363 1263 1648 1334 genitura,
1709 1264 1982 1321 dicatum.

287 1352 425 1406 Erat
454 1365 590 1422 ergo
625 1353 792 1407 matri
825 1351 1033 1407 futurae
1060 1352 1157 1407 Dei
1197 1352 1473 1407 nascituri
1506 1352 1797 1408 devotum.
1825 1353 1987 1420 Quod

291 1439 504 1496 nemini
551 1439 852 1509 quidpiam
882 1440 1120 1510 sapienti
1165 1441 1394 1496 videtur
1423 1441 1742 1497 absurdum
1774 1443 1990 1512 quippe

287 1528 388 1597 qui
454 1529 634 1584 Deum
690 1529 953 1600 ignotum
1005 1531 1160 1599 apud
1207 1529 1462 1586 Athenas
1507 1531 1803 1588 colueraut
1847 1536 1987 1604 (Act.

280 1631 426 1684 xvu,
462 1617 575 1687 23),
611 1625 761 1674 certe
809 1619 1169 1674 nasciturum
1223 1633 1297 1675 ex
1339 1618 1566 1686 femina,
1609 1623 1756 1678 sicut
1785 1630 1840 1678 et
1877 1639 1985 1680 cae-

286 1711 436 1760 teros
491 1705 624 1762 deos
691 1707 982 1778 gregarios
1048 1722 1301 1778 quorum
1382 1716 1590 1765 matres
1655 1711 1975 1781 nominant,

284 1793 520 1849 minime
572 1795 918 1851 nesciebant.
976 1796 1047 1850 Et
1091 1797 1136 1851 si
1189 1797 1480 1853 nascituro
1533 1798 1651 1868 jam
1703 1800 1978 1857 sacellum

282 1881 603 1949 dicabatur,
661 1890 846 1938 mater
890 1883 1085 1954 hujus,
1136 1884 1285 1940 sicut
1332 1893 1387 1940 et
1441 1885 1707 1954 aliorum,
1764 1888 1978 1944 honore

285 1984 654 2040 nequaquam
704 1971 874 2026 simili
925 1971 1287 2042 privabatur.
1340 1974 1499 2038 Quod
1547 1988 1684 2044 ergo
1734 1975 1847 2032 illic
1890 1977 1976 2047 gi-

283 2060 510 2130 gnendo
549 2074 663 2115 non
712 2060 1149 2117 discredendum
1200 2069 1303 2129 est,
1361 2063 1515 2132 quod
1572 2070 1626 2118 ct
1682 2063 1808 2120 istic
1855 2066 1974 2122 ﬁeri

283 2148 469 2217 potuit
530 2147 829 2220 geniturae.
886 2149 966 2204 Ad
1035 2149 1194 2205 hunc
1265 2150 1460 2221 itaque
1528 2151 1718 2208 locum
1785 2167 1977 2224 regem

284 2236 678 2292 Britannicum
725 2237 963 2309 contigit
995 2238 1311 2308 advenisse,
1363 2240 1463 2309 qui
1507 2242 1978 2310 opportunissimi

286 2325 443 2381 ruris
511 2325 862 2396 gratitudine
925 2335 1136 2394 tentus,
1205 2328 1294 2382 sui
1352 2343 1713 2399 suorumque
1770 2339 1980 2386 vexata

284 2420 471 2469 tractu
531 2413 748 2470 itineris
806 2429 1044 2484 corpora
1098 2415 1240 2470 inibi
1289 2415 1541 2472 refovere
1584 2417 1884 2486 disposuit,
1923 2426 1980 2475 et

280 2502 553 2557 animalia
599 2502 945 2559 lassabunda
985 2511 1109 2559 octo
1148 2504 1351 2560 diebus
1379 2504 1544 2561 uberi
1575 2506 1729 2575 quod
1759 2507 1980 2579 adjacet

287 2590 496 2660 pabulo
526 2593 825 2647 recreavit.

350 2683 465 2735 Rea:
522 2681 870 2749 Jerosolymis
918 2681 1153 2750 appulit.
1199 2712 1265 2722 —-
1312 2681 1536 2738 Exinde
1583 2682 1976 2754 progrediens,

281 2774 405 2836 post
451 2781 683 2822 emensa
731 2767 834 2823 soli
882 2768 1175 2839 marisque
1208 2769 1410 2838 spatia,
1447 2770 1677 2826 tandem
1718 2769 1979 2826 Hieroso-

282 2855 576 2926 lymitauis
615 2869 734 2911 sese
775 2855 1062 2912 moenibus
1094 2857 1305 2914 intulit.
1345 2858 1542 2928 Nuper
1581 2858 1758 2929 igitur
1790 2858 1980 2914 Salva-

2085 480 2279 522 creare
2311 466 2644 524 nuliatenus
2683 468 2951 538 potuisse.
2986 483 3134 539 quos
3159 469 3436 526 caelorum
3469 484 3795 541 aerumque

2085 555 2404 622 clementia,
2449 564 2503 612 et
2546 563 2712 612 terrae
2761 557 3075 626 opulentia,
3119 557 3227 613 hoc
3277 558 3331 612 in
3383 560 3600 614 mundo
3647 574 3796 615 con—

2086 643 2225 700 stitit
2254 643 2550 700 coaluisse.
2594 645 2812 700 Horum
2838 658 2975 715 ergo
3003 645 3262 700 numinis
3307 647 3526 701 ratione
3567 646 3797 716 disper—

2085 733 2223 799 dita,
2279 747 2400 788 meo
2455 733 2685 789 tandem
2744 733 3127 789 certissimum
3177 735 3332 790 sedet
3403 735 3651 806 ingenio,
3709 737 3800 792 his

2087 822 2286 877 divina
2316 821 2372 876 in
2417 822 2585 877 ﬁnem
2627 823 2966 879 auctoritate
3015 824 3271 893 privatis,
3322 839 3503 880 unum
3548 839 3713 894 posse
3743 834 3800 882 et

2088 910 2291 966 debere
2316 909 2471 966 credi
2512 910 2688 966 unius
2726 911 2824 966 Dei
2865 910 3159 980 opiﬁcium
3200 925 3266 966 ac
3298 913 3578 982 regimen,
3612 927 3648 967 a
3677 927 3798 982 quo

2091 1013 2208 1055 uno
2239 997 2385 1054 sicut
2433 1006 2568 1054 sunt
2598 999 2806 1063 omnia,
2862 1000 2938 1054 ita
2967 1013 3033 1054 ea
3068 999 3123 1054 in
3167 1014 3227 1055 se
3269 1001 3567 1055 continens
3597 1005 3801 1056 attem-

2095 1095 2255 1157 perat
2294 1086 2582 1142 universa.
2635 1089 2944 1157 Postquam
2985 1088 3098 1142 Deo
3140 1095 3224 1143 est
3274 1103 3435 1143 mens
3485 1102 3610 1143 mea
3659 1103 3799 1143 coa-

2093 1175 2290 1247 gulata
2311 1176 2418 1232 sub
2446 1190 2582 1243 uno,
2617 1183 2671 1232 et
2699 1176 2942 1232 delubra
2975 1175 3470 1247 delubrorumque
3520 1178 3799 1247 ﬁgmenta

2093 1273 2306 1321 aeterno
2337 1273 2471 1321 sunt
2523 1265 2775 1335 projecta
2830 1265 3077 1332 fastidio,
3129 1266 3295 1336 quasi
3344 1265 3628 1321 delaetatis
3669 1266 3798 1336 jam

2095 1355 2168 1410 ab
2218 1354 2548 1410 idololatriae
2592 1355 2816 1410 sentina
2873 1355 3222 1424 przecordiis,
3286 1356 3507 1425 puritas
3561 1356 3714 1412 illico
3767 1373 3800 1413 e

2096 1441 2421 1498 coelestibus
2489 1442 2662 1497 totius
2711 1456 2860 1498 verae
2917 1442 3210 1512 religionis
3285 1443 3573 1498 inclaruit.
3648 1444 3796 1500 Nam

2097 1531 2295 1586 divina
2344 1545 2478 1586 voce
2512 1545 2646 1586 mox
2670 1531 2877 1602 jubeor
2907 1531 3020 1586 huc
3069 1530 3285 1598 venire,
3337 1531 3436 1587 ubi
3470 1531 3528 1586 in
3559 1531 3796 1602 dispen-

2099 1619 2316 1674 satione
2346 1618 2440 1674 Dei
2477 1617 2596 1672 Filii
2646 1632 2832 1688 nuper
2863 1619 3034 1688 passi,
3068 1619 3278 1674 veritas
3324 1619 3510 1674 unicae
3538 1620 3796 1676 creduli-

2097 1707 2228 1764 tatis
2276 1721 2378 1776 per
2413 1721 2516 1763 vos
2553 1707 2694 1762 mihi
2749 1707 3030 1763 tradenda
3087 1708 3439 1777 promittitur
3486 1723 3626 1764 esse.
3689 1709 3794 1764 Per

2085 1796 2236 1851 hanc
2263 1809 2400 1866 ergo
2440 1795 2796 1864 pronuntiati
2844 1795 2986 1850 mihi
3041 1796 3308 1851 Numinis
3361 1811 3540 1866 quam
3587 1797 3792 1866 impre-

2087 1883 2401 1940 sentiarum
2433 1883 2600 1938 video
2647 1883 3009 1952 Genitricem,
3043 1893 3098 1940 et
3139 1898 3240 1954 per
3289 1891 3480 1940 vestra
3531 1899 3635 1941 vos
3668 1901 3793 1942 con-

2090 1979 2258 2028 testor
2295 1971 2502 2038 ofﬁcia,
2553 1979 2618 2027 ut
2646 1971 2786 2026 mihi
2819 1972 3120 2041 praebentis
3169 1972 3350 2044 hujus
3393 1975 3790 2044 regeneratio-

2088 2061 2178 2116 nis
2207 2075 2371 2116 novae
2404 2060 2699 2130 mysteria.

2157 2151 2313 2205 Fidei
2348 2149 2674 2204 rudimentis
2725 2150 2963 2204 imbutus
3006 2150 3342 2219 baptizatur.
3391 2151 3568 2216 Quitii
3602 2167 3791 2206 nomen

2086 2241 2137 2294 ei
2163 2241 2481 2308 imponitur.
2526 2238 2805 2307 Reliquias
2835 2241 2971 2308 petit
2999 2243 3050 2292 et
3086 2241 3304 2308 accipit.
3337 2269 3406 2278 ——
3441 2240 3539 2295 His
3565 2241 3787 2307 Petrus,

2087 2342 2218 2385 cum
2261 2327 2407 2383 felici
2459 2326 2557 2382 illo
2599 2326 2834 2397 collegio
2865 2328 2971 2382 sub
3019 2328 3200 2384 Maria
3227 2328 3516 2384 cmlestem
3578 2339 3788 2386 coetum

2087 2416 2458 2482 clariﬁcante,
2510 2415 2741 2484 auditis,
2795 2416 2892 2471 Dei
2931 2424 2986 2472 et
3043 2416 3292 2472 hominis
3341 2416 3463 2473 Filii
3512 2420 3790 2489 magniﬁ-

2087 2505 2332 2560 centiam
2391 2504 2799 2570 adoraverunt,
2856 2505 2956 2574 qui
3013 2519 3147 2564 cum
3199 2520 3415 2572 recens,
3471 2514 3525 2562 et
3573 2508 3791 2578 {gratiae

2085 2591 2556 2662 praedicatoribus
2585 2607 2890 2663 nunquam
2923 2594 3115 2649 adhuc
3145 2594 3377 2663 sparsis,
3431 2595 3682 2651 salutem
3735 2597 3788 2650 in

2087 2680 2272 2736 medio
2319 2687 2485 2736 terrae
2531 2680 2768 2748 fecisset,
2812 2696 2978 2737 novae
3020 2682 3400 2752 plenitudinis
3452 2684 3630 2754 hujus
3668 2685 3789 2755 jam

2087 2769 2146 2824 in
2192 2768 2631 2824 occidentalium
2683 2770 2932 2839 partium
2995 2771 3134 2826 ﬁnes
3192 2779 3311 2827 tam
3365 2773 3558 2828 subito
3611 2774 3794 2828 verba

2089 2856 2344 2913 fudisset.
2397 2857 2628 2913 Tradita
2675 2859 2852 2928 igitur
2891 2859 3112 2915 homini
3157 2860 3283 2916 ﬁdei
3340 2861 3564 2931 regula,
3619 2869 3676 2917 et
3719 2877 3796 2917 se-

281 2951 402 3000 tore
458 2957 645 3013 passo,
687 2952 740 3000 et
792 2958 826 2999 a
882 2945 1125 3002 mortuis
1173 2946 1466 3015 suscitato,
1512 2954 1567 3003 et
1611 2947 1684 3002 ad
1733 2946 1982 3002 cmlestia
2011 2979 2050 3033 ρ
2088 2953 2335 3017 quenter
2391 2945 2591 3002 abluto
2651 2947 3008 3016 baptismatis
3062 2949 3240 3017 unda,
3301 2948 3505 3004 ibidem
3567 2950 3793 3014 Quilius

279 3033 521 3100 elevato,
573 3032 645 3087 ad
704 3032 974 3088 ultimum
1024 3034 1238 3103 Spiritu
1294 3035 1446 3103 dato,
1508 3035 1718 3105 reperit
1775 3036 1981 3092 urbem

281 3120 526 3176 diversis
581 3120 1044 3177 contentionibus
1093 3123 1494 3189 diversantem,
1549 3124 1638 3179 his
1693 3124 1838 3180 facto
1891 3124 1981 3179 of-

280 3209 472 3275 fensis,
510 3207 621 3264 illis
667 3209 817 3265 facta
869 3210 1265 3280 probantibus.
1309 3213 1423 3268 Nec
1470 3212 1590 3269 ulla
1633 3213 1850 3269 exstitit
1886 3226 1981 3269 eos

281 3312 427 3368 quos
465 3298 764 3369 qurerebat
787 3299 1102 3370 reperiendi
1135 3300 1459 3365 difﬁcultas,
1494 3302 1590 3358 sed
1621 3317 1710 3358 res
1754 3303 1981 3373 magnis

279 3386 565 3442 celebrata
602 3391 773 3455 489,
827 3389 1162 3445 rumoribus
1206 3404 1370 3445 novae
1413 3391 1591 3462 hujus
1642 3391 1978 3462 promulga-

281 3482 430 3530 tores
473 3475 613 3546 legis
662 3475 810 3531 facili
869 3477 1080 3532 indicio
1128 3478 1468 3548 propalavit.
1518 3479 1638 3536 Non
1691 3478 1844 3535 enim
1888 3493 1980 3535 eos

278 3563 444 3619 solita
491 3565 770 3620 hactenus
830 3565 1084 3621 claustra
1131 3567 1421 3635 tenebant,
1468 3581 1573 3624 nec
1616 3582 1649 3623 a
1696 3567 1786 3624 sui
1825 3568 1979 3624 testi-

281 3653 474 3708 monio
511 3653 737 3709 Domini
769 3654 1021 3710 Judaicze
1051 3669 1146 3710 eos
1184 3655 1476 3712 seditionis
1507 3664 1695 3713 metus
1719 3657 1977 3727 arcebat;

282 3741 378 3796 sed
423 3748 547 3796 erat
595 3741 958 3798 considerare
1007 3755 1102 3797 eos
1134 3743 1192 3798 in
1248 3744 1474 3814 populis
1528 3744 1862 3810 eminentes,
1917 3751 1980 3800 ut

281 3829 680 3885 auctoritatem
761 3829 920 3885 verbi
995 3830 1283 3886 evidentia
1362 3833 1623 3888 stationis
1697 3831 1975 3902 impleret.

278 3917 427 3984 Quid
475 3918 783 3974 immorer?
828 3920 983 3976 Inter
1024 3921 1329 3992 populares
1379 3922 1557 3994 igitur
1605 3923 1806 3978 Petrus
1845 3936 1979 3978 cum

280 4007 550 4063 undecim
593 4007 891 4065 invenitur
929 4009 1308 4080 frequentius,
1358 4011 1680 4082 largissimo
1720 4011 1841 4081 jam
1887 4011 1976 4065 di-

280 4096 638 4164 scipulorum
671 4098 1027 4154 asseculante
1059 4106 1368 4167 conventu,
1408 4099 1582 4155 totius
1611 4107 1820 4155 nostrae
1849 4099 1977 4154 ﬁdei

277 4191 333 4240 et
364 4184 557 4255 gloriae
601 4187 852 4255 speculo,
899 4202 1063 4243 suam
1116 4188 1194 4244 ibi
1243 4189 1628 4258 praesentiam,
1662 4195 1718 4244 et
1765 4188 1977 4244 divinae

2087 3049 2296 3091 nomen
2342 3035 2574 3104 accepit.
2641 3035 3028 3092 Conﬁrmatus
3085 3037 3281 3106 itaque
3339 3038 3448 3093 sub
3491 3039 3789 3093 tantorum

2086 3123 2280 3179 schola
2327 3123 2756 3194 magistrorum,
2824 3138 2997 3193 super
3049 3125 3176 3194 ejus
3237 3125 3392 3195 quod
3455 3134 3789 3196 susceperat

2087 3212 2461 3283 intelligentia
2524 3213 2886 3281 sacramenti,
2955 3213 3323 3284 digressurus
3397 3215 3468 3270 ab
3537 3215 3677 3284 ipsis
3735 3223 3788 3271 et

2087 3300 2378 3356 rediturus
2426 3301 2498 3356 ad
2539 3301 2794 3370 propria,
2845 3315 3007 3358 sacra
3039 3302 3418 3373 reliquiarum
3450 3303 3521 3359 ab
3552 3304 3637 3360 eis
3669 3318 3787 3360 exe-

2086 3389 2168 3461 git
2208 3388 2358 3445 ﬁdeli
2409 3389 2577 3444 corde
2619 3388 2881 3460 pignora,
2916 3392 2985 3446 de
3031 3391 3121 3447 his
3171 3391 3433 3448 videlicet
3479 3407 3613 3463 quae
3656 3407 3785 3449 cor-

2088 3477 2208 3548 pori
2239 3477 2551 3534 Salvatoris
2580 3477 2856 3535 didicerat
2888 3479 3062 3536 fuisse
3095 3482 3387 3552 contigua.
3427 3483 3508 3537 De
3537 3481 3785 3537 vinculis

2083 3579 2217 3636 ergo
2248 3567 2465 3637 quibus
2499 3567 2808 3623 Dominum
2838 3568 2910 3623 ad
2940 3569 3187 3638 stipitem
3245 3570 3490 3640 ligatum
3521 3577 3780 3636 noverat,

2085 3655 2154 3711 de
2185 3655 2383 3726 ﬂagris
2413 3654 2627 3725 quibus
2657 3654 2831 3726 impia
2859 3671 3069 3714 manus
3101 3658 3362 3714 membra
3391 3658 3560 3714 beata
3589 3659 3785 3714 sulca-

2085 3753 2264 3811 verat,
2299 3745 2369 3801 de
2397 3744 2593 3814 spineo
2623 3751 2792 3811 serto,
2825 3747 2981 3816 quod
3013 3761 3244 3803 sacrum
3275 3756 3451 3816 caput
3479 3747 3782 3813 ambierat,

2085 3849 2157 3890 ne
2185 3834 2305 3904 ipso
2329 3832 2518 3889 crucis
2564 3831 2720 3903 ligno
2768 3835 2862 3890 cui
2893 3849 3180 3905 appensus
3211 3835 3418 3897 fuerat.
3447 3836 3517 3892 de
3549 3837 3787 3892 camisia

2085 3923 2182 3980 Dei
2221 3923 2542 3996 Genitricis,
2585 3921 2642 3979 in
2682 3937 2818 3994 qua,
2869 3932 2933 3979 ut
2971 3923 3201 3991 dicitur,
3254 3925 3564 3980 Dominum
3611 3926 3788 3980 enixa

2078 4010 2290 4082 fuerat,
2327 4015 2395 4070 de
2421 4015 2683 4071 omnium
2715 4013 2971 4068 induviis
2990 4012 3379 4082 apostolorum
3407 4013 3663 4083 ipsorum
3691 4015 3785 4084 pia

2083 4101 2380 4158 devotione
2406 4104 2565 4174 petiit
2587 4111 2642 4159 et
2671 4101 2908 4171 accepit.

2155 4191 2304 4246 Obiit
2365 4193 2668 4260 Novigenti.
2703 4220 2768 4229 —
2829 4189 2964 4245 Haec
3029 4188 3251 4245 modico
3311 4189 3542 4245 condita
3595 4190 3785 4246 loculo

278 4274 471 4328 carnis
543 4273 929 4332 testimonium
987 4277 1320 4346 perhibente
1394 4277 1592 4333 Maria.
1646 4278 1797 4341 Quos
1870 4290 1973 4332 rex
2003 4303 2043 4357 D
2081 4294 2275 4336 secum
2323 4279 2470 4348 tulit,
2522 4279 2830 4350 repedandi
2875 4291 3048 4334 curas
3106 4279 3428 4348 insumpsit,
3482 4287 3539 4334 et
3589 4287 3786 4335 trans-

281 4363 372 4418 ille
419 4362 802 4430 Britannicus,
850 4365 963 4422 Deo
993 4380 1128 4421 mox
1158 4365 1457 4421 delaturus
1497 4364 1799 4434 primitias,
1839 4381 1972 4422 cum

281 4451 518 4522 Virgine
560 4452 741 4510 Matre
798 4453 1168 4524 compellans,
1219 4467 1424 4510 causas
1476 4453 1692 4511 itineris
1737 4454 1818 4511 sic
1865 4470 1975 4512 ex-

281 4540 490 4609 promit
520 4553 532 4594 :

350 4629 429 4685 De
487 4629 881 4686 remotissimis
933 4637 1102 4687 terrae
1137 4631 1351 4687 ﬁnibus
1398 4632 1469 4688 ad
1527 4646 1647 4697 vos,
1675 4632 1872 4688 Patres
1921 4641 1973 4689 et

278 4717 514 4785 domini,
574 4719 890 4774 audiendos
955 4733 1045 4774 me
1101 4719 1396 4776 devenisse
1459 4720 1680 4776 videtis.
1728 4721 1848 4792 Ego
1903 4735 1975 4776 ex

277 4806 469 4862 debita
524 4807 882 4864 successione
941 4813 1271 4877 parentum'
1303 4809 1634 4866 Britonibus
1700 4811 1976 4866 hactenus

280 4894 578 4966 imperavi.
640 4895 813 4952 Sacra
875 4910 1012 4952 vero
1062 4897 1270 4967 prisca,
1319 4913 1450 4968 quae
1505 4912 1697 4954 errore
1750 4905 1974 4954 vetusto

277 4983 628 5040 venerabilia
658 4984 896 5052 duxere,
925 4997 1056 5040 cum
1104 4985 1408 5057 hucusque
1446 4987 1740 5051 coluerim,
1772 4986 1878 5041 hac
1903 4985 1975 5041 ab

277 5074 360 5127 eis
388 5087 574 5142 nuper
602 5072 825 5128 ratione
857 5073 1087 5130 descivi.
1135 5075 1276 5130 Cum
1325 5075 1478 5131 enim
1523 5075 1672 5144 ipsos
1713 5074 1974 5130 attende-

277 5174 418 5228 rem,
467 5175 614 5231 quos
643 5161 962 5232 antiquitas
993 5163 1201 5219 deitate
1240 5163 1419 5220 indita
1449 5163 1772 5230 honoravit,
1807 5170 1974 5218 teter-

279 5246 457 5302 rimos
496 5246 673 5303 fuisse
714 5249 1064 5317 mortalium,
1112 5259 1168 5306 et
1210 5258 1334 5321 post
1372 5264 1634 5306 enormes
1669 5249 1975 5319 spurcitias

280 5341 504 5390 naturae
532 5335 722 5392 debita
750 5338 1059 5394 exsolvisse
1090 5339 1503 5409 perpensitans,
1538 5337 1976 5395 rationabilibus

281 5423 468 5489 reperi
511 5423 856 5493 conjecturis
915 5427 1174 5484 homines
1215 5427 1275 5483 in
1319 5427 1663 5494 coelestibus,
1715 5426 1818 5497 qui
1865 5429 1974 5484 sub

279 5506 420 5562 coelo
469 5511 836 5570 terrestribus
877 5515 1197 5586 indigentes
1225 5515 1512 5579 vixerant.
1555 5515 1674 5572 sola
1709 5516 1975 5586 opinione

2083 4368 2254 4424 misso
2287 4367 2640 4438 interjacenti
2685 4367 2986 4438 regionum
3019 4367 3220 4436 spatio,
3251 4368 3322 4422 ad
3363 4381 3464 4423 rus
3507 4367 3674 4436 illud,
3727 4371 3783 4424 in

2083 4471 2199 4528 quo
2230 4455 2380 4511 inter
2430 4456 2688 4512 eundum
2738 4455 3023 4525 pausandi
3068 4455 3255 4526 gratia
3302 4455 3489 4511 fuerat
3536 4470 3785 4512 remora-

2088 4554 2202 4612 tus,
2275 4544 2524 4601 devenit.
2588 4544 2695 4609 Qui
2775 4543 3049 4599 continuo
3119 4544 3411 4613 insperata
3484 4552 3787 4615 correptus

2083 4631 2446 4703 aegritudine,
2498 4647 2629 4688 cum
2662 4631 2924 4688 cubitum
2974 4645 3032 4686 se
3084 4631 3340 4699 locasset,
3403 4632 3697 4688 revelatur
3733 4635 3782 4689 ei

2083 4720 2143 4776 in
2191 4721 2405 4776 somnis
2459 4721 2614 4791 quod
2670 4720 2879 4776 ibidem
2921 4720 3090 4776 ﬁnem
3139 4721 3442 4776 sortiretur
3472 4722 3605 4777 vita
3632 4737 3784 4792 prae—

2083 4808 2277 4864 sentis.
2326 4807 2547 4864 Dicitur
2577 4807 2751 4863 etiam
2785 4806 2860 4863 illi
2907 4809 3063 4878 quod
3105 4823 3220 4864 non
3268 4810 3409 4865 alias
3465 4825 3642 4880 quam
3693 4811 3786 4867 hic

2083 4897 2342 4953 membra
2395 4897 2522 4967 ejus
2573 4904 2760 4953 essent
2810 4897 3082 4953 habitura
3143 4898 3495 4968 sepulcrum,
3551 4900 3609 4954 in
3669 4915 3782 4970 quo

2085 4992 2276 5042 tamen
2324 4985 2448 5040 illas
2505 5000 2653 5056 quas
2706 4985 3115 5055 Hierosolymis
3170 5000 3204 5042 a
3251 4988 3464 5044 sanctis
3519 4988 3784 5058 apostolis

2083 5082 2380 5145 acceperat
2421 5074 2716 5144 reliquias,
2767 5075 2875 5130 sub
2929 5075 3128 5130 eodem
3187 5076 3396 5146 cespite
3445 5077 3615 5132 sciret
3665 5092 3784 5133 esse

2083 5163 2430 5219 condendas.
2465 5163 2919 5233 Expergefactus
2958 5162 3148 5230 homo,
3171 5170 3226 5218 et
3251 5177 3324 5218 ex
3355 5178 3473 5219 suae
3501 5179 3783 5232 praenun-

2083 5252 2319 5308 tiatione
2364 5252 2565 5308 mortis
2597 5251 3040 5323 cogitationibus
3077 5251 3200 5322 jam
3247 5252 3536 5308 universis
3579 5255 3782 5309 restri-

2083 5341 2189 5395 ctis
2226 5341 2296 5395 ad
2356 5355 2562 5406 unum,
2617 5340 2725 5395 sub
2782 5354 2881 5410 spe
2933 5348 3216 5396 secuturae
3273 5355 3408 5396 mox
3469 5341 3666 5412 gloriae
3716 5343 3783 5397 de

2083 5429 2354 5484 extremis
2413 5429 2504 5484 sui
2573 5428 2870 5484 cadaveris
2927 5429 3270 5485 utensilibus
3337 5437 3563 5485 tractat.
3624 5430 3780 5486 Diem

2086 5517 2263 5588 igitur
2301 5515 2439 5572 inibi
2479 5516 2695 5586 obiens,
2735 5523 2792 5574 et
2819 5517 3143 5587 depositum
3173 5517 3226 5574 ei
3254 5517 3356 5588 qui
3398 5517 3453 5574 id
3483 5516 3595 5574 sibi
3625 5532 3783 5575 com—
