3902 6082
131 291 238 343 897

136 425 394 492 miserat,

135 514 305 585 gleba
355 515 714 570 monumenti
743 515 991 571 obtinuit
1037 516 1312 586 requiem,
1347 517 1424 572 ibi
1457 518 1835 588 reliquiarum

127 603 305 671 juxta
356 603 543 672 ipsum
577 603 781 658 habuit
833 603 1055 659 loculus
1108 605 1314 660 sedem.
1349 606 1509 671 Inde,
1565 608 1675 662 Deo
1715 614 1838 676 post

133 690 411 761 temporis
462 691 781 761 plurimum
842 701 1208 761 procurante,
1263 701 1530 763 exempta
1576 696 1832 765 capsula,

133 788 189 835 et
222 794 256 835 a
306 780 525 850 quibus
574 780 761 836 nescio
825 781 1091 836 ﬁdelibus
1155 789 1376 836 vetusto
1433 782 1658 851 opificio
1709 783 1838 838 auri

136 867 368 936 pretiosi
427 867 671 923 bracteis
725 867 1014 937 adoperta,
1052 868 1122 922 ad
1171 868 1351 922 nostri
1401 867 1578 938 hujus
1617 875 1833 935 tempo-

136 954 219 1009 ris
261 955 492 1011 devenit
552 955 818 1023 intuitus,
871 963 924 1011 et
973 957 1227 1025 antiquis
1271 956 1576 1026 hucusque
1622 956 1838 1024 prabet

138 1044 462 1099 testimonia
488 1058 639 1099 nova
683 1043 976 1099 relatibus.
1009 1045 1208 1115 Itaque
1242 1045 1344 1100 loci
1389 1045 1543 1100 illius
1590 1045 1670 1099 sic
1703 1057 1838 1113 per—

137 1132 414 1189 hibentur
445 1147 567 1188 sese
596 1132 865 1188 habuisse
897 1132 1078 1188 initia.

814 1274 1046 1331 CAPUT
1086 1275 1158 1330 II.

212 1402 290 1454 De
332 1400 457 1467 ipsa
520 1399 813 1466 Novigenti
871 1399 1108 1453 ecclesia.
1180 1397 1292 1464 Quo
1344 1398 1499 1452 modo
1558 1399 1836 1453 monachis

138 1488 464 1542 concredita.
535 1489 608 1540 De
667 1487 912 1541 Henrico
976 1487 1188 1541 abbate.
1239 1518 1306 1526 —
1364 1488 1437 1543 At
1499 1487 1838 1544 Christiana

142 1577 284 1647 legis
311 1575 623 1631 viviscente
669 1589 973 1643 succursu,
1006 1576 1168 1631 bona
1201 1577 1447 1632 multum
1480 1575 1838 1632 habitudinis

140 1665 394 1720 Ecclesia
441 1665 556 1719 illic
601 1678 674 1720 ex
702 1665 942 1734 antiquo
983 1665 1091 1720 sub
1130 1666 1360 1720 nomine
1409 1665 1506 1720 Dei
1537 1665 1838 1720 Genitricis

141 1753 367 1810 enituit.
400 1753 522 1808 Sub
572 1753 777 1823 oppido
806 1754 1013 1809 etenim
1049 1755 1203 1824 quod
1251 1753 1628 1824 pradiximus
1672 1754 1837 1809 Codi-

141 1842 387 1898 ciaeensi
436 1844 767 1909 constituta,
798 1842 954 1898 villis
988 1857 1223 1912 quoque
1265 1850 1504 1898 vetusta
1553 1843 1842 1898 memoria

142 1939 197 1986 et
228 1931 523 1986 ditissimis
548 1931 884 2000 constipata,
924 1945 1136 2001 magno
1167 1931 1550 2001 quorumdam
1582 1931 1844 2001 adjacen-

147 2019 288 2075 tium
315 2034 604 2075 concursu
635 2033 701 2075 ae
731 2019 1100 2075 veneratione
1122 2019 1496 2090 contingitur.
1529 2020 1844 2075 Ferebatur

143 2109 336 2176 etiam,
371 2109 510 2164 dum
538 2108 648 2164 sub
696 2108 792 2163 illa
818 2109 1100 2177 parvitate
1129 2124 1187 2163 se
1216 2116 1428 2179 ageret,
1471 2107 1684 2162 divinis
1713 2122 1842 2162 cre-

146 2197 250 2252 bro
281 2195 559 2252 illustrari
601 2195 940 2262 luminibus,
988 2203 1043 2251 et
1072 2196 1370 2251 miraculis
1417 2196 1629 2265 sapius
1657 2196 1841 2251 hono-

146 2283 284 2352 rari,
320 2285 535 2353 quippe
569 2297 674 2339 nec
723 2283 775 2338 id
824 2283 1059 2352 injuria,
1095 2283 1235 2352 quia
1275 2288 1427 2338 490
1467 2283 1620 2352 apud
1656 2283 1845 2338 homi-

145 2387 247 2428 nes
296 2372 546 2428 indebite
594 2372 934 2427 consistebat
986 2372 1042 2425 in
1076 2371 1298 2426 humili.
1336 2369 1424 2440 (⁸9)
1474 2370 1698 2428 Castelli
1734 2385 1846 2426 au-

145 2469 255 2516 tem
309 2460 484 2530 ipsius
549 2460 659 2516 sub
717 2459 1133 2515 ﬂorentissimis
1187 2459 1544 2528 principibus
1610 2459 1846 2514 dilatato

146 2550 314 2621 longe
358 2549 586 2620 lateque
627 2548 896 2611 dominio,
942 2555 998 2603 et
1036 2549 1370 2616 proceribus
1408 2547 1590 2603 multa
1631 2547 1847 2603 libera-

147 2639 302 2694 litate
332 2647 387 2695 et
415 2638 708 2708 opulentia
748 2637 1020 2706 praeditis,
1062 2636 1134 2690 ob
1166 2635 1567 2691 claritudinem
1617 2635 1742 2703 loci,
1776 2635 1846 2690 de

144 2729 316 2798 cujus
362 2728 662 2783 sanctitate
692 2727 1026 2783 dulcissima
1061 2725 1278 2794 ubique
1312 2724 1600 2780 redolebat
1631 2723 1842 2793 opinio,

146 2830 218 2871 ex
275 2816 614 2871 devotorum
664 2815 900 2871 consilio
948 2813 1305 2884 propositum
1358 2820 1442 2867 est
1488 2820 1573 2878 ut,
1607 2813 1678 2866 ad
1730 2812 1845 2867 fre-

145 2904 443 2974 quentiam
495 2903 675 2957 divini
725 2903 940 2958 servitii
974 2903 1113 2958 inibi
1164 2901 1506 2968 habendam,
1549 2901 1848 2956 monachis

147 2992 488 3048 traderetur.
534 2991 813 3057 Quoniam
867 3005 995 3060 spes
1037 3005 1152 3046 non
1203 2998 1327 3046 erat
1371 2989 1467 3045 tali
1497 2996 1680 3059 capto
1717 3003 1846 3044 ma-

142 3081 288 3152 joris
341 3079 705 3148 incrementi;
737 3094 851 3134 non
909 3078 1062 3134 enim
1094 3078 1273 3134 multo
1325 3078 1621 3133 uberiores
1665 3092 1843 3147 quam

148 3183 250 3224 sex
293 3169 704 3224 monachorum
755 3182 868 3222 usu
897 3167 1154 3236 apparati
1205 3167 1323 3221 loco
1363 3166 1442 3222 illi
1478 3166 1737 3222 redditus
1765 3165 1846 3221 vi-

148 3256 453 3325 debantur,
501 3270 534 3311 a
571 3255 837 3322 rudibus,
885 3262 938 3310 et
969 3255 1160 3310 minus
1189 3255 1368 3311 doctis
1399 3255 1470 3310 ad
1525 3254 1722 3324 aliqua
1751 3255 1843 3309 in-

147 3345 436 3401 stituenda
494 3345 583 3401 vel
639 3344 1025 3415 promovenda
1078 3343 1334 3413 personis
1385 3343 1622 3399 ecclesia
1674 3342 1844 3412 capit

150 3435 435 3490 innovari.
470 3433 606 3502 Qua
649 3434 926 3504 quoniam
975 3433 1200 3499 ducem,
1239 3435 1294 3487 et
1325 3431 1572 3502 alicujus
1600 3431 1845 3501 argutia

150 3530 552 3595 praeeptorem
587 3523 643 3577 in
693 3520 1029 3578 adificando
1075 3534 1190 3575 non
1241 3519 1462 3586 habuit,
1506 3519 1846 3574 laciniosum

149 3611 384 3682 quidem
418 3611 574 3680 quod
633 3610 844 3668 factum
893 3615 977 3665 est
1007 3608 1134 3664 fuit.
1189 3607 1404 3663 Meliori
1457 3607 1637 3677 igitur
1668 3620 1845 3676 quam

149 3713 310 3755 nunc
338 3698 502 3767 copia
547 3698 902 3754 exuberante
960 3704 1099 3753 tunc
1146 3696 1375 3764 saculo,
1439 3710 1512 3751 ex
1545 3708 1842 3764 procerum

150 3787 364 3844 castelli
414 3787 772 3854 muneribus,
819 3793 1106 3842 crescente
1153 3785 1370 3852 locello,
1420 3784 1513 3840 cui
1565 3792 1755 3840 tamen
1787 3784 1846 3838 in

150 3877 432 3932 donorum
485 3875 771 3944 primitiis,
804 3882 857 3930 et
906 3874 1142 3944 largitas
1172 3880 1540 3943 praecesserat
1581 3872 1845 3928 domino-

151 3979 305 4030 rum,
340 3971 396 4020 et
457 3963 514 4018 in
564 3961 970 4033 largitionibus
1011 3961 1212 4018 alienis
1276 3961 1711 4032 sulfragabatur
1756 3974 1846 4015 as-

151 4067 375 4119 sensus,
427 4053 724 4108 commodo
776 4051 914 4106 satis
949 4058 1005 4106 et
1053 4051 1159 4105 loci
1195 4051 1459 4117 fratrum,
1512 4057 1567 4105 et
1591 4050 1716 4120 ejus
1746 4062 1846 4120 pa-

154 4151 453 4200 tronorum
485 4140 780 4208 provisum
827 4146 911 4194 est
939 4138 1193 4204 consilio,
1239 4146 1304 4194 ut
1347 4141 1405 4193 B.
1441 4139 1678 4208 Remigii
1714 4145 1850 4194 tune

150 4231 442 4295 abbatem,
487 4229 587 4298 qui
632 4227 749 4296 jam
796 4227 1018 4282 dudum
1053 4224 1146 4294 (το)
1201 4226 1605 4282 Humiliarensi
1649 4239 1847 4282 mona-

1239 291 1328 344 DE
1369 291 1525 345 VITA
1564 291 1694 346 SUA
1736 290 1918 346 LIBRI
1957 292 2153 347 TRES.
2197 323 2265 333 —
2307 293 2439 348 LIB.
2482 292 2548 347 Il.

1881 1742 1918 1794 Β

1885 3042 1924 3094 C

3539 301 3642 354 898

481 426 749 482 indemne
815 427 1140 494 restituens,
1220 428 1320 483 ubi
1385 430 1638 498 corporis
1711 430 1838 500 ejus
1873 431 2203 489 Asionibus
2278 433 2640 504 emancipata
2700 442 2755 489 et
2821 433 2990 490 claris
3067 437 3408 493 muneribus
3473 447 3643 495 aucta

1946 529 2048 577 est.

2017 610 2351 676 Godefridus
2418 613 2476 664 in
2543 612 2713 666 locum
2780 615 2999 666 Henrici
3071 615 3366 681 sufﬁcitur.
3435 643 3506 655 —
3573 617 3646 671 At

1948 697 2225 765 quoniam
2277 705 2332 751 et
2364 712 2488 752 avo
2533 698 2727 767 gravis
2779 698 3085 767 pradietus
3135 699 3332 766 abbas,
3366 708 3420 755 et
3463 701 3644 757 oculis

1946 791 2148 853 captus
2195 792 2337 852 erat,
2373 786 2444 840 ad
2507 786 2915 854 opulentiores,
2969 801 3100 856 qua
3139 802 3246 843 sua
3301 789 3646 845 sufficientia

1948 871 2173 928 facilius
2197 873 2315 942 regi
2348 880 2630 942 poterant,
2665 874 2810 928 duas
2834 874 3097 930 abbatias
3127 891 3184 931 se
3213 877 3456 932 contulit
3481 895 3493 942 ;
3529 885 3648 934 ter—

1946 961 2081 1015 tiam
2127 960 2296 1026 hane,
2331 977 2462 1030 qua
2510 962 2630 1016 sine
2676 976 2912 1030 operosa
2957 963 3228 1018 instantia
3281 966 3477 1020 haberi
3510 967 3641 1022 nul-

1948 1048 2172 1103 latenus
2232 1049 2477 1114 valebat,
2534 1050 2818 1106 dimittere
2874 1052 3189 1122 proposuit.
3249 1052 3353 1119 Qui
3413 1055 3641 1110 cuidam

1947 1137 2135 1206 nepoti
2187 1138 2468 1192 monacho
2521 1153 2652 1193 eum
2702 1138 2852 1194 hanc
2900 1140 3270 1205 committere,
3321 1143 3644 1209 provocatis

1946 1225 2017 1280 ad
2073 1225 2129 1279 id
2177 1225 2425 1281 ecclesia
2475 1226 2769 1294 fratribus,
2820 1227 3141 1296 moliretur,
3187 1229 3493 1298 impetrare
3526 1244 3644 1285 non

1946 1315 2150 1384 potuit,
2198 1314 2294 1370 sed
2325 1314 2382 1368 in
2437 1315 2748 1384 quemdam
2796 1323 2935 1371 tunc
2969 1316 3378 1372 adolescentem
3415 1318 3646 1372 nomine

1945 1402 2334 1470 Godefridum,
2387 1403 2486 1472 qui
2533 1403 2601 1458 de
2651 1403 2789 1459 locis
2817 1413 2939 1459 erat
2974 1405 3083 1460 illis
3127 1407 3432 1474 oriundus,
3465 1414 3518 1462 et
3549 1405 3641 1477 (7’)

1947 1491 2477 1558 San—Quintinensis
2509 1492 2578 1547 de
2619 1493 2806 1548 Monte
2853 1493 3053 1563 (vulgo
3085 1495 3131 1548 te
3178 1495 3646 1560 Mont-St.-Quen-

1949 1580 2049 1650 τίη)
2103 1581 2252 1649 apud
2315 1582 2589 1635 Peronam
2658 1580 2845 1636 fuerat
2893 1581 3230 1648 monachus,
3293 1581 3414 1650 ipso
3475 1583 3644 1637 etiam

1947 1684 2099 1740 agre
2147 1668 2360 1724 ferente
2413 1669 2677 1738 prosiluit
2728 1670 2942 1725 electio.
2981 1670 3122 1725 Cum
3154 1685 3290 1739 ergo
3339 1670 3647 1741 sagacissi-

1950 1770 2080 1810 mus
2141 1755 2234 1810 ille
2299 1755 2487 1811 senior
2551 1765 2685 1812 vota
2747 1757 3078 1827 eligentium
3150 1757 3291 1813 alias
3354 1758 3648 1814 transferri

1949 1843 2336 1912 conspiceret,
2407 1843 2635 1912 locum,
2709 1859 2883 1915 quem
2949 1845 3384 1916 dignantissime
3446 1855 3501 1902 et
3562 1847 3647 1901 in-

1950 1931 2389 2002 dulgentissima
2462 1932 2729 2003 largitate
2796 1941 3169 2001 servaverat,
3238 1934 3530 2002 deseruit,
3595 1943 3650 1991 et

1950 2019 2265 2090 legitimam
2295 2020 2603 2076 cessionem
2639 2021 2736 2088 illi,
2771 2037 2947 2091 quem
2974 2023 3285 2092 elegerant,
3321 2022 3466 2077 fecit.

2024 2106 2116 2178 (⁷³)
2182 2109 2474 2177 Sapienter
2516 2110 2919 2178 prudenterque
2966 2125 3021 2164 se
3085 2113 3224 2178 gerit
3291 2111 3645 2178 Godefridus.

1953 2197 2274 2251 Liberaliter
2320 2211 2565 2266 proceres
2607 2197 2748 2253 bona
2795 2199 3127 2266 largiuntur.
3160 2228 3227 2237 —
3261 2197 3447 2268 Igitur
3470 2198 3648 2253 electo

1955 2285 2067 2352 illo,
2121 2292 2176 2340 et
2202 2285 2273 2340 ad
2339 2285 2442 2340 loei
2504 2293 2762 2355 promoto
2801 2285 3136 2353 custodiam,
3185 2285 3461 2355 quoniam
3513 2299 3646 2340 cum

1952 2374 2135 2430 multa
2189 2375 2701 2444 circumspectione
2753 2389 2811 2430 se
2858 2374 3050 2444 gessit,
3098 2382 3152 2430 et
3188 2383 3301 2429 tam
3345 2374 3651 2443 populares

1953 2478 2130 2532 quam
2172 2477 2433 2532 proceres
2465 2478 2598 2518 eum
2637 2463 3016 2529 voluntatem,
3065 2471 3186 2518 tum
3219 2461 3648 2532 possibilitatem

1951 2551 2217 2606 ecclesias
2261 2552 2512 2622 augendi
2563 2551 2870 2617 habebant,
2921 2551 3169 2620 plurima
3219 2550 3309 2606 isti
3340 2558 3646 2616 terrarum,

1953 2647 2128 2710 atque
2181 2640 2511 2695 reddituum
2559 2640 2665 2695 hoc
2712 2639 2975 2709 sequenti
3042 2647 3292 2707 tempore
3353 2638 3652 2693 commoda

1953 2727 2381 2783 confluxerunt.
2428 2728 2576 2783 Bene
2617 2729 2770 2782 enim
2819 2727 2890 2781 ad
2921 2726 3258 2796 qualitatem
3299 2727 3650 2782 exteriorum

1954 2817 2252 2872 hominum
2291 2816 2441 2872 idem
2491 2816 2702 2872 habere
2750 2830 2808 2870 se
2842 2822 3098 2882 noverat,
3134 2814 3410 2885 quoniam
3459 2815 3538 2870 eis
3567 2814 3650 2869 af-

1954 2904 2182 2960 fabilem
2214 2913 2268 2960 et
2297 2903 2570 2974 dapsilem
2622 2919 2679 2959 se
2713 2903 3018 2974 praebebat,
3055 2911 3110 2958 et
3148 2903 3206 2957 in
3239 2902 3460 2959 actione
3509 2903 3653 2958 fora-

1953 2993 2230 3048 sticarum
2271 3007 2603 3059 causarum,
2636 2992 2696 3047 in
2730 2991 2945 3062 quibus
2991 2991 3350 3047 addiscendis
3401 3006 3514 3046 non
3546 2991 3650 3046 mi-

1951 3080 2174 3135 nimum
2210 3094 2442 3150 operam
2473 3080 2706 3136 dederat
2735 3079 2834 3136 eis.
2880 3080 2958 3135 Re
2991 3086 3182 3134 autem
3217 3093 3353 3134 vera
3395 3079 3651 3135 homines

1949 3183 2016 3224 ea
2079 3173 2429 3239 tempestate,
2479 3170 2548 3225 de
2578 3169 2787 3239 quain
2852 3168 3031 3239 hujus
3077 3168 3264 3237 operis
3333 3167 3491 3223 initio
3533 3166 3645 3238 egi,

1952 3257 2214 3313 liberales
2261 3259 2335 3313 ad
2385 3257 2738 3314 instituenda
2794 3257 3054 3312 eoenobia
3103 3255 3324 3310 animos
3354 3255 3648 3322 habentes,

1954 3352 2136 3402 terras
2164 3353 2219 3402 et
2247 3346 2460 3402 multas
2500 3346 2773 3415 pecunias
2815 3344 3191 3410 conferentes,
3235 3341 3430 3398 Iasius
3457 3356 3564 3398 sua
3594 3344 3650 3397 in

1953 3433 2165 3489 talibus
2215 3435 2637 3504 expendebant,
2690 3447 2863 3504 quam
2899 3431 2998 3487 filii
3043 3445 3243 3488 eorum
3296 3431 3445 3486 bona
3486 3431 3651 3486 nobis

1955 3521 2045 3577 his
2075 3522 2279 3578 diebus
2307 3522 2482 3577 verba
2520 3521 2871 3592 impendant.
2907 3521 3186 3587 Quoniam
3237 3519 3416 3588 igitur
3446 3519 3502 3573 in
3533 3533 3653 3574 mo-

1956 3609 2217 3665 nasteriis
2262 3609 2635 3664 circumcirca
2665 3608 2862 3679 positis
2889 3609 3086 3664 minus
3114 3621 3289 3677 quam
3318 3613 3652 3676 oportuerat

1955 3697 2247 3769 religionis
2279 3697 2533 3754 studium
2585 3697 2926 3765 habebatur,
2959 3705 3014 3752 et
3047 3697 3146 3751 iste
3179 3696 3237 3750 in
3278 3695 3488 3751 talibus
3518 3709 3650 3751 eum

1956 3787 2077 3844 suis
2107 3786 2341 3856 plurimi
2371 3786 2624 3842 exerceri
2659 3785 2984 3852 videbatur,
3017 3785 3165 3840 sicut
3195 3784 3390 3840 lumen
3422 3783 3651 3853 parvis—

1957 3876 2169 3930 simum
2199 3873 2402 3930 mediis
2451 3873 2510 3928 in
2546 3873 2794 3929 tenebris
2825 3873 2996 3928 habet
3024 3872 3234 3939 locum,
3268 3872 3348 3927 sic
3390 3871 3462 3926 ad
3506 3885 3653 3927 com-

1957 3963 2276 4035 parandam
2306 3962 2558 4018 nominis
2603 3961 2919 4017 claritatem
2963 3975 3222 4030 persona
3251 3975 3382 4031 qua
3413 3968 3654 4030 praerat

1957 4052 2214 4110 exhibita
2263 4051 2678 4120 temperantia,
2720 4051 3229 4121 subjectorumque
3277 4049 3345 4104 ad
3396 4048 3523 4119 ejus
3547 4048 3652 4104 im-

1959 4141 2185 4212 perium
2216 4140 2668 4209 obtemperantia
2709 4146 2932 4208 tempus
2962 4136 3212 4192 obtinuit
3241 4144 3651 4205 opportunum.

2033 4229 2321 4296 Godefridi
2362 4229 2536 4297 proba
2595 4229 2870 4282 instituta.
2924 4227 3152 4281 Creatur
3191 4226 3471 4294 episcopus
3518 4225 3656 4279 Am-

150 4317 324 4374 sterio
352 4317 549 4388 (vulgo
583 4317 931 4381 Homblie'res,
961 4329 1137 4385 prope
1181 4314 1452 4371 Sanctum
1485 4314 1846 4381 Quintinum)
1889 4340 1931 4393 ι)
1961 4319 2251 4372 bianensis.
2306 4317 2602 4372 Concilium
2640 4318 2700 4369 in
2747 4316 2966 4369 civitate
3024 4315 3272 4368 Trecensi
3300 4329 3334 4366 a
3384 4312 3656 4366 Richardo

152 4413 418 4478 praerat,
474 4404 845 4476 magnificum
902 4403 1115 4459 scilicet
1160 4403 1351 4460 virum
1401 4401 1494 4474 (τι)
1535 4402 1847 4459 Henrieum

151 4493 466 4550 canobiolo
493 4494 662 4549 etiam
714 4493 817 4563 ipsi
849 4493 1223 4563 pralicerent.
1259 4493 1366 4558 Qui
1415 4491 1701 4562 siquidem
1731 4505 1846 4546 non

151 4581 374 4648 litteris,
421 4595 536 4636 non
567 4595 772 4652 genere
814 4582 1025 4648 clarus,
1076 4582 1173 4637 sed
1217 4579 1275 4635 in
1328 4595 1524 4636 rerum
1554 4579 1845 4635 forastica-

153 4683 286 4725 rum
325 4669 406 4724 sie
454 4668 561 4724 fuit
605 4668 1024 4738 dispensatione
1070 4668 1418 4738 conspicuus
1448 4676 1512 4724 ut
1561 4667 1848 4724 interioris

152 4757 372 4828 regula
420 4756 593 4812 statui
639 4757 788 4811 bona
838 4756 1220 4812 sollicitudine
1254 4757 1467 4825 pariter
1514 4756 1850 4812 redderetur

154 4846 429 4901 intentus.
485 4845 584 4900 His
635 4845 815 4914 igitur
871 4844 1057 4900 tribus
1115 4844 1474 4899 monasteriis
1517 4844 1846 4914 prasidens,

150 4945 228 4988 ex
272 4931 544 4988 ditiorum
577 4933 754 5003 copiis
801 4933 1071 4999 duorum,
1111 4933 1260 4988 tertii
1302 4933 1498 5002 hujus,
1533 4933 1688 5001 quod
1721 4946 1850 4988 coa-

151 5021 364 5077 lescere
393 5028 659 5090 caperat,
713 5021 1016 5091 supplebat
1061 5020 1425 5092 indigentias.
1477 5021 1632 5076 Inter
1677 5020 1852 5090 pluri-

152 5123 282 5164 mas
331 5109 525 5179 itaque
572 5123 720 5180 quas
750 5124 923 5178 penes
950 5109 1246 5166 ecclesiam
1290 5109 1446 5164 illam
1489 5109 1746 5165 exercuit
1777 5109 1850 5164 li-

153 5198 503 5267 beralitates,
554 5199 876 5254 maximum
926 5199 998 5254 ad
1027 5199 1152 5268 ejus
1182 5199 1665 5254 consecrationem
1712 5212 1850 5254 con-

153 5287 321 5343 ﬂavit
347 5287 670 5354 obsonium,
701 5302 833 5357 qua
873 5287 945 5342 ab
978 5287 1296 5342 Helinando
1326 5286 1695 5343 Laudunensi
1727 5285 1852 5355 epi-

152 5390 346 5445 seopo,
395 5376 517 5431 viro
552 5389 727 5444 opum
764 5374 1042 5431 ditissimo
1073 5374 1225 5429 circa
1270 5374 1658 5432 institutiones
1683 5373 1852 5430 eccle-

155 5465 377 5521 siarum
419 5471 473 5520 et
532 5471 775 5520 ornatus
837 5476 1040 5520 eorum
1100 5462 1503 5527 euriosissimo,
1571 5461 1852 5532 dedicata,

155 5553 231 5610 ab
294 5554 414 5623 ipso
493 5566 724 5622 quoque
809 5549 1127 5622 privilegiis
1156 5591 1170 5618 ,
1236 5565 1269 5606 a
1355 5551 1645 5623 plerisque
1721 5566 1853 5620 pen-

1960 4407 2133 4473 legato
2180 4405 2410 4470 cogitur.
2461 4433 2530 4442 ——-
2579 4401 2967 4458 Simoniacum
3014 4400 3212 4470 itaque
3255 4397 3549 4469 quidpiam
3596 4398 3655 4452 in

1956 4494 2153 4549 eadem
2185 4491 2439 4547 Ecclesia
2467 4498 2567 4546 aut
2598 4490 2720 4545 fieri
2747 4496 2848 4544 aut
2876 4488 3072 4544 haberi
3099 4488 3296 4551 vetuit,
3327 4494 3380 4542 et
3407 4485 3659 4541 exclusis

1959 4579 2344 4636 mercimoniis
2389 4579 2568 4634 solam
2617 4577 2846 4634 admisit
2889 4576 3156 4647 gratiam,
3196 4589 3312 4631 non
3359 4573 3657 4629 dissimili-

1958 4677 2044 4725 ter
2070 4667 2448 4724 exseerationi
2475 4667 2692 4723 ducens
2721 4665 2867 4721 lucri
2897 4664 3080 4733 turpis
3100 4671 3155 4720 et
3181 4677 3323 4731 opus
3347 4669 3402 4717 et
3424 4676 3652 4718 nomen.

1959 4755 2144 4826 Igitur
2173 4755 2448 4825 quoniam
2479 4755 2571 4810 vir
2600 4755 2778 4809 isdem
2830 4754 2888 4808 in
2918 4751 3241 4808 forensibus
3273 4750 3516 4821 negotiis
3563 4750 3658 4805 ab-

1961 4844 2161 4899 batum
2235 4857 2477 4899 suorum
2545 4841 2811 4912 pluribus
2875 4839 3138 4910 argutior
3202 4840 3538 4908 putabatur,
3603 4846 3657 4893 et

1960 4931 2200 5001 proinde
2253 4929 2478 5000 oppidis
2530 4943 2597 4986 ac
2648 4928 2892 4986 urbibus
2953 4928 3140 4983 notior
3201 4927 3545 4995 habebatur,
3587 4928 3657 4983 de

1959 5018 2265 5075 ditioribus
2311 5019 2546 5088 quidem
2588 5016 2835 5072 abbatiis
2888 5016 3072 5086 primo
3120 5022 3315 5071 actum
3361 5023 3464 5083 est,
3512 5023 3660 5086 post-

1961 5107 2199 5164 modum
2245 5120 2418 5175 super
2480 5105 2813 5176 episcopatu
2868 5105 2973 5160 sibi
3030 5104 3262 5160 ferendo
3328 5111 3654 5161 tractatum.

1961 5195 2323 5252 Pontiﬁcium
2355 5202 2496 5251 tune
2524 5194 2795 5265 temporis
2821 5185 3205 5250 Ambiane’nse
3225 5192 3455 5249 biennio
3486 5191 3662 5247 ferme

1960 5291 2311 5340 vacaverat:
2347 5283 2462 5352 ipse
2502 5283 2676 5339 etiam
2705 5282 2854 5339 idem
2901 5281 3209 5352 cujusdam
3240 5281 3403 5338 urbis
3447 5281 3662 5351 pradi-

1961 5383 2066 5431 eta
2132 5371 2540 5440 archidiaconi,
2596 5371 2697 5441 qui
2747 5372 3080 5442 aliquarum
3146 5370 3283 5427 eleri
3345 5385 3412 5425 ae
3463 5370 3661 5440 populi

1961 5462 2217 5534 partium
2284 5460 2480 5518 favore
2545 5459 2867 5530 petebatur,
2931 5467 3272 5529 procurator
3335 5459 3658 5516 exstiterat.

1963 5551 2124 5607 Unde
2168 5557 2226 5607 et
2255 5563 2356 5620 pro
2403 5548 2614 5606 astutia
2666 5547 2950 5615 saeulari,
3001 5555 3056 5603 et
3097 5547 3436 5605 habitudine
3483 5561 3664 5618 quam
