3902 6082
256 287 358 340 899

1147 282 1208 335 V.
1251 282 1341 337 GU
1377 282 1590 338 BERTI
1632 284 1928 339 ABBATIS
1961 284 2016 339 S.
2064 283 2300 338 ΜΑΒΙΑΞ
2339 283 2428 338 DE
2478 282 2871 344 NOVIGENTO

3653 287 3769 340 900

257 415 489 487 gerebat
534 412 806 484 regulari,
855 411 994 468 dum
1026 410 1189 466 alteri
1242 411 1298 467 id
1334 419 1567 481 peteret,
1601 413 1718 484 ipse
1768 429 1948 484 expe—
1985 415 2030 468 A
2062 414 2158 469 sed
2202 422 2316 468 tam
2372 413 2519 470 ﬁdeli
2551 414 2903 470 confessione
2942 428 3076 471 suos
3121 413 3261 470 mihi
3311 415 3531 470 animos
3559 414 3769 484 prodi—

257 504 417 569 titur,
450 510 504 558 et
534 502 641 558 sub
673 500 956 556 Richardo
984 500 1280 571 quondam
1321 502 1626 558 Albanensi
1655 504 1937 573 episcopo,

257 593 578 664 apostolicae
625 591 770 647 sedis
809 591 866 645 in
915 590 1218 646 Franciam
1267 599 1406 646 tunc
1451 594 1636 662 legato
1664 593 1808 663 '(qui
1845 590 1940 664 [⁷⁸⁸]

257 684 314 738 in
360 683 587 738 civitate
625 679 982 736 'l‘recassium
1029 686 1289 750 coegerat
1330 680 1656 748 concilium)
1699 681 1945 750 praefatae

255 769 722 827 Ambiauensium
765 767 884 823 sedi
925 767 1224 836 episcopus
1267 768 1453 835 datus,
1492 783 1526 824 a
1572 784 1676 825 suo
1725 777 1948 825 constat

255 860 396 916 Novi
404 866 570 929 gento
592 857 921 913 translatus.

326 948 433 1015 Qui
467 961 598 1002 cum
632 946 687 1000 in
739 946 922 1001 multa
970 944 1106 1001 inibi
1141 944 1323 1016 gloria
1363 961 1428 1001 ac
1459 946 1722 1002 felicitate
1765 961 1824 1002 se
1855 963 1950 1018 ge-

256 1042 425 1102 reret,
475 1041 530 1090 et
580 1040 871 1102 tantopere
914 1033 987 1088 ab
1017 1033 1287 1088 omnibus
1335 1034 1619 1090 coleretur
1661 1041 1721 1090 ut
1771 1035 1843 1091 ab
1886 1035 1954 1090 iis

254 1124 424 1180 etiam
474 1122 575 1194 qui
631 1122 737 1178 sibi
785 1129 1068 1191 praeerant
1119 1122 1487 1191 pontilicibus
1532 1137 1666 1178 cum
1722 1124 1953 1193 speciali

258 1213 622 1268 veneratione
659 1210 1019 1281 potissimum
1068 1211 1395 1279 timeretur;
1427 1220 1481 1268 et
1511 1227 1582 1266 ne
1614 1212 1713 1268 diu
1746 1227 1952 1280 morer,

257 1315 390 1357 cum
422 1301 640 1370 ubique
684 1298 851 1369 quasi
885 1297 1055 1354 totius
1093 1299 1384 1369 religionis
1411 1300 1958 1371 speculum-specta-

262 1397 440 1456 retur,
487 1395 715 1457 repente
748 1387 820 1442 ad
867 1387 942 1454 id,
990 1387 1144 1458 quod
1179 1396 1376 1444 utrum
1409 1387 1728 1457 affectabat,
1779 1389 1956 1457 novit,

257 1483 397 1531 491
465 1478 634 1543 Deus,
702 1491 775 1531 an
830 1476 1153 1544 verebatur,
1221 1479 1473 1533 emersit.
1534 1477 1712 1532 Didici
1763 1487 1955 1534 autem

257 1567 412 1636 quod
482 1566 782 1621 hmreditas
843 1565 914 1620 ad
965 1579 1140 1635 quam
1208 1565 1516 1622 festinatur
1565 1567 1621 1621 in
1653 1567 1956 1636 principio,

261 1655 650 1710 benedictione
693 1655 948 1710 caritura
993 1654 1064 1709 sit
1098 1654 1152 1708 in
1201 1655 1530 1710 novissimo.
1582 1655 1751 1711 Initia
1786 1656 1954 1726 plane

2049 503 2278 570 derunt,
2317 504 2618 573 prodentes
2644 505 2943 571 unierunt,
2974 511 3036 560 ut
3061 505 3162 574 qui
3197 504 3407 560 alicubi
3440 505 3769 560 monachos

2052 606 2141 647 me
2184 594 2395 648 vidisse
2446 601 2727 662 putarem,
2773 593 2854 648 eis
2885 593 2942 648 in
2977 594 3084 648 hac
3133 596 3290 663 parte
3339 594 3767 662 comparabiles

2053 681 2292 736 omnino
2323 696 2438 736 non
2469 696 2712 738 nossem.

2126 773 2303 840 Quare
2364 775 2586 839 peccata
2615 785 2715 824 sua
2750 771 2916 840 plane
2974 785 3080 824 non
3113 772 3322 838 ape-rit.
3387 800 3454 810 -—
3488 772 3570 826 Tu
3616 772 3764 835 scis,

2056 858 2508 923 clementissime,
2545 859 2699 930 quod
2732 859 2836 914 hoc
2881 861 3228 930 opusculum
3265 873 3380 915 non
3423 861 3772 931 arrogantia.

2058 947 2256 1017 aliqua
2292 947 2578 1017 cmperim,
2624 947 2722 1003 sed
2755 948 3045 1017 nequitias
3078 961 3233 1004 meas
3263 948 3520 1004 conﬁteri
3565 950 3773 1005 volue-

2059 1033 2188 1102 rim,
2238 1049 2384 1106 quas
2415 1036 2584 1105 plane
2629 1036 3056 1092 evidentissime
3103 1037 3424 1106 conﬁterer,
3463 1037 3568 1092 nisi
3600 1038 3771 1093 mul-

2061 1131 2252 1181 torum
2282 1126 2504 1181 animos
2536 1126 2637 1196 qui
2673 1126 2794 1182 haec
2823 1126 3073 1197 legerent
3103 1126 3406 1182 horrendis
3446 1127 3582 1182 meis
3609 1128 3774 1182 acti-

2064 1212 2173 1267 bus
2205 1213 2520 1283 depravare
2545 1229 2792 1270 vererer.
2826 1215 3129 1282 Conliteor,
3164 1215 3426 1285 inquam,
3451 1215 3772 1286 nequitias,

2063 1301 2158 1357 sed
2193 1302 2370 1358 multo
2419 1302 2637 1373 justius
2666 1317 2781 1359 non
2830 1303 3121 1373 iniquitati
3152 1318 3311 1372 meae,
3345 1305 3441 1360 sed
3492 1304 3775 1375 ingenitae

2067 1389 2264 1460 gratiae
2295 1398 2406 1447 tuae
2449 1392 2855 1461 respondentes
2883 1392 3318 1448 misericordias.
3373 1393 3443 1448 Et
3472 1394 3516 1448 si
3557 1393 3624 1448 de
3652 1393 3775 1448 ali-

2068 1492 2184 1546 quo
2218 1477 2371 1548 loqui
2422 1479 2743 1550 contigerit,
2789 1480 2860 1535 ad
2893 1488 2993 1535 tua
3019 1480 3240 1550 judicia
3269 1480 3617 1536 ostendenda.
3651 1495 3775 1536 mo-

2069 1579 2159 1621 res
2185 1580 2492 1636 exponam,
2525 1575 2579 1623 et
2617 1576 2860 1624 eventus
2890 1568 3091 1624 ﬁnales
3122 1583 3346 1636 rerum;
3381 1577 3442 1625 tu
3471 1569 3621 1625 enim
3655 1571 3773 1624 scis

2071 1654 2228 1723 quia,
2285 1655 2340 1710 in
2407 1656 2497 1710 his
2532 1657 2643 1712 tuis
2691 1657 2912 1727 tibique
2961 1658 3164 1714 dicatis
3224 1658 3604 1727 sermonibus,
3648 1673 3770 1713 non

257 1760 387 1800 cum
423 1744 602 1800 solitae
649 1743 814 1813 plena
859 1743 1047 1798 laudis
1078 1743 1364 1811 habuerit,
1398 1752 1453 1799 et
1501 1758 1601 1814 per
1631 1759 1810 1799 annos
1840 1745 1952 1799 ali-
1993 1719 2032 1774 Β
2063 1750 2356 1811 gratanter
2396 1743 2618 1813 excipio
2649 1743 2990 1800 corrosionis
3031 1759 3098 1801 ac
3135 1745 3462 1802 invidentize
3494 1747 3764 1802 verbum.

257 1841 398 1902 quot
445 1847 648 1888 rumor
701 1832 751 1887 ei
802 1831 1184 1901 praeconiosus
1232 1832 1550 1899 accesserit,
1588 1834 1730 1904 jam,
1778 1841 1841 1889 ut
1869 1841 1952 1890 est

256 1923 468 1986 videre,
504 1921 789 1991 quidquid
831 1919 984 1989 apud
1041 1919 1324 1975 hominem
1374 1921 1690 1991 gloriarum
1733 1936 1952 1978 excan-

256 2011 478 2065 descere
511 2008 833 2074 videbatur,
885 2021 1000 2062 non
1051 2008 1217 2062 modo
1251 2007 1512 2078 intepuit,
1560 2010 1657 2064 sed
1706 2009 1947 2066 refrixit.

257 2097 444 2153 Prima
473 2097 626 2153 enim
669 2098 819 2151 intra
863 2095 1069 2151 urbem
1107 2110 1227 2152 sum
1279 2097 1657 2166 suseeptionis
1703 2099 1792 2154 die
1819 2113 1953 2155 cum

257 2186 557 2242 locuturus
603 2185 675 2240 ad
705 2184 986 2254 populum
1037 2183 1244 2254 pulpiti
1273 2185 1515 2240 editiora
1548 2194 1782 2252 teneret,
1831 2201 1956 2256 pro-

256 2283 494 2330 testatus
535 2282 618 2330 est
669 2288 727 2328 se
774 2272 854 2327 sic
919 2272 1104 2328 ardua
1151 2280 1526 2341 sectaturum,
1597 2273 1807 2344 quippe
1851 2275 1952 2345 qui

256 2362 428 2419 nollet
463 2362 601 2418 illud
631 2361 739 2416 sibi
785 2360 1069 2431 poeticum
1104 2360 1162 2416 in
1207 2360 1329 2416 suis
1356 2360 1673 2418 defectibus
1715 2370 1953 2433 coapta-

257 2453 326 2520 ri,
356 2451 567 2508 scilicet
599 2468 613 2505 :

327 2561 648 2615 Parturiunt
680 2561 900 2619 montes,
923 2560 1175 2611 nascetur
1194 2555 1462 2610 ridiculus
1492 2572 1629 2611 mus.

1338 2645 1497 2703 (Hou.
1534 2646 1606 2700 Α.
1639 2648 1700 2701 Ρ.
1735 2647 1883 2716 139.)

255 2753 392 2820 Quae
434 2751 716 2808 sententia
768 2751 840 2806 ad
869 2751 999 2820 ejus
1044 2751 1392 2820 aucupanda
1432 2751 1583 2807 facta
1630 2754 1948 2822 sequentia,

258 2841 659 2897 universorum
707 2838 930 2894 animos
960 2839 1382 2909 imprzegnavit,
1433 2839 1561 2910 ejus
1589 2841 1742 2896 enim
1770 2850 1954 2898 status

258 2930 317 2985 in
373 2929 491 2984 dies
530 2927 748 2997 copiose
798 2927 1111 2982 lentescens
1160 2928 1346 2996 seipsa
1402 2928 1737 2985 deteriorem
1788 2931 1954 3001 coepit

259 3016 642 3072 indesinenter
697 3016 878 3070 facere
933 3017 1314 3084 sponsionem.
1369 3016 1475 3072 Sed
1539 3017 1606 3073 de
1663 3019 1752 3074 his
1813 3020 1950 3075 inte-

257 3105 369 3162 rim
417 3105 708 3170 sileamus,
757 3103 1012 3159 habituri
1045 3103 1281 3159 forsitan
1314 3105 1370 3160 in
1411 3107 1786 3176 sequentibus
1831 3108 1952 3163 loca

257 3193 468 3249 ubi.....
497 3194 795 3261 (Nonnulla
823 3191 1060 3261 desunt.)

916 3316 1149 3374 CAPUT
1190 3317 1291 3372 IlI.

327 3426 616 3483 Guibertus
671 3427 730 3479 in
777 3425 948 3479 locum
993 3424 1279 3490 Godefridi
1331 3424 1499 3480 abbas
1538 3427 1824 3493 Novigenti
1869 3428 1950 3481 in-

253 3518 396 3571 scius
443 3515 791 3584 subrogatur.
837 3543 911 3556 —
959 3514 1047 3570 Ad
1094 3513 1250 3569 hunc
1278 3527 1414 3584 ergo
1448 3515 1601 3571 unde
1657 3515 1950 3585 digressus

255 3604 442 3661 fuerat
485 3604 695 3671 locum,
729 3611 784 3660 et
833 3617 1002 3673 quem
1057 3603 1174 3673 ipse
1219 3609 1605 3673 competenter
1649 3617 1715 3660 ac
1743 3619 1947 3675 oppor-

257 3701 394 3749 tune
444 3699 761 3763 aptaverat,
803 3699 857 3747 et
890 3691 948 3746 in
979 3705 1116 3761 quo,
1148 3690 1192 3746 si
1243 3689 1454 3746 habitis
1497 3698 1797 3747 contentus
1827 3707 1949 3749 esse

253 3781 439 3846 vellat,
510 3780 960 3836 fortunatissime
1008 3787 1062 3834 et
1126 3778 1414 3834 liberrime
1463 3778 1611 3834 nulli
1661 3779 1950 3835 obnoxius

253 3869 514 3926 victitare
556 3875 840 3938 potuerat,
887 3867 1174 3933 electione,
1213 3875 1274 3922 ut
1317 3867 1586 3937 superius
1625 3866 1766 3930 dixi,
1801 3866 1947 3922 facta

254 3972 342 4013 me
386 3957 622 4027 contigit
667 3955 914 4012 evocari.
967 3955 1178 4011 Electio
1226 3963 1419 4011 autem
1464 3962 1663 4011 utrum
1695 3955 1808 4009 Deo
1838 3969 1949 4009 no-

252 4047 400 4102 lente
429 4060 502 4100 an
531 4045 802 4100 tolerante
851 4043 1039 4111 fuerit,
1088 4043 1278 4099 nescio
1313 4059 1324 4099 :
1356 4043 1465 4099 hoc
1506 4059 1689 4099 unum
1747 4057 1949 4099 secure

254 4133 582 4204 pronuntio,
617 4131 757 4203 quia
786 4147 972 4202 neque
997 4146 1062 4188 eo
1089 4132 1330 4200 ambitu,
1365 4146 1553 4201 neque
1585 4145 1673 4187 me
1704 4132 1948 4198 conscio,

255 4229 354 4278 aut
385 4236 641 4277 meorum
697 4221 940 4277 factione
990 4229 1295 4290 parentum
1348 4227 1656 4290 procurata
1701 4220 1772 4276 sit
1809 4218 1950 4274 mihi

2055 1828 2200 1896 Quia
2243 1831 2422 1902 igitur
2466 1832 2725 1888 fortunas
2764 1840 2819 1888 et
2867 1833 3184 1889 infortunia
3233 1848 3358 1890 mea
3396 1835 3468 1890 ad
3514 1835 3765 1889 aliorum

2060 1917 2295 1974 forsitan
2362 1921 2770 1992 qualecunque
2839 1922 3292 1978 instrumentum
3357 1923 3582 1978 decrevi
3631 1938 3769 1978 con-

2061 2013 2271 2076 texere,
2306 2008 2426 2078 ipsa
2459 2010 2835 2079 susceptionis
2865 2025 3005 2066 meas
3035 2010 3126 2066 die
3156 2011 3394 2081 quidam
3441 2013 3767 2067 monachus

2060 2095 2271 2152 divinae
2304 2098 2529 2168 paginae
2576 2113 2689 2154 non
2742 2097 3002 2169 ignarus,
3055 2107 3392 2167 eventuum,
3427 2108 3492 2155 ut
3533 2101 3763 2170 opinor,

2061 2198 2318 2242 meorum
2361 2185 2641 2253 curiosus,
2695 2201 2829 2243 cum
2877 2187 3107 2243 obviam
3152 2188 3291 2243 mihi
3334 2189 3640 2258 procedere
3672 2203 3768 2258 pa—

2062 2281 2255 2330 rarent
2296 2273 2392 2346 [f.,
2437 2273 2716 2346 pararet],
2763 2283 2984 2332 textum
3031 2276 3332 2348 Evangelii
3361 2291 3433 2333 ex
3476 2277 3766 2333 industria

2059 2377 2231 2432 super
2261 2363 2440 2420 altare
2474 2364 2577 2419 hac
2622 2363 2936 2420 intentione
2969 2366 3210 2435 aperuit,
3245 2369 3311 2421 ut
3344 2366 3499 2436 quod
3531 2367 3768 2435 capitu-

2059 2452 2182 2508 lum
2236 2452 2418 2508 oculis
2460 2452 2711 2522 primum
2784 2461 3109 2510 occurreret
3178 2451 3297 2524 (75),
3354 2469 3456 2525 pro
3514 2453 3625 2510 mei
3669 2469 3769 2510 au-

2059 2541 2234 2611 spicio
2266 2542 2522 2598 haberet.

2132 2633 2516 2699 Prognosticon
2577 2631 2642 2686 de
2697 2632 2968 2689 Guiberto.
3042 2633 3218 2697 Quam
3277 2631 3506 2686 sollicite
3575 2634 3770 2686 munia

2060 2717 2197 2772 obiit
2251 2719 2581 2788 przlaturaa.
2636 2749 2702 2758 —
2755 2720 2889 2776 Erat
2943 2728 3135 2776 autem
3195 2719 3340 2776 liber
3388 2733 3568 2776 manu
3617 2720 3768 2776 scri-

2064 2813 2197 2875 ptus
2237 2819 2354 2862 non
2406 2807 2649 2877 paginis,
2712 2809 2808 2864 sed
2858 2808 3160 2864 columnis.
3195 2809 3260 2864 In
3303 2808 3591 2864 columnae
3651 2809 3767 2879 igi—

2064 2903 2160 2951 tur
2211 2896 2390 2952 tertize
2439 2896 2624 2952 medio
2682 2897 2886 2953 oculus
2953 2891 3078 2967 ejus
3134 2896 3376 2964 insedit,
3443 2898 3546 2966 qui
3606 2896 3769 2952 locus

1993 2984 2141 3073 Csic
2196 2998 2254 3040 se
2304 2984 2506 3040 habuit
2541 3001 2553 3040 :
2588 3007 2608 3034 ι
2669 2985 2932 3041 Lucerna
2988 2985 3241 3055 corporis
3294 2986 3378 3042 tui
3426 2992 3508 3040 est
3561 2986 3770 3041 oculus

2063 3081 2197 3128 tuus
2226 3074 2375 3144 (Luc.
2414 3090 2490 3140 xi,
2539 3074 2644 3142 34).
2678 3095 2703 3123 ι
2735 3074 2984 3130 Diacono
3031 3074 3246 3144 itaque,
3296 3074 3398 3144 qui
3427 3075 3484 3128 in
3546 3087 3769 3143 proces-

2058 3161 2214 3218 sione
2245 3164 2547 3234 Evangelii
2594 3171 2820 3220 textum
2851 3170 2972 3219 erat
3003 3163 3371 3233 praelaturus,
3423 3163 3674 3233 imperat
3702 3173 3766 3219 ut

2060 3257 2186 3319 post
2213 3251 2474 3307 osculum
2506 3251 2662 3321 quod
2690 3259 2978 3322 argenteae
3009 3251 3242 3322 imagini
3280 3251 3539 3308 exterius
3565 3252 3760 3308 affixa.-

2057 3337 2344 3411 libassem,
2393 3339 2570 3410 digito
2616 3339 2737 3396 loco
2785 3339 2884 3408 illi,
2921 3354 3094 3410 quem
3125 3347 3444 3407 notaverat,
3496 3340 3760 3410 interpo-

2057 3426 2163 3482 sito
2197 3435 2427 3498 repente
2458 3428 2514 3483 in
2539 3428 2722 3485 oculis
2751 3428 2891 3484 meis
2917 3429 3189 3485 volumen
3215 3428 3496 3499 aperiens,
3525 3429 3764 3485 sollicite

2057 3515 2375 3572 attenderet
2408 3531 2585 3587 quam
2636 3518 2695 3572 in
2728 3525 2947 3586 partem
3001 3517 3247 3573 intuitus
3302 3531 3464 3573 meus
3509 3532 3631 3573 sese
3676 3518 3766 3573 de-

2058 3612 2309 3673 poneret.
2372 3604 2611 3674 Aperuit
2667 3619 2802 3676 ergo
2854 3605 3090 3672 librum,
3157 3603 3252 3661 cui
3311 3604 3484 3675 juxta
3542 3619 3763 3661 morem

2056 3691 2416 3749 extrinsecus
2475 3693 2639 3750 labra
2685 3693 3098 3763 depresseram,
3153 3701 3209 3749 et
3255 3693 3379 3763 ipso
3428 3701 3765 3763 aucupante

2057 3794 2338 3849 quorsum
2371 3781 2744 3849 intenderem,
2777 3795 2891 3837 non
2924 3782 3150 3851 paginas
3178 3782 3340 3837 initia
3370 3783 3616 3852 respexi,
3650 3796 3765 3837 non

2060 3868 2251 3937 ﬁnem,
2281 3869 2378 3925 sed
2408 3884 2509 3926 ora
2551 3878 2606 3927 et
2635 3870 2830 3926 oculos
2861 3871 2934 3926 ad
2984 3870 3332 3926 versiculum
3369 3870 3577 3926 deﬂexi
3610 3884 3770 3925 eum-

2059 3955 2208 4012 dem.
2245 3957 2351 4025 Qui
2387 3959 2706 4014 monachus
2747 3958 2952 4014 talium
2982 3959 3267 4030 conjector
3297 3973 3425 4015 cum
3461 3956 3768 4013 intentioni

2057 4058 2178 4100 sua:
2210 4046 2426 4103 factum
2471 4062 2662 4103 meum
2697 4047 3085 4116 improvidum
3130 4047 3470 4103 convenisse
3519 4046 3765 4112 videret,

2057 4142 2185 4204 post
2215 4135 2434 4204 aliquot
2477 4135 2614 4202 dies,
2645 4144 2700 4190 et
2732 4135 2874 4204 quid
2906 4134 3148 4199 fecisset,
3182 4143 3235 4190 et
3275 4135 3427 4205 quod
3459 4134 3607 4190 actio
3639 4149 3770 4192 mea

2059 4223 2266 4277 actioni
2299 4237 2418 4278 sum
2465 4223 2610 4279 miro
2643 4222 2809 4278 modo
2839 4221 3245 4290 concinuisset,
3289 4223 3359 4278 ad
3399 4237 3489 4278 me
3526 4223 3768 4279 veniens

256 4311 352 4366 illa
395 4311 676 4382 quaesitio.
732 4311 796 4366 Et
827 4310 966 4366 istac
1027 4309 1260 4380 quidem
1311 4323 1398 4364 res
1453 4308 1596 4363 bene
1650 4316 1948 4378 utcunque
1987 4318 2031 4371 ι)
2060 4311 2376 4367 enarravit.
2428 4312 2599 4378 Deus,
2637 4310 2739 4382 qui
2786 4309 3048 4366 omnium
3095 4309 3154 4364 in
3186 4317 3239 4366 te
3286 4310 3644 4367 credentium
3691 4311 3769 4367 lu-

254 4398 544 4470 processit.
578 4399 715 4454 Illac
757 4412 910 4467 vero,
962 4398 1115 4468 quod
1161 4397 1372 4452 scilicet
1417 4410 1450 4451 a
1479 4396 1710 4451 nemine
1751 4411 1950 4452 eorum

254 4487 656 4558 cognoscebar,
708 4500 812 4542 nec
859 4486 1190 4556 quempiam
1243 4499 1440 4540 eorum
1491 4498 1784 4546 noveram,
1836 4499 1951 4539 non

255 4578 470 4633 utiliter
500 4577 757 4644 forsitan,
793 4591 907 4632 non
944 4575 1164 4645 integre
1193 4574 1349 4644 quod
1381 4581 1653 4629 secutura
1697 4573 1952 4630 lecturus

254 4667 527 4723 attendat.
563 4666 650 4721 Ad
679 4680 773 4720 eos
801 4663 956 4720 enim
1001 4663 1238 4719 veniens
1267 4670 1490 4718 certum
1519 4662 1672 4731 apud
1715 4677 1805 4718 me
1837 4677 1951 4718 non

256 4756 436 4812 habeo
461 4755 636 4824 quod,
666 4754 748 4809 eis
794 4752 1140 4822 incognitus,
1169 4759 1223 4807 et
1256 4750 1360 4820 ipsi
1405 4751 1566 4818 mihi,
1601 4751 1952 4808 simultatem

256 4843 574 4915 quamlibet
605 4843 713 4898 hac
766 4842 834 4897 de
877 4855 1052 4896 causa
1095 4840 1569 4910 concepissemus.
1623 4841 1712 4896 Sic
1762 4849 1950 4898 tamen

255 4933 609 4990 sentiebatur
637 4944 670 4986 a
700 4929 1067 5001 quibusdam.
1102 4927 1262 4995 Quod
1307 4929 1450 4984 alias
1475 4930 1710 5000 quidem
1740 4937 1796 4986 et
1823 4944 1952 4986 con-

256 5022 400 5094 tigit,
429 5028 683 5092 potestve
713 5017 1078 5090 contingere;
1116 5018 1208 5074 hic
1237 5017 1332 5090 [f.,
1365 5016 1470 5090 sic]
1508 5026 1702 5074 autem
1736 5018 1951 5074 factum

254 5111 588 5167 nullatenus
616 5106 774 5178 potui
800 5105 1098 5177 conjicere.
1131 5106 1285 5162 Nulli
1313 5120 1573 5176 namque
1602 5106 1845 5163 dubium
1867 5113 1951 5162 est

256 5198 411 5269 quod
440 5195 802 5253 familiaritas
843 5208 910 5250 ac
939 5195 1140 5251 notitia
1173 5194 1477 5250 audaciam
1510 5207 1712 5264 parere
1753 5193 1946 5262 soleat,

255 5284 499 5341 audacia
528 5297 664 5340 vero
696 5284 756 5339 in
781 5283 1158 5340 temeritatem
1192 5281 1458 5338 facillime
1487 5288 1846 5352 prorumpat.
1882 5282 1951 5338 Et

254 5380 406 5430 certe
436 5371 713 5442 majorem
744 5372 837 5428 bis
864 5386 1010 5442 quos
1039 5371 1235 5428 minus
1269 5371 1540 5427 novimus
1571 5372 1949 5427 reverentiam

252 5461 524 5518 exhibere
571 5461 840 5528 solemus,
891 5460 1023 5517 licet
1065 5460 1228 5516 illum
1277 5459 1419 5516 mihi
1467 5459 1812 5530 ingredienti
1860 5458 1948 5515 lo-

253 5564 407 5617 cum,
443 5547 600 5603 nullo
646 5549 812 5604 modo
847 5563 1050 5605 eorum
1107 5549 1454 5605 conscientia
1507 5555 1651 5604 esset
1693 5548 1946 5617 occlusa,

2062 4411 2265 4454 cernas
2315 4397 2608 4454 illuminas
2661 4399 2830 4469 (Psal.
2886 4414 3027 4464 xvii,
3063 4398 3174 4468 29),
3225 4398 3428 4454 tuscis
3471 4413 3650 4468 quam
3687 4399 3768 4455 in-

2063 4486 2332 4542 tentionis
2377 4487 2669 4542 lucernam
2725 4487 2868 4542 mihi
2916 4486 3248 4556 contuleris,
3299 4495 3353 4543 et
3379 4501 3577 4557 quam,
3613 4487 3766 4543 inter

2061 4575 2304 4632 adversa
2333 4591 2464 4646 quze
2496 4575 2634 4631 mihi
2678 4575 2998 4644 intulerint,
3035 4581 3092 4631 et
3125 4589 3458 4645 prosperam
3503 4576 3767 4632 volunta-

2061 4671 2173 4720 tem
2206 4665 2448 4720 habeam
2500 4678 2639 4736 erga
2678 4665 2848 4734 ipsos.
2882 4666 2950 4720 Et
2984 4664 3114 4720 licet
3160 4677 3335 4734 opera
3381 4678 3508 4719 mea
3537 4678 3638 4719 cor
3693 4666 3766 4720 vi-

2060 4752 2262 4808 delicet
2317 4752 2532 4808 fredum
2587 4752 2659 4808 sit
2705 4760 2760 4808 et
2821 4752 3118 4819 miserum,
3195 4758 3483 4821 quantum
3543 4750 3612 4805 ad
3673 4765 3762 4806 me

2059 4847 2295 4910 spectat,
2326 4848 2518 4896 tamen
2550 4855 2668 4896 non
2697 4848 2750 4897 te
2786 4841 2920 4896 latet
2950 4848 3236 4910 quantum
3270 4840 3360 4909 (7°)
3412 4839 3482 4895 ad
3515 4839 3760 4895 salutem

2060 4943 2338 4996 meorum,
2385 4943 2531 4999 quos
2579 4936 2643 4985 tu
2677 4927 2818 4984 mihi
2862 4928 3177 5000 subjecisti,
3212 4929 3445 4984 animus
3484 4942 3648 4984 meus
3680 4929 3761 4983 in-

2059 5018 2272 5074 tendat.
2319 5017 2679 5087 Quantopere
2707 5017 2880 5073 etiam
2920 5017 3074 5073 mala
3104 5010 3231 5073 mea
3271 5017 3587 5082 considero,
3641 5023 3760 5072 tan-

2059 5113 2252 5176 topere
2294 5107 2481 5177 magis
2509 5106 2578 5162 de
2607 5106 2772 5162 bonis
2803 5105 3059 5176 ipsorum
3085 5104 3131 5162 si
3165 5105 3462 5162 arriserint
3491 5105 3760 5175 operibus

2058 5194 2354 5251 hilaresco.
2436 5194 2560 5251 Scio
2609 5208 2862 5264 namque
2915 5209 2981 5250 eo
3033 5208 3125 5250 me
3177 5194 3334 5264 apud
3379 5202 3492 5249 tuae
3559 5193 3758 5264 gratiae

2057 5285 2331 5340 thronum
2386 5283 2732 5352 liberiorem,
2765 5297 2881 5353 quo
2925 5282 3176 5354 amplius
3215 5281 3613 5339 benivolorum
3645 5290 3760 5338 stu-

2057 5372 2167 5428 diis
2196 5386 2286 5428 me
2316 5372 2618 5443 prwbuero
2650 5371 2979 5443 gratiorem.

2129 5461 2407 5517 Orationis
2461 5461 2530 5515 ab
2571 5462 2664 5516 illo
2693 5477 2875 5516 coram
2931 5461 3208 5516 monachis
3276 5459 3475 5514 habitae
3525 5473 3754 5514 summa.

2060 5578 2125 5587 --
2179 5549 2487 5619 Susceptus
2541 5548 2721 5619 igitur
2775 5549 2848 5605 ab
2885 5549 2986 5617 eis,
3019 5556 3074 5605 et
3121 5543 3428 5619 capitulari
3471 5554 3756 5604 conventu
