3938 6082
130 321 236 375 901

1230 322 1319 378 DE
1358 321 1515 378 VITA
1555 322 1692 379 SUA
1731 322 1921 380 LIBRI
1961 324 2165 381 TRES.
2205 353 2275 364 —-
2317 323 2447 379 LIB.
2490 323 2560 379 II.

3545 333 3648 388 902

129 448 436 518 inductus,
496 463 672 520 super
713 450 1042 521 prophetico
1098 452 1196 509 illo
1241 453 1474 510 oraculo
1518 467 1835 510 sermonem
1872 458 1918 511 Α
1947 453 2116 520 valet,
2145 453 2299 525 justo
2329 467 2431 525 per
2458 453 2616 522 alios,
2653 453 2868 525 justius
2898 468 2999 525 per
3025 456 3271 527 seipsam
3303 459 3375 515 ab
3403 459 3649 517 aliorum

130 539 344 607 habui,
378 547 433 595 et
480 540 599 594 dixi
648 540 791 610 (erat
829 548 1021 597 autem
1070 542 1430 599 Dominicum
1477 551 1684 614 praesto
1726 542 1839 600 Na-

129 629 275 696 tale,
310 642 443 684 eum
469 628 648 683 Isaias
680 628 953 700 legitur):

208 721 366 772 49$
395 739 415 767 ι
450 717 616 786 Dicit,
648 718 911 788 inquam,
943 718 1120 775 Isaias
1161 720 1437 790 propheta
1473 722 1629 792 quod
1656 735 1844 792 nuper

131 804 421 861 audistis:
462 826 483 853 ι
518 805 921 876 Apprehendet
949 807 1042 863 vir
1072 807 1307 864 fratrem
1340 822 1534 877 suum,
1567 809 1842 865 domesti-

134 908 279 950 cum
302 894 484 965 patris
511 894 601 950 sui
628 910 641 951 :
698 895 1111 953 Vestimentum
1144 897 1245 954 tibi
1274 905 1376 965 est,
1428 897 1688 967 princeps
1724 905 1843 954 esto

135 990 356 1050 noster,
390 983 564 1039 ruina
610 989 802 1040 autem
844 985 965 1040 haec
994 985 1102 1042 sub
1135 1000 1312 1042 manu
1354 994 1470 1042 tua.
1506 988 1576 1042 Et
1606 1001 1846 1057 respou-

136 1072 301 1128 debit
328 1071 449 1127 ille:
481 1071 607 1129 Non
649 1087 778 1129 sum
827 1074 1105 1143 medicus,
1130 1083 1206 1131 et
1260 1075 1315 1131 in
1365 1076 1532 1133 domo
1574 1089 1701 1132 mea
1730 1090 1845 1131 non

134 1166 227 1216 est
254 1159 421 1230 panis
469 1174 658 1231 neque
689 1161 1130 1229 vestimentum;
1162 1164 1335 1221 nolite
1375 1165 1720 1221 constituere
1757 1179 1846 1221 me

138 1247 483 1318 principem.
536 1247 672 1306 Ruit
717 1250 872 1306 enim
913 1251 1269 1309 Hierusalem
1297 1260 1353 1310 et
1393 1254 1572 1310 Iudas
1601 1253 1849 1309 concidit

137 1339 303 1406 (Isai.
336 1352 418 1406 III,
449 1337 589 1408 6-8).
627 1361 653 1384 »ι

223 1447 246 1475 ι
295 1426 399 1483 Vir
443 1433 527 1482 est
576 1426 680 1496 qui
719 1434 920 1484 contra
973 1428 1268 1485 diabolum
1322 1428 1679 1487 efieminatas
1730 1445 1847 1487 non

142 1513 323 1570 habet
354 1512 449 1587 [f.,
497 1514 859 1573 effeminatus
912 1532 1027 1575 non
1075 1516 1364 1590 habetur].
1399 1521 1452 1575 Is
1482 1520 1715 1577 fratrem
1745 1534 1848 1591 ap-

144 1603 472 1672 prehendit,
513 1619 645 1660 eum
685 1606 757 1660 ad
786 1605 1039 1676 aliquem
1081 1622 1153 1662 ex
1201 1608 1315 1663 Deo
1353 1616 1554 1665 natum
1590 1624 1648 1665 se
1684 1609 1849 1665 colli—

144 1690 251 1760 git.
296 1691 349 1747 Is
395 1706 629 1763 quoque
669 1694 847 1762 patris
901 1694 1067 1751 debet
1108 1710 1229 1751 esse
1276 1696 1636 1765 domesticus,
1687 1699 1847 1768 quia,

144 1780 255 1849 qui
286 1780 358 1836 ad
405 1780 659 1837 officium
691 1782 1005 1853 corripitur
1054 1791 1399 1854 pastoratus,
1446 1785 1849 1856 mysteriorum

145 1868 358 1924 domus
403 1869 503 1925 Dei
550 1870 789 1940 reperiri
837 1885 953 1926 non
1010 1870 1174 1927 debet
1239 1871 1496 1943 ignarus.
1544 1872 1652 1940 Qui
1694 1874 1850 1930 enim

144 1965 644 2014 sacramentorum
677 1958 939 2015 Ecclesiae
984 1959 1210 2017 nescius
1246 1967 1349 2027 est,
1400 1961 1581 2031 ipsius
1611 1962 1854 2019 admini-

145 2045 426 2102 stratione
476 2046 689 2117 dignus
736 2061 850 2103 non
898 2055 1000 2115 est,
1051 2055 1245 2118 utpote
1291 2050 1433 2119 quia
1476 2072 1496 2099 ι
1550 2051 1758 2119 scriba,
1793 2051 1850 2106 in

148 2147 332 2204 regno
361 2134 637 2191 cmlorum
685 2135 886 2191 doctus
933 2137 1149 2207 (Matth.
1190 2151 1310 2204 xm,
1361 2138 1473 2209 52),
1504 2159 1526 2187 ι
1561 2161 1580 2188 ι
1618 2138 1799 2195 fidelis
1825 2161 1847 2190 ι

149 2220 324 2276 etiam
360 2221 418 2277 in
458 2222 731 2293 mysteria
768 2225 1190 2289 conservando,
1231 2246 1253 2274 «
1306 2226 1557 2295 prudens
1587 2246 1615 2278 ι)
1645 2226 1702 2282 in
1727 2241 1850 2284 ero-

152 2309 369 2379 gando,
408 2310 625 2367 censeri
653 2333 673 2359 ι
728 2326 930 2368 servus
963 2333 984 2360 ι
1036 2326 1152 2368 non
1193 2322 1374 2383 potest
1422 2313 1642 2386 (Matth.
1694 2330 1850 2384 xxrv,

149 2398 268 2465 45).
300 2398 371 2453 Et
417 2399 705 2469 quomodo
734 2400 925 2470 praesit
973 2401 1260 2468 Ecclesiae,
1310 2402 1411 2473 qui
1464 2403 1643 2460 nescit
1666 2403 1856 2460 Eccle-

153 2484 301 2541 siam
316 2487 346 2541 ?
375 2486 724 2544 Domesticus
744 2502 880 2559 ergo
907 2488 999 2544 sit.

229 2596 250 2623 σ
276 2574 425 2642 Quid
457 2574 514 2631 in
545 2575 881 2633 vestimento
914 2577 1017 2631 nisi
1056 2577 1297 2647 pulchra
1329 2578 1671 2650 intelligitur
1696 2588 1854 2637 exte-

153 2664 378 2721 riorum
426 2678 667 2734 operum
725 2665 1050 2721 habitudo?
1093 2666 1364 2738 Princeps
1409 2681 1546 2739 ergo
1593 2676 1852 2739 rogatur,

157 2760 225 2810 ut
251 2753 297 2808 si
325 2752 427 2823 qui
472 2753 878 2809 vestimentum
928 2754 1137 2824 habet;
1172 2756 1313 2825 quia
1340 2757 1542 2813 crebro
1579 2756 1857 2828 contingit

156 2849 223 2898 ut
254 2842 300 2897 is
327 2849 631 2911 expetatur
674 2843 743 2897 ad
779 2841 1056 2913 regimen,
1089 2844 1193 2914 qui
1224 2844 1280 2899 in
1332 2845 1574 2914 incessu,
1608 2845 1783 2902 verbo
1802 2852 1858 2902 et

157 2936 293 2985 actu
341 2929 762 3001 castigatiorem
808 2945 867 2985 se
936 2931 1189 2988 exhibet.
1262 2933 1451 2988 Ruina
1498 2941 1692 2990 autem
1748 2933 1857 2989 sub

156 3017 285 3090 ejus
312 3032 491 3075 manu
519 3019 857 3088 prohibetur
875 3033 1016 3085 esse,
1047 3019 1189 3090 quia
1217 3020 1504 3091 quidquid
1533 3021 1858 3078 detrimenti

160 3109 221 3163 in
268 3107 541 3178 subjectis
584 3107 889 3177 reperitur,
949 3108 1019 3163 ad
1076 3108 1434 3179 praesidentis
1490 3108 1858 3167 ratiocinium

158 3195 458 3266 pervenire
501 3194 873 3266 dignoscitur.
907 3199 985 3252 Ac
1027 3196 1074 3251 si
1113 3197 1362 3254 diceret:
1412 3198 1499 3254 Tu
1531 3206 1581 3255 te
1612 3198 1756 3255 bene
1785 3199 1859 3255 ad

158 3284 395 3341 oculum
423 3283 632 3339 videris
676 3283 908 3352 habere,
956 3285 1183 3340 attende
1234 3292 1424 3342 tamen
1476 3300 1596 3356 qua
1642 3287 1860 3344 intror-

158 3387 290 3429 sum
318 3373 539 3428 virtute
560 3371 948 3442 praeemineas.
976 3371 1389 3444 Sciensjutique
1415 3375 1568 3443 quod
1599 3374 1859 3431 omnium

164 3470 219 3519 te
255 3467 511 3532 oporteat
551 3459 835 3517 sustinere
882 3460 1103 3529 ruinas,
1155 3461 1287 3517 inde
1333 3462 1557 3518 cautior
1602 3462 1861 3519 redditus

162 3550 370 3606 infert:
408 3570 436 3599 «
465 3548 589 3606 Non
635 3562 782 3612 sum,
827 3548 1039 3620 inquit,
1087 3549 1363 3616 medicus,
1413 3557 1479 3606 ut
1521 3557 1601 3606 tot
1628 3551 1863 3607 obviare

162 3636 387 3694 valeam
455 3634 644 3691 ruinis
707 3635 1034 3701 morborum
1102 3636 1612 3692 crebrescentibus.
1672 3637 1863 3695 Vesti-

165 3732 420 3781 mentum
459 3723 715 3780 exterius
748 3723 1015 3792 aspicitis,
1050 3724 1206 3794 quod
1231 3731 1422 3781 tamen
1451 3725 1511 3780 in
1542 3725 1710 3781 domo
1748 3740 1863 3782 nou

164 3821 265 3880 est,
299 3814 441 3884 quia
470 3827 584 3868 non
631 3812 778 3868 idem
827 3812 1006 3868 animi
1050 3812 1285 3879 habitus
1329 3811 1430 3882 qui
1473 3813 1727 3883 corporis
1755 3822 1859 3870 est.

166 3901 328 3958 Unde
349 3909 405 3957 et
444 3901 730 3956 medicum
760 3915 819 3957 se
865 3915 981 3955 non
1027 3914 1149 3957 esse
1186 3900 1427 3971 fatetur;
1476 3914 1548 3956 ex
1596 3904 1865 3958 acumine

164 3990 317 4047 enim
374 3989 731 4046 discretionis
767 3988 994 4045 difﬁcile
1043 3996 1126 4045 est
1174 3996 1469 4059 penetrare
1518 3989 1766 4061 origines
1809 3997 1865 4047 et

165 4079 355 4135 exitus
383 4077 690 4149 cujuslibet
715 4076 839 4133 vitii
871 4084 924 4132 et
956 4076 1210 4134 virtutis.
1251 4078 1320 4133 Et
1361 4077 1466 4133 hoc
1510 4078 1694 4148 potuit
1722 4093 1865 4136 cou-

168 4168 388 4237 tingere
433 4180 505 4221 ex
545 4164 881 4237 ’indigentia
922 4165 1067 4237 ejus,
1124 4166 1262 4236 quia
1301 4180 1416 4221 non
1463 4173 1546 4222 est
1593 4165 1653 4222 in
1698 4166 1864 4224 domo

171 4254 335 4326 panis
386 4254 538 4310 illius
587 4254 689 4325 qui
744 4268 778 4308 a
836 4254 950 4309 Deo
1010 4253 1179 4309 hodie
1230 4253 1446 4323 petitur
1492 4255 1867 4324 quotidianus

171 4345 320 4419 (Luc.
348 4357 425 4411 χι,
458 4345 532 4413 3),
579 4340 916 4398 confortatio
960 4341 1221 4398 videlicet
1256 4341 1384 4412 ejus
1414 4357 1549 4412 quae
1588 4342 1867 4413 spiritua-

171 4423 299 4488 liter
339 4431 667 4488 infunditur
709 4431 921 4486 divinae
960 4429 1299 4497 refectionis,
1351 4438 1453 4487 aut
1495 4431 1694 4502 ipsius,
1745 4432 1869 4488 sine

172 4535 289 4593 qua
319 4520 461 4577 bene
506 4533 799 4589 nusquam
842 4517 1082 4591 regitur,
1125 4518 1482 4575 confirmatio
1512 4519 1572 4575 in
1614 4519 1869 4576 interiori

172 4608 403 4664 homine
427 4607 742 4663 charitatis.

247 4720 269 4746 ι
300 4695 570 4766 Princeps
616 4695 810 4764 itaque
835 4695 967 4765 jure
999 4693 1114 4750 fieri
1164 4701 1406 4762 recusat,
1444 4694 1537 4750 cui
1570 4694 1625 4750 id
1654 4694 1871 4751 virium

172 4785 403 4841 animus
484 4797 734 4854 superne
804 4781 1063 4839 imbutus
1140 4781 1375 4838 minime
1447 4781 1868 4839 subministrat.

178 4897 198 4923 ι
226 4870 582 4929 Hierusalem
609 4870 759 4926 enim
801 4870 939 4939 ruit,
972 4892 994 4918 ο
1050 4870 1104 4926 id
1143 4877 1225 4926 est
1254 4870 1393 4941 quia
1424 4868 1665 4927 internae
1692 4885 1873 4941 expe-

173 4961 378 5019 rientia
424 4959 581 5031 pacis
632 4959 889 5030 deperiit,
938 4966 992 5015 et
1043 4959 1217 5016 etiam
1245 4979 1272 5008 ‹‹
1328 4959 1509 5015 Iudas
1553 4959 1816 5028 concidit,
1847 4981 1867 5009 ι

176 5049 231 5105 id
277 5055 360 5104 est
403 5047 528 5119 ipsa
583 5054 947 5117 peccatorum
991 5046 1292 5115 confessio,
1346 5046 1503 5117 quod
1547 5053 1873 5103 extremum

178 5136 459 5193 malorum
487 5135 748 5191 omnium
778 5141 883 5201 est,
917 5142 1043 5205 post
1072 5134 1435 5191 amissionem
1466 5133 1682 5190 iutimze
1710 5141 1875 5191 tran-

179 5222 477 5295 quillitatis
515 5219 848 5279 omnimoda
896 5220 1293 5292 desperatione
1339 5221 1560 5290 defecit,
1605 5221 1765 5293 justa
1793 5236 1878 5278 oc-

179 5312 327 5369 casio
380 5310 671 5368 refutandi
736 5316 1059 5380 pastoratus
1113 5324 1173 5366 se
1242 5310 1506 5380 praebuit.
1560 5309 1669 5367 Ubi
1721 5309 1875 5366 enim

182 5415 339 5458 mens
369 5399 796 5472 emergentibus
830 5397 986 5455 vitiis
1022 5397 1381 5468 inquietatur
1420 5399 1593 5456 nimis
1632 5398 1877 5469 turpiter

184 5491 531 5558 incursatur,
560 5503 666 5545 nec
696 5502 857 5544 meus
895 5486 983 5543 his
1012 5487 1161 5543 male
1206 5486 1492 5544 obcaecata
1522 5502 1624 5558 per
1652 5486 1879 5544 confes-

183 5580 393 5636 sionem
437 5579 637 5635 eadem
685 5577 1016 5645 detestatur,
1060 5591 1194 5633 cum
1236 5590 1296 5632 se
1333 5590 1531 5649 regere
1577 5590 1694 5633 non
1724 5590 1878 5646 prae-

1949 540 2229 613 regimine
2249 548 2496 598 arcetur.
2529 541 2666 609 Quae
2705 556 2842 612 ergo
2888 545 3226 613 exponendo
3257 546 3350 602 hic
3379 547 3645 615 dixerim,

1950 630 2066 686 illic
2125 630 2300 687 latius
2339 630 2724 698 exhortando,
2779 639 2834 687 et
2885 632 3164 702 exemplis
3212 633 3646 705 Scripturarum

1949 719 2260 776 sententias
2288 719 2574 776 fulciendo
2604 719 2959 789 protulerim.

2615 808 2841 865 CAPUT
2880 809 2978 866 IV.

2027 897 2106 951 De
2134 898 2288 964 felici
2330 897 2582 952 Guiberti
2624 899 2819 952 matris
2861 898 3028 953 obitu.
3060 929 3130 938 —
3173 900 3247 955 At
3276 900 3550 971 quoniam
3581 902 3650 958 de

1952 990 2154 1052 matre,
2189 998 2364 1055 quam
2400 985 2627 1051 bonam,
2674 985 2825 1041 inter
2854 986 3049 1041 omnia
3092 1001 3223 1057 quae
3263 990 3653 1059 temporaliter

1953 1072 2194 1141 possedi,
2240 1074 2575 1143 {specialiter
2638 1074 2820 1130 solam
2882 1074 3082 1143 habui,
3135 1076 3323 1132 dicere
3367 1076 3489 1147 jam
3550 1078 3653 1135 diu

1953 1161 2252 1217 omisimus
2275 1178 2289 1231 ;
2313 1162 2555 1233 dignum
2586 1171 2669 1219 est
2690 1171 2753 1219 ut
2772 1164 2934 1219 bonae
2953 1165 3078 1235 ejus
3106 1166 3236 1220 vitae
3253 1167 3544 1223 meliorem
3579 1168 3654 1222 fi-

1954 1263 2085 1305 nem
2136 1249 2386 1306 breviter
2432 1249 2807 1322 aztingamus.
2865 1251 3009 1308 Cum
3054 1267 3362 1322 annorum,
3421 1264 3485 1311 ut
3530 1257 3653 1326 ipsa

1954 1338 2257 1405 fatebatur,
2308 1353 2424 1394 non
2476 1340 2775 1395 minimam
2825 1340 3155 1410 pluritatem
3199 1343 3442 1401 infracta
3474 1345 3654 1401 animi

1955 1425 2169 1481 virtute
2210 1428 2655 1495 transcenderet,
2707 1435 2762 1484 et
2798 1426 3095 1486 fatiscente
3132 1434 3471 1501 corpusculo
3522 1433 3654 1489 nul-

1957 1513 2181 1570 latenus
2219 1513 2277 1569 in
2302 1514 2428 1584 ejus
2464 1516 2672 1584 spiritu
2717 1516 2993 1572 orationis
3030 1531 3174 1573 cura
3220 1518 3570 1589 lentesceret,
3601 1529 3658 1579 et

1960 1602 2209 1660 thoracis
2258 1602 2589 1660 infirmitate
2650 1618 2850 1660 somno
2902 1605 3161 1675 depulsa,
3233 1622 3365 1663 cum
3413 1610 3659 1666 stridore

1957 1693 2206 1750 mirabili
2236 1694 2431 1749 Iesum
2478 1692 2784 1749 Dominum
2833 1694 3095 1749 noctibus
3139 1696 3535 1765 centupliciter
3578 1714 3659 1755 re-

1892 1764 1930 1817 B
1964 1782 2212 1852 plicaret,
2246 1782 2477 1838 demum
2505 1781 2719 1837 morbis
2753 1781 2939 1838 evicta
2976 1782 3268 1839 decubuit.
3306 1764 3422 1855 Ego
3463 1794 3656 1843 autem

1958 1878 2013 1926 et
2051 1871 2227 1927 frater
2271 1884 2434 1926 meus
2482 1877 2621 1926 tunc
2654 1871 2927 1940 temporis
2966 1872 3280 1941 agebamus
3327 1874 3656 1946 Novigenti,

1962 1959 2210 2025 biennio,
2245 1957 2306 2013 ni
2354 1957 2537 2026 fallor,
2571 1966 2703 2015 ante
2734 1958 2877 2014 illud
2907 1959 2978 2014 ad
3024 1959 3418 2017 Flaviacenses
3456 1965 3659 2033 postli-

1962 2047 2227 2115 minium,
2263 2047 2422 2118 quod
2454 2060 2632 2116 supra
2681 2046 2913 2116 quidem
2964 2047 3352 2116 meminimus,
3403 2051 3659 2108 inconsi-

1961 2135 2354 2192 derantissime
2409 2134 2643 2205 quidem
2709 2133 2943 2203 factum,
3000 2135 3119 2203 sed,
3166 2150 3231 2191 eo
3280 2145 3513 2195 auctore
3556 2139 3658 2210 qui

1962 2223 2131 2279 malis
2159 2222 2370 2279 nostris
2400 2224 2542 2279 bene
2575 2222 2781 2291 utitur,
2826 2237 3167 2279 conversum
3218 2224 3276 2280 in
3321 2226 3501 2282 multo
3526 2242 3656 2297 pro-

1962 2314 2273 2383 speriorem
2304 2326 2481 2382 quam
2513 2311 2668 2368 credi
2701 2318 2883 2381 posset
2907 2319 3207 2382 eventum;
3233 2314 3478 2383 pepercit
3506 2315 3659 2370 enim

1961 2402 2088 2472 ejus
2102 2401 2469 2458 teueritudini
2492 2401 2663 2467 Deus,
2678 2415 2750 2456 ne
2765 2400 3237 2471 jecurtantopere
3252 2402 3430 2458 Deum
3459 2416 3662 2459 amans

1964 2490 2316 2547 immeritum
2340 2491 2517 2561 hujus
2548 2489 2818 2546 innobilis
2845 2489 3062 2545 reditus
3087 2490 3276 2561 gladio
3306 2500 3658 2561 carperetur.

2034 2578 2221 2650 Igitur
2251 2578 2329 2633 illi
2381 2578 2675 2635 moriturae
2722 2593 2854 2635 cum
2884 2593 3046 2635 meus
3077 2579 3349 2651 magister
3372 2580 3662 2650 laeryma-

1965 2666 2199 2722 bundus
2240 2666 2546 2735 assisteret,
2582 2665 2774 2724 intulit
2802 2666 2880 2722 illi
2907 2682 2918 2721 :
2956 2685 2984 2718 α
3016 2668 3161 2723 Ecce
3188 2667 3287 2722 filii
3318 2667 3534 2723 domini
3565 2682 3663 2723 re-

1964 2751 2101 2808 moti
2129 2760 2283 2821 sunt,
2328 2760 2383 2809 et
2408 2760 2473 2809 tu
2521 2753 2757 2809 forsitan
2789 2767 2941 2823 aegre
2989 2752 3150 2820 feres,
3196 2759 3251 2808 et
3300 2753 3401 2823 ipsi
3427 2753 3641 2824 aegrius

1965 2840 2013 2896 si
2040 2840 2121 2896 eis
2153 2840 2488 2897 absentibus
2518 2840 2869 2911 defungaris.
2904 2862 2924 2889 ι
2954 2841 3027 2897 At
3058 2842 3178 2911 ipsa
3204 2855 3337 2897 eum
3359 2841 3541 2897 oculis
3569 2856 3664 2898 re-

1965 2930 2311 2985 verberans:
2354 2952 2374 2978 ι
2402 2928 2478 2994 Si,
2502 2929 2713 3001 inquit,
2741 2929 2823 2987 uti
2845 2929 3137 3001 quondam
3175 2928 3326 2985 intra
3345 2929 3665 2986 claustrum

1896 3063 1937 3118 Ε
1969 3017 2093 3074 istic
2122 3017 2461 3089 contiguum
2496 3027 2944 3084 commanerent,
2986 3018 3145 3074 novit
3182 3019 3332 3074 Deus
3370 3018 3525 3088 quod
3573 3033 3668 3075 ne-

1965 3121 2079 3177 que
2109 3106 2214 3162 hos
2265 3120 2455 3176 neque
2512 3107 2844 3177 quempiam
2893 3120 3152 3162 meorum
3192 3104 3456 3162 affinium
3511 3107 3570 3162 in
3601 3120 3667 3162 eo

1964 3195 2170 3252 vellem
2200 3194 2383 3251 obitui
2417 3194 2704 3251 interesse.
2746 3196 2848 3252 Est
2879 3203 3072 3252 autem
3105 3208 3258 3249 unus
3286 3209 3458 3265 quem
3490 3194 3667 3251 inter-

1968 3284 2058 3340 nis
2076 3283 2377 3354 praestolor
2397 3283 2639 3350 viribus,
2670 3282 2770 3352 qui
2811 3281 3034 3338 utinam
3074 3282 3231 3338 solus
3260 3282 3435 3339 adsitl
3464 3304 3486 3332 ι
3512 3282 3671 3340 Dixit

1968 3372 2049 3429 sic
2092 3380 2147 3428 et
2184 3386 2253 3428 ea
2280 3380 2463 3440 nocte,
2500 3370 2608 3426 hac
2638 3370 2781 3426 hora
2809 3384 2925 3441 qua
2958 3370 3200 3441 angelus
3228 3370 3455 3427 Gabriel
3481 3385 3516 3427 a
3556 3371 3671 3428 Deo

1968 3460 2181 3517 missus
2214 3460 2285 3516 ad
2312 3459 2608 3531 Virginem
2650 3466 2704 3515 et
2736 3466 3005 3516 cantatur
3032 3466 3088 3515 et
3129 3458 3354 3526 colitur,
3398 3460 3470 3515 ad
3502 3473 3667 3516 suam

1970 3547 2127 3605 illam
2176 3548 2418 3604 infinitis
2473 3561 2698 3618 semper
2761 3548 3057 3603 amoribus
3118 3555 3446 3618 exoptatam
3491 3562 3670 3619 quam

1971 3635 2271 3707 praelibavi
2316 3635 2640 3703 Dominam,
2674 3650 2789 3692 non
2821 3636 3068 3707 ingrate,
3100 3643 3165 3691 ut
3190 3636 3501 3705 credimus,
3536 3650 3671 3692 sus-

1970 3725 2232 3797 cipienda
2272 3723 2564 3795 migravit.

2041 3814 2191 3869 Ante
2222 3826 2439 3883 paucos
2469 3820 2663 3868 autem
2696 3826 2874 3883 quam
2904 3811 3197 3868 decederet
3245 3826 3445 3880 annos,
3499 3812 3672 3869 nimie

1971 3907 2219 3972 coeperat
2265 3899 2531 3957 affectare
2597 3914 2829 3958 sacrum
2891 3902 3181 3971 suscipere
3224 3900 3439 3958 velum.
3511 3900 3673 3969 Quod

1973 4004 2103 4046 eum
2128 4002 2234 4060 ego
2284 3988 2623 4045 auctoritate
2670 3989 2961 4060 proposita
2990 3989 3360 4057 distulissem,
3395 3991 3496 4047 ubi
3526 3990 3672 4065 dici-

1974 4085 2106 4134 tur:
2147 4099 2169 4127 ι
2207 4075 2428 4135 Viduas
2471 4077 2660 4134 velare
2700 4079 3037 4148 pontificum
3084 4078 3284 4135 nullus
3335 4086 3612 4147 attentet;
3645 4102 3667 4129 ι

1973 4165 2237 4223 sufficere
2281 4165 2389 4222 sibi
2434 4180 2596 4236 posse
2643 4166 3197 4223 continentissimam
3228 4167 3350 4223 sine
3403 4167 3674 4224 exteriori

1973 4254 2177 4311 habitu
2205 4253 2421 4322 vitam;
2451 4256 2607 4325 quod
2650 4262 2706 4312 et
2751 4255 2937 4326 ipsum
2972 4255 3280 4312 Anselmus
3325 4256 3502 4313 abbas
3530 4256 3675 4313 Bec-

1913 4365 1957 4419 ι)
1983 4343 2186 4412 censis,
2238 4343 2597 4413 postmodum
2641 4347 2877 4401 Cantuae
2922 4343 3153 4413 (Cantiae
3195 4345 3279 4398 vel
3327 4343 3674 4412 Cantuarize)

1978 4432 2302 4504 Anglorum
2360 4436 2513 4487 403
2566 4432 3050 4502 archiepiscopus,
3115 4431 3204 4487 vir
3245 4432 3526 4488 mirabilis
3588 4435 3675 4499 (de

1978 4535 2095 4591 quo
2142 4520 2411 4591 superius
2455 4520 2567 4591 egi)
2609 4535 2683 4576 ex
2734 4520 2975 4590 antiquo
3019 4526 3307 4590 vetuerat;
3342 4528 3499 4576 tanto
3551 4521 3676 4591 ipsa

1979 4609 2168 4679 magis
2215 4608 2470 4676 accendi,
2520 4617 2576 4665 et
2604 4623 2638 4664 a
2686 4609 2981 4679 proposita
3036 4607 3198 4664 nulla
3246 4607 3676 4665 ratiocinatione

1979 4696 2198 4767 repelli.
2224 4695 2393 4764 Vicit,
2424 4703 2480 4752 et
2507 4696 2657 4752 inter
2682 4696 3132 4766 suscipiendum,
3166 4710 3320 4762 cum,
3355 4695 3480 4753 viro
3508 4710 3675 4754 reve-

1981 4783 2319 4841 rendissimo
2355 4784 2574 4841 Joanne
2624 4783 2731 4839 loci
2776 4783 3032 4855 ejusdem
3079 4782 3306 4853 abbate,
3350 4799 3523 4855 quem
3553 4785 3676 4856 ipsa

1981 4870 2293 4942 parvulum
2324 4871 2626 4939 nutrierat,
2678 4879 2954 4941 praesente
2978 4886 3153 4943 super
3178 4886 3246 4928 ea
3293 4887 3355 4929 re
3396 4873 3679 4930 satisface-

1982 4967 2085 5028 ret,
2135 4959 2209 5015 ad
2252 4967 2579 5016 extremum
2621 4959 2733 5016 tale
2761 4974 2821 5017 se
2858 4974 2891 5016 a
2921 4961 3035 5018 Deo
3085 4960 3357 5019 habuisse
3393 4956 3588 5019 docuit
3617 4962 3677 5018 in

1981 5048 2089 5104 hoe
2115 5061 2282 5118 opere
2308 5047 2653 5105 iueertivum
2679 5091 2692 5103 .

2054 5135 2210 5193 Dixit
2239 5149 2375 5208 ergo
2404 5151 2461 5194 se
2496 5136 2554 5194 in
2586 5137 2804 5193 visione
2849 5136 3061 5194 vidisse
3104 5136 3302 5194 multa;
3346 5136 3679 5208 pulchritu-

1983 5223 2133 5280 dinis
2162 5231 2216 5280 et
2261 5225 2621 5282 auctoritatis
2679 5224 3003 5293 Dominam,
3062 5225 3158 5281 cui
3208 5234 3448 5283 ornatus
3496 5227 3682 5285 inerat

1984 5312 2416 5369 circumstantia
2438 5313 2670 5384 copiosi,
2712 5328 2844 5385 qua:
2880 5313 3358 5384 pretiosissimum
3402 5313 3510 5372 sibi
3539 5314 3681 5373 ofi‘e-

1985 5414 2118 5457 rens
2146 5400 2401 5472 peplum,
2437 5402 2603 5473 quasi
2648 5401 2720 5458 ad
2759 5401 3202 5459 custodiendum
3244 5402 3393 5459 idem
3433 5403 3484 5460 ei
3522 5418 3684 5462 com-

1985 5489 2313 5556 mendabat,
2377 5497 2704 5563 opportuno
2764 5489 3030 5547 videlicet
3077 5498 3325 5561 tempore
3368 5491 3427 5548 in
3469 5506 3682 5549 morem

1985 5575 2221 5646 depositi
2252 5577 2690 5636 restituendum.
2742 5578 2848 5636 Cui
2886 5579 3065 5637 verbo
3094 5594 3293 5637 omnes
3339 5580 3685 5639 incunctan-
