3902 6082
294 306 400 359 903

1210 299 1271 352 V.
1312 295 1656 352 GUIBERTI
1693 293 1984 351 ABBATIS
2019 295 2075 351 S.
2121 293 2359 349 ΜΑΡιΙιΕ
2397 291 2489 348 DE
2526 289 2919 348 NOVIGENTO

3705 291 3811 345 904

294 446 383 496 ter
411 438 749 504 assedimus,
785 434 1097 506 prasertim
1141 447 1274 489 cum
1305 432 1431 503 ejus
1460 432 1818 488 devotionem
1852 430 1999 487 divi-
2039 433 2083 484 Α
2109 435 2300 484 autem
2332 426 2381 462 79
2406 426 2694 484 comitissa
2740 425 3078 482 Helisendis.
3131 425 3307 482 Filius
3358 438 3497 481 vero
3523 428 3672 496 ejus,
3704 425 3812 496 qui

297 528 390 584 nis
448 526 750 596 provocari
819 521 1339 593 significationibus
1396 521 1761 576 sentiremus.
1833 518 1998 581 Quod

295 630 523 672 sacrum
553 614 816 669 velamen
867 611 1036 667 annis
1091 608 1270 666 ferme
1296 609 1482 665 tribus
1528 608 1764 677 integre,
1795 615 1860 663 ut
1895 621 1996 675 po-

296 710 461 767 terat,
498 707 923 767 conservatum,
954 698 1053 754 illa
1111 698 1203 754 die
1251 698 1323 765 ei,
1358 712 1490 767 qua
1519 696 1627 752 sibi
1662 695 1802 751 illud
1842 709 1997 751 com-

293 791 548 856 miserat,
602 788 856 844 Domina
926 786 1262 857 reportavit,
1317 798 1434 855 qua
1499 784 1622 853 ipsa
1686 782 1997 839 salutifera

293 875 753 934 annuntiationis
807 874 1132 945 auspicium
1181 872 1608 943 jucundissima
1660 870 1796 926 felix
1856 883 1997 924 aure

293 964 561 1034 suscepit.
599 965 788 1034 Ipsam
836 961 1060 1018 cunctis
1099 961 1437 1016 commendo
1474 960 1577 1030 qui
1616 957 1858 1030 legerint
1888 958 1998 1013 ista

295 1053 579 1120 fidelibus,
613 1065 791 1122 quam
829 1058 1054 1106 constat
1083 1050 1374 1106 neminem
1403 1062 1438 1103 a
1465 1047 1682 1104 crebris
1722 1045 1844 1103 suis
1872 1060 1999 1103 ora-

294 1140 547 1197 tionibus
586 1138 896 1196 exclusisse
946 1138 1191 1194 ﬁdelem.
1230 1138 1364 1194 Hac
1415 1136 1484 1193 de
1528 1150 1597 1192 ea
1638 1149 1831 1191 coram
1881 1135 1996 1191 Deo

294 1229 563 1297 dixerim,
595 1228 781 1284 cordis
808 1228 919 1283 mei
945 1240 1127 1284 verax
1160 1226 1550 1283 testimonium
1577 1225 1816 1292 habens,
1850 1223 1993 1279 nihil

293 1315 526 1373 omnino
606 1316 971 1373 confinxisse.
1051 1314 1156 1371 Sed
1237 1315 1378 1385 quia
1420 1314 1491 1370 ad
1569 1313 1995 1369 Flaviacensem

292 1406 587 1462 ecclesiam
640 1404 1062 1476 postliminium
1126 1404 1386 1471 fecimus,
1466 1402 1712 1473 dignum
1780 1409 1864 1458 est
1931 1408 1997 1457 ut

294 1496 713 1566 aliquantisper
742 1493 882 1549 inibi
933 1506 1354 1548 commoremur
1400 1492 1628 1560 iterum,
1680 1499 1994 1562 antequam

295 1583 668 1640 Laudunensi
729 1582 933 1638 sabulo
990 1589 1298 1652 retrovaga
1356 1580 1601 1651 vestigia
1656 1594 1997 1651 consperga-

297 1688 446 1728 mus.

979 1773 1211 1831 CAPUT
1250 1774 1319 1832 ν.

364 1898 583 1954 Judaus
639 1896 713 1952 ad
771 1896 932 1965 fidem
996 1911 1280 1951 conversus
1346 1897 1701 1951 monasticam
1751 1895 1998 1950 habitum

298 1987 500 2041 induit.
524 2015 588 2026 -—
618 1986 682 2040 In
716 1984 835 2055 ipso
875 1982 1222 2040 monasterio
1271 1983 1593 2039 monachus
1639 1982 1877 2054 quidam
1915 1989 1999 2040 est

297 2089 505 2145 genere
569 2074 861 2129 Ilebraus.
934 2072 987 2127 Is
1067 2071 1568 2142 Hierosolymitani
1631 2071 1851 2128 itineris
1899 2085 1999 2142 per

297 2162 565 2218 Latinum
596 2162 791 2218 orbem
842 2168 1186 2230 personante
1227 2158 1562 2230 primordio,
1604 2159 1685 2215 sic
1722 2166 1863 2216 esta
1891 2173 1999 2216 sua

296 2250 703 2322 superstitione
750 2249 1052 2306 sublatus:
1104 2248 1447 2319 Rothomagi
1498 2247 1752 2318 quadam
1801 2247 1890 2304 die
1938 2246 1998 2303 hi

300 2338 402 2409 qui
430 2338 587 2395 illam
636 2338 771 2394 ituri
802 2337 1226 2408 expeditionem
1258 2336 1368 2392 sub
1397 2335 1596 2392 eadem
1642 2334 1831 2392 crucis
1859 2348 2000 2405 pro—

297 2426 536 2483 fessione
584 2432 974 2496 susceperant,
1027 2424 1265 2480 inter'se
1308 2430 1605 2494 coeperunt
1634 2423 1845 2495 queri:
1886 2423 2001 2481 Nos

296 2515 395 2572 Dei
446 2514 635 2571 hostes
681 2514 958 2570 orientem
1004 2526 1208 2569 versus
1263 2512 1421 2583 longi
1454 2520 1740 2569 terrarum
1800 2512 1998 2569 tracti-

296 2604 407 2661 bus
463 2602 819 2660 transmissis
885 2601 1279 2659 desideramus
1342 2601 1601 2671 aggredi.
1665 2601 1810 2658 Cum
1866 2609 1999 2657 ante

295 2690 491 2748 oculos
520 2692 745 2747 nostrbs
786 2690 902 2747 sint
930 2689 1134 2759 Judai,
1168 2689 1386 2760 quibus
1433 2688 1761 2746 inimicitior
1789 2688 1999 2746 existat

296 2794 435 2851 gens
464 2779 626 2836 nulla
654 2779 772 2847 Dei,
806 2786 1207 2849 praposterus,
1240 2778 1535 2848 inquiunt,
1570 2777 1733 2834 labor
1761 2784 1864 2833 est.
1898 2777 1997 2833 His

295 2868 460 2924 dictis
499 2881 663 2924 arma
712 2874 1094 2937 prasumunt,
1144 2873 1199 2923 et
1237 2866 1297 2922 in
1344 2866 1657 2937 quamdam
1699 2865 1996 2922 ecclesiam

295 2956 716 3028 compellentes,
768 2964 966 3012 utrum
998 2955 1053 3010 vi
1084 2953 1275 3011 nescio
1316 2969 1390 3010 an
1437 2955 1565 3011 dolo
1596 2954 1908 3022 recutiunt,
1944 2961 1999 3010 et

297 3043 506 3117 gladiis
554 3042 856 3115 indiscrete
898 3056 1074 3099 sexus
1120 3048 1175 3098 et
1212 3049 1409 3098 atates
1457 3042 1753 3109 addicunt,
1790 3041 1867 3097 ita
1906 3048 1998 3097 ta-

297 3147 428 3189 men
458 3138 523 3189 ut
554 3131 656 3202 qui
680 3129 1018 3187 Christiana
1047 3129 1357 3186 conditioni
1378 3144 1437 3186 se
1466 3129 1794 3197 subderent,
1820 3129 1999 3185 ictum

296 3220 592 3277 mucronis
641 3217 1027 3289 impendentis
1072 3219 1406 3276 evaderent.
1445 3219 1512 3274 In
1555 3232 1674 3289 qua
1698 3217 1999 3291 [digladia-

298 3311 450 3366 tione
475 3308 565 3365 vir
606 3308 846 3379 quidam
892 3308 1100 3365 nobilis
1159 3309 1470 3379 puerulum
1522 3308 1681 3375 vidit,
1730 3308 2001 3375 misertus

299 3397 535 3468 eripuit,
561 3405 615 3454 et
645 3397 716 3453 ad
738 3404 977 3454 matrem
1006 3410 1172 3454 suam
1206 3397 1427 3454 detulit.

368 3487 509 3543 Erat
546 3494 740 3542 autem
796 3485 921 3557 ipsa
961 3500 1078 3543 non
1132 3486 1433 3551 mediocris
1485 3485 1837 3543 excellentia
1878 3486 1997 3543 Au-

297 3575 482 3647 giensi
508 3574 698 3631 comiti
722 3574 1021 3645 quondam
1061 3582 1265 3644 nupta.
1295 3575 1396 3631 Est
1432 3588 1569 3631 vero
1608 3573 1692 3646 (⁷⁷)
1740 3574 1998 3646 Augium

296 3671 573 3734 castrum,
605 3664 700 3721 cui
736 3662 1071 3734 praeminet
1108 3661 1199 3736 (⁷⁸)
1229 3663 1462 3720 abbatia
1491 3663 1681 3720 Sancti
1711 3663 2000 3719 Michaelis

289 3753 464 3823 juxta
492 3766 668 3820 mare,
703 3752 860 3823 quod
893 3752 1104 3809 dicitur
1131 3752 1559 3823 Veterisportus
1592 3750 1812 3824 [vulgo,
1871 3754 1997 3806 Tre-

289 3838 468 3912 port].
514 3840 762 3912 Egregia
804 3855 941 3912 ergo
989 3840 1216 3909 mulier,
1260 3839 1612 3897 infantulum
1658 3839 1993 3910 suscipiens,

295 3928 675 4001 gratulatoria
716 3928 1026 3984 admodum
1080 3927 1412 3984 affabilitate
1458 3927 1531 3983 ab
1580 3927 1702 3999 ipso
1731 3928 1998 3998 quasivit

298 4026 496 4075 utrum
519 4016 858 4075 Christianis
885 4017 1056 4074 vellet
1085 4017 1311 4089 legibus
1339 4017 1634 4089 applicari.
1668 4017 1828 4085 Quod
1862 4032 1996 4073 cum

298 4105 391 4161 ille
418 4119 532 4161 non
548 4105 890 4161 diffiteretur
919 4105 1182 4177 (putabat
1219 4106 1371 4161 enim
1403 4121 1460 4162 se
1498 4105 1802 4173 similibus,
1849 4119 1997 4176 quas

296 4208 433 4250 suos
462 4194 577 4264 pati
612 4193 836 4251 viderat
880 4194 1250 4263 contribules,
1305 4195 1559 4251 cadibus
1599 4194 1993 4265 destinatum),

297 4281 613 4338 accelerato
662 4280 764 4352 qui
810 4281 1109 4353 baptizatis
1159 4282 1426 4353 competit
1456 4290 1742 4352 apparatu
1782 4282 1900 4337 itur
1918 4282 1992 4338 ad

298 4369 533 4427 fontem.
560 4370 665 4428 Cui
712 4370 892 4427 indito
939 4378 1065 4441 post
1120 4371 1447 4428 orationum
1491 4370 1759 4441 mysteria
1793 4384 1993 4427 sacra-

298 4467 512 4527 mento,
563 4474 695 4516 cum
748 4459 818 4515 ad
868 4458 1057 4516 locum
1118 4467 1356 4516 ventum
1402 4466 1548 4515 esset
1602 4459 1702 4516 ubi
1761 4474 1999 4516 accenso

299 4548 517 4606 lumine
546 4548 854 4619 liquensjn
891 4548 1105 4606 undam
1140 4562 1270 4605 cera
1300 4548 1627 4615 dimittitur,
1666 4555 1831 4620 gutta
1873 4550 1999 4605 sin-

298 4636 577 4708 gulariter
608 4636 819 4694 ibidem
847 4636 973 4693 visa
1010 4645 1094 4693 est
1122 4636 1409 4705 cecidisse,
1441 4651 1573 4708 qua
1602 4649 1703 4706 per
1731 4651 1790 4693 se
1819 4636 1999 4693 solam

302 4724 359 4781 in
394 4726 530 4797 ipsis
551 4725 722 4797 aquis
750 4725 890 4782 adeo
911 4732 1178 4782 accurate
1198 4739 1324 4794 sua,
1348 4725 1515 4781 utsic
1539 4725 1746 4795 dicam,
1771 4726 2003 4797 quanti-

299 4814 484 4870 tatula
513 4813 763 4885 effigiem
794 4813 985 4869 crucis
1003 4812 1306 4883 expressit.
1335 4820 1399 4870 ut
1418 4827 1492 4870 ex
1513 4814 1738 4871 tantilla
1763 4822 2001 4871 materie

298 4900 485 4963 simile
514 4899 656 4971 quid
683 4913 863 4955 manu
892 4898 1013 4954 fieri
1046 4899 1304 4956 humana
1333 4915 1449 4956 non
1489 4902 1681 4972 possit.
1717 4903 1849 4958 Hac
1876 4901 2001 4972 ipsa

299 4989 443 5045 mihi
474 4988 781 5057 comitissa,
814 5000 947 5043 cum
980 4986 1039 5043 in
1068 4994 1295 5045 tantum
1336 4989 1479 5045 mihi
1526 4990 1828 5047 familiaris
1854 4997 2003 5048 esset

299 5090 366 5134 ac
395 5077 563 5135 unice
607 5082 762 5143 nota,
799 5082 863 5132 ut
914 5075 1168 5148 non'jnisi
1218 5077 1401 5134 filium
1451 5094 1541 5136 me
1588 5086 1839 5148 vocaret,
1891 5078 2002 5135 hoc

300 5164 474 5222 etiam
503 5165 629 5237 ipsa
654 5164 950 5236 presbyter
990 5166 1205 5237 pariter
1234 5181 1350 5223 non
1379 5166 1503 5224 sine
1531 5166 1713 5224 divini
1753 5166 2002 5224 nominis

300 5252 554 5322 plurima
591 5253 997 5311 contestatione
1042 5254 1337 5312 dixerunt.
1388 5254 1550 5323 Quod
1594 5270 1698 5327 ego
1726 5262 2000 5313 eventum

304 5340 443 5397 satis
481 5341 688 5398 leniter
721 5339 815 5413 [f.,
874 5340 1099 5415 leviter]
1143 5344 1507 5414 accepissem.
1553 5343 1665 5400 nisi
1699 5357 2000 5401 successus

300 5428 562 5500 egregios
608 5430 837 5499 pueruli
895 5431 1132 5489 indubie
1193 5432 1617 5505 pervidissem;
1682 5432 2000 5491 vocabatur

372 5552 478 5622 (42)
502 5552 841 5609 Deonandos
870 5554 1046 5612 laicos
1072 5556 1287 5614 indicat
1315 5558 1482 5615 infra.

2109 531 2143 572 a
2168 517 2319 573 cade
2349 531 2481 572 eum
2511 516 2739 583 extulit,
2771 523 2827 571 et
2851 528 2885 570 a
2914 528 3076 570 sacro
3106 514 3259 571 fonte
3286 514 3517 584 recepit,
3563 514 3812 570 Guillel-

2104 620 2254 662 mus.
2288 606 2451 662 Unde
2478 612 2531 661 et
2565 618 2774 660 nomen
2808 617 2985 673 puero
3013 604 3084 659 ad
3114 618 3173 659 se
3202 600 3440 674 [delato]
3476 603 3651 659 dedit.

2174 702 2634 760 Grandiusculus
2660 716 2796 772 ergo
2827 715 2960 757 cum
3012 700 3171 767 foret,
3223 700 3295 756 ab
3322 700 3635 764 Hebraicis.
3671 701 3816 770 qui-

2104 791 2215 847 bus
2249 791 2431 847 imbui
2460 797 2729 860 cceperat,
2762 789 2833 844 ad
2866 788 3099 845 Latinas
3132 788 3347 844 litteras
3373 786 3621 844 traditus
3648 788 3815 844 brevi

2104 878 2335 935 coaluit.
2372 880 2440 934 Et
2486 878 2625 948 quia
2654 893 2726 933 ne
2775 891 2809 933 a
2853 878 2976 933 suis
3019 877 3091 932 ad
3142 876 3387 946 pristina
3439 884 3819 933 revocaretur

2104 968 2443 1038 parentibus
2469 966 2782 1033 metuebat,
2842 965 3192 1021 Flaviacensi
3221 978 3356 1020 eum
3388 963 3584 1020 intulit
3612 978 3819 1020 cano-

2103 1054 2214 1111 bio.
2248 1054 2309 1109 1d
2333 1055 2486 1110 enim
2517 1054 2833 1124 aliquando
2879 1061 3267 1123 tentaverant,
3309 1055 3407 1110 sed
3462 1054 3607 1110 nihil
3638 1067 3818 1124 penes

2101 1158 2235 1200 eum
2291 1143 2617 1199 valuerant.
2663 1142 2935 1199 Traditus
2996 1150 3188 1199 autem
3232 1143 3606 1199 monachatui
3652 1149 3817 1198 tanta

2102 1231 2520 1288 aliectuositate
2560 1244 2701 1303 erga
2744 1230 3139 1288 Christianum
3193 1245 3251 1287 se
3301 1246 3521 1288 morem
3577 1230 3811 1297 habuit,

2103 1328 2265 1377 tanta
2324 1319 2503 1375 animi
2554 1319 2869 1375 acrimonia
2923 1319 3209 1390 quidquid
3258 1319 3473 1376 divina
3530 1319 3817 1376 attinebat

2102 1406 2381 1479 scientia)
2400 1406 2693 1475 combibit,
2745 1413 2905 1463 tanta
2948 1407 3381 1477 aquanimitate
3427 1421 3497 1467 ea
3525 1422 3661 1478 qua
3689 1407 3813 1477 :sibi

2102 1496 2417 1566 disciplina
2462 1496 2648 1567 gratia
2694 1494 3092 1552 inferebantur
3134 1495 3389 1566 pertulit.
3447 1502 3513 1551 ut
3554 1509 3679 1552 sua
3708 1509 3813 1550 ne-

2102 1598 2280 1657 quam
2313 1591 2539 1640 natura
2578 1584 2840 1650 victoria,
2870 1589 2925 1639 et
2955 1597 3142 1653 nuper
3173 1583 3419 1639 turbata
3451 1583 3812 1639 habitudinis

2110 1673 2349 1745 gloriam
2411 1671 2504 1744 [f.,
2562 1668 2768 1743 gloria]
2826 1686 2942 1727 non
2985 1672 3287 1727 minimam
3339 1671 3727 1728 reverentiam
3778 1685 3810 1726 a

2108 1760 2331 1817 cunctis
2362 1760 2633 1832 exigeret.
2671 1760 3009 1831 Delegatum
3060 1760 3239 1832 igitur
3265 1761 3373 1816 sibi
3404 1760 3669 1831 pueritia
3692 1774 3809 1816 sua

2106 1848 2401 1904 custodem
2454 1848 2877 1905 clandestinum
2945 1848 3150 1905 habuit
3213 1850 3607 1920 grammatica
3672 1863 3809 1919 pra-

2106 1944 2413 2007 ceptorem,
2450 1937 2572 2007 qui,
2613 1937 2706 1993 vir
2733 1937 3054 2007 plurimum
3083 1938 3406 2010 religiosus,
3440 1938 3809 1994 considerans

2107 2039 2258 2082 novo
2288 2025 2369 2081 illi
2401 2024 2756 2082 homunculo
2795 2026 3176 2082 necessariam
3209 2033 3418 2083 nostra
3467 2026 3613 2097 legis
3659 2026 3808 2081 noti-

2107 2114 2266 2181 tiam,
2318 2114 2425 2184 ipsi
2453 2114 2770 2170 erudiendo
2801 2128 2917 2171 non
2965 2114 3199 2171 inanem
3227 2115 3382 2171 dedit
3409 2128 3667 2186 operam.

2177 2212 2333 2268 Adeo
2358 2224 2614 2282 namque
2638 2212 2985 2268 naturaliter
3014 2212 3192 2269 solers
3223 2212 3352 2283 ejus
3379 2211 3642 2283 quotidie
3679 2224 3809 2267 acu-

2106 2300 2366 2357 minatur
2393 2300 2716 2373 ingenium,
2750 2308 2815 2357 ut
2845 2299 2937 2373 (3°)
2967 2315 3100 2358 cum
3140 2301 3216 2357 ibi
3264 2300 3652 2358 litteratorum
3701 2300 3807 2355 ﬂo-

2107 2396 2229 2446 reat
2266 2389 2597 2457 multitudo,
2649 2388 2837 2460 major
2880 2388 3271 2461 intelligentia
3316 2388 3643 2460 cujuspiam
3696 2402 3808 2443 non

2107 2485 2345 2549 putetur
2368 2477 2669 2534 claritudo.
2706 2479 2850 2534 Cum
2893 2477 3088 2549 itaque
3120 2478 3179 2533 in
3226 2478 3523 2534 sentiendo
3548 2477 3623 2533 sit
3654 2478 3811 2534 mul—

2106 2573 2220 2634 tus,
2253 2565 2572 2622 invidentia
2619 2573 3038 2637 consequenter
3075 2580 3142 2621 ac
3180 2566 3548 2637 derogatione
3579 2566 3643 2621 fit
3674 2566 3812 2622 nul-

2107 2654 2217 2719 lus,
2268 2668 2493 2725 semper
2527 2653 2745 2723 hilaris,
2780 2661 2836 2711 et
2882 2655 2975 2710 cui
3025 2653 3289 2724 specialis
3335 2661 3552 2710 constet
3583 2653 3815 2724 pudici-

2106 2742 2200 2799 tia
2229 2743 2439 2800 cultus.
2472 2743 2554 2800 Ad
2585 2743 2761 2811 hunc,
2794 2742 2868 2800 ob
2898 2743 3231 2814 augendum
3255 2742 3511 2799 infracta
3537 2742 3668 2798 fidei
3693 2756 3816 2799 sua

2105 2832 2305 2900 robur,
2339 2830 2600 2889 libellum
2629 2832 2938 2903 quemdam
2970 2831 3175 2900 direxi,
3205 2845 3376 2902 quem
3409 2838 3610 2887 contra
3641 2830 3813 2887 Sues-

2106 2933 2298 2976 sorum
2344 2919 2631 2986 comitem,
2678 2920 3071 2991 judaizantem
3114 2920 3330 2991 pariter
3359 2926 3413 2976 et
3452 2919 3815 2984 haretieum,

2036 3027 2076 3083 ο
2107 3015 2240 3065 ante
2267 3007 2714 3079 quadriennium
2768 3008 2945 3065 ferme
3003 3008 3366 3079 scripseram,
3400 3022 3574 3079 quem
3623 3007 3721 3064 ille
3751 3015 3817 3064 ut

2108 3096 2282 3153 audio
2311 3104 2608 3167 tantopere
2648 3097 3037 3167 amplectitur,
3072 3105 3137 3153 ut
3164 3097 3235 3153 de
3283 3097 3410 3153 fidei
3445 3097 3672 3152 ratione
3709 3096 3814 3152 ali-

2108 3198 2228 3255 qua
2246 3186 2613 3256 compilando
2633 3185 2724 3256 pie
2748 3185 2892 3242 illud
2911 3185 3272 3257 Opusculum
3292 3184 3620 3241 amuletur.
3653 3188 3813 3243 Crux

2109 3273 2288 3345 igitur
2336 3279 2488 3329 41M
2546 3274 2603 3329 in
2657 3275 2784 3346 ejus
2841 3274 3184 3345 baptismate
3236 3288 3352 3330 non
3390 3273 3657 3334 fortuitu.
3716 3272 3810 3330 sed

2107 3362 2388 3419 divinitus
2428 3362 2578 3419 facta
2623 3362 2757 3434 jure
2784 3362 3076 3433 apparuit,
3133 3376 3264 3433 qua
3295 3361 3581 3418 insolitam
3621 3366 3810 3418 nostro

2108 3451 2347 3521 tempori
2378 3450 2438 3506 in
2467 3450 2692 3507 Iudaici
2722 3451 2947 3523 generis
2975 3450 3208 3507 homine
3227 3450 3623 3507 credulitatem
3649 3450 3810 3507 futu-

2107 3551 2232 3594 ram
2266 3539 2534 3597 innotuit.

2176 3646 2354 3701 Senem
2404 3646 2634 3715 quidam
2678 3647 2879 3703 mundo
2917 3648 3220 3715 renuntiat,
3277 3650 3599 3716 strenueque
3643 3646 3811 3702 disci-

2104 3735 2316 3804 plinam
2356 3737 2710 3792 monasticam
2742 3741 2931 3792 contra
2976 3736 3277 3791 damonum
3320 3737 3557 3791 astutias
3598 3738 3811 3790 tuetur.

2104 3853 2174 3862 —
2212 3822 2370 3879 Alter
2434 3824 2694 3895 quidam,
2746 3839 2953 3896 genere
3018 3824 3229 3881 nobilis
3288 3824 3813 3895 Bellovagensium.

2104 3911 2652 3984 Noviomagensium
2704 3928 2939 3986 quoque
3006 3913 3278 3984 locuples,
3346 3920 3513 3969 atate
3558 3920 3818 3981 evectus,

2104 4007 2160 4056 et
2186 3998 2352 4056 eﬁeto
2388 4000 2509 4072 jam
2563 4016 2818 4073 corpore,
2853 4002 3009 4074 quod
3064 4002 3274 4058 talibus
3323 4000 3655 4071 pestiferum
3709 4009 3814 4067 est,

2106 4102 2347 4144 uxorem
2389 4089 2609 4147 habens
2637 4091 2985 4163 vegetiorem
3018 4090 3204 4147 officio
3240 4090 3651 4156 thalamorum,
3711 4089 3818 4145 de-

2104 4176 2271 4231 sertis
2300 4176 2571 4249 conjugio
2596 4192 2665 4234 ac
2711 4179 2921 4235 saculo
2946 4179 3293 4236 monachum
3325 4178 3465 4234 inibi
3490 4177 3815 4247 profitetur.

2104 4261 2211 4329 Qui
2254 4265 2523 4337 lacrymis
2567 4281 2711 4337 pene
2752 4267 3042 4324 continuis
3083 4275 3138 4324 et
3175 4266 3534 4323 orationibus
3577 4265 3819 4322 infinitis

2109 4352 2392 4423 insistens,
2438 4369 2744 4426 nunquam
2776 4355 2871 4413 Dei
2899 4355 3058 4412 verbi
3089 4355 3162 4411 ab
3202 4353 3493 4410 auditione
3521 4352 3815 4419 deﬁciens,

2104 4443 2474 4512 spectabilem
2504 4445 2670 4502 nobis
2697 4445 2968 4501 omnibus
3006 4459 3065 4501 se
3095 4443 3407 4515 prabebat.
3441 4443 3495 4497 Is
3539 4442 3818 4507 fervente,

2106 4538 2170 4587 ut
2219 4532 2439 4601 assolet,
2498 4532 2753 4604 regulari
2801 4533 3174 4601 districtione,
3224 4546 3359 4587 cum
3400 4531 3458 4586 in
3506 4529 3818 4601 capitulari

2104 4619 2392 4690 prohiberi
2461 4630 2755 4678 conventu
2816 4621 3041 4678 audiret
3101 4635 3175 4676 ne
3232 4619 3366 4691 quis
3411 4617 3818 4675 claustralium

2105 4708 2308 4765 cellam
2356 4709 2743 4778 infirmorum,
2779 4709 2837 4766 in
2888 4723 3005 4781 qua
3048 4708 3314 4781 degebat,
3365 4708 3489 4764 sine
3535 4715 3693 4763 certa
3730 4719 3819 4762 ra-

2107 4797 2257 4853 tione
2286 4797 2501 4855 intrare
2529 4805 2925 4869 prasumeret,
2984 4796 3267 4869 prolatam
3317 4795 3661 4852 sententiam
3692 4808 3814 4850 me-

2104 4885 2343 4941 moriter
2371 4886 2525 4955 apud
2572 4899 2633 4942 se
2679 4885 2982 4943 continuit.
3040 4886 3112 4940 Et
3158 4897 3286 4940 ecce
3333 4897 3502 4939 mane
3532 4882 3811 4953 quodam,

2106 4973 2245 5031 dum
2277 4973 2468 5031 adhuc
2514 4974 2699 5031 medie
2750 4974 2971 5046 sopitus
3018 4973 3229 5031 clausis
3272 4971 3455 5029 oculis
3507 4971 3813 5038 cubitaret,

2105 5061 2221 5119 duo
2260 5063 2547 5119 damones
2596 5061 2687 5135 (δι)
2736 5062 2919 5119 instar
2950 5060 3353 5132 religiosorum
3403 5059 3638 5116 illorum
3670 5072 3815 5130 quos

2107 5150 2445 5208 Deonandos
2473 5151 2580 5223 (42)
2636 5150 2814 5224 vulgo
2864 5150 3173 5222 appellant,
3223 5163 3460 5204 scamno
3495 5148 3656 5220 quod
3684 5149 3813 5219 ejus

2106 5239 2440 5298 subsidebat
2496 5239 2737 5298 lectulo.
2786 5240 3144 5297 insederunt.
3231 5239 3623 5309 Experrectus
3679 5251 3817 5309 ergo

2106 5328 2296 5385 senior
2350 5328 2547 5387 oculos
2595 5328 2726 5387 lecti
2783 5328 3011 5385 retorsit
3075 5328 3149 5385 ad
3217 5325 3518 5397 capulum,
3567 5327 3817 5381 miratur

2105 5416 2247 5473 adeo
2299 5416 2644 5476 familiarem
2696 5431 2873 5489 super
2924 5415 3214 5488 incognita
3266 5422 3435 5487 gente
3474 5427 3813 5471 consessum
