3902 6082
108 284 216 335 905

1184 300 1186 302 '
1223 285 1314 341 DE
1356 286 1521 342 VITA
1560 287 1696 341 SUA
1736 287 1918 345 LIBRI
1962 291 2244 345 TRES.——
2270 291 2402 348 LIB.
2448 291 2514 346 11.

3495 289 3499 291 λ
3515 299 3618 352 906

106 418 249 472 Erat
296 425 488 472 autem
551 418 695 472 alter
740 419 842 487 qui
911 418 1248 486 praesidebat
1314 422 1499 490 capite
1573 430 1802 489 retecto,
1842 431 1889 480 A
1924 425 2016 480 Vel
2063 441 2162 480 vos
2211 427 2444 492 diaboli,
2503 442 2686 497 quare
2736 443 2826 482 me
2874 444 2985 484 non
3038 432 3460 500 transponitis?
3507 433 3621 488 Nec

105 505 290 560 barba
320 520 435 561 non
478 506 790 574 prteruissa,
833 508 928 561 sed
966 508 1182 563 torsula
1213 508 1398 576 rufus,
1431 518 1506 569 et.
1539 520 1604 566 ut
1633 510 1814 566 solent

110 591 446 661 hujusmodi
487 592 992 660 Circumcelliones,
1040 595 1284 664 nudipes
1333 596 1618 662 incedens,
1653 611 1813 652 emno

110 687 176 734 ut
216 680 549 748 perhibebat
593 680 759 750 quasi
818 682 1042 738 noviter
1071 683 1126 736 id
1170 683 1461 750 calcasset,
1521 685 1811 754 pedalium

107 768 427 838 digitorum
486 783 588 838 per
638 770 942 826 interstitia
993 771 1378 828 densescente.
1425 773 1583 828 Alter
1614 787 1747 828 vero
1778 788 1812 828 a

111 862 272 927 tergo
305 856 511 926 prioris
565 857 645 912 ita
698 857 1004 914 delituerat
1043 866 1108 914 ut
1152 859 1352 914 vultus
1391 859 1519 929 ejus
1563 861 1814 930 qualitas

108 944 360 1000 discerni
398 959 514 1001 non
544 952 750 1014 posset,
785 944 872 1016 (θ’)
916 946 1074 1002 birro
1101 946 1290 1014 talari,
1344 953 1400 1003 et
1423 949 1590 1018 nigro
1628 949 1814 1019 capite

109 1033 403 1103 adoperto.

183 1123 296 1178 Has
327 1122 522 1193 itaque
582 1123 807 1193 ignotas
835 1136 1028 1179 coram
1057 1137 1115 1179 se
1172 1137 1443 1193 personas
1489 1122 1809 1190 attendens,

107 1225 242 1266 cum
300 1211 506 1281 grandi
577 1210 1074 1266 animadversione
1146 1212 1428 1268 adoritur.
1482 1211 1626 1268 Cum
1691 1211 1813 1267 sitis

109 1299 290 1366 laicae,
323 1306 378 1355 et
431 1299 642 1369 ignota;
676 1313 952 1369 personae,
997 1300 1150 1356 unde
1189 1302 1353 1358 vobis
1390 1308 1551 1358 tanta
1580 1300 1815 1357 temeri-

110 1399 216 1458 tas,
252 1399 316 1447 ut
358 1391 466 1446 hac
499 1392 639 1448 hora
693 1393 850 1448 hunc
882 1394 938 1448 in
972 1392 1156 1450 locum
1191 1396 1478 1458 veneritis,
1540 1395 1597 1449 in
1640 1408 1812 1464 quem

107 1481 233 1535 sine
274 1494 334 1536 re
384 1481 658 1550 aliquivis
705 1482 1103 1538 claustralium
1157 1485 1573 1539 monachorum
1618 1484 1814 1539 venire

107 1583 225 1624 non
257 1569 507 1625 audeat?
539 1571 608 1626 At
635 1570 730 1626 ille
771 1585 782 1624 :
815 1570 1148 1638 Audieram,
1185 1571 1432 1638 domine,
1468 1573 1576 1627 hoc
1605 1572 1662 1626 in
1694 1585 1813 1626 mo-

109 1658 360 1713 nasterio
419 1659 572 1714 viros
623 1673 742 1714 esse
790 1659 1101 1729 religiosos,
1163 1668 1217 1715 et
1247 1660 1607 1716 addiscendze
1637 1673 1814 1715 causa

112 1745 407 1817 religionis
457 1748 826 1814 adveneram,
862 1763 1056 1818 quaeso
1105 1763 1177 1804 ne
1219 1763 1371 1819 aegre
1402 1749 1632 1804 feratur.
1666 1749 1813 1814 Non,
1853 1735 1896 1790 Β

115 1833 323 1904 inquit,
387 1837 479 1890 hic
526 1836 724 1906 religio
774 1843 876 1891 aut
931 1837 1069 1892 ordo
1131 1837 1466 1904 addiscitur,
1514 1837 1611 1893 scd
1643 1838 1688 1891 si
1729 1837 1816 1892 vis

113 1924 326 1990 doceri,
361 1925 431 1980 ad
459 1939 554 1980 eos
584 1926 681 1995 qui
718 1925 775 1980 in
810 1925 1060 1980 claustro
1091 1933 1228 1981 sunt
1268 1926 1432 1981 vade.
1474 1925 1593 1981 Illic
1647 1925 1815 1982 disci-

115 2013 286 2082 plinre
335 2014 607 2084 vigorem,
657 2021 712 2069 et
779 2013 1096 2069 sanctitatis
1149 2015 1480 2071 rudimenta
1551 2015 1814 2084 reperies.

115 2102 385 2157 Excedite
413 2117 550 2172 ergo
582 2103 734 2169 hinc,
781 2103 921 2172 quia
951 2103 1107 2173 quod
1139 2104 1276 2173 ipsis
1309 2103 1602 2159 monachis
1629 2103 1818 2159 domi-

115 2191 206 2246 nis
244 2190 352 2246 loci
382 2199 465 2247 est
522 2193 782 2259 vetitum,
815 2193 979 2248 vobis
1009 2201 1094 2249 est
1124 2193 1290 2264 longe
1320 2193 1570 2262 amplius
1597 2192 1819 2248 incom-

117 2279 451 2350 parabiliter
482 2281 884 2336 inhibendum.

185 2372 450 2440 Cumque
480 2369 678 2425 eadem
727 2378 981 2440 repetere
1023 2369 1212 2438 vellet,
1268 2369 1600 2440 pariterque
1639 2381 1821 2425 mora-

112 2460 184 2527 ri,
218 2459 312 2514 ille
359 2457 665 2513 tonantiori
707 2458 779 2512 ad
836 2471 930 2512 eos
959 2471 1220 2512 sermone
1272 2457 1610 2524 infrenduit,
1662 2465 1716 2513 et
1746 2457 1819 2512 ab

109 2548 236 2603 aede
264 2546 493 2617 prodire
555 2546 752 2617 coegit.
805 2546 1068 2615 Cumque
1116 2545 1187 2600 ad
1217 2545 1424 2601 ostium
1467 2560 1651 2616 usque
1685 2560 1822 2615 pro-

111 2637 414 2692 cessissent
457 2635 516 2690 in
567 2633 763 2690 limine
810 2634 1208 2690 substiterunt.
1260 2635 1333 2689 Et
1393 2634 1702 2705 respiciens
1747 2635 1819 2690 ad

112 2723 398 2779 seniorem
440 2720 552 2787 ille,
611 2720 712 2790 qui
744 2720 866 2775 dux
917 2727 1041 2776 erat
1087 2720 1270 2788 verbi,
1319 2734 1522 2777 rursus
1578 2719 1817 2775 intulit:

116 2811 268 2867 Malo
298 2823 390 2865 me
436 2809 568 2865 hinc
616 2807 945 2874 eliminatis,
992 2816 1143 2864 certe
1180 2808 1228 2863 si
1269 2822 1358 2863 me
1402 2807 1702 2863 vobiscum
1731 2820 1820 2862 re-

117 2899 301 2954 tinere
329 2894 674 2962 voluissetis,
723 2903 808 2950 est
860 2895 1097 2965 quidam
1143 2895 1212 2950 de
1259 2895 1464 2951 vestris
1517 2895 1824 2950 clientibus

119 2986 259 3043 furti
306 2999 461 3051 reus,
511 2983 669 3054 quod
715 2983 764 3038 si
805 2982 1049 3038 inﬁciari
1100 2990 1492 3052 praesumeret,
1518 2998 1623 3054 ego
1673 2983 1822 3038 bello

118 3075 306 3147 pugili
338 3074 688 3143 impeterem,
721 3079 775 3127 et
824 3071 1142 3142 plurimum
1169 3072 1301 3128 inde
1343 3071 1505 3128 vobis
1535 3079 1825 3142 quaestum

117 3164 411 3220 inferrem.
466 3160 587 3227 Quo
642 3160 831 3216 senior
884 3160 1082 3215 audito
1136 3159 1391 3216 subrisit.
1466 3162 1592 3216 Jam
1645 3173 1823 3227 nunc,

118 3250 334 3322 inquit,
401 3249 636 3305 evidens
687 3248 1041 3317 sumpsimus
1080 3262 1151 3304 ex
1198 3256 1299 3304 tua
1365 3248 1827 3307 confabulatione

118 3339 467 3410 periculum,
497 3337 637 3393 dum
669 3337 773 3407 qui
811 3336 1102 3407 religionis
1131 3349 1306 3392 causa
1339 3337 1560 3393 venisse
1591 3345 1642 3392 te
1668 3337 1828 3392 dixe-

116 3443 237 3494 ras,
271 3441 427 3483 nunc
476 3433 528 3482 te
577 3426 830 3497 pugilem
883 3425 1133 3481 fatearis.
1179 3425 1364 3495 Igitur
1414 3432 1587 3482 tantae
1627 3427 1826 3482 merito

116 3515 386 3573 falsitatis
416 3529 520 3570 nec
549 3514 876 3570 audiendus
925 3528 1004 3580 es,
1049 3529 1154 3568 nec
1200 3513 1501 3569 tenendus.
1533 3517 1605 3569 At
1639 3515 1828 3570 senior

117 3605 290 3661 valde
345 3603 624 3669 irritatus,
697 3602 853 3673 quod
913 3601 1054 3658 tales
1103 3602 1257 3657 intra
1308 3601 1543 3657 domum
1593 3602 1828 3657 admissi

123 3693 388 3759 fuissent,
420 3692 607 3761 surgit
636 3698 690 3747 et
734 3691 806 3746 ad
850 3691 1056 3747 domus
1091 3705 1278 3760 usque
1331 3690 1617 3760 porticum
1651 3690 1826 3758 vadit,

125 3780 408 3846 inﬁrmos,
466 3779 674 3834 ibidem
726 3778 828 3849 qui
884 3793 1080 3835 secum
1140 3779 1451 3834 manebant
1492 3778 1696 3835 fratres
1739 3792 1828 3834 re-

126 3869 297 3941 perit,
349 3868 834 3938 vehementerque
899 3867 1184 3938 coarguit,
1229 3880 1337 3922 cur
1383 3873 1499 3922 tam
1566 3873 1830 3923 exterum

128 3972 317 4030 genus
343 3956 644 4012 hominum
688 3956 924 4012 introire
955 3956 1236 4011 sivissent.
1287 3955 1375 4010 Illi
1415 3963 1608 4011 autem
1643 3955 1834 4010 admi-

129 4054 344 4114 rantes,
375 4054 430 4102 et
461 4044 703 4101 delirare
751 4045 1065 4109 credentes,
1118 4043 1247 4100 fassi
1280 4051 1417 4099 sunt
1455 4045 1740 4100 neminem
1774 4058 1834 4100 se

127 4136 360 4191 vidisse.
406 4135 527 4204 Ipse
581 4148 720 4190 vero
758 4132 1008 4189 referens
1055 4133 1159 4203 qui
1203 4140 1409 4200 essent,
1455 4133 1744 4202 quomodo
1775 4147 1834 4188 se

130 4224 382 4296 egissent
413 4222 626 4292 quidve
655 4221 951 4288 dixissent,
980 4229 1035 4277 et
1075 4229 1302 4292 tempus
1328 4223 1543 4291 pariter
1573 4222 1829 4291 signans,

1925 528 2102 579 mora,
2160 515 2423 570 diabolus
2467 529 2586 571 sese
2631 515 2816 581 offert,
2862 519 3121 584 ascende,
3177 520 3462 590 inquiens,
3512 537 3618 593 ego

1925 608 1977 655 te
2027 600 2223 656 feram.
2279 602 2431 657 Illico
2462 603 2660 658 infelix
2696 604 2842 660 male
2882 620 3125 662 casurus
3173 611 3444 666 ascendit.
3501 611 3624 674 Quo

1922 690 2188 748 diabolus
2220 702 2515 763 assumpto
2573 694 2681 750 sub
2733 696 2929 751 eadem
3001 697 3141 752 hora
3174 699 3232 752 in
3264 699 3480 755 Italiam
3529 700 3622 756 de-

1922 780 2053 836 tulit
2101 781 2251 836 infra
2307 783 2656 838 suburbium
2706 783 2972 850 civitatis,
3029 799 3160 853 quae
3214 785 3467 842 Subtura
3521 788 3627 858 [vel

1921 867 2168 940 Subura]
2213 869 2443 934 dicitur,
2477 885 2614 926 eum
2669 877 2827 926 tanta
2860 872 3210 943 benignitate
3239 873 3522 942 deposuit,
3561 881 3624 929 ut

1921 970 2126 1012 coxam
2179 957 2229 1012 ei
2282 957 2592 1028 frangeret.
2668 959 2770 1014 Est
2816 967 3007 1016 autem
3067 960 3190 1029 ipsa
3255 961 3458 1017 civitas
3516 962 3628 1017 diei

1922 1043 2037 1100 fere
2091 1044 2268 1100 unius
2301 1046 2502 1102 itinere
2556 1048 2700 1102 citra
2733 1047 2954 1102 urbem.
2992 1049 3177 1104 Pridie
3216 1057 3407 1106 autem
3437 1050 3627 1106 domi-

1922 1148 2034 1189 nus
2061 1134 2186 1204 ejus
2215 1135 2500 1204 praedictis
2549 1135 2621 1190 ad
2658 1134 2860 1190 limina
2893 1136 3276 1204 apostolorum
3319 1139 3625 1208 profectus,

1922 1222 1994 1277 ab
2037 1223 2183 1278 urbe
2222 1222 2510 1292 digressus
2568 1223 2771 1287 fuerat,
2833 1232 2888 1278 et
2947 1223 3214 1281 Subtura:
3286 1226 3624 1296 hospitatus.

1920 1310 2190 1377 Quicum
2233 1318 2546 1380 antequam
2590 1311 2884 1378 diesceret,
2943 1314 3306 1381 surrexisset,
3341 1323 3405 1370 ut
3441 1315 3622 1371 solent

1923 1399 2177 1455 hibernis
2208 1399 2636 1468 peregrinantes
2685 1400 2999 1467 mensibus,
3043 1416 3174 1456 cum
3221 1407 3386 1457 extra
3419 1403 3623 1459 civita-

1921 1496 2033 1542 tem
2053 1501 2186 1542 cum
2217 1488 2338 1542 suis
2374 1501 2542 1557 agros
2570 1487 2893 1559 attingeret,
2928 1490 3230 1558 cujusdam
3268 1491 3422 1546 haud
3460 1492 3626 1563 longe

1923 1590 1956 1630 a
1985 1582 2163 1630 strata
2186 1575 2417 1645 publica
2449 1576 2774 1646 plangentis
2804 1578 3027 1632 audivit
3059 1591 3278 1634 vocem.
3311 1578 3620 1649 Quaeritur,

1921 1663 2227 1732 reperitur,
2257 1663 2396 1733 quia
2443 1679 2554 1719 vox
2597 1672 2720 1719 erat
2751 1677 2784 1719 a
2817 1664 3047 1720 domino
3077 1680 3204 1730 suo,
3237 1681 3310 1722 ex
3339 1668 3459 1722 sola
3491 1683 3627 1724 voce

1924 1751 2306 1823 cognoscitur.
2343 1753 2738 1823 Interrogatus
2769 1754 3055 1822 quomodo
3089 1754 3225 1810 illuc
3278 1755 3621 1824 devenisset,

1923 1837 2092 1893 refert
2140 1850 2265 1892 sero
2318 1851 2378 1892 se
2434 1836 2612 1893 fuisse
2665 1837 2934 1905 Calniaci,
2998 1845 3052 1894 et
3106 1839 3355 1908 qualiter
3412 1841 3622 1898 ibidem

1923 1925 2149 1981 diabolo
2205 1933 2546 1994 exportante
2593 1926 2895 1982 corruerit.
2947 1927 3226 1982 Dominus
3255 1928 3392 1983 satis
3423 1944 3628 1998 super-

1924 2028 2040 2082 que
2090 2013 2669 2070 miratus-hominem
2732 2015 2788 2068 in
2821 2014 3144 2083 proximam
3179 2016 3386 2071 extulit
3415 2016 3623 2072 civita—

1923 2110 2057 2168 tem,
2113 2101 2182 2158 de
2229 2102 2352 2158 suis
2405 2102 2666 2172 praebens
2723 2103 2982 2170 pecuniis
3012 2102 3164 2158 unde
3194 2119 3364 2160 suum
3397 2111 3626 2162 curaret

1924 2189 2173 2245 reditum
2204 2195 2256 2244 et
2287 2187 2697 2244 infirmitatem.
2756 2190 2844 2244 Ex
2875 2188 2963 2244 his
2993 2203 3127 2260 ergo
3151 2205 3282 2260 quae
3314 2205 3516 2260 passus
3545 2199 3630 2248 est

1925 2277 2123 2334 didicit
2169 2285 2223 2333 et
2277 2277 2471 2334 docuit
2499 2278 2713 2347 .Deum,
2751 2291 2870 2333 non
2900 2277 3186 2335 daemones
3233 2293 3333 2348 pro
3386 2282 3630 2352 negotiis

1927 2365 2300 2422 invocandos.

1996 2460 2146 2509 498
2192 2453 2480 2509 Clericum
2532 2454 2765 2510 obesum
2820 2453 3076 2521 febribus
3100 2454 3319 2511 diaboli
3347 2459 3628 2528 torquent.

1923 2572 1997 2584 —
2027 2541 2114 2612 (⁸³)
2146 2543 2311 2611 Apud
2358 2542 2629 2598 Sanctum
2672 2543 3008 2599 Medardum
3041 2543 3235 2600 itidem
3286 2546 3454 2601 homo
3483 2555 3626 2615 erat,

1927 2631 2076 2688 idem
2109 2632 2168 2686 in
2195 2632 2446 2698 abbatia,
2481 2632 2603 2701 ipsa
2631 2631 2850 2688 habens
2866 2632 3142 2688 officium.
3171 2633 3433 2704 Cumque
3454 2650 3632 2706 super

1928 2720 2196 2777 turritam
2227 2735 2260 2776 a
2292 2729 2452 2790 parte
2510 2720 2717 2776 vivarii
2770 2727 2993 2790 portam
3024 2722 3224 2789 sistris,
3257 2738 3374 2792 ore,
3406 2731 3462 2780 et
3501 2738 3632 2780 cor-

1929 2809 2103 2866 nibus
2134 2809 2564 2879 aliquantulum
2596 2809 2779 2865 noctis
2796 2809 3143 2881 pervigilum
3164 2825 3322 2868 more
3351 2812 3631 2878 duxisset,

1931 2898 2003 2953 ad
2027 2901 2350 2954 extremum
2383 2911 2558 2966 super
2610 2911 2770 2953 oram
2805 2910 2974 2967 aquae
3021 2898 3501 2956 deambulaturus
3529 2901 3634 2956 de-

1934 2986 2250 3042 scenderat.
2290 2986 2397 3043 Cui
2439 2985 2553 3041 illic
2593 2985 2767 3041 stanti
2824 2986 3000 3042 trium
3063 2988 3372 3044 mulierum
3422 2989 3635 3058 species

1935 3088 2274 3144 apparuere,
2309 3089 2562 3145 quarum
2596 3089 2662 3130 eo
2679 3075 2947 3131 audiente
2975 3089 3093 3130 una
3124 3076 3268 3131 dixit
3303 3091 3315 3130 :
3351 3077 3636 3147 Ingredia-

1935 3178 2069 3220 mur
2108 3164 2163 3218 in
2221 3164 2395 3218 hunc.
2431 3163 2535 3219 Cui
2572 3161 2752 3218 altera
2786 3177 2798 3216 :
2831 3163 3056 3233 Pauper
3086 3171 3189 3229 est,
3232 3178 3336 3219 nos
3376 3164 3517 3220 bene
3545 3163 3635 3220 fo-

1933 3267 2067 3308 vere
2105 3266 2220 3307 non
2273 3259 2474 3321 posset.
2537 3251 2622 3306 Ad
2681 3251 2804 3306 haec
2857 3250 3067 3306 tertia:
3102 3251 3200 3306 Est
3249 3251 3485 3322 quidam
3543 3253 3638 3307 hic

1934 3341 2176 3397 clericus
2224 3340 2390 3410 Hugo
2425 3339 2634 3394 obesus
2681 3347 2737 3394 et
2776 3339 3025 3408 pinguis.
3083 3339 3256 3396 rebus
3283 3341 3634 3407 exuberans,

1935 3430 2036 3499 qui
2099 3429 2240 3484 bene
2287 3442 2390 3483 nos
2455 3427 2696 3490 nutriat,
2758 3427 2948 3496 ipsum
3003 3426 3216 3484 adoriri
3261 3428 3478 3485 bonum
3529 3437 3634 3485 est.

1933 3515 2401 3572 Inanescentibus
2447 3515 2576 3582 illis,
2621 3516 2791 3570 homo
2843 3529 2962 3570 sese
3007 3515 3064 3569 in
3095 3529 3154 3570 se
3185 3517 3413 3585 recepit,
3446 3525 3500 3571 et
3531 3517 3639 3572 tria

1935 3605 2319 3662 nominatiora
2363 3603 2458 3658 illa
2502 3603 2748 3658 febrium
2804 3603 3082 3658 intellexit
3125 3617 3356 3674 genera,
3417 3620 3546 3675 quae
3578 3620 3638 3661 se

1938 3692 2183 3750 ridicula
2217 3691 2385 3762 quasi
2444 3703 2763 3761 pauperem
2813 3689 3148 3746 curiositate
3187 3691 3541 3760 despicerent
3584 3701 3638 3749 et

1938 3783 1997 3838 in
2047 3781 2208 3837 illum
2243 3779 2347 3850 qui
2399 3779 2669 3835 carnibus
2715 3786 2770 3834 et
2826 3778 3153 3834 substantia
3201 3780 3503 3836 exhauriri
3535 3783 3638 3838 vix

1941 3875 2181 3940 poterat,
2215 3867 2643 3924 contenderent.
2676 3866 2803 3922 Non
2829 3870 3159 3935 exspectata
3198 3867 3378 3938 igitur
3407 3868 3533 3926 luce
3568 3871 3638 3926 ad

1941 3956 2382 4029 propinquiores
2440 3969 2586 4025 quos
2648 3954 2880 4024 reperit,
2941 3955 3156 4012 accedit
3210 3958 3537 4026 monachos,
3586 3967 3642 4016 et

1942 4045 2120 4102 relato
2149 4043 2230 4099 eis
2257 4058 2324 4099 eo
2354 4043 2509 4112 quod
2541 4042 2780 4108 viderat,
2816 4050 2871 4098 et
2914 4042 3195 4110 audierat,
3226 4044 3296 4099 ad
3337 4046 3641 4114 praefatum

1944 4133 2091 4191 mitti
2123 4140 2287 4204 rogat
2318 4134 2637 4202 nugonem,
2675 4137 2738 4187 ut
2764 4131 3009 4187 sciretur
3033 4133 3282 4202 qualiter
3309 4147 3367 4188 se
3385 4133 3638 4191 haberet.

1944 4209 2190 4278 Mittitur
2217 4229 2271 4276 et
2323 4221 2431 4277 sub
2480 4219 2748 4275 maximis
2788 4219 3031 4276 febrium
3063 4221 3299 4276 testibus
3336 4225 3638 4291 reperitur.

132 4327 241 4370 suo
292 4318 347 4368 et
374 4310 632 4366 omnium
671 4309 990 4366 testimonio
1029 4308 1249 4377 didicit,
1299 4322 1332 4363 a
1377 4309 1736 4365 dzemonibus
1774 4323 1833 4364 se
1870 4309 1914 4362 D
1948 4311 2035 4365 Ex
2061 4324 2178 4379 quo
2198 4309 2501 4378 conjicitur
2538 4307 2674 4362 talia
2705 4309 3041 4364 morborum
3071 4324 3284 4380 genera
3313 4310 3424 4366 Deo
3450 4310 3643 4381 judice

133 4402 424 4458 delusum.
458 4398 602 4454 Sunt
621 4397 771 4453 enim
798 4397 1066 4468 quaedam
1097 4397 1382 4453 daemonia
1411 4397 1546 4454 solis
1569 4397 1836 4454 ludibriis

136 4492 377 4554 intenta,
413 4487 548 4543 sunt
575 4491 629 4542 et
661 4486 858 4557 aliqua
883 4493 1072 4542 mente
1102 4485 1379 4552 crudelia,
1429 4492 1484 4542 et
1522 4486 1593 4541 ad
1624 4485 1838 4542 laeden-

134 4581 278 4636 dum
310 4589 509 4647 prona,
544 4577 713 4646 cujus
745 4575 900 4631 verbi
923 4575 1110 4646 gratia
1143 4582 1310 4632 extra
1335 4575 1693 4646 propositum
1723 4575 1838 4630 duo

133 4665 401 4736 exempla
433 4666 824 4736 proponimus.

817 4752 1046 4808 CAPUT
1076 4752 1173 4808 VI.

206 4840 416 4895 Servus
441 4839 676 4912 quidam
703 4840 966 4896 invocato
986 4841 1239 4895 daemone
1266 4838 1603 4894 iit-Italiam
1642 4842 1841 4894 trans-

133 4929 350 4993 fertur.
386 4960 455 4970 —
485 4931 654 5000 Apud
679 4937 933 4986 castrum
966 4930 1301 4985 Calniacum
1327 4927 1545 5000 [vulgo,
1575 4928 1840 4999 Chauny]

137 5031 214 5074 ex
249 5017 470 5074 familia
499 5019 846 5087 Guascelini,
886 5019 1057 5075 castri
1089 5017 1270 5088 ipsius
1310 5017 1554 5082 Domini,
1593 5016 1845 5074 famulus

139 5106 383 5178 quidam
431 5115 570 5175 erat,
639 5108 731 5164 cui
800 5107 870 5163 ad
933 5106 1146 5163 castelli
1203 5105 1524 5162 custodiam
1581 5105 1844 5161 noctibus

140 5195 474 5252 excubandi
505 5195 757 5252 ofﬁcium
793 5195 1178 5251 incumbebat.
1211 5194 1316 5260 Qui
1362 5195 1701 5263 vespertinis
1731 5209 1846 5250 cae-

144 5285 398 5341 cutiente
429 5285 550 5354 jam
599 5298 836 5353 prorsus
890 5284 982 5339 die
1035 5283 1210 5349 horis,
1269 5298 1401 5338 cum
1461 5297 1636 5338 coenae
1667 5283 1849 5338 immi-

144 5372 309 5430 nenti
339 5372 532 5428 deesse
558 5373 800 5440 timeret,
835 5380 992 5428 trans
1044 5371 1290 5427 ﬂuvium
1323 5370 1536 5441 positus
1565 5371 1849 5429 clamabat

146 5459 365 5531 appelli
395 5461 468 5515 ab
524 5460 722 5531 aliquo
777 5460 940 5516 alteri
985 5460 1126 5529 ripae
1181 5473 1410 5516 navem.
1444 5460 1706 5532 Cumque
1734 5461 1783 5516 ei
1815 5475 1850 5516 a

146 5546 382 5605 nemine
417 5547 813 5614 obaudirelur,
845 5546 902 5602 in
935 5546 1185 5604 furorem
1219 5546 1387 5602 homo
1426 5561 1626 5603 versus
1649 5547 1796 5604 dixit
1832 5564 1844 5603 :

511 5645 788 5710 PATROL.
843 5645 1046 5712 CLVI.

1943 4413 1978 4455 a
2006 4397 2363 4453 daemonibus
2393 4395 2727 4450 ministrari.
2773 4397 2932 4453 Unde
2962 4405 3017 4452 et
3052 4399 3258 4454 mulier
3287 4397 3348 4454 in
3379 4399 3644 4469 Evange-

1944 4488 2020 4543 lio
2052 4499 2231 4542 curva
2279 4484 2471 4540 decem
2501 4491 2556 4538 et
2585 4491 2802 4553 septem
2852 4483 2974 4556 [al.,
3003 4487 3148 4555 octo]
3180 4488 3346 4541 annis
3368 4501 3402 4542 a
3433 4487 3644 4542 Satana

1946 4575 2156 4646 legitur
2195 4573 2427 4643 alligata
2484 4574 2632 4643 (Luc.
2665 4587 2790 4638 xm,
2853 4574 2958 4643 tl).
3019 4575 3073 4628 Is
3111 4575 3282 4628 etiam
3317 4576 3418 4644 qui
3469 4576 3644 4646 epile-
3705 4635 3710 4640 _

1948 4664 2116 4734 psim,
2147 4663 2202 4717 id
2252 4669 2337 4717 est
2365 4661 2651 4717 caducum
2699 4662 3025 4732 patiebatur
3055 4662 3345 4730 morbum,
3378 4677 3412 4718 a
3439 4664 3646 4732 spiritu

1947 4751 2246 4807 immundo
2280 4750 2435 4804 allidi
2486 4750 2544 4805 in
2588 4759 2820 4817 terram,
2851 4765 3142 4819 spumare,
3177 4752 3414 4807 stridere
3455 4753 3647 4808 denti-

1949 4841 2076 4906 bus,
2109 4847 2164 4894 et
2191 4839 2406 4894 asciarc
2438 4838 2773 4907 perhibetur
2804 4839 3014 4908 (Marc.
3051 4853 3127 4905 IX,
3187 4842 3290 4907 l7),
3325 4840 3478 4909 quod
3512 4853 3648 4895 ora-

1949 4929 2102 4984 tione
2138 4926 2321 4983 solum
2371 4933 2426 4981 et
2465 4927 2688 4996 jejunio
2746 4928 2938 4982 curari
2989 4941 3149 4996 posse
3205 4931 3498 4983 asseritur.
3545 4927 3649 4983 Job

1950 5017 2120 5073 etiam
2149 5014 2410 5080 interius,
2443 5022 2495 5070 et
2529 5014 2800 5080 exterius,
2837 5016 2889 5068 id
2919 5023 3002 5070 est
3029 5029 3266 5085 corpore
3297 5023 3351 5071 et
3380 5016 3648 5072 substan-

1954 5105 2052 5169 tia,
2084 5105 2410 5160 dzemonum
2446 5102 2804 5158 infestatione
2835 5103 3053 5158 feritur.

2027 5195 2109 5249 De
2135 5192 2346 5248 clerico
2381 5191 2587 5246 deinde
2612 5191 2884 5246 canonico
2899 5192 3152 5263 regulari
3152 5191 3341 5260 facta,
3373 5192 3473 5263 qui
3494 5197 3651 5264 post-

1953 5299 2126 5354 quam
2147 5280 2457 5354 pessimam
2478 5281 2688 5352 egisset
2705 5278 2904 5346 vitam,
2919 5281 3225 5334 monachus
3243 5281 3470 5336 tandem
3492 5283 3654 5336 beato

1949 5372 2068 5440 ﬁne
2096 5370 2334 5426 excessit
2361 5387 2399 5424 a
2433 5369 2572 5424 vita.
2622 5399 2691 5408 —
2721 5367 3072 5440 Conceptum
3102 5383 3425 5425 sermonem
3465 5377 3655 5426 tenere

1958 5460 2091 5531 quis
2123 5459 2334 5528 possit?
2384 5457 2666 5524 Quartum
2719 5457 2992 5528 denique,
3044 5457 3196 5527 quod
3257 5459 3543 5514 memoriae
3599 5475 3659 5515 se

1957 5547 2193 5618 subigit,
2219 5549 2426 5616 script)
2461 5547 2672 5615 pariter
2720 5547 3080 5619 subigamus.
3117 5545 3368 5602 Clericus
3397 5547 3656 5617 quidam,
