3902 6082
314 273 416 323 907

1200 267 1259 319 V.
1302 265 1629 320 GUIBERTI
1668 265 1961 321 ABBATIS
1999 265 2056 320 S.
2097 265 2342 322 MARUE
2381 266 2470 319 DE
2507 264 2909 322 NOVIGENTO

3697 271 3791 323 908

315 407 419 478 qui
474 407 682 463 nostris
737 402 987 460 terribile
1037 401 1388 471 temporibus
1442 401 1596 457 dedit
1648 399 2001 470 exemplum,
2041 406 2087 456 A
2119 399 2449 457 damouum
2485 402 2756 457 examina
2805 401 3063 472 undique
3112 401 3338 458 inﬁnita
3380 402 3440 458 in
3495 402 3675 473 ipsum
3717 405 3788 460 ir-

316 497 506 552 Remis
545 493 958 558 commanebat,
1011 490 1366 546 mediocriter
1425 489 1728 556 litteratus,
1763 497 1820 545 at
1868 488 2001 559 piu-

314 585 481 655 gendi
513 595 750 654 gnarus.
785 581 893 648 Qui
932 581 1245 650 aliquando
1294 579 1588 635 [evitatum
1625 592 1771 648 quas
1813 577 2002 648 pluri-

312 687 436 728 mas
491 670 852 727 commiserat
918 670 1172 734 timidus,
1223 668 1554 723 Catalaunis
1612 669 1668 722 in
1728 666 2000 722 Omnium

311 761 647 816 Sanctorum
677 758 914 815 ecclesia
962 758 1146 812 factus
1187 765 1270 812 est
1325 756 1610 826 regularis
1665 754 1995 810 canonicus.

308 849 451 904 Inibi
486 847 828 918 aliquandiu
857 848 1086 916 degens,
1123 860 1254 901 cum
1287 859 1320 900 a
1346 845 1646 914 primordii
1678 846 1767 900 sui
1798 845 1858 900 in
1879 846 2000 900 dies

305 939 527 995 fervore
581 944 904 1008 tepesceret,
959 943 1014 990 et
1057 935 1312 990 calorum
1381 942 1639 989 veterum
1697 934 1996 989 refricare-

305 1030 401 1078 tur
431 1029 622 1088 astus,
668 1022 889 1076 deserta
945 1019 1035 1075 cui
1078 1033 1137 1073 se
1169 1017 1477 1073 tradiderat
1534 1017 1757 1088 regula,
1789 1018 1994 1074 iterum

303 1111 374 1165 ad
397 1112 598 1166 Remos
625 1124 682 1165 se
712 1108 971 1174 contulit,
1006 1121 1247 1164 uxorem
1279 1106 1468 1162 duxit.
1505 1105 1768 1177 Cumque
1787 1108 1996 1163 exinde

301 1201 522 1270 aliquot
550 1199 792 1269 pignora
838 1197 1180 1262 sustulisset,
1217 1195 1290 1250 ad
1320 1196 1408 1251 sui
1449 1195 1855 1251 correctionem
1890 1211 1997 1252 ca-

300 1289 436 1344 litus
467 1289 664 1344 morbo
689 1286 1027 1357 percutitur.
1060 1288 1346 1351 Attamen,
1371 1291 1680 1354 antequam
1712 1284 1820 1338 hac
1842 1284 1996 1339 inﬁr-

297 1377 493 1432 mitate
513 1374 894 1440 decumberet,
929 1372 986 1427 id
1021 1372 1303 1428 habuerat
1329 1371 1667 1438 voluntatis,
1705 1378 1994 1441 quatenus

299 1465 871 1533 Hierosolymitanam
943 1461 1422 1530 expeditionnem,
1467 1475 1597 1531 qua
1650 1468 1788 1516 tunc
1851 1460 1993 1516 mire

296 1555 719 1624 percrebuerat,
747 1558 1104 1621 sequeretur.

368 1643 554 1713 Igitur
612 1655 743 1696 cum
783 1639 884 1694 diu
925 1648 979 1695 et
1023 1639 1189 1694 valde
1248 1645 1568 1709 agrotaret,
1631 1644 1992 1693 excrescente

2112 502 2298 556 ruere,
2329 489 2557 558 vellere,
2593 494 2692 560 p‘er
2724 490 3056 560 pavimenta
3106 498 3457 561 prostratum
3489 493 3788 560 detrahere,

2112 576 2303 646 ipsum
2354 593 2590 648 quoque
2636 593 2867 634 sacrum
2899 579 3182 647 habitum,
3212 595 3346 636 cum
3369 580 3420 636 ei
3451 580 3645 637 rabida
3674 582 3792 636 vio-

2110 664 2285 720 lentia
2336 674 2680 737 extorquere
2736 667 3094 735 molirentur,
3148 667 3242 723 ille
3291 669 3566 739 capitium
3616 677 3794 726 tenere

2109 751 2397 821 dentibus,
2440 754 2680 810 brachia
2724 770 2795 811 ne
2837 755 3147 811 velleretur
3193 757 3495 828 stringere.
3545 758 3794 830 Cumque

2109 839 2218 896 hac
2252 840 2538 898 horrenda
2561 844 2787 900 miseria
2813 845 2922 900 sub
2953 845 3277 900 miserando
3302 846 3526 916 ejulatu
3555 847 3796 902 maxime

2106 928 2372 986 noctibus
2419 940 2746 1002 urgeretur.
2805 932 3108 1003 aliquoties
3141 941 3330 990 tamen
3364 935 3613 992 interdiu
3641 951 3796 991 rece-

2107 1015 2377 1073 dentibus
2417 1018 2527 1073 illis
2581 1018 2874 1090 paulisper
2929 1021 3221 1091 quiescere
3265 1021 3582 1078 sinebatur.
3640 1023 3798 1078 Tunc

2104 1102 2277 1172 plane
2307 1106 2651 1177 interrogari
2686 1115 2906 1177 poterat
2936 1108 3186 1179 qualiter
3212 1108 3269 1164 in
3302 1109 3398 1165 illo
3425 1119 3796 1180 tempestuoso

2104 1193 2332 1262 negotio
2361 1208 2495 1249 cum
2549 1209 2614 1251 eo
2668 1196 2967 1266 agebatur.
3001 1197 3182 1254 Multa
3215 1205 3355 1253 tunc
3398 1198 3467 1254 de
3508 1198 3796 1268 spiritibus

2104 1279 2428 1350 hominum,
2485 1298 2632 1354 quos
2668 1284 2774 1355 ipsi
2829 1294 3084 1354 noverat,
3109 1296 3166 1343 et
3210 1302 3357 1358 quos
3403 1287 3455 1342 ei
3497 1295 3796 1357 prasentes

2102 1371 2510 1441 suggerebant,
2560 1374 2728 1444 quasi
2773 1388 2868 1431 eos
2911 1376 3248 1446 conspicuos
3299 1375 3553 1444 haberet,
3597 1375 3796 1445 loque—

2103 1457 2294 1514 batur.

2169 1546 2332 1614 Quod
2363 1563 2495 1606 cum
2521 1551 2774 1607 audisset
2804 1552 3013 1608 mulier
3041 1552 3308 1623 quadam
3339 1552 3536 1620 vidua,
3569 1567 3696 1623 qua
3731 1553 3796 1608 de

2099 1637 2294 1692 mariti
2338 1639 2427 1694 sui
2461 1640 2668 1696 anima
2720 1641 2975 1710 periculo
3025 1642 3336 1708 metuebat,
3369 1651 3422 1698 et
3453 1642 3648 1698 minus
3700 1657 3796 1712 pro

297 1710 554 1786 molestia
600 1729 671 1783 ad
710 1742 807 1784 cor
853 1741 1137 1794 reversus,
1189 1725 1276 1796 (ει)
1317 1726 1547 1781 directis
1594 1726 1666 1781 ad
1727 1725 1992 1781 abbatem
2033 1710 2076 1764 Β
2105 1725 2302 1781 eodem
2333 1728 2554 1793 orabat,
2587 1730 2876 1786 consuluit
2903 1746 3037 1786 eum
3072 1739 3266 1787 utrum
3294 1745 3399 1801 pro
3427 1746 3536 1787 suo
3561 1710 3796 1802 conjuge

297 1818 486 1874 Sancti
527 1818 739 1874 Nicasri
781 1831 849 1872 ea
904 1823 1234 1886 tempestate
1299 1817 1595 1882 Joannem,
1635 1814 1896 1884 precibus
1925 1814 1998 1869 ad

293 1922 352 1961 sc
392 1907 589 1962 venire
638 1905 960 1975 compellat,
995 1904 1199 1960 mundi
1228 1903 1790 1959 abrenuntiationem
1818 1917 1998 1972 spon-

294 1995 406 2063 det,
448 2009 611 2051 sacro
664 2009 722 2050 se
751 1994 915 2048 indui
951 1993 1154 2048 habitu
1204 1992 1470 2062 postulat.
1505 1991 1694 2047 Abbas
1724 1991 1816 2047 ille
1858 2005 1996 2060 pro-

292 2085 481 2152 vidus,
516 2092 570 2140 et
597 2084 666 2139 de
695 2090 932 2153 experta
959 2083 1085 2152 ejus
1123 2081 1350 2137 levitate
1401 2088 1720 2150 suspectus,
1773 2080 1994 2136 distulit

292 2175 602 2242 hominem,
643 2180 698 2229 et
757 2172 1018 2227 habitum
1047 2185 1218 2241 quem
1250 2171 1475 2240 petebat
1509 2170 1646 2225 dare
1698 2183 1992 2238 recusans,

293 2264 444 2319 intra
481 2261 724 2318 canobii
786 2268 976 2316 tamen
1036 2259 1347 2328 penetralia
1399 2258 1691 2314 transtulit
1744 2272 1988 2328 agrum.

289 2352 552 2422 Cumque
623 2349 730 2406 sibi
803 2348 1067 2404 morbum
1123 2347 1515 2417 ingravescere
1581 2347 1986 2415 prasensisset,

290 2439 554 2496 abbatem
602 2437 958 2510 aggreditur,
997 2443 1052 2491 et
1097 2435 1327 2490 schema
1357 2433 1757 2490 monachicum
1792 2433 1990 2490 multis

287 2528 780 2598 deplorationibus
805 2525 877 2581 ab
908 2539 972 2581 eo
1003 2523 1168 2594 quasi
1197 2522 1365 2578 vellet
1415 2521 1587 2578 nollet
1614 2523 1870 2578 extorsit.
1898 2523 1986 2578 Ex

287 2617 489 2686 adepto
528 2616 721 2685 itaque
773 2613 927 2684 quod
965 2611 1384 2668 desideraverat
1415 2610 1614 2675 latior,
1649 2611 1986 2680 parvissimo

285 2704 556 2774 temporis
585 2703 766 2772 spatio
822 2717 880 2758 se
933 2701 1094 2756 solito
1143 2699 1396 2770 quietius
1447 2714 1617 2771 agere
1657 2699 1980 2757 videbatur.

284 2794 448 2848 Tunc
475 2799 704 2862 repente
729 2791 918 2846 nescio
955 2804 1072 2859 quo
1126 2788 1321 2844 divino
1355 2797 1543 2844 motus
1581 2788 1856 2844 instinctu
1881 2789 1982 2845 ab-

285 2882 473 2936 batem
508 2880 844 2947 accersiens,
874 2879 951 2934 ait
985 2893 997 2932 :
1035 2878 1197 2945 Jube,
1257 2877 1442 2944 Pater,
1505 2876 1802 2933 sollicitam
1855 2885 1982 2933 tuos

285 2969 496 3024 habere
528 2968 846 3024 custodiam
872 2968 1018 3035 mei;
1053 2967 1200 3021 scias
1226 2965 1377 3021 enim
1408 2979 1510 3035 pro
1539 2973 1690 3022 certo
1743 2967 1980 3022 evidens

285 3059 507 3128 aliquot
561 3057 764 3112 diebus
831 3055 969 3110 mihi
1025 3055 1324 3110 imminere
1369 3055 1654 3124 judicium
1711 3054 1852 3110 Dei:
1897 3056 1983 3112 Tu

284 3146 568 3216 siquidem
599 3153 652 3200 et
683 3145 767 3201 tui
801 3144 1111 3214 plurimam
1139 3143 1207 3198 de
1237 3158 1328 3198 me
1359 3143 1849 3212 importunitatem
1881 3158 1980 3213 pa-

285 3233 524 3300 tiemini,
558 3233 655 3289 sed
713 3234 992 3289 diurnum
1031 3247 1145 3288 non
1205 3246 1326 3287 esse
1369 3231 1626 3298 scientes,
1660 3246 1857 3301 quaso
1914 3247 1984 3289 ne

286 3317 684 3374 molestemini.
717 3317 840 3386 Quo
896 3318 1112 3385 audito,
1166 3317 1346 3373 abbas
1404 3316 1556 3373 haud
1593 3317 1833 3386 pavidos
1887 3319 1983 3374 sed

283 3406 589 3477 vigilantes
633 3408 685 3464 ei
740 3407 1007 3478 pracepit
1049 3406 1298 3477 delegari
1344 3405 1624 3462 custodes.
1682 3406 1798 3462 Nec
1825 3420 1988 3462 mora

2107 1812 2215 1867 sibi
2247 1828 2411 1870 orare
2437 1815 2700 1873 liceretet
2727 1817 2910 1888 siipse
2939 1819 3082 1889 quid
3105 1817 3198 1874 ille
3247 1827 3462 1890 ageret,
3503 1820 3690 1875 sciret.
3732 1822 3797 1875 At

2106 1901 2202 1957 ille
2234 1902 2440 1972 quidni
2474 1904 2707 1976 inquit?
2763 1907 2876 1962 Ora
2905 1921 3104 1964 secure
3149 1922 3250 1978 pro
3307 1922 3402 1978 eo;
3445 1921 3581 1963 nam
3636 1908 3795 1978 paulo

2103 1998 2236 2046 ante
2267 1990 2360 2047 hic
2405 1992 2534 2048 fuit.
2562 1993 2892 2065 Aliquantis
2944 2011 3079 2067 ergo
3107 1995 3308 2053 diebus
3332 1997 3508 2052 tantis
3551 2004 3795 2053 tormen-

2105 2079 2174 2134 tis
2199 2079 2483 2147 addictus,
2519 2083 2745 2138 tandem
2783 2084 3043 2154 perfecta
3095 2085 3273 2155 quieti
3324 2085 3605 2141 redditur.
3661 2085 3793 2140 Nam

2099 2167 2204 2223 etsi
2255 2169 2561 2240 aliquoties
2609 2171 2756 2228 inter
2801 2173 3139 2243 patiendum
3193 2188 3437 2243 pausare
3476 2173 3792 2240 videbatur,

2097 2270 2231 2311 mox
2274 2264 2462 2313 tamen
2505 2273 2536 2315 e
2595 2260 2932 2329 parietibus,
2967 2277 2998 2317 e
3046 2269 3196 2318 terra
3249 2262 3639 2332 undecunque
3685 2262 3791 2317 da-

2097 2359 2334 2402 monum
2367 2347 2567 2403 turbas
2613 2348 2846 2406 videbat
2891 2364 3204 2422 emergere,
3254 2357 3308 2406 et
3355 2351 3427 2406 ad
3476 2351 3791 2420 discerpen-

2096 2431 2234 2488 dum
2291 2433 2518 2492 sibimet
2583 2437 2860 2494 involare.
2929 2438 3179 2494 Remotis
3232 2438 3480 2509 denique
3535 2439 3794 2509 malignis

2094 2521 2410 2591 spiritibus,
2467 2540 2600 2580 cum
2643 2525 2823 2582 divini
2871 2525 2980 2582 sibi
3014 2527 3219 2597 judicii
3260 2535 3406 2582 esset
3436 2527 3664 2583 indulta
3686 2527 3793 2582 cle-

2092 2611 2326 2678 mentia,
2369 2614 2549 2670 accito
2606 2615 2812 2671 abbate
2860 2615 2942 2671 sic
2995 2615 3300 2685 loquitur:
3332 2616 3494 2681 Ecce,
3545 2616 3793 2682 domine,

2093 2701 2341 2768 peccatis
2389 2703 2530 2758 meis
2579 2703 2761 2759 vicem
2814 2704 2998 2759 reddit
3053 2704 3222 2759 Deus.
3291 2703 3447 2760 Scias
3490 2718 3629 2774 ergo
3659 2706 3799 2775 quia

2091 2789 2397 2857 post’hanc
2441 2792 2928 2848 examinationem
2982 2791 3090 2847 cito
3127 2793 3394 2864 sequitur
3452 2791 3582 2848 tinis
3613 2808 3796 2848 meus.

2087 2874 2521 2933 Absolutionem
2589 2878 2784 2949 itaque
2851 2880 3147 2936 erroribus
3206 2881 3347 2936 meis
3403 2894 3580 2951 quam
3643 2889 3802 2950 potes

2094 2961 2377 3034 impende,
2425 2975 2480 3021 et
2518 2980 2681 3022 sacro
2707 2981 2796 3023 me
2840 2968 2962 3024 oleo
2995 2969 3062 3025 ad
3112 2969 3414 3025 cumulum
3446 2969 3801 3025 remissionis

2096 3050 2328 3121 inunge.
2381 3051 2543 3118 Quod
2593 3055 2853 3112 celeriter
2889 3071 2956 3112 ac
3005 3057 3206 3114 devote
3263 3057 3444 3114 abbas
3486 3058 3655 3114 duxit
3712 3059 3800 3114 ef~

2093 3138 2244 3194 fectu
2285 3155 2297 3194 :
2341 3155 2456 3210 quo
2495 3142 2587 3199 ille
2620 3142 2929 3200 affectuose
2976 3153 3031 3201 et
3073 3154 3367 3216 gratanter
3411 3155 3674 3217 excepto,
3726 3149 3799 3203 ab

2091 3228 2249 3284 omni
2283 3231 2548 3300 contagio
2597 3246 2699 3301 per
2757 3242 3066 3302 praesentes
3114 3235 3381 3304 expiatus
3409 3249 3607 3304 papas
3659 3237 3802 3292 liber

2091 3325 2146 3374 et
2171 3317 2335 3373 latus
2364 3319 2520 3374 obita
2548 3320 2654 3376 sibi
2680 3329 2860 3378 morte
2888 3322 3166 3379 concessit
3191 3323 3263 3378 ad
3294 3322 3494 3380 vitam.

1615 3691 1951 3778 LIBER
2015 3693 2531 3788 TERTIUS.

369 3878 706 3953 Quomodo
741 3875 1076 3938 Galdricus
1109 3875 1451 3954 episcopus
1494 3874 1949 3936 Laudunensis
1982 3878 2470 3940 excarniﬁcatus
2518 3880 2743 3954 fuerit;
2780 3887 2972 3959 atque
3005 3883 3274 3944 ecclesia
3304 3901 3376 3943 ac
3407 3884 3720 3945 universa

1606 3993 1767 4053 pene
1800 3974 2024 4036 civitas
2055 3977 2486 4055 conﬂagrarit.

1882 4130 2172 4142 ——

847 4262 1075 4319 CAPUT
1104 4262 1403 4319 PRIMUM.

353 4357 503 4407 496
553 4351 728 4404 Gesta
784 4349 1168 4406 Adalberonis
1201 4351 1260 4419 (α
1280 4367 1389 4422 quo
1413 4350 1707 4407 destrucla
1733 4351 1897 4406 urbis
1924 4359 1978 4408 et

280 4442 688 4498 calamitatum
711 4440 957 4512 sumpsit
976 4440 1232 4511 initium)
1271 4456 1341 4494 ac
1368 4439 1438 4493 de
1476 4439 1815 4511 quibusdam
1843 4440 1978 4496 aliis

279 4529 556 4602 episcopi:
595 4527 1084 4584 Laudunensibus.
1132 4558 1200 4567 —
1240 4529 1316 4582 De
1376 4528 1872 4596 Laudunensibus,
1913 4537 1976 4586 ut

278 4619 707 4690 spopondimus,
765 4618 885 4689 jam
939 4618 1106 4673 modo
1136 4617 1458 4684 tractaturi,
1495 4617 1604 4673 imo
1635 4618 1975 4674 Laudunen-

278 4709 428 4764 sium
485 4708 792 4778 tragoedias
849 4706 1056 4770 acturi,
1126 4706 1374 4776 primum
1429 4713 1513 4760 est
1566 4707 1751 4762 dicere
1803 4707 1975 4763 totius

277 4798 409 4854 mali
436 4798 732 4867 origimem
777 4809 848 4852 ex
889 4795 1242 4864 pontiﬁcum.
1279 4802 1341 4850 ut
1365 4795 1528 4851 nobis
1556 4795 1802 4858 videtur,
1847 4809 1971 4864 per-

277 4885 647 4941 versitatibus
691 4884 987 4938 emersisse
1042 4884 1184 4951 (43).
1219 4882 1319 4946 Qui
1355 4882 1444 4953 [f.,
1478 4884 1633 4954 quia]
1665 4898 1795 4940 cum
1845 4883 1972 4940 diu-

277 4975 504 5032 turnior
533 4974 698 5044 longe
748 4973 1048 5040 exstiterit,
1083 4972 1153 5028 ab
1184 4973 1439 5029 Ascelino
1467 4973 1567 5044 qui
1599 4973 1769 5029 etiam
1799 4972 1968 5028 Adal-

276 5065 410 5121 bero
439 5063 777 5130 vocabatur,
826 5062 961 5118 huic
1017 5062 1173 5132 operi
1223 5063 1549 5130 attexenda,
1601 5071 1860 5133 putatur.
1897 5065 1968 5132 is,

275 5154 358 5210 uti
391 5159 750 5222 compertum
780 5151 946 5207 nobis
1003 5159 1106 5218 est,
1153 5165 1223 5206 ex
1258 5150 1628 5221 Lotharingia
1664 5151 1967 5220 oriundus,

275 5241 432 5297 dives
473 5254 670 5309 opum,
730 5239 1149 5310 possessionum
1201 5240 1470 5310 locuples,
1505 5254 1637 5295 cum
1687 5239 1970 5296 distractis

273 5329 546 5384 omnibus
618 5329 801 5398 pretia
873 5329 1130 5400 ingentia
1169 5329 1240 5384 ad
1285 5329 1494 5394 sedem,
1563 5327 1654 5384 cui
1705 5337 1965 5400 praerat,

346 5497 459 5567 (43)
491 5495 761 5552 Nonnihil
794 5498 886 5554 hic
915 5497 1222 5554 desiderari
1256 5497 1500 5555 videtur.

2012 4270 2055 4324 D
2087 4265 2488 4334 transtulisset,
2553 4267 2848 4324 ecclesiam
2938 4283 3102 4326 suam
3168 4271 3474 4342 pracipuis
3549 4275 3798 4344 quidem

2085 4354 2387 4410 ornatibus
2420 4354 2736 4426 insignivit,
2762 4357 2911 4413 clero
2953 4373 3020 4414 ac
3049 4359 3340 4429 pontiﬁcio
3395 4361 3565 4430 plura
3600 4365 3795 4426 auxit,

2085 4442 2180 4496 sed
2201 4449 2412 4498 cuncta
2451 4443 2546 4499 illa
2580 4444 2852 4501 beneﬁcia
2889 4447 3142 4517 quadam
3175 4450 3651 4518 praestantissima
3674 4453 3798 4507 ini—

2084 4530 2304 4600 quitate
2338 4532 2587 4589 foedavit.
2637 4535 2780 4598 Quid
2813 4548 2963 4592 enim
3012 4539 3280 4608 nequius,
3313 4539 3455 4608 quid
3488 4540 3600 4595 sibi
3629 4541 3800 4611 igno—

2084 4619 2406 4688 miniosius,
2443 4636 2619 4691 quam
2661 4623 2815 4693 quod
2853 4624 3153 4681 dominum
3198 4641 3372 4683 suum
3402 4642 3597 4700 regem
3631 4630 3800 4686 inno-

2082 4715 2302 4764 centem
2391 4723 2653 4778 puerum,
2710 4711 2804 4768 cui
2867 4722 3295 4770 sacramentum
3350 4716 3641 4773 lidelitatis
3701 4720 3799 4774 ille

2083 4796 2428 4866 prabuerat,
2463 4799 2711 4868 prodidit
2739 4808 2794 4856 et
2829 4800 2884 4856 in
2917 4809 3180 4858 exterum
3209 4818 3394 4874 genus
3431 4805 3628 4877 Magni
3678 4807 3799 4864 Ca-

2081 4884 2186 4939 roli
2215 4899 2453 4942 cursum
2483 4887 2830 4959 genealogia
2857 4891 3166 4947 transfudit
3191 4891 3218 4945 ‘?
3247 4894 3404 4958 Quod
3436 4894 3669 4952 facinus
3704 4895 3798 4951 die

2080 4986 2261 5028 cana
2295 4974 2600 5031 Dominica
2646 4976 2828 5032 instar
2872 4979 3036 5034 Juda
3076 4981 3345 5049 patravit.
3381 4982 3445 5038 In
3475 4997 3600 5054 qua
3643 4985 3797 5040 sub-

2079 5061 2338 5117 versione
2389 5071 2833 5134 regnaturorum
2882 5075 3059 5137 atque
3115 5069 3410 5139 regnantis
3463 5071 3586 5141 ipse
3638 5081 3796 5129 certe

2077 5162 2191 5204 non
2225 5151 2471 5219 providit
2500 5153 2700 5210 utilem
2731 5155 2804 5210 ad
2835 5163 3061 5226 tempus
3086 5159 3482 5227 mutationem,
3518 5162 3620 5217 sed
3665 5177 3799 5232 pra-

2077 5250 2164 5292 va
2195 5251 2315 5294 sua
2346 5253 2518 5309 penes
2556 5241 2834 5300 innocuos
2885 5244 3198 5302 voluntatis
3236 5247 3649 5317 expletioncm.
3690 5251 3794 5307 Ur-

2077 5325 2206 5382 bem
2236 5334 2429 5384 autem
2478 5329 2756 5402 urbisque
2791 5334 3093 5402 prasulem
3139 5338 3478 5407 temporalia
3513 5339 3644 5396 ideo
3675 5355 3794 5396 non
