3902 6082
104 289 202 338 909

1193 285 1285 340 DE
1327 284 1489 339 VITA
1528 284 1662 338 SUA
1703 282 1887 340 LIBRI
1931 285 2131 340 TRES.
2157 315 2222 324 —
2248 286 2378 340 LIB.
2419 287 2492 341 II.

3487 291 3590 343 9f0

101 416 288 470 minus
339 423 422 470 est
479 421 695 480 secuta,
731 413 842 468 Deo
887 427 1112 482 poenam
1143 412 1456 481 differente,
1493 413 1780 484 prosperi—
1818 419 1863 468 Α
1894 415 2013 484 regi
2042 415 2312 470 universa
2343 415 2578 481 remisit,
2611 414 2827 485 quibus
2857 415 3030 471 trium
3076 417 3195 486 jam
3230 431 3331 486 per
3358 431 3587 473 succes-

103 513 201 560 tas.

773 592 1002 648 CAPUT
1040 593 1113 648 II.

165 685 240 736 De
282 679 620 736 Helinando
661 679 863 733 itidem
912 680 1199 751 episcopo.
1252 710 1310 720 —
1375 679 1461 751 (⁸⁵)
1509 681 1790 736 Praeterea

98 769 452 826 Helinandus
471 770 562 824 vir
579 767 892 823 admodum
916 768 1182 838 pauperis
1208 769 1434 837 domus,
1466 775 1521 824 et
1547 767 1789 824 obscure

97 857 450 930 progenitus,
504 857 827 914 litteratura
883 857 1194 927 pertenuis,
1246 865 1301 913 et
1350 871 1595 928 persona
1652 859 1788 912 satis

93 947 277 1013 exilis,
335 960 469 1002 cum
517 961 617 1017 per
656 946 916 1002 notitiam
976 945 1231 1001 Gualteri
1271 945 1492 1001 comitis
1545 945 1788 1002 senioris

96 1037 526 1103 Pontisarensis,
577 1035 646 1090 de
695 1034 864 1104 cujus
906 1035 1179 1090 comitatu
1211 1034 1444 1104 gerebat
1479 1032 1783 1104 originem,

95 1126 167 1180 ad
200 1125 442 1196 gratiam
474 1123 767 1180 Eaduardi
808 1121 942 1195 [al.,
978 1122 1255 1192 Eduardi)
1290 1122 1608 1193 Anglorum
1636 1123 1788 1192 regis

97 1213 416 1284 pertigisset
449 1219 618 1282 (uxor
663 1213 813 1268 enim
847 1225 955 1266 sua
984 1226 1115 1267 cum
1152 1211 1420 1280 praedicto
1444 1210 1649 1267 comite
1679 1210 1786 1266 sibi

97 1301 574 1358 necessitudinem
630 1299 822 1355 nescio
894 1313 1072 1369 quam
1134 1299 1394 1369 crearat),
1455 1297 1789 1368 capellanus

96 1391 222 1459 ejus
251 1389 380 1456 fuit,
406 1397 462 1445 et
504 1389 643 1459 quia
702 1388 1034 1444 Francicam
1064 1387 1406 1458 elegantiam
1441 1395 1623 1443 norat.
1677 1389 1790 1443 An-

96 1480 282 1549 glicus
335 1478 430 1534 ille
462 1479 528 1533 ad
565 1479 916 1533 Francorum
949 1491 1140 1548 regem
1164 1476 1472 1532 Henricum
1524 1490 1659 1532 eum
1690 1491 1790 1530 sae-

96 1567 228 1636 pius
283 1566 626 1622 destinabat.
688 1565 830 1620 Cum
881 1578 996 1635 quo
1028 1578 1180 1635 rege,
1238 1563 1335 1634 qui
1368 1563 1616 1620 multum
1666 1570 1789 1619 erat

94 1655 359 1724 cupidus,
403 1662 459 1709 et
513 1654 948 1724 episcopatuum
1020 1651 1444 1709 venditionibus
1502 1660 1782 1721 assuetus,

1898 503 2113 558 sionem
2183 504 2578 573 episcoporum
2659 503 2896 560 ecclesia
2959 510 3133 572 caret,
3197 515 3588 576 perpetuoque

1899 590 2135 647 fortasse
2164 591 2400 646 carebit.
2435 592 2596 648 Unde
2646 592 2858 648 factum
2911 601 2996 649 est
3032 599 3094 648 ut
3134 608 3332 649 omnes
3363 595 3463 665 qui
3494 609 3586 650 se-

1897 679 2086 736 cuturi
2117 687 2252 735 sunt
2281 679 2572 750 episcopos
2603 681 2780 750 hujus
2819 681 3085 737 Simonize
3128 682 3448 752 participes,
3482 685 3587 739 sic-

1898 775 1961 824 ut
1995 768 2133 824 mihi
2168 768 2413 832 videtur,
2469 768 2684 837 fecerit,
2713 769 2813 839 qui
2845 770 3219 838 przesulatum
3256 777 3415 826 tanta
3445 773 3588 842 regii

1897 864 2084 912 metus
2111 855 2468 912 affectatione
2528 857 2852 926 suscipiunt
2915 866 2979 914 ut
3036 867 3288 928 repetere
3332 874 3445 914 non
3475 874 3588 916 au-

1894 942 2087 1009 deant,
2143 957 2274 1013 quze
2318 942 2411 998 ille
2478 951 2542 998 ut
2591 945 2892 1014 episcopus
2965 945 3120 1001 ﬁeret
3182 946 3588 1002 damnabiliter

1898 1031 2154 1087 indulsit.
2173 1033 2221 1086 Is
2247 1047 2379 1088 cum
2397 1047 2594 1088 exsors
2607 1041 2750 1088 esset
2780 1033 3349 1091 totiusaﬂ'ectionisin
3384 1037 3584 1102 Deum,

1895 1127 1948 1175 et
1976 1120 2160 1176 omnis
2189 1119 2240 1174 ei
2272 1119 2573 1193 frugalitas
2605 1136 2673 1176 ac
2708 1123 2903 1193 religio
2941 1132 3084 1179 esset
3125 1123 3390 1190 ludibrio,
3421 1132 3484 1179 ut
3531 1125 3586 1179 in

1896 1209 2337 1278 garrulitatibus
2395 1217 2450 1265 et
2520 1209 2750 1265 lascivis
2788 1210 3146 1266 sermonibus
3204 1210 3391 1279 palam
3451 1210 3588 1264 foret

1893 1295 2050 1352 omni
2088 1310 2291 1352 scurra
2322 1301 2379 1352 et
2409 1297 2685 1354 choraula
2715 1298 2978 1364 deterior,
3031 1306 3331 1367 coeperunt
3383 1297 3588 1353 diebus

1894 1384 2021 1454 ejus
2059 1385 2462 1441 destructionis
2503 1386 2663 1441 urbis
2708 1386 2863 1440 illius
2892 1394 2947 1440 et
2992 1386 3357 1441 ecclesiarum
3417 1393 3590 1456 atque

1897 1473 2069 1529 totius
2131 1475 2440 1543 provinciae
2499 1475 2822 1530 occasiones
2879 1488 3186 1544 emergere,

1895 1561 2135 1632 contigit
2172 1577 2307 1617 eum
2345 1563 2539 1618 exitus
2577 1577 2690 1617 non
2719 1562 2978 1617 salubres
3011 1562 3242 1616 habere.

1967 1650 2359 1722 Ingelrannus
2415 1649 2687 1706 Ecclesiis
2734 1651 2921 1704 multa
2969 1650 3220 1713 confert,
3268 1664 3466 1705 verum
3490 1666 3592 1704 ne-

3259 1473 3476 1543 quibus
3536 1481 3590 1530 et

92 1743 398 1814 largissimi
428 1743 887 1799 lenocinantibus
907 1742 1094 1798 xeniis
1122 1741 1258 1811 egit,
1305 1749 1368 1798 ut
1416 1742 1462 1797 si
1495 1741 1783 1812 quispiam
1825 1715 1867 1770 Β
1894 1738 2188 1810 quissimis
2220 1738 2550 1793 libidinibus
2577 1738 2903 1793 immersus.
2947 1739 3137 1792 Uzo're
3160 1737 3461 1798 Godefridi
3485 1753 3585 1792 co-

91 1831 492 1901 episcoporum
525 1830 776 1886 Franciae
809 1829 1119 1897 decederet,
1158 1829 1583 1900 pontificalibus
1627 1829 1786 1884 infu-
1891 1826 2052 1882 milis
2076 1828 2470 1883 Namurensis
2484 1827 2760 1895 abutitur,
2785 1826 3074 1882 simulans
3101 1826 3292 1898 ipsam
3313 1826 3373 1880 in
3393 1825 3593 1881 matri-

97 1920 170 1975 lis
217 1919 335 1989 ipse
379 1920 725 1975 succederet.
777 1921 829 1974 ls
872 1919 1024 1974 enim
1064 1918 1119 1973 in
1169 1918 1482 1987 capellania
1529 1919 1680 1988 regis
1723 1932 1790 1973 ac

95 2007 312 2078 reginae
359 2006 597 2076 positus,
627 2005 902 2076 quoniam
935 2004 1140 2074 Anglia
1170 2003 1408 2060 infinitis
1434 2018 1498 2059 eo
1537 2011 1789 2072 tempore

95 2095 337 2152 florebat
370 2095 598 2164 opibus,
631 2093 842 2149 multos
871 2093 1248 2163 pecuniarum
1277 2097 1497 2147 montes
1525 2106 1787 2162 aggesse-

93 2193 205 2250 rat,
229 2184 356 2239 ideo
386 2183 673 2238 arridente
694 2182 745 2237 ei
775 2183 1012 2250 przefata
1044 2181 1415 2251 largitionum
1447 2195 1642 2248 causa,
1676 2194 1790 2235 vox

93 2273 220 2342 ejus
240 2270 394 2340 apud
426 2270 734 2326 Henricum
769 2283 959 2339 regem
997 2269 1348 2324 exaudibilis
1375 2276 1516 2325 erat.
1545 2267 1706 2335 Quod
1734 2276 1790 2325 et

92 2362 309 2417 factum
338 2367 422 2415 est
457 2375 469 2414 :
515 2359 793 2415 Lauduno
823 2359 978 2413 enim
1005 2359 1286 2423 invectus,
1323 2359 1462 2428 quia
1489 2372 1603 2413 non
1633 2357 1789 2413 aesti-

91 2449 345 2506 matione
378 2455 700 2519 parentum,
735 2461 852 2502 non
888 2446 1138 2502 scientiae
1185 2445 1508 2503 litterarum
1544 2461 1603 2502 se
1644 2446 1788 2501 vali-

96 2546 294 2594 turum
323 2536 579 2606 putabat,
623 2535 680 2589 in
706 2534 1020 2604 opulentia,
1054 2549 1185 2604 qua:
1224 2534 1476 2604 plurima
1519 2541 1791 2604 suppete-

94 2625 213 2692 bat,
257 2632 312 2680 et
358 2638 536 2694 quam
608 2622 936 2678 cautissime
995 2622 1325 2692 dispensare
1377 2622 1672 2691 didicerat,
1737 2630 1792 2679 et

92 2712 420 2783 dapsilitate
451 2726 578 2782 spes
610 2711 812 2768 fuerat.

166 2801 255 2858 Ad
286 2801 578 2858 ornandas
611 2800 789 2871 igitur
817 2808 873 2856 et
901 2799 1254 2856 extruendas
1309 2815 1369 2856 se
1397 2798 1596 2857 vertit‘
1621 2799 1793 2857 eccle-

93 2890 229 2958 sias,
262 2897 319 2946 et
346 2903 479 2947 cum
513 2891 696 2945 multa
714 2903 815 2959 pro
843 2890 955 2944 Deo
985 2889 1279 2945 videretur
1322 2889 1527 2960 facere,
1558 2889 1791 2945 eviden-

1896 1916 2154 1971 mom'um
2201 1915 2446 1970 duxisse.
2497 1947 2565 1955 —
2610 1917 2755 1971 Nam
2797 1917 3032 1987 quidam
3062 1916 3188 1986 ejus
3218 1915 3595 1986 cognominus

1899 2002 1989 2074 (³⁸)
2048 2005 2430 2075 Ingelrannus
2482 2005 2695 2061 scilicet
2757 2004 3055 2061 Botuensis
3105 2003 3308 2074 [vulgo
3363 2003 3585 2072 Boves],

1900 2093 2150 2162 plurima
2176 2094 2282 2150 sibi
2309 2094 2809 2165 consanguinitate
2839 2093 3050 2161 affinis,
3082 2093 3170 2147 vir
3189 2091 3300 2148 fuit
3320 2093 3587 2163 equidem

1899 2181 2212 2238 admodum
2266 2182 2538 2246 liberalis,
2593 2181 2792 2252 largus
2829 2189 2882 2237 et
2913 2181 3166 2251 dapsilis,
3217 2181 3592 2236 reverentiam

1897 2271 2311 2340 permaximam
2363 2270 2941 2340 muniﬁcentiamque
2996 2278 3276 2339 praestans
3319 2270 3592 2336 ecclesiis,

1900 2359 1959 2413 in
2010 2359 2227 2429 quibus
2286 2359 2574 2415 duntaxat
2643 2358 2981 2428 religionem
3034 2358 3232 2414 haberi
3297 2358 3596 2424 didicerat,

1901 2443 2044 2500 alias
2068 2453 2257 2501 autem
2281 2446 2464 2500 amori
2493 2445 2737 2500 femineo
2765 2446 2907 2500 adeo
2938 2445 3166 2501 deditus
3200 2455 3260 2501 ut
3292 2460 3592 2516 quascun-

1903 2547 2016 2603 que
2066 2533 2217 2588 circa
2274 2549 2333 2589 se
2385 2542 2486 2588 aut
2539 2534 2758 2589 debitas
2821 2540 2923 2589 aut
2981 2535 3281 2589 usurarias
3329 2533 3600 2589 mulieres

1898 2623 2149 2690 haberet,
2175 2623 2316 2678 nihil
2351 2637 2491 2692 pene
2523 2624 2751 2688 faceret,
2776 2624 2930 2694 quod
2958 2623 3008 2678 ei
3039 2625 3371 2679 earumdem
3429 2631 3600 2693 petu-

1903 2711 2080 2766 lantia
2121 2711 2424 2766 dictitaret.
2461 2713 2514 2766 Is
2555 2711 2737 2782 igitur
2773 2726 2906 2768 cum
2939 2712 2996 2766 in
3029 2712 3332 2768 sortiendis
3386 2712 3592 2767 matri—

1901 2798 2548 2856 moniisinfortuniosus
2583 2806 2751 2868 esset,
2782 2813 2884 2869 per
2926 2807 3154 2856 exteras
3202 2800 3400 2870 vagari
3451 2801 3600 2856 inci-

1901 2888 2079 2958 piens,
2131 2886 2435 2956 cujusdam
2501 2887 2726 2957 cognati
2779 2887 2870 2942 sui
2938 2887 3161 2942 comitis
3228 2888 3601 2944 Namurensis

97 2979 318 3035 tissima
360 2985 553 3035 tamen
601 2978 773 3034 dabat
819 2976 1033 3033 indicia
1074 2992 1132 3032 se
1184 2977 1332 3033 solos
1379 2977 1510 3033 inde
1550 2977 1789 3044 favores,
1832 3012 1872 3069 α
1902 2975 2099 3032 furtim
2140 2975 2246 3031 sibi
2296 2975 2569 3031 conscivit
2640 2989 2918 3044 uxorem;
2975 2975 3147 3044 clam,
3197 2989 3395 3045 quam,
3456 2977 3603 3032 solli-

90 3065 274 3121 solam
301 3064 552 3121 nominis
583 3063 972 3120 dilatationem
1028 3064 1085 3118 in
1112 3063 1254 3119 bene
1285 3063 1458 3134 gestis
1502 3078 1786 3134 quaerere.

95 3153 201 3208 His
230 3152 404 3208 etiam
445 3153 566 3222 ipse
595 3152 816 3208 artibus
855 3152 1189 3207 Remensem
1239 3151 1792 3222 archiepiscopatum

95 3242 325 3308 insedit,
379 3255 552 3312 quem
600 3255 730 3298 cum
764 3239 1097 3310 dilapidatis
1151 3254 1324 3310 penes
1354 3255 1543 3311 regem
1577 3240 1791 3310 Philip-

97 3345 264 3401 pum,
297 3330 586 3386 hominem
621 3329 680 3384 in
724 3327 822 3384 Dei
861 3329 1036 3384 rebus
1084 3328 1534 3396 venalissimum,
1569 3328 1795 3399 magnis

95 3419 366 3476 censibus
430 3417 661 3474 biennio
698 3416 1060 3486 obtinuisset,
1131 3431 1165 3471 a
1200 3416 1440 3472 Domino
1478 3430 1626 3486 papa
1700 3417 1791 3485 44)

94 3506 344 3574 audivit,
377 3506 518 3577 quia
557 3519 798 3562 uxorem
833 3505 964 3576 quis
1013 3503 1252 3571 habens,
1300 3504 1539 3559 alteram
1587 3517 1793 3572 super-

94 3595 374 3651 inducere
393 3608 766 3666 nequaquam
789 3593 983 3664 possit.
1017 3593 1348 3649 Consulenti
1381 3592 1545 3662 plane
1565 3591 1795 3647 cuidam

95 3699 157 3740 se
198 3698 304 3739 cur
353 3697 420 3739 eo
449 3683 722 3749 tenderet,
784 3681 948 3748 dixit,
991 3681 1132 3751 quia
1160 3681 1207 3734 si
1249 3680 1424 3735 etiam
1472 3694 1624 3750 papa
1674 3679 1794 3734 fieri

96 3771 297 3842 possit,
333 3771 488 3827 haud
517 3782 817 3840 quaquam
846 3767 1253 3824 dissimularet.

171 3861 228 3916 Is
258 3859 435 3930 igitur
460 3857 886 3929 qualiscunque
915 3865 1016 3912 aut
1043 3854 1372 3916 ambitione,
1397 3861 1500 3910 aut
1524 3867 1796 3924 quacun-

99 3963 220 4020 que
251 3948 364 4004 alia
417 3947 798 4013 humanitate,
849 3945 1003 4015 apud
1043 3958 1100 4000 se
1153 3942 1452 4009 exstiterit,
1487 3943 1544 3996 in
1593 3942 1699 3997 hoc
1745 3941 1794 3998 ei

96 4039 286 4094 honor
333 4035 570 4092 omnino
620 4034 1008 4090 asservandus
1051 4041 1154 4098 est,
1190 4031 1344 4103 quod
1375 4039 1429 4087 et
1476 4031 1794 4087 libertatem

96 4124 367 4182 Ecclesiae
424 4122 730 4194 magnifice
778 4122 958 4178 tuitus
993 4122 1083 4183 sit,
1139 4128 1194 4176 et
1223 4128 1339 4176 tam
1372 4120 1551 4189 ipsam
1583 4121 1793 4188 sedem,

97 4228 280 4285 quam
330 4212 671 4282 appendices
719 4211 845 4280 ejus
872 4209 1137 4266 ecclesias
1169 4208 1462 4265 uberrima
1499 4208 1798 4280 largitione

1900 3063 2130 3120 citatam
2207 3063 2265 3117 in
2341 3062 2643 3132 propatulo
2715 3062 2823 3118 sibi
2884 3063 3221 3132 nuptialiter
3273 3064 3598 3133 conjunxit.

1899 3152 2082 3219 Quam
2112 3151 2575 3221 conjunctionem
2610 3150 2911 3220 multiplici
2938 3151 3302 3207 anathemate
3358 3152 3591 3208 addem-

1901 3248 2116 3307 natam,
2201 3239 2577 3296 conciliorum
2660 3239 3135 3296 detestationibus
3213 3240 3600 3303 maledictam,

1901 3329 2052 3385 facili
2086 3336 2332 3398 uterque
2358 3327 2593 3383 instanti
2618 3328 2838 3398 flagitio
2873 3327 3258 3397 abjurassent,
3306 3329 3414 3384 nisi
3459 3343 3603 3399 pra:-

1901 3416 2081 3473 fatum
2113 3416 2467 3486 episcopum,
2501 3424 2556 3471 et
2580 3415 2771 3471 mariti
2801 3416 3297 3486 consanguinitas,
3331 3424 3386 3471 et
3435 3416 3604 3472 femi-

1901 3519 1991 3560 nae
2038 3503 2329 3559 adulantis
2379 3503 2652 3558 dolositas
2708 3503 3104 3558 mollivissent.
3145 3503 3282 3569 Quae
3339 3505 3605 3560 mollities

1900 3599 2196 3660 tantopere
2225 3590 2579 3646 adulterinos
2628 3589 2771 3645 fovit
2801 3590 3105 3659 amplexus
3146 3599 3209 3646 ut
3242 3592 3396 3660 quod
3429 3605 3600 3662 gene-

1902 3679 2098 3736 raliter
2125 3679 2311 3735 fuerat
2359 3678 2622 3749 ligatum,
2674 3679 2983 3748 palamque
3013 3681 3600 3747 excommunicatum,

1902 3768 2113 3824 furtive
2164 3766 2500 3822 absolveret.
2570 3766 2718 3822 Proh
2788 3767 3006 3836 pudor!
3068 3775 3218 3823 certe
3288 3767 3322 3821 ii
3389 3768 3606 3838 quibus

1903 3854 2321 3912 absolutionem
2350 3854 2556 3910 factam
2601 3855 2952 3910 mendaciter
2983 3864 3264 3924 suaserat,
3300 3870 3603 3927 nunquam

1904 3943 2192 4000 absolutos
2221 3957 2279 3999 se
2311 3943 2522 3998 ducere
2555 3951 3068 4013 przesumpserunt.

1973 4031 2185 4104 Βορενί
2212 4030 2436 4086 comitis
2468 4032 2769 4086 Porcensis
2800 4032 3248 4104 ﬁlialnupserat
3297 4031 3608 4100 Godefrido

1902 4120 2099 4176 comiti
2124 4121 2500 4175 Namurensi.
2536 4152 2602 4160 —
2658 4123 2876 4177 Interea
2905 4121 3179 4192 quoniam
3205 4135 3239 4176 a
3273 4122 3466 4177 radice
3501 4137 3605 4178 co-

1905 4210 2057 4267 lubri
2088 4209 2383 4279 egreditur
2422 4209 2662 4280 regulus
2695 4209 2862 4277 (Isai.
2891 4225 3010 4278 xw,
3043 4211 3159 4280 29),
3191 4211 3344 4265 mala
3396 4211 3610 4266 scilicet

101 4302 389 4373 provexit.
443 4301 512 4356 Et
555 4300 794 4371 dignum
848 4306 970 4355 erat
1017 4305 1080 4354 ut
1132 4305 1373 4354 externa
1402 4298 1453 4354 ei
1483 4298 1633 4354 bona
1657 4312 1794 4368 sup-
1836 4311 1878 4364 ι)
1910 4299 2024 4354 fota
2051 4305 2364 4366 erumpunt
2395 4297 2452 4352 in
2485 4298 2666 4368 pejus,
2721 4299 2955 4368 quantis
2998 4299 3131 4369 quis
3157 4299 3308 4354 dicat
3344 4299 3455 4366 ille,
3506 4300 3609 4369 qui

98 4396 384 4460 peterent,
419 4402 548 4459 qum
581 4387 638 4443 in
670 4387 1102 4443 Dominicarum
1123 4386 1402 4443 domuum
1432 4386 1631 4444 decore
1666 4400 1796 4456 pro-

95 4479 440 4550 jicerentur.

776 4564 1008 4620 CAPUT
1040 4564 1140 4618 ΙΙΙ.

177 4657 258 4708 De
304 4651 658 4724 Ingelranno
707 4651 990 4722 episcopo.
1055 4653 1466 4708 Immum'tates
1533 4649 1808 4706 Ecclesiae

97 4739 473 4815 pessumdari
517 4738 672 4794 sivit.
737 4740 906 4794 Urbis
938 4738 1339 4796 destructiom's
1365 4755 1545 4794 causa
1557 4738 1706 4809 fuit.
1741 4769 1804 4780 —-

104 4831 229 4886 Hoc
258 4836 479 4897 exacto,
501 4829 773 4885 successit
801 4828 1190 4898 Ingelrannus
1210 4828 1300 4883 vir
1328 4827 1476 4883 sicut
1493 4827 1806 4894 nobilitate,

102 4919 260 4975 sicut
291 4917 494 4974 litteris
543 4923 692 4972 497
740 4917 812 4972 ad
857 4916 1078 4986 praefati
1129 4916 1376 4986 episcopi
1428 4915 1811 4986 comparatio-

104 5021 243 5062 nem
285 5006 500 5072 clarus,
531 5006 608 5063 ita
635 5005 703 5060 ad
730 5006 944 5061 tuenda
985 5005 1122 5075 jura
1153 5004 1414 5060 Ecclesiae
1446 5003 1504 5058 in
1536 5004 1664 5074 ejus
1692 5004 1812 5060 col-

107 5094 328 5150 latione
361 5094 704 5150 teterrimus.
737 5092 881 5148 Nam
908 5092 1156 5163 episcopi
1202 5091 1460 5148 redditus
1507 5091 1811 5160 quosdam,

110 5195 264 5251 quos
311 5180 390 5235 illi
423 5180 543 5236 sedi
573 5180 843 5236 violentia
901 5179 1060 5251 regia
1089 5179 1405 5248 aliquando
1435 5178 1812 5245 subduxerat,

109 5283 251 5326 cum
303 5282 466 5338 prece
513 5281 581 5323 ac
609 5267 950 5323 muneribus
979 5280 1012 5322 a
1044 5280 1176 5336 rege
1219 5265 1480 5335 Philippo
1517 5265 1814 5336 exegisset,

109 5363 170 5412 et
204 5355 470 5412 Ecclesiae
501 5354 724 5411 reddita
757 5353 956 5410 litteris
1002 5353 1174 5424 regiis
1220 5359 1274 5408 et
1306 5352 1493 5423 sigillo
1541 5353 1817 5408 lielinan-

111 5446 229 5501 dus
261 5445 381 5516 ipse
412 5444 712 5510 firmasset,
748 5443 841 5498 hic
858 5441 928 5497 ad
944 5440 1493 5498 suifunestationem
1529 5441 1817 5504 introitus,

195 5584 309 5657 (44)
332 5583 566 5641 Urbano
607 5584 677 5638 ll.

1909 4400 2152 4444 uxorem
2181 4385 2480 4455 amiserat,
2524 4386 2842 4442 deszevierit
2888 4387 3141 4444 caadibus
3186 4387 3242 4441 in
3275 4389 3611 4442 Porcensem

1911 4475 2245 4531 comitatum
2267 4474 2294 4529 7
2322 4474 2466 4529 Filia
2500 4474 2665 4544 plane
2693 4472 2788 4546 (⁸⁷)
2818 4475 3020 4546 Bogeri
3065 4475 3290 4531 comitis
3321 4473 3613 4529 Porcensis

1917 4564 2038 4619 haec
2070 4563 2258 4618 fuerat
2312 4561 2659 4632 (extremum
2697 4562 2959 4618 videlicet
3020 4563 3232 4633 pignus
3284 4563 3454 4632 ejus),
3509 4562 3610 4631 qui

1914 4651 2198 4708 abdicatis
2231 4650 2361 4705 filiis
2415 4665 2481 4706 ac
2512 4651 2761 4720 filiabus,
2789 4666 2935 4721 quos
2962 4665 3035 4706 ex
3084 4650 3426 4721 generosiori
3463 4649 3613 4705 mul-

1915 4748 2042 4796 tum
2099 4753 2279 4795 uxore
2318 4739 2652 4806 sustulerat,
2709 4739 2861 4794 hanc
2913 4753 2984 4794 ex
3044 4738 3343 4795 mediocris
3389 4738 3616 4808 generis

1919 4834 2100 4883 matre
2127 4833 2342 4893 natam,
2374 4826 2576 4897 primis
2609 4826 2956 4891 haeredibus,
3007 4840 3252 4882 noverca
3302 4826 3612 4892 insistente,

1917 4914 2188 4983 exclusis,
2223 4914 2577 4986 Rotharingo
2610 4914 2688 4968 illi
2717 4914 3081 4981 Namurensi,
3115 4913 3325 4968 scilicet
3358 4912 3459 4983 (⁸⁸)
3503 4911 3618 4967 Go-

1918 5004 2135 5060 defrido
2201 5003 2392 5059 comiti
2443 5018 2575 5058 cum
2619 5017 2723 5058 suo
2779 5003 3054 5058 comitatu
3109 5002 3364 5058 tradidit.
3417 5000 3618 5056 Marito

1921 5089 2099 5161 igitur
2131 5091 2281 5147 intra
2307 5091 2736 5162 Lotharingiam
2779 5089 3126 5160 quibusdam
3179 5090 3303 5145 suis
3362 5089 3621 5144 hostibus

1923 5178 2160 5247 intento,
2219 5193 2369 5235 uxor
2423 5187 2700 5248 praecepto
2761 5177 2940 5248 ipsius
2992 5179 3145 5247 apud
3191 5179 3448 5232 Tornum
3493 5177 3622 5232 Por-

1926 5281 2090 5323 cense
2141 5275 2395 5324 castrum
2467 5267 2665 5337 (vulgo
2741 5267 3028 5332 Porcean)
3083 5267 3438 5322 morabatur.
3494 5265 3622 5336 Cui,

1927 5370 2060 5412 cum
2093 5357 2287 5412 minus
2319 5370 2495 5427 quam
2545 5354 2775 5410 volebat
2832 5354 3021 5411 mariti
3056 5355 3310 5411 debitum
3360 5354 3621 5409 reddere-

1929 5449 2046 5510 tur,
2083 5451 2279 5500 utrum
2323 5442 2432 5498 alia
2475 5441 2564 5513 [f.,
2594 5441 2760 5513 alias]
2793 5458 2910 5498 sese
2967 5441 3330 5510 cohibuisset,
3378 5443 3480 5497 hoc
3510 5457 3628 5497 uno
