3922 6080
283 305 381 356 911

1201 297 1261 350 V.
1299 297 1618 351 GUIBERTI
1653 296 1950 351 ABBATIS
1982 296 2034 350 S.
2079 297 2316 352 MARl/E
2357 299 2445 352 DE
2497 298 2888 353 NOVIGENTO

3676 301 3780 353 912

285 435 416 489 sciri
470 440 667 504 potest,
735 430 888 500 quod
968 429 1038 483 ad
1109 435 1223 482 tam
1277 426 1560 481 evidentis
1606 433 1660 481 et
1709 427 1978 481 immanis
2014 433 2059 483 A
2087 440 2233 496 quos
2263 427 2445 482 adfuit
2474 427 2590 497 ipse
2610 428 2758 482 idem
2791 428 3197 498 lngelrannus,
3227 427 3403 498 quiet
3433 428 3780 497 superiorem

285 522 486 594 ﬂagitii
517 521 723 576 saltum
784 530 1090 587 nunquam
1121 515 1388 578 venisset,
1444 516 1553 570 nisi
1582 515 1970 570 clandestino-

285 626 414 667 rum
447 610 726 664 malorum
751 606 1028 677 gradibus
1057 604 1452 670 descendisset,
1498 604 1814 673 praesertim
1841 619 1975 659 cum

281 701 531 755 externis
587 695 992 751 concubitihus
1050 693 1292 764 gravida
1365 693 1584 747 veniret
1637 693 1707 747 ad
1781 693 1973 759 istum,

282 803 454 858 quem
513 801 669 842 nunc
727 784 963 839 obsidet.
1007 783 1148 838 Nam
1210 782 1624 850 praeteritarum
1679 782 1803 852 ejus
1847 780 1976 836 libi-

280 877 484 932 dinum
513 889 579 931 ea
605 873 756 943 apud
786 887 1002 939 omnes,
1039 872 1136 941 qui
1170 885 1296 926 eam
1347 879 1582 935 norunt,
1632 870 1825 939 opinio
1871 877 1973 936 est,

281 973 342 1022 ut
374 980 488 1020 non
513 964 679 1018 modo
707 977 810 1017 nos
839 969 1048 1026 texere,
1101 960 1198 1015 sed
1230 959 1318 1015 vel
1371 958 1697 1014 meminisse
1731 959 1961 1028 pudeat.

350 1055 490 1108 Erat
534 1060 726 1108 autem
803 1050 897 1105 ille
980 1048 1322 1104 Godefridus
1370 1048 1602 1118 juvenis
1652 1047 1977 1103 omnimode

279 1143 540 1213 pulcher,
571 1140 956 1210 Ingelrannus
986 1151 1140 1204 vero,
1177 1137 1248 1193 ad
1297 1151 1470 1207 quem
1502 1151 1560 1191 se
1589 1136 1849 1202 contulit,
1891 1137 1978 1192 vir

279 1231 646 1304 grandaevus.
684 1228 869 1299 Igitur
919 1227 1068 1282 inter
1107 1233 1427 1296 utrumque
1475 1231 1636 1280 tanta
1695 1225 1975 1281 bellorum

279 1321 527 1391 ﬂagrare
557 1317 725 1387 caepit
763 1315 1047 1382 vecordia,
1090 1318 1156 1370 ut
1181 1315 1518 1386 quicunque
1551 1328 1584 1369 a
1634 1313 1976 1385 Lotharingo

279 1409 394 1474 illo,
429 1408 496 1463 de
541 1406 630 1461 his
673 1405 772 1475 qui
832 1405 902 1460 ad
957 1404 1370 1474 Ingelrannum
1425 1403 1801 1473 pertinebant,
1849 1401 1976 1473 capi

281 1502 528 1568 possent,
571 1501 672 1550 aut
712 1492 889 1548 furcis
923 1491 1403 1561 appendereutur,
1440 1499 1541 1547 aut
1571 1491 1754 1547 oculis
1783 1491 1974 1560 priva-

281 1593 502 1649 rentur,
545 1589 644 1637 aut
694 1580 931 1651 pedibus
989 1586 1424 1635 truncarentur.
1481 1578 1642 1644 Quod
1692 1578 1974 1649 hodieque

281 1675 613 1728 Porcensem
657 1669 976 1724 visentibus
1027 1682 1243 1739 pagum
1296 1667 1515 1738 liquido
1555 1675 1794 1722 constat.
1844 1668 1968 1724 Au-

280 1762 397 1818 divi
422 1768 571 1817 certe
599 1774 633 1815 a
663 1759 935 1829 quodam,
978 1757 1080 1827 qui
1123 1757 1416 1827 quondam
1472 1757 1568 1812 tali
1625 1756 1975 1812 carniﬁcinae

279 1849 556 1916 interfuit,
625 1845 927 1902 duodecim
980 1845 1157 1901 ferme
1234 1845 1492 1900 homines
1539 1845 1599 1899 in
1642 1843 1976 1915 huiusmodi

277 1939 543 2010 conﬂigio
571 1935 952 2007 deprehensos
999 1948 1117 1989 uno
1173 1934 1261 1988 die
1317 1933 1572 1990 sublatos
1622 1933 1678 1988 in
1727 1933 1970 1988 furcam.

277 2025 642 2082 Porcensium
696 2023 847 2079 enim
879 2021 1116 2092 quidam
1158 2020 1435 2090 primores
1490 2021 1669 2090 hujus
1698 2021 1975 2076 transmi-

278 2113 554 2186 grationis
613 2110 896 2182 sequestri
937 2110 1116 2176 fuere,
1171 2116 1225 2165 et
1278 2117 1558 2176 auctores,
1615 2109 1717 2179 qui
1765 2109 1836 2164 ob
1868 2109 1976 2165 hoc

276 2211 330 2260 et
360 2204 416 2258 in
446 2203 585 2268 vita,
619 2209 674 2256 et
706 2201 761 2255 in
808 2207 987 2255 morte
1018 2198 1179 2254 fuere
1209 2198 1468 2254 infames.
1503 2198 1593 2254 Sic
1623 2199 1817 2254 Venus
1855 2213 1971 2254 non

274 2300 549 2362 concepta
602 2288 844 2346 Vulcani
903 2287 1139 2359 ignibus
1213 2287 1485 2357 processit
1565 2287 1633 2342 ad
1709 2287 1968 2355 Martem,

273 2381 462 2436 fervor
489 2379 701 2434 scilicet
732 2377 1038 2432 libidinum
1071 2375 1424 2445 despumans
1455 2375 1513 2430 in
1545 2375 1966 2431 crudelitatem.

275 2469 414 2536 Quis
441 2467 682 2539 praedas,
708 2465 840 2536 quis
868 2464 1134 2520 incendia
1183 2464 1319 2519 hinc
1347 2472 1402 2519 et
1431 2463 1563 2519 inde
1596 2464 1743 2519 facta
1776 2479 1970 2520 enun-

275 2558 394 2624 tiet,
453 2565 507 2613 et
574 2563 779 2611 caetera
850 2568 980 2624 quae
1027 2566 1227 2622 parere
1277 2552 1609 2624 hujusmodi
1667 2560 1971 2621 tempestas

274 2646 431 2711 solet,
475 2659 606 2714 quae
655 2649 817 2697 tanta
873 2641 1054 2707 fuere,
1124 2647 1188 2696 ut
1246 2648 1434 2696 mutos
1490 2640 1701 2696 faciant
1761 2638 1970 2696 referre

273 2734 526 2790 volentes
560 2731 650 2801 [f.,
681 2729 956 2799 nolentes]
981 2730 1010 2781 ‘?

345 2823 548 2890 Itaque
577 2818 844 2874 dominus
895 2817 1196 2886 episcopus
1227 2815 1566 2872 diabolicam
1616 2815 1765 2871 hanc
1793 2830 1967 2886 copu-

273 2911 388 2967 lam
417 2908 565 2964 male
625 2921 802 2962 sanus
832 2905 1096 2960 absolvit.
1134 2905 1314 2960 Multa
1353 2918 1524 2973 super
1555 2905 1809 2974 epicopis
1839 2919 1966 2960 mo-

2087 516 2440 586 episcopum,
2481 532 2612 572 cum
2644 532 2774 572 eum
2802 533 2902 572 rex
2939 532 3041 587 pro
3070 519 3191 573 suis
3225 518 3557 574 levitatibus
3585 533 3618 572 a
3647 534 3784 589 pon-

2088 605 2275 659 tificiis
2300 605 2620 674 objurasset
2647 605 2746 678 ]f.,
2775 605 3143 679 abjurasset],
3176 620 3282 662 sua
3328 608 3481 676 apud
3517 608 3781 663 eumdem

2087 707 2275 764 regem
2334 693 2787 763 interpellatione
2812 703 3054 751 crearat.
3112 695 3193 750 Ad
3250 695 3358 750 hoc
3411 696 3579 765 plane
3637 695 3780 751 nite-

2088 781 2260 837 batur
2292 782 2521 838 animus
2551 790 2606 838 et
2635 796 2822 838 sermo
2851 783 2976 853 ejus
3004 791 3066 839 ut
3097 782 3199 852 qui
3229 782 3540 852 eligeretur
3569 784 3785 853 episco-

2088 883 2197 939 pus
2243 869 2349 926 sibi
2407 878 2552 926 esset
2606 871 2913 928 obnoxius.
2980 873 3086 928 Cui
3149 873 3508 942 potissimum
3562 875 3621 928 in
3667 875 3784 930 efﬂ-

2085 958 2285 1014 ciendo
2323 959 2586 1029 episcopo
2615 975 2716 1016 rex
2743 960 2960 1017 faveret
2989 968 3043 1017 et
3073 961 3282 1029 clerus,
3315 970 3370 1018 et
3402 963 3526 1018 ideo
3583 963 3780 1018 minus

2085 1046 2378 1102 adversari
2408 1048 2645 1104 auderet
2699 1048 2969 1119 conjugio
3015 1048 3160 1119 ejus.
3193 1050 3279 1105 Ad
3317 1050 3610 1106 excidium
3640 1065 3782 1121 ergo

2084 1135 2265 1203 urbis,
2321 1143 2376 1192 et
2427 1137 2601 1193 totius
2633 1138 2942 1207 provincia
2972 1138 3403 1206 detrimentum,
3455 1136 3554 1210 (αθ)
3602 1140 3780 1196 Gual-

2084 1222 2309 1279 dricum
2364 1225 2585 1297 eligunt
2615 1226 2925 1296 quemdam
2982 1228 3136 1297 regis
3184 1228 3506 1299 Anglorum
3535 1228 3783 1284 referen-

2082 1312 2333 1382 darium,
2365 1328 2538 1384 quem
2588 1328 2732 1370 auro
2785 1322 3138 1386 argentoque
3176 1315 3480 1372 audierant
3529 1317 3780 1386 opulen-

2084 1407 2232 1456 tum.

2153 1490 2399 1554 Quidam
2415 1489 2674 1545 ambiens
2697 1489 3089 1563 episcopatum
3117 1509 3157 1547 a
3188 1495 3307 1548 Deo
3333 1493 3670 1565 percutitur.
3706 1525 3776 1533 —-

2082 1583 2403 1650 Antequam
2486 1580 2816 1637 electionem
2873 1583 2988 1638 duo
3046 1583 3314 1640 Ecclesiae
3381 1583 3777 1638 archidiaconi

2084 1683 2186 1738 per
2214 1675 2448 1725 mutuas
2498 1669 2832 1740 eligentium
2884 1672 3277 1728 contentiones
3330 1673 3388 1727 in
3441 1673 3776 1728 cathedram

2085 1755 2313 1812 fuerant
2362 1757 2564 1824 evecti,
2613 1758 2944 1815 Gualterius
3001 1759 3215 1816 scilicet
3267 1769 3322 1816 et
3370 1760 3627 1826 Ebalus;
3678 1760 3778 1816 sed

2085 1845 2407 1914 apostolicae
2438 1846 2586 1902 sedis
2611 1846 2827 1916 judicio
2860 1855 2995 1904 sunt
3024 1849 3206 1919 ejecti.
3254 1849 3580 1905 Gualterius
3621 1850 3780 1905 enim

2084 1947 2198 1988 non
2230 1934 2523 2002 clericum,
2564 1935 2660 1991 sed
2703 1936 3006 1992 militarem
3040 1951 3098 1993 se
3126 1951 3350 2008 semper
3393 1937 3777 2006 exhibuerat;

2083 2021 2227 2078 alter
2298 2023 2611 2080 mulierum
2685 2024 3048 2081 incontinens
3098 2034 3240 2082 erat.
3291 2025 3510 2092 Quibus
3551 2026 3775 2082 emissis

2081 2111 2284 2167 tertius
2315 2112 2575 2168 Ecclesiae
2614 2113 2831 2169 candor
2858 2128 2916 2169 se
2948 2113 3241 2170 intrudere
3281 2115 3496 2181 volens,
3554 2114 3778 2170 curiam

2082 2201 2262 2270 petiit,
2291 2208 2364 2267 et,
2387 2215 2520 2257 cum
2552 2201 2720 2272 quasi
2765 2216 2868 2271 pro
2899 2202 3077 2259 altero
3133 2218 3191 2258 se
3235 2217 3404 2275 agere
3451 2204 3598 2259 velle
3628 2219 3776 2273 pra:-

2081 2289 2356 2356 tenderet,
2410 2289 2469 2344 in
2518 2305 2575 2346 se
2606 2290 2852 2346 verbum
2891 2291 2959 2346 de
2986 2291 3300 2347 sacerdotio
3331 2292 3576 2347 retorsit.
3624 2291 3776 2358 Quid

2079 2377 2253 2432 efﬂuo
2272 2377 2300 2432 ?
2348 2378 2688 2447 Multiplices
2718 2379 2838 2450 regi
2865 2379 3175 2448 paciscitur
3205 2395 3514 2436 munerum
3559 2381 3772 2450 copias.

2079 2479 2205 2535 spes
2280 2474 2334 2521 et
2395 2468 2673 2536 promissa
2730 2467 3063 2524 divitiarum
3101 2469 3428 2524 'tuberosus
3485 2467 3774 2541 [inﬂatus]

2079 2554 2463 2624 amplectitur,
2523 2557 2618 2611 sed
2646 2571 2760 2611 non
2792 2557 3041 2612 divitias.
3086 2558 3368 2613 Reversus
3420 2572 3623 2628 nempe
3672 2559 3776 2614 do-

2079 2657 2239 2698 mum
2269 2644 2709 2712 praestolabatur
2738 2652 2801 2701 ut
2840 2646 3103 2716 sequenti
3158 2646 3456 2702 Dominica
3488 2661 3521 2701 a
3567 2647 3778 2718 legatis

2078 2731 2251 2802 regiis
2278 2741 2585 2801 poneretur
2613 2733 2672 2788 in
2701 2734 2991 2789 cathedra.
3043 2734 3110 2789 Et
3139 2749 3266 2790 ecce
3300 2735 3449 2791 Deus
3485 2735 3605 2805 (qui
3637 2737 3779 2791 tali-

2079 2817 2189 2872 bus
2227 2819 2384 2874 dolos
2413 2821 2711 2890 praeponit,
2745 2820 2844 2892 qui
2875 2836 2969 2876 eos
2999 2821 3135 2875 dum
3177 2821 3506 2877 allevantur
3557 2822 3778 2894 dejicit)

2079 2907 2271 2962 lethali
2317 2909 2633 2978 superbum
2667 2910 2863 2965 morbo
2889 2909 3156 2979 percutit,
3190 2918 3243 2965 et
3264 2917 3530 2966 mortuus
3561 2925 3624 2966 eo
3677 2911 3772 2966 die

273 3000 436 3055 ribus
491 2996 689 3053 referri
738 3001 963 3064 possent
1020 3007 1256 3062 prorsus
1299 2993 1477 3063 digna
1507 2993 1700 3061 taceri,
1743 2993 1802 3048 in
1854 3007 1969 3063 quo
2005 2992 2048 3049 C
2083 2995 2135 3049 in
2191 2995 2428 3051 ecclesia
2489 2997 2732 3064 sistitur,
2793 2997 2851 3051 in
2891 3012 3010 3067 qua
3064 2997 3170 3052 sibi
3228 2997 3681 3054 cathedraticum
3745 3015 3784 3055 a

272 3086 641 3157 sepereminet
696 3083 858 3147 illud,
921 3081 1075 3151 quod
1134 3081 1294 3136 nulla
1349 3081 1563 3150 peccati
1619 3080 1969 3137 conscientia

273 3174 770 3246 compungebatur
824 3171 897 3226 ad
957 3171 1157 3226 Deum.
1229 3171 1278 3224 Is
1336 3170 1570 3225 tandem
1629 3169 1962 3226 infirmitate

272 3271 587 3331 contactus,
620 3275 725 3316 nec
765 3274 798 3314 a
836 3259 1168 3315 levitatibus
1213 3258 1545 3314 infirmitate
1601 3258 1965 3326 contractior,

273 3355 352 3410 ita
382 3357 612 3421 repente
645 3348 844 3418 sopitis
873 3348 1136 3403 sensibus
1198 3347 1398 3404 nubilo
1429 3347 1626 3402 mortis
1653 3347 1970 3404 involvitur

272 3449 336 3498 ut
367 3441 526 3510 loqui
558 3453 629 3494 ex
663 3438 878 3493 ratione
909 3450 1024 3492 non
1056 3443 1258 3505 posset,
1295 3436 1387 3490 cui
1443 3435 1741 3501 confessio,
1804 3436 1971 3493 iuun-

271 3530 404 3603 ctio,
438 3526 763 3584 communio
785 3524 910 3580 aliis
938 3524 1280 3580 curantibus
1305 3531 1440 3580 sunt
1487 3524 1764 3580 violenter
1789 3525 1965 3597 illata,

270 3634 377 3675 nec
404 3627 486 3673 est
513 3616 796 3673 sententia
847 3613 1156 3684 postulata.
1217 3612 1479 3682 Cumque
1528 3620 1718 3668 tamen
1768 3612 1968 3684 lingua

270 3716 324 3764 et
355 3707 535 3763 oculis
566 3719 708 3776 pene
730 3703 850 3775 jam
904 3703 1010 3758 sub
1064 3709 1245 3758 morte
1275 3701 1633 3768 natantibus,
1669 3701 1966 3772 Ingelran-

231 3783 236 3786 ’
271 3811 383 3852 nus
412 3795 527 3863 ille,
568 3809 742 3864 quem
783 3791 932 3847 male
962 3790 1232 3846 solvendo
1272 3790 1573 3861 ligaverat,
1624 3790 1962 3857 advenisset,

270 3899 446 3955 quem
475 3883 647 3939 etiam
679 3880 866 3937 clerici
896 3888 960 3934 ut
993 3880 1377 3950 inungeretur
1425 3879 1594 3948 quasi
1632 3893 1966 3934 excommu-

271 3973 524 4028 nicatum
553 3957 605 4024 'a
653 3970 820 4024 domo
875 3966 1258 4034 excluserant,
1300 3981 1549 4037 eumque
1600 3966 1969 4036 illacrymans

271 4059 663 4129 compellasset
715 4062 886 4122 498,
938 4055 1131 4110 dicens
1173 4071 1186 4110 :
1224 4057 1461 4110 Domine
1518 4056 1794 4124 episcope,
1840 4069 1968 4111 ecce

273 4148 684 4218 Ingelrannus,
719 4160 823 4216 ego
869 4158 994 4200 sum
1028 4151 1310 4216 cognatus
1338 4152 1488 4198 tuus.
1517 4144 1612 4199 Ille
1646 4144 1744 4213 qui
1780 4157 1966 4212 neque

272 4236 550 4302 confiteri,
585 4249 774 4305 neque
817 4234 1044 4303 inungi,
1085 4247 1274 4303 neque
1321 4233 1736 4290 communicari
1780 4240 1966 4302 petere

271 4327 534 4382 sciverat.
570 4325 783 4394 Injecta
812 4337 991 4378 manu
1041 4321 1184 4377 collo
1217 4321 1397 4390 ipsius
1452 4335 1622 4376 suum
1674 4320 1964 4376 hominem

271 4413 559 4471 contraxit
591 4412 660 4467 ad
694 4412 976 4468 osculum.
1029 4411 1151 4478 Quo
1191 4410 1336 4465 facto
1395 4409 1790 4465 scandalizatis
1842 4425 1963 4465 om-

272 4504 464 4570 nibus,
500 4502 618 4572 ipse
646 4501 1007 4572 postmodum
1039 4507 1245 4569 praeter
1273 4498 1649 4554 deliramenta
1698 4498 1777 4553 nil
1817 4499 1964 4554 dixit

271 4607 457 4663 usque
502 4593 573 4647 ad
623 4591 1047 4647 exhalationem
1103 4588 1358 4656 spiritus.
1394 4588 1552 4642 Certe
1583 4588 1703 4657 ipsa
1735 4587 1959 4655 mulier,

271 4682 441 4751 cujus
471 4694 666 4735 amore
721 4679 776 4734 id
824 4685 1034 4749 egerat,
1090 4676 1376 4732 multoties
1416 4677 1525 4731 hoc
1575 4677 1801 4746 publice
1854 4677 1963 4732 sub

270 4769 532 4839 exemplo
598 4767 859 4823 narravit
908 4766 1067 4836 quia,
1129 4765 1342 4820 scilicet
1397 4766 1550 4834 quod
1598 4765 1742 4820 male
1793 4765 1964 4821 vivus

270 4866 486 4929 egerat,
520 4858 626 4913 hoc
656 4856 906 4911 moriens
953 4853 1119 4923 quasi
1145 4853 1352 4909 calcem
1401 4854 1615 4909 militiae
1663 4853 1959 4924 posuisset.

270 4948 410 5002 Ecce
458 4947 539 5001 sic
570 4945 694 5000 caeli
725 4942 1114 5014 quorumdam
1143 4942 1478 5012 iniquitates
1511 4942 1790 5008 revelant,
1820 4948 1884 4996 ut
1909 4949 1963 4997 et

270 5045 424 5091 terra
480 5035 759 5090 adversus
807 5047 902 5087 eos
949 5040 1260 5103 consurgat
1316 5039 1371 5087 et
1428 5031 1564 5102 ipsis
1623 5030 1963 5101 displiceant

271 5125 484 5196 quibus
506 5123 652 5179 foede
683 5121 907 5192 placere
937 5119 1211 5191 gestiunt.

935 5209 1164 5265 CAPUT
1197 5207 1291 5264 IV.

341 5298 580 5354 Biennio
607 5301 778 5356 vacat
819 5297 999 5352 sedes.
1027 5297 1116 5350 Ad
1134 5295 1526 5368 episcopatum
1548 5295 1779 5349 tandem
1799 5296 1961 5351 adle-

269 5391 400 5442 ctus
450 5387 751 5444 Galdrt'cus
779 5386 841 5441 in
864 5384 1185 5458 perniciem
1222 5384 1382 5439 urbis
1423 5401 1494 5439 ac
1535 5382 1855 5455 provinciae.
1892 5417 1960 5425 —

273 5477 389 5530 Hoc
420 5477 597 5547 igitur
641 5477 722 5532 sic
778 5484 1024 5543 mortuo,
1058 5490 1191 5531 cum
1243 5475 1473 5531 biennio
1504 5482 1758 5530 vacasset
1778 5474 1960 5531 Eccle-

271 5565 355 5620 sia
392 5564 623 5620 tandem
665 5563 902 5620 electuri
967 5563 1291 5633 pontiﬁcem
1355 5562 1750 5620 convenimus.
1803 5564 1957 5620 Inter

2078 3080 2226 3136 clero
2258 3089 2311 3136 et
2341 3083 2547 3152 populo
2586 3093 2927 3154 accepturus
2959 3085 3282 3141 videbatur.
3333 3085 3397 3140 In
3428 3100 3544 3155 qua
3599 3087 3778 3157 depo-

2077 3170 2240 3238 situs,
2275 3180 2339 3227 ut
2378 3172 2517 3227 mihi
2577 3173 2822 3229 relatum
2870 3181 2973 3240 est,
3008 3187 3142 3229 mox
3173 3174 3418 3243 crepuit,
3475 3181 3530 3230 et
3561 3174 3632 3228 ad
3660 3191 3782 3232 me-

2076 3257 2237 3314 dium
2273 3274 2459 3330 usque
2501 3261 2658 3316 chori
2689 3260 2822 3316 fandi
2853 3261 3114 3317 humoris
3139 3262 3520 3317 exuberantia
3573 3261 3769 3319 ﬂuxit.

2077 3345 2182 3401 Sed
2214 3347 2286 3401 ad
2309 3348 2364 3402 id
2386 3348 2540 3404 unde
2561 3349 2914 3404 excessimus
2944 3357 3327 3405 revertamur.

2148 3436 2480 3492 Galdricum
2505 3436 2643 3508 eligi
2669 3438 2731 3492 in
2753 3437 3082 3510 episcopum
3114 3438 3264 3510 petit
3291 3453 3392 3492 rea:
3418 3438 3768 3510 Anglorum,

2075 3525 2169 3580 cui
2195 3541 2493 3581 assensum
2511 3526 2798 3597 praebuere
2825 3543 3040 3593 omnes,
3060 3529 3271 3597 praeter
3300 3527 3659 3581 Anselmum.
3703 3559 3775 3567 ——

2076 3613 2183 3683 Spe
2215 3614 2393 3685 igitur
2412 3613 2714 3669 falsissima
2746 3615 3175 3670 commodorum
3219 3613 3431 3669 electus
3487 3615 3576 3669 ille
3633 3631 3778 3686 prae-

2077 3699 2263 3755 dictus
2310 3714 2344 3754 a
2391 3701 2562 3768 clero,
2616 3700 2961 3770 Ingelranno
3021 3701 3273 3770 primum
3311 3701 3657 3767 elaborante,
3717 3713 3776 3760 et

2075 3787 2294 3842 caeteris
2348 3787 2495 3842 malo
2543 3801 2647 3843 suo
2715 3787 3108 3843 adnitentibus
3165 3788 3504 3859 Rothomagi
3557 3805 3590 3844 a
3636 3805 3781 3862 rege

2075 3875 2397 3946 Anglorum
2448 3873 2542 3946 (9°)
2593 3875 2663 3931 de
2709 3875 2873 3931 curia
2901 3883 3100 3931 contra
3151 3888 3400 3930 canones
3455 3877 3778 3944 expetitur.

2074 3964 2180 4030 Qui
2209 3979 2580 4034 nequaquam
2640 3965 2818 4035 hujus
2846 3963 3134 4022 electionis
3163 3965 3435 4032 iucertus,
3471 3965 3624 4034 quod
3661 3965 3782 4020 sub

2075 4050 2296 4107 nullius
2324 4052 2571 4107 ecclesiae
2599 4052 2764 4108 titulo
2803 4059 2945 4119 erat,
2977 4066 3082 4108 nec
3131 4052 3430 4122 quidpiam
3484 4051 3632 4106 sacri
3679 4067 3784 4107 or-

2075 4139 2225 4195 dinis
2254 4148 2459 4209 praeter
2486 4139 2817 4196 clericatum
2852 4150 3173 4210 exceperat,
3217 4141 3459 4196 factione
3506 4140 3645 4211 egit,
3709 4150 3784 4198 ut

2074 4252 2105 4293 e
2138 4237 2378 4307 vestigio
2410 4237 2801 4294 subdiaconus
2825 4238 3001 4306 fieret,
3031 4245 3084 4294 et
3115 4238 3451 4294 canonicam
3485 4237 3542 4292 in
3577 4238 3782 4294 Eccle-

2073 4328 2156 4383 sia
2225 4327 2666 4398 Rothomagensi
2739 4327 3072 4397 susciperet,
3123 4342 3255 4382 cum
3315 4328 3591 4382 hactenus
3648 4341 3782 4384 sese

2074 4415 2307 4470 omnino
2372 4415 2693 4470 militariter
2750 4415 3067 4470 habuisset.
3131 4414 3274 4471 Cum
3335 4415 3510 4485 igitur
3567 4429 3784 4471 omnes

2072 4517 2366 4558 assensum
2419 4502 2476 4557 in
2519 4502 2644 4572 ejus
2691 4502 3052 4572 susceptione
3101 4501 3404 4567 dedissent,
3466 4498 3554 4572 (91)
3609 4503 3784 4559 solus

2073 4591 2346 4662 magister
2403 4591 2686 4658 Ansellus,
2737 4591 2826 4645 vir
2875 4590 3049 4646 totius
3104 4590 3382 4655 Franciae,
3443 4589 3555 4644 imo
3601 4589 3776 4646 latini

2073 4678 2227 4734 orbis
2254 4679 2447 4734 lumen
2479 4679 2540 4734 in
2593 4678 2926 4734 liberalibus
2952 4677 3286 4748 disciplinis,
3319 4691 3387 4733 ac
3433 4677 3780 4747 tranquillis

2071 4765 2348 4832 moribus,
2383 4765 2456 4821 ab
2486 4767 2612 4836 ejus
2641 4766 2912 4822 electione
2961 4766 3242 4821 dissentit.
3283 4766 3407 4834 Ipse
3440 4763 3606 4834 plane
3648 4778 3782 4820 cer-

2071 4853 2140 4909 tis
2197 4855 2530 4909 auctoribus
2587 4855 2712 4925 ejus
2773 4862 3013 4910 noverat
3063 4853 3423 4924 qualitatem,
3472 4867 3604 4908 cum
3665 4867 3779 4908 nos

2070 4941 2198 4998 licet
2241 4942 2405 4997 inviti
2466 4955 2954 5012 prosequeremur
3011 4941 3294 5011 ignotum.
3328 4943 3577 4996 Eramus
3626 4955 3776 4997 sane

2069 5034 2285 5104 quibus
2343 5033 2695 5102 displicebat,
2751 5032 2847 5087 sed
2905 5031 3151 5086 aliorum
3201 5029 3350 5084 male
3406 5029 3613 5096 timidi,
3669 5030 3778 5100 qui

2069 5121 2234 5177 nobis
2273 5129 2555 5191 praeerant
2587 5120 2866 5190 potentias
2887 5119 3271 5176 sectabamur.
3499 5173 3508 5180 _

2138 5211 2282 5265 Adit
2324 5227 2543 5281 papam
2602 5207 2911 5262 Galdricus
2943 5224 3072 5262 cum
3121 5206 3302 5261 tribus
3345 5205 3668 5261 abbatibus.
3703 5235 3780 5245 ——

2068 5299 2348 5369 Receptus
2383 5299 2572 5369 itaque
2603 5313 2736 5353 cum
2768 5311 2977 5367 pompa
2995 5295 3312 5352 vanissima
3344 5296 3582 5350 veniens
3615 5295 3777 5350 intra

2067 5386 2292 5456 nrbem,
2321 5402 2436 5442 non
2494 5387 2674 5442 multo
2740 5394 2863 5457 post
2918 5385 3180 5442 sollicitat
3228 5399 3353 5452 nos,
3412 5391 3475 5439 ut
3527 5384 3782 5440 Romam

2065 5490 2260 5532 secum
2296 5475 2508 5545 pariter
2541 5488 2933 5544 properemus.
2976 5473 3258 5529 Abbatem
3281 5471 3574 5542 siquidem
3614 5473 3780 5528 San—

2067 5563 2142 5621 cti
2191 5561 2477 5622 Vincentii
2550 5562 2970 5619 Adalberonem
3047 5560 3241 5618 virum
3301 5575 3374 5618 ex
3443 5560 3779 5618 Suessionis
