3922 6080
157 232 262 282 913

1259 233 1350 286 DE
1390 234 1546 289 VITA
1587 237 1721 290 SUA
1766 234 1950 289 LIBRI
1988 236 2184 291 TRES.
2214 265 2282 276 --
2311 236 2443 291 LIB.
2486 238 2576 292 Ill.

3551 245 3654 297 914

154 364 471 421 oriundum
512 372 567 421 et
615 365 758 421 bene
799 366 1110 424 litteratum
1138 366 1228 438 (θ’)
1263 383 1396 425 cum
1444 369 1651 426 abbate
1682 369 1847 426 Bibe-
1883 372 1930 424 Α
1961 384 2091 440 quae
2123 371 2391 428 Ecclesiae
2448 373 2799 440 imminebat,
2859 376 3036 431 verba
3086 374 3372 443 transtuli,
3427 382 3482 432 et
3514 377 3654 446 quia

153 452 497 510 dimontensi
555 455 749 525 (vulgo
791 455 1096 527 Ribemot),
1156 466 1209 514 et
1267 458 1388 528 ipso
1423 473 1536 513 non
1585 457 1706 513 sine
1755 457 1851 512 lit-

152 542 312 610 teris,
343 557 433 598 me
472 559 726 614 quoque,
787 545 888 615 qui
940 546 1140 616 junior
1189 554 1244 603 et
1305 546 1542 602 scientia
1589 554 1643 602 et
1688 553 1852 602 atate

150 631 397 698 fueram,
433 632 581 688 datis
627 633 894 702 expensis
944 649 1139 691 secum
1177 635 1390 704 pariter
1418 636 1693 690 conscivit
1733 635 1848 691 itu-

149 734 266 775 ros.
328 721 754 777 Proficiscentes
814 721 991 791 igitur
1037 729 1092 778 et
1142 723 1428 790 Lingonas
1477 723 1846 794 attingentes,

147 806 357 863 auditu
413 808 798 877 comperimus
856 810 1162 864 Dominum
1228 809 1558 865 Paschalem
1617 825 1846 880 papam,

141 893 267 964 jam
295 894 518 950 dudum
551 895 620 950 ab
653 895 795 950 urbe
825 895 1170 966 digressum,
1205 896 1360 952 illius
1387 897 1690 954 dioeceseos
1723 899 1846 954 lini-

147 982 261 1038 bus
317 982 728 1052 propinquare.
773 984 838 1039 In
869 983 1078 1054 oppido
1118 985 1212 1040 illo
1242 984 1445 1040 diebus
1470 994 1595 1043 octo
1627 987 1846 1043 desedi-

147 1084 302 1126 IDUS.

221 1156 485 1228 Cumque
511 1157 812 1214 Divionem
834 1160 1104 1216 dominus
1148 1175 1300 1232 papa
1345 1164 1614 1227 venisset,
1657 1163 1843 1219 clerici

150 1245 584 1312 Laudunenses,
645 1261 898 1316 quorum
947 1247 1252 1316 plurimam
1293 1250 1522 1306 turbam
1576 1248 1846 1320 praefatus

147 1346 347 1388 secum
391 1333 605 1389 electus
629 1332 972 1401 adduxerat,
998 1335 1226 1392 obviam
1261 1351 1423 1407 papae
1463 1338 1704 1404 vadunt,
1751 1337 1844 1394 cui

149 1420 212 1474 in
257 1421 455 1476 eodem
495 1427 682 1476 castro
737 1422 1064 1490 constituto,
1119 1425 1189 1480 de
1235 1426 1399 1481 electi
1429 1425 1521 1481 sui
1554 1439 1732 1482 causa
1762 1425 1842 1481 lo-

145 1516 434 1578 quuntur.
481 1509 730 1578 Spondet
778 1524 837 1566 se
869 1524 1036 1580 papa,
1083 1519 1276 1582 utpote
1333 1513 1531 1569 multis
1585 1513 1844 1570 referen-

147 1597 305 1652 tibus
328 1598 449 1668 jam
502 1596 585 1652 rei
635 1611 872 1667 gnarus,
932 1614 1033 1668 pro
1096 1603 1412 1670 petentium
1471 1610 1600 1658 voto
1634 1610 1844 1659 cuncta

144 1685 460 1742 facturum.
511 1683 699 1741 Causa
728 1693 919 1741 autem
947 1695 1070 1742 erat
1111 1688 1249 1758 quia
1279 1688 1431 1744 infra
1458 1689 1690 1745 ordines
1721 1698 1844 1746 erat

140 1773 378 1840 electus,
432 1773 687 1842 exceptis
737 1772 864 1828 aliis
911 1774 1198 1843 capitulis,
1249 1775 1465 1844 quibus
1535 1776 1607 1830 ad
1672 1791 1843 1833 aures

138 1875 306 1930 papae
333 1875 366 1916 a
401 1860 633 1930 praelato
691 1860 918 1916 Ansello
950 1860 1135 1917 fuerat
1174 1860 1294 1930 jam
1339 1870 1590 1918 notatus.
1627 1866 1696 1918 At
1731 1879 1839 1934 pa-

141 1949 306 2004 latini
355 1963 516 2018 papae
570 1948 830 2004 videlicet
885 1949 1211 2014 necessarii,
1263 1959 1554 2019 comperta
1592 1951 1842 2007 hominis

141 2037 458 2107 opulentia,
509 2037 887 2110 aggratulari,
921 2038 1113 2094 virum
1141 2038 1286 2094 ferre
1335 2039 1624 2095 laudibus.
1668 2039 1842 2096 Moris

137 2124 295 2181 enim
321 2134 424 2193 est,
459 2134 523 2182 ut
552 2126 748 2182 audito
776 2126 906 2183 auri
937 2127 1169 2182 nomine
1191 2136 1612 2182 mansuescent.

212 2213 484 2268 Summus
508 2213 780 2284 pontifex
805 2212 1038 2268 discutit
1087 2213 1421 2270 electionem
1456 2212 1737 2268 Galdrici.
1771 2243 1839 2254 -—

140 2303 302 2357 Intra
330 2302 534 2357 urbem
565 2302 761 2373 itaque
782 2315 929 2372 papa
958 2311 1262 2372 susceptus
1293 2301 1633 2373 Lingoniam
1665 2315 1841 2371 super

141 2390 418 2446 electione
447 2398 644 2445 nostra
670 2390 874 2446 habuit
913 2391 1182 2459 postridie
1213 2394 1541 2446 tractatum.
1578 2391 1841 2460 Cumque

146 2478 447 2535 electionis
476 2478 734 2534 libellum
772 2490 965 2533 coram
997 2477 1114 2546 ipso
1149 2477 1430 2548 legissem,
1484 2478 1542 2533 in
1574 2492 1688 2548 quo
1723 2477 1842 2532 vita

142 2566 272 2636 ejus
314 2574 368 2620 et
411 2579 597 2621 mores
623 2564 763 2621 satis
792 2579 1085 2634 superque
1137 2565 1490 2631 ferebantur,
1532 2565 1841 2622 abbatibus

144 2653 310 2710 nobis
354 2652 455 2724 qui
487 2653 813 2718 aderamus,
870 2661 926 2708 et
959 2652 1306 2722 presbyteris
1336 2652 1688 2723 quibusdam
1726 2655 1838 2708 Ec-

144 2742 332 2796 clesiae
362 2741 464 2811 qui
495 2754 628 2796 cum
674 2739 848 2796 electo
877 2747 1177 2808 venerant,
1206 2753 1354 2809 papa
1401 2739 1615 2804 accitis,
1669 2742 1836 2808 coepit

141 2830 216 2885 ad
263 2844 365 2884 nos
409 2828 760 2896 concionari,
802 2829 1100 2884 materiam
1148 2829 1217 2886 de
1269 2829 1559 2885 electionis
1601 2829 1838 2886 lectione

1960 470 2200 524 persona
2241 461 2597 530 pontificatui
2641 469 2777 532 apta
2835 477 2949 517 non
3004 470 3170 529 esset,
3224 463 3433 520 ibidem
3493 479 3648 520 com-

1959 547 2228 615 pendiose
2252 549 2562 605 subnexui.

2029 637 2348 706 Interrogat
2398 637 2648 708 denique
2695 652 2842 708 quos
2893 637 3127 694 haberet
3173 638 3419 706 ordines,
3479 655 3651 710 quem

1956 723 2372 778 subdiaconum
2436 725 2556 780 fore
2603 725 2888 795 respondi.
2941 726 3156 781 Deinde
3209 728 3418 796 qumrit
3449 727 3504 781 in
3536 743 3654 796 qua

1955 810 2207 865 Ecclesia
2262 811 2627 878 militaverat,
2683 812 2737 866 in
2770 828 2886 882 quo
2945 815 3173 869 mentiri
3228 817 3446 871 veritus
3499 817 3651 880 haesi,

1954 897 2051 952 sed
2085 911 2118 952 a
2145 896 2284 952 meis
2316 899 2453 952 mihi
2486 899 2862 954 coabbatibus
2899 910 3235 971 suggestum
3262 910 3345 957 est
3397 905 3548 974 quod
3595 905 3652 959 in

1955 985 2397 1055 Rothomagensi
2435 987 2705 1042 Ecclesia.
2769 988 2870 1044 Ubi
2904 997 3093 1044 tamen
3141 1004 3214 1045 ex
3269 1005 3403 1046 vero
3434 992 3648 1059 addidi,

1953 1073 2093 1142 quia
2153 1073 2259 1128 hoc
2308 1089 2512 1144 nuper.
2569 1075 2655 1130 Ad
2701 1085 3024 1132 extremum
3068 1077 3238 1133 infert
3269 1093 3344 1133 an
3400 1079 3652 1149 legitime

1953 1169 2098 1217 esset
2150 1163 2502 1232 progenitus.
2580 1165 2804 1220 Dictum
2866 1166 3034 1234 plane
3089 1165 3196 1221 sibi
3246 1166 3432 1222 fuerat
3494 1169 3650 1238 quod

1951 1262 2098 1311 esset
2141 1255 2443 1311 naturalis.
2501 1257 2567 1312 In
2599 1274 2716 1328 quo
2746 1259 2998 1328 capitqu
3045 1274 3175 1315 cum
3212 1259 3341 1328 plus
3371 1273 3546 1328 quam
3593 1260 3650 1314 in

1952 1342 2172 1398 ceteris
2204 1357 2292 1398 me
2342 1347 2700 1401 constantius
2731 1346 3082 1410 habuissem,
3147 1348 3460 1416 przesertim
3513 1362 3647 1402 cum

1951 1444 2128 1499 super
2150 1431 2254 1487 isto
2293 1432 2628 1489 nullatenus
2664 1434 3010 1501 dubitarem,
3044 1434 3190 1489 dixit
3219 1447 3368 1503 papa
3399 1451 3411 1488 :
3447 1435 3649 1490 Perhi-

1954 1517 2096 1574 betis
2122 1519 2514 1576 testimonium
2570 1536 2744 1591 super
2801 1521 2936 1577 his?
2967 1522 3067 1578 Cui
3099 1521 3336 1591 inquam
3373 1537 3385 1576 :
3420 1523 3497 1578 De
3539 1538 3646 1578 cm-

1955 1607 2088 1662 teris
2134 1607 2406 1676 capitulis
2463 1616 2640 1677 taceo,
2693 1611 2782 1666 isti
2840 1618 3026 1667 tamen
3085 1609 3325 1665 ﬁdenter
3364 1611 3649 1679 astipulor

1953 1695 2108 1764 quod
2141 1709 2328 1766 neque
2367 1697 2439 1752 sit
2478 1697 2712 1766 nothus,
2763 1712 2954 1769 neque
3011 1697 3266 1768 spurius.
3315 1698 3448 1753 Haec
3500 1705 3649 1753 certe

1950 1783 2033 1839 sic
2066 1784 2290 1855 objecta
2338 1786 2610 1842 dominus
2641 1800 2789 1856 papa
2818 1801 2935 1842 non
2989 1786 3154 1842 aliter
3183 1799 3360 1856 quam
3393 1785 3650 1841 diximus

1952 1875 2306 1930 retractavit.
2347 1874 2535 1930 Causa
2560 1883 2755 1930 autem
2809 1883 2873 1931 ut
2913 1876 3035 1930 haec
3086 1874 3336 1931 seriatim
3389 1874 3468 1930 ita
3495 1874 3646 1944 obji-

1950 1967 2120 2029 ceret,
2155 1977 2270 2017 non
2321 1961 2668 2030 impediendi
2701 1977 2833 2019 eum
2888 1963 3013 2030 fuit,
3049 1963 3146 2018 sed
3205 1963 3346 2032 quia
3381 1963 3646 2018 Ansellus

1950 2040 2240 2110 magister,
2269 2042 2366 2110 qui
2399 2055 2533 2097 eum
2584 2041 2672 2096 his
2723 2041 2992 2098 omnibus
3047 2047 3380 2108 arcesserat,
3440 2041 3646 2110 impre-

1948 2127 2266 2184 sentiarum
2315 2136 2457 2195 erat,
2517 2132 2579 2184 ut
2627 2128 2780 2198 quod
2821 2128 3030 2184 scilicet
3103 2127 3252 2183 clam
3299 2129 3545 2196 dixerat,
3596 2130 3643 2185 si

1947 2215 2089 2271 forte
2121 2215 2177 2270 in
2211 2215 2410 2272 faciem
2439 2231 2507 2272 ea
2536 2216 2758 2272 homini
2790 2217 3059 2272 illaturus
3084 2217 3420 2273 insumeret.

2020 2303 2145 2372 Ipse
2181 2319 2317 2360 vero
2340 2304 2609 2374 Magister
2652 2304 2839 2360 altiori
2872 2304 3088 2360 intuitu
3129 2305 3437 2361 ambitione
3482 2305 3642 2376 pala-

1949 2391 2203 2448 tinorum
2258 2393 2510 2463 inspecta
2565 2395 2703 2459 (non
2760 2394 2886 2449 dico
2935 2394 3150 2449 domini
3181 2394 3364 2464 papae)
3419 2395 3642 2449 clavam

1951 2481 2180 2537 Herculi
2211 2490 2557 2552 extorquere
2589 2482 2658 2537 de
2687 2496 2864 2538 manu
2921 2481 3148 2537 difficile
3178 2482 3364 2537 duxit.
3402 2480 3644 2536 Domino

1947 2581 2083 2638 ergo
2125 2583 2290 2638 papa,
2321 2577 2376 2625 et
2407 2583 2514 2635 me,
2548 2570 2595 2624 si
2635 2569 2826 2625 dicere
2867 2571 3134 2634 audeam,
3167 2568 3488 2639 nugaciter,
3526 2569 3642 2638 ipse

1949 2651 2319 2712 scholasticus
2361 2655 2464 2712 niti
2517 2656 2718 2712 videns
2746 2656 3008 2712 dominos
3058 2656 3115 2710 in
3169 2657 3463 2712 diversum
3514 2671 3644 2711 con-

1947 2743 2228 2800 tradicere
2281 2743 2618 2812 supersedit.
2652 2743 2852 2798 Omnis
2883 2743 3058 2813 igitur
3091 2743 3240 2798 illico
3288 2743 3642 2799 discussione

1946 2833 2152 2902 sopita,
2196 2832 2411 2888 electus
2472 2831 2564 2887 ille
2622 2833 2694 2887 ad
2755 2832 3006 2887 medium
3039 2832 3364 2899 deducitur,
3417 2833 3548 2888 etei
3608 2847 3642 2888 a

141 2932 340 2974 recens
384 2917 498 2972 lata
547 2931 799 2972 sumens.
859 2917 998 2972 Erat
1049 2922 1200 2971 499
1268 2926 1461 2975 autem
1519 2927 1836 2975 conventus
1875 2941 1916 2997 ρ
1947 2921 2178 2976 domino
2210 2935 2354 2990 papa
2386 2922 2573 2993 gratia
2625 2921 2997 2992 pontificandi
3043 2920 3393 2976 conceditur.
3448 2919 3641 2976 Soluto

139 3007 396 3076 locuples
445 3004 758 3076 insignium
799 3005 1112 3061 admodum
1172 3020 1571 3076 personarum,
1625 3008 1838 3064 Italico-

140 3108 275 3150 rum
305 3093 725 3162 episcoporum,
761 3099 935 3162 atque
961 3095 1324 3160 nostratium,
1352 3095 1451 3150 sed
1480 3103 1535 3150 et
1573 3095 1834 3151 cardina-

141 3183 304 3249 lium,
339 3182 703 3251 aliorumque
734 3180 1301 3237 litteratissimorum.
1353 3183 1674 3254 Interrogat
1701 3197 1836 3252 ergo

143 3285 296 3340 papa
317 3271 570 3340 primum
605 3284 712 3326 cur
731 3270 1092 3341 elegeramus
1125 3271 1386 3341 ignotum
1414 3271 1721 3327 hominem.
1749 3271 1833 3326 Ad

140 3359 297 3429 quod
329 3373 461 3414 cum
514 3367 682 3414 nemo
725 3359 1193 3428 presbyterorum
1242 3360 1642 3429 respondisset,
1678 3359 1833 3432 (nam

139 3445 380 3515 quidam
410 3447 692 3502 elementa
743 3447 844 3502 vix
900 3449 1132 3515 norant)
1162 3447 1234 3502 ad
1288 3447 1522 3503 abbates
1551 3462 1609 3502 se
1642 3448 1832 3504 vertit.

140 3533 415 3590 Sedebam
447 3541 636 3590 autem
666 3535 814 3590 inter
844 3543 1160 3604 utrumque
1185 3534 1426 3590 medius.

212 3623 425 3676 Invitus
449 3639 645 3677 coram
671 3622 796 3694 ipso
817 3640 1137 3678 sermonem
1159 3624 1358 3678 habuit
1403 3623 1728 3678 Guiberlus.
1765 3651 1834 3663 —

142 3711 385 3780 Utrique
432 3710 610 3781 igitur
661 3711 733 3766 ad
789 3711 946 3767 illata
995 3719 1268 3778 tacentes,
1321 3725 1430 3778 me,
1475 3718 1542 3766 ut
1571 3710 1836 3780 loquerer

139 3798 278 3852 hinc
309 3807 365 3854 et
395 3798 526 3854 inde
559 3813 766 3869 urgere
803 3808 1120 3870 coeperunt,
1175 3800 1281 3870 qui
1309 3813 1450 3854 mete
1480 3798 1714 3854 timidus
1739 3799 1834 3868 ju-

136 3887 410 3951 ventutis,
467 3895 522 3942 et
561 3886 620 3942 in
653 3895 808 3943 tanto
842 3886 964 3942 loco
1010 3895 1187 3956 atque
1230 3885 1454 3956 negotio
1503 3885 1836 3942 temeritatis

137 3984 334 4030 notam
366 3989 589 4044 verens,
644 3977 745 4032 vix
775 3992 838 4032 os
865 3991 981 4046 pra;
1030 3978 1248 4046 pudore
1296 3977 1520 4046 aperire
1550 3977 1831 4033 consensi.

138 4064 337 4120 Fiebat
367 4073 560 4120 autem
587 4079 678 4121 res
715 4081 832 4122 non
877 4074 1139 4122 materno
1169 4079 1452 4131 sermone,
1481 4065 1578 4120 sed
1609 4064 1831 4121 litteris.

137 4153 272 4209 Dixi
299 4169 439 4224 ergo
469 4155 576 4210 sub
604 4154 788 4210 multa
831 4155 944 4210 oris
996 4168 1063 4210 ac
1105 4154 1283 4209 animi
1342 4153 1657 4210 suffusione
1703 4169 1833 4224 quae

1946 3010 2142 3080 itaque
2175 3017 2483 3077 conventu,
2518 3017 2573 3066 et
2603 3025 2753 3080 papa
2777 3024 3024 3081 egresso,
3065 3024 3194 3066 ecce
3223 3023 3313 3064 me
3370 3008 3641 3063 cardina-

1947 3099 2086 3154 lium
2118 3106 2299 3154 cretus
2327 3098 2686 3169 aggreditur,
2723 3097 3114 3167 multipliciter
3139 3097 3345 3152 ardens
3373 3103 3428 3152 et
3448 3097 3641 3152 dicens

1947 3182 2088 3237 mihi
2122 3198 2134 3236 :
2169 3183 2414 3239 Multum
2445 3185 2610 3240 nobis
2654 3185 2998 3254 placuerunt
3027 3185 3202 3239 verba
3236 3193 3352 3239 tua.
3384 3183 3490 3250 Qui
3519 3185 3639 3253 pla-
3685 3250 3691 3255 _

1944 3284 2062 3339 cor,
2101 3271 2331 3328 Domine
2374 3273 2527 3328 Deus
2557 3286 2720 3328 meus
2774 3281 2833 3328 tu
2889 3273 3016 3340 scis,
3051 3272 3190 3342 quia
3241 3286 3355 3327 non
3397 3279 3510 3327 tam
3571 3273 3640 3328 de

1943 3358 2227 3430 elegantia
2263 3360 2577 3416 verborum
2635 3375 2896 3416 meorum
2948 3360 3294 3426 emergebat,
3353 3367 3639 3429 quantum

1943 3446 2013 3502 de
2066 3461 2163 3515 spe
2223 3448 2442 3517 optima
2493 3449 2864 3504 denariorum
2936 3456 3103 3503 extra
3144 3487 3159 3500 .
3203 3486 3216 3498 .
3262 3486 3275 3499 .
3322 3488 3333 3500 .
3376 3447 3638 3502 bensium

1943 3536 2158 3606 quibus
2217 3538 2309 3593 ille
2354 3538 2765 3594 suffarcinatus
2794 3539 3127 3593 advenerat.
3157 3535 3304 3591 Nam
3349 3542 3403 3590 et
3449 3549 3554 3604 ego
3584 3543 3639 3589 et

1942 3624 2187 3680 coabbas
2249 3640 2410 3681 meus
2457 3625 2648 3681 Sancti
2707 3624 2990 3682 Vincentii
3041 3622 3342 3689 Adalbero,
3401 3629 3638 3678 moneta:

1942 3711 2198 3781 ejusdem
2233 3712 2558 3768 ferebamus
2583 3711 2834 3780 quisque
2876 3717 3140 3765 nostrum
3172 3711 3404 3764 vicenas
3435 3709 3630 3776 libras,

1943 3797 2160 3866 quibus
2188 3806 2382 3854 tantus
2402 3798 2861 3868 exspectantium
2885 3796 3079 3852 hiatus
3103 3795 3341 3850 forsitan
3373 3795 3637 3864 oppletus

1941 3892 2046 3951 est,
2077 3893 2132 3940 et
2158 3885 2283 3940 ideo
2310 3884 2720 3941 adminiculari
2767 3884 2818 3940 ei
2861 3883 3106 3954 ejusque
3136 3881 3636 3938 adminiculatores

1943 3973 2234 4028 amabant.

2011 4062 2271 4131 Denique
2323 4061 2764 4117 abscedentibus
2819 4060 2904 4128 iis,
2956 4057 3353 4116 cubicularius
3409 4058 3626 4114 domini

1941 4163 2100 4218 pasz
2132 4149 2361 4204 nomine
2419 4149 2638 4217 Petrus,
2693 4148 3087 4205 Cluniacensis
3130 4147 3472 4211 monachus,
3533 4147 3635 4217 qui

137 4240 442 4312 rogitantis
485 4242 781 4298 sententize
846 4249 1253 4312 congruerent.
1309 4240 1426 4296 Sub
1484 4239 1829 4296 dictionibus
1866 4265 1910 4318 Β
1940 4237 2066 4307 ejus
2096 4237 2354 4294 notitiam
2402 4237 2744 4308 Rothomagi
2775 4237 3062 4306 attigerat,
3125 4250 3260 4292 cum
3292 4249 3326 4290 a
3357 4249 3488 4305 rege
3515 4240 3636 4289 An-

136 4330 373 4399 quidem
401 4329 728 4399 compositis
760 4330 940 4386 verba
972 4330 1235 4399 tepentia,
1288 4329 1386 4384 sed
1436 4343 1549 4382 non
1605 4329 1831 4396 penitus

136 4431 171 4471 a
192 4431 330 4472 vero
350 4417 663 4482 deviantia,
695 4417 984 4473 hominem
1015 4431 1152 4473 sane
1180 4431 1253 4472 ex
1299 4415 1685 4472 familiaritate
1731 4429 1832 4470 nos

133 4514 191 4560 et
222 4519 333 4560 usu
365 4519 478 4560 non
537 4519 720 4572 nosse,
760 4505 860 4561 sed
887 4520 961 4561 ex
1009 4505 1407 4561 benevolentia
1460 4503 1830 4560 referentium

137 4591 450 4660 probitates
478 4593 548 4646 de
578 4607 644 4647 eo
675 4593 901 4662 aliquas
951 4593 1248 4662 accepisse.
1301 4591 1459 4656 Quod
1512 4603 1642 4645 cum
1695 4602 1830 4658 pro—

132 4678 250 4732 lato
280 4678 582 4749 Evangelii
609 4677 966 4734 testimonio:
997 4700 1024 4726 ‹‹
1057 4677 1164 4744 Qui
1197 4677 1360 4743 vidit,
1405 4675 1616 4746 inquit,
1672 4673 1831 4730 testi-

132 4764 399 4820 monium
433 4765 728 4835 perhibuit
758 4767 952 4830 (Joan.
985 4781 1102 4832 XIX,
1138 4768 1250 4834 35),
1283 4787 1310 4814 ››
1361 4778 1586 4820 cassare
1613 4771 1829 4819 tentas-

130 4861 237 4921 set,
260 4860 315 4908 et
345 4853 485 4909 illud
519 4855 624 4909 hoc
652 4869 767 4909 non
797 4853 1070 4924 explicito
1111 4852 1406 4922 objecisset
1445 4851 1601 4920 quod
1658 4851 1828 4906 etiam

131 4943 204 4998 de
225 4941 391 4996 curia
413 4941 632 4998 electus
662 4950 828 5010 esset,
885 4956 990 5013 ego
1029 4941 1263 5011 quidem
1312 4953 1442 4994 mox
1497 4937 1686 4994 inutili
1713 4947 1829 4994 ter-

131 5029 518 5101 giversatione
551 5032 881 5100 postposita,
917 5031 1104 5087 fassus
1150 5044 1242 5086 me
1265 5027 1458 5084 verbis
1485 5027 1613 5097 ejus
1644 5027 1830 5082 refra-

132 5119 262 5190 gari
293 5133 408 5175 non
445 5135 623 5190 posse.
657 5121 817 5188 Quod
860 5122 1024 5178 valde
1073 5121 1175 5190 ipsi
1228 5119 1460 5188 placuit.
1513 5119 1650 5173 Erat
1677 5116 1826 5171 enim

134 5210 333 5266 minus
363 5224 538 5279 quam
588 5226 694 5266 suo
739 5218 1081 5280 competeret
1122 5209 1307 5264 ofﬁcio
1356 5207 1655 5262 litteratus.
1693 5206 1831 5262 Inde

131 5313 267 5354 cum
291 5297 664 5353 defensoriam
685 5296 1251 5352 circumlocutionem
1275 5307 1456 5350 meam
1484 5293 1556 5348 ad
1586 5293 1827 5362 primam

137 5385 320 5456 ipsius
349 5385 722 5454 quaestionem
757 5399 961 5454 parum
992 5383 1258 5452 ponderis
1300 5381 1508 5436 habere
1535 5380 1826 5446 sentirem,

136 5473 412 5544 quamvis
464 5473 541 5528 illi
578 5473 892 5542 plurimum
944 5479 1108 5543 grata
1137 5471 1301 5537 foret,
1333 5471 1404 5525 ad
1439 5469 1826 5526 necessitatem

1941 4327 2167 4398 glorum
2218 4325 2506 4381 hominem
2536 4334 2857 4395 peteremus
2888 4325 3176 4386 eumdem,
3209 4324 3298 4379 his
3329 4337 3418 4378 me
3445 4323 3636 4378 verbis

1941 4421 2156 4470 secreto
2189 4413 2527 4483 aggreditur
2558 4427 2570 4466 :
2612 4412 2893 4479 Quoniam
2945 4412 3155 4481 recepit
3184 4413 3454 4467 dominus
3485 4424 3635 4479 papa

1943 4500 2326 4558 testimonium
2371 4509 2625 4556 vestrum
2675 4515 2778 4571 pro
2809 4514 3051 4570 persona
3107 4513 3284 4568 quam
3335 4498 3531 4562 vultis,
3579 4505 3634 4554 et

1936 4604 2040 4647 vos
2093 4597 2388 4660 gratanter
2439 4589 2682 4655 audivit,
2728 4588 2945 4644 debetis
2999 4586 3264 4642 ammodo
3311 4600 3628 4656 suggerere

1939 4680 2115 4737 electo
2141 4685 2329 4734 vestro
2392 4685 2453 4733 ut
2492 4677 2727 4748 imperio
2782 4676 2998 4732 domini
3069 4689 3226 4745 papae
3290 4675 3350 4730 in
3406 4676 3632 4731 cunctis

1938 4766 2184 4826 obediat,
2216 4772 2272 4820 et
2329 4763 2386 4820 in
2417 4773 2641 4821 tantum
2668 4766 2715 4821 ei
2750 4766 2818 4820 de
2849 4764 2971 4820 suis
3016 4764 3390 4833 obsequatur,
3419 4769 3482 4818 ut
3527 4777 3629 4818 vos

1939 4854 2130 4910 denuo
2156 4851 2201 4906 si
2233 4865 2379 4920 opus
2406 4851 2596 4916 fuerit,
2634 4866 2735 4921 pro
2767 4852 2887 4921 ipso
2933 4857 2987 4906 et
3018 4850 3145 4905 aliis
3173 4850 3416 4906 libenter
3443 4863 3631 4905 exau-

1939 4940 2077 4996 diat.
2113 4939 2254 4994 Ecce
2308 4938 2416 4994 mel
2451 4939 2656 4995 illitum
2707 4953 2805 5008 per
2863 4953 2964 4994 ora
3015 4939 3189 4994 virosi
3228 4938 3438 5008 poculi.
3483 4937 3628 5003 Quid

1937 5028 2092 5084 enim
2140 5027 2344 5083 melius
2402 5041 2579 5096 quam
2621 5040 2781 5096 papa:
2837 5027 3228 5096 obtemperare
3285 5026 3629 5097 praeceptis?

1938 5117 2078 5188 quid
2112 5116 2276 5186 pejus
2301 5129 2481 5185 quam
2512 5129 2612 5184 pro
2667 5113 2892 5170 indulta
2931 5114 3027 5168 Dei
3072 5114 3259 5184 gratia
3298 5113 3630 5169 hominibus

1939 5204 2120 5275 pretio
2145 5202 2431 5273 obsequi?
2491 5203 2608 5271 Ego
2653 5209 2842 5256 tamen
2902 5201 3032 5256 talis
3065 5200 3276 5271 negotii
3335 5202 3630 5258 internun-

1940 5294 2054 5348 tius
2078 5292 2444 5346 vehementer
2467 5303 2590 5344 esse
2617 5287 2946 5357 perhorrui.
3511 5303 3514 5308 -

2009 5381 2399 5436 Pronoeticum
2428 5379 2500 5434 de
2537 5375 2830 5432 Caldrico.
2865 5406 2931 5417 —
2954 5376 3139 5446 Igitur
3170 5374 3263 5447 (9')
3288 5377 3442 5447 apud
3482 5378 3624 5434 San-

1936 5476 2093 5525 ctum
2135 5467 2368 5525 lluffum
2421 5467 2491 5522 de
2541 5463 2762 5521 Aniene
2788 5473 3145 5522 sacramento
3184 5465 3492 5536 pontilicali
3523 5482 3628 5524 su-
