3922 6080
160 244 263 293 91⁸7

1261 239 1348 292 DE
1393 237 1555 292 VITA
1595 238 1726 292 SUA
1767 235 1951 290 LIBRI
1993 235 2424 290 TRES.—LIB.
2460 235 2553 290 HI.

3554 239 3658 289 918

152 370 305 425 enim
365 368 871 440 agnominabatur,
943 381 1061 438 qua
1147 367 1422 423 Dominus
1469 366 1649 435 ipsius
1715 375 1840 421 erat
1875 365 2116 434 Aquasi
2146 366 2452 435 praesentia
2481 365 2758 436 gaudens,
2813 379 2955 421 aure
2986 367 3228 422 attonita
3279 365 3651 436 praestolaba-

149 455 340 516 castri)
397 463 626 511 oratum
704 455 774 510 ad
835 454 1146 510 Ecclesiam
1197 454 1512 510 devenisse.
1595 454 1852 523 Arreptis

145 559 285 614 ergo
331 543 792 600 subclamidibus
851 543 1079 613 gladiis,
1123 543 1332 612 Rorigo
1364 541 1542 597 frater
1596 541 1851 611 episcopi

148 645 248 700 per
281 639 561 700 cryptam,
623 630 709 699 (9⁸)
737 647 870 701 quae
903 631 1151 686 basilica;
1186 638 1362 699 caput
1392 629 1592 695 ambit,
1651 644 1850 700 perve-

145 719 320 775 niunt
355 725 496 773 sol
547 719 617 774 ad
653 719 842 776 locum
884 720 944 774 in
975 735 1092 789 quo
1147 719 1240 774 ille
1268 720 1490 774 orabat.
1553 719 1689 774 Erat
1737 732 1846 775 au-

144 814 260 862 tem
302 806 584 862 columnae
631 806 975 875 appodiatus
1013 806 1266 873 cuidam,
1317 821 1494 876 quam
1533 807 1712 876 pilare
1743 821 1849 861 vo-

143 901 299 957 cant,
332 893 683 963 interpositis
724 893 1030 963 aliquibus
1063 893 1351 950 columnis
1400 907 1433 948 a
1495 894 1720 964 pulpito
1775 895 1847 950 ad

147 981 400 1037 medium
448 981 561 1037 fere
618 981 834 1050 templi.
888 984 1154 1052 Cumque
1207 982 1398 1038 adhuc
1465 992 1608 1040 esset
1681 998 1849 1039 mane

145 1083 387 1136 caecum,
415 1076 470 1124 et
503 1069 560 1124 in
613 1076 779 1124 vasta
806 1068 1044 1124 ecclesia
1096 1068 1212 1123 rari
1245 1068 1599 1133 viderentur,
1654 1070 1846 1125 homi-

146 1171 278 1214 nem
320 1165 579 1212 orantem
633 1169 666 1210 a
707 1163 863 1227 tergo
921 1156 1264 1225 corripiunt.
1322 1157 1536 1214 Orabat
1586 1172 1723 1214 sane
1755 1155 1844 1228 (99)

146 1243 416 1314 mastigia
474 1244 736 1300 clamidis
785 1258 820 1297 a
852 1251 1009 1314 tergo
1065 1243 1294 1313 rejecta,
1319 1243 1536 1314 junctis
1565 1260 1598 1300 a
1626 1252 1846 1314 pectore

147 1331 303 1388 inter
330 1333 616 1388 orandum
646 1331 872 1401 palmis.
916 1333 1236 1388 Constricta
1261 1331 1457 1403 itaque
1489 1349 1524 1389 a
1550 1334 1845 1404 posteriori

145 1427 308 1489 parte
340 1421 588 1488 lacerna,
623 1421 768 1476 alter
817 1435 1016 1476 eorum
1052 1421 1129 1476 ita
1179 1434 1311 1476 eum
1346 1422 1544 1489 insuit,
1578 1429 1638 1478 ut
1680 1421 1845 1477 facile

143 1521 357 1564 manus
379 1522 605 1564 movere
628 1523 738 1565 non
768 1516 980 1580 posset;
1010 1523 1183 1579 quem
1223 1523 1356 1566 cum
1412 1511 1494 1567 sic
1527 1511 1716 1568 subito
1752 1511 1844 1567 ille

142 1597 393 1668 episcopi
425 1599 784 1668 dispensator
835 1599 1129 1665 tenuisset,
1167 1597 1314 1654 dixit
1363 1600 1454 1655 ei:
1495 1601 1711 1670 Captus
1758 1615 1836 1657 es.

1961 462 2076 515 tur,
2099 462 2295 509 utrum
2329 455 2629 524 quidpiam
2663 455 2807 523 grati
2830 454 3080 510 rumoris
3097 455 3155 520 “fa
3185 455 3447 524 partibus
3484 453 3653 509 Galli-

1959 541 2118 596 canis
2177 543 2504 612 attingeret.
2553 543 2805 598 Tandem
2881 541 2989 597 sibi
3063 556 3304 598 suornm
3379 549 3646 598 votorum

1960 631 2263 686 nuntiatus
2287 629 2540 696 effectus,
2577 645 2681 685 nec
2721 631 3018 686 dominum
3069 644 3272 699 papam
3322 630 3489 686 latuit
3521 638 3651 685 tan-

1961 726 2080 774 tum
2119 721 2174 774 in
2210 728 2371 776 tanta
2409 720 2646 775 ecclesia
2679 727 3070 789 perpetratum
3128 719 3331 774 scelus.
3368 719 3650 788 Loquitur

1957 808 2028 862 ad
2097 822 2304 878 papam
2363 809 2681 878 episcopus,
2733 815 2787 864 et
2827 808 3198 864 adulantibus
3236 808 3400 863 donis
3430 815 3649 863 tantam

1959 895 2136 964 hujus
2195 896 2463 952 facinoris
2517 896 2901 965 suspicionem
2959 910 2992 949 a
3037 911 3095 952 se
3151 896 3400 965 depellit.
3462 896 3650 952 Rediit

1955 982 2134 1053 igitur
2154 983 2320 1037 solito
2349 983 2531 1038 lzetior
2561 984 2633 1037 ab
2667 983 2808 1039 urbe
2839 982 3198 1038 Gualdricus.
3255 984 3510 1039 Ecclesia
3531 998 3642 1039 au-

1955 1077 2088 1137 tem,
2134 1085 2312 1140 quam
2367 1071 2507 1126 adeo
2559 1070 2776 1126 nefario
2841 1071 3106 1125 violatam
3177 1078 3397 1126 constat
3453 1085 3643 1141 opere,

1955 1172 2087 1214 cum
2122 1158 2478 1214 reconciliari
2520 1167 2730 1229 egeret,
2783 1159 2995 1214 directo
3043 1159 3113 1214 ad.
3148 1160 3503 1214 Hucbertum
3535 1157 3647 1214 Sil-

1954 1255 2368 1318 vanectensem
2402 1246 2731 1316 episcopum
2779 1247 2984 1302 nuntio
3016 1247 3117 1316 qui
3169 1261 3354 1316 nuper
3385 1245 3648 1302 Simonize

1952 1349 2074 1390 suae
2100 1347 2278 1389 causa
2318 1327 2730 1391 eXanctoratus
2761 1342 2863 1402 est,
2899 1335 2966 1390 ad
3003 1336 3056 1390 id
3102 1335 3495 1406 peragendum
3543 1349 3645 1388 ne-

1952 1423 2086 1494 gotii
2145 1422 2478 1478 accersitur.
2517 1423 2577 1476 In
2611 1437 2727 1492 quo
2761 1423 2957 1491 populi
2988 1422 3241 1492 clerique
3271 1429 3581 1488 conventu,
3614 1437 3648 1478 a

1951 1511 2166 1566 decano
2237 1509 2522 1576 Ecclesia,
2598 1510 2861 1566 videlicet
2931 1510 3204 1580 magistro
3267 1510 3517 1576 Ansello,
3589 1518 3644 1565 et

1952 1597 2244 1654 canonicis
2290 1598 2619 1668 injunctum
2669 1598 2808 1653 mihi
2858 1606 2940 1653 est
2995 1606 3058 1654 ut
3111 1613 3283 1668 super
3333 1598 3647 1654 infortunio

143 1661 492 1749 Quem-cum
520 1661 614 1741 illa
648 1687 815 1742 solita
873 1661 1162 1742 ferocitate
1219 1693 1430 1743 retorto
1486 1661 1651 1743 oculo
1697 1687 1843 1753 (erat
1880 1661 1925 1716 Β
1956 1687 2070 1754 illo,
2135 1687 2288 1758 quod
2344 1661 2650 1754 acciderat,
2703 1702 3022 1744 sermonem
3085 1661 3353 1744 haberem
3413 1688 3486 1743 ad
3549 1703 3647 1757 po-

143 1771 302 1827 enim
360 1775 721 1842 monocnlus)
776 1775 1154 1830 attendisset:
1213 1775 1368 1831 Vade
1433 1775 1586 1842 hinc,
1629 1776 1842 1844 inquit,

145 1858 390 1914 obscene
439 1860 714 1924 leccator;
776 1862 848 1916 At
907 1860 1001 1915 ille
1036 1861 1107 1916 ad
1163 1861 1524 1930 Rorigonem.
1577 1863 1841 1929 Percute,

149 1945 364 2016 inquit.
400 1947 471 2001 Et
499 1947 670 2002 ducto
703 1947 794 2003 ille
849 1948 1245 2005 sinistrorsum
1275 1949 1487 2020 gladio,
1526 1949 1674 2005 inter
1721 1950 1842 2018 ipsa

147 2048 282 2090 eum
342 2035 466 2090 nasi
516 2034 836 2105 frontisque
885 2037 1136 2092 confinia
1165 2037 1514 2093 vulneravit.
1570 2037 1675 2104 Qui
1717 2051 1844 2093 sen-

149 2123 299 2178 tiens
328 2137 387 2178 se
413 2137 747 2192 percussum
787 2140 799 2177 :
835 2125 1052 2192 Ducite,
1095 2125 1194 2191 ait,
1227 2139 1316 2180 me
1347 2139 1463 2195 quo
1485 2125 1679 2180 vultis.
1713 2125 1844 2180 Mox

148 2207 231 2263 illi
301 2207 556 2278 repetitis
613 2209 822 2265 ictibus
887 2210 1276 2267 confodientes
1341 2211 1653 2278 hominem,
1709 2224 1842 2266 cum

151 2309 362 2366 urgere
420 2295 741 2365 ccepissent,
795 2297 916 2368 ipse
967 2297 1036 2353 de
1085 2299 1205 2355 suis
1267 2299 1575 2368 desperans
1618 2299 1846 2354 viribus

147 2380 466 2437 inclamitat
495 2398 508 2436 :
540 2403 570 2430 ‹‹
592 2381 797 2438 Sancta
827 2384 1020 2452 Maria,
1070 2387 1304 2456 adjuva.
1341 2407 1362 2432 ι
1404 2386 1502 2441 His
1531 2385 1696 2440 dictis
1734 2385 1844 2440 sub

145 2475 404 2524 extrema
435 2469 710 2538 patientia
739 2471 876 2526 ruit.

219 2593 520 2662 σαπένταιί
542 2609 750 2663 corpus
792 2593 991 2649 multis
1024 2594 1351 2649 vulneribus
1377 2595 1662 2659 sauciant,
1715 2613 1844 2653 con-

144 2682 458 2754 ciduntque
483 2683 544 2738 in
571 2686 789 2749 frusta.
825 2715 891 2725 —
918 2685 1100 2740 Erant
1133 2695 1325 2742 autem
1373 2687 1430 2742 in
1456 2702 1524 2742 ea
1568 2688 1841 2758 conjura-

147 2771 300 2826 tione
331 2776 445 2827 duo
476 2771 742 2828 Ecclesiae
783 2788 916 2830 cum
952 2774 1072 2843 ipso
1115 2775 1381 2844 episcopo
1427 2776 1838 2843 archidiaconi,

145 2857 410 2914 Galterus
435 2867 491 2915 et
520 2859 726 2916 Guido.
770 2861 908 2916 Erat
957 2862 1074 2931 ipse
1111 2878 1344 2932 quoque
1390 2864 1573 2919 Guido
1621 2873 1674 2920 et
1713 2865 1841 2919 the-

146 2946 469 3012 saurarius,
523 2948 756 3004 domum
815 2965 981 3006 secus
1033 2953 1290 3008 eamdem
1362 2954 1656 3010 ecclesiam
1742 2954 1838 3008 ha-
1876 2954 1917 3009 C

148 3033 290 3088 bens
340 3035 601 3104 positam.
663 3036 741 3092 De
793 3052 912 3108 qua
963 3039 1130 3095 domo
1189 3041 1303 3097 duo
1361 3043 1650 3111 prosiliere
1703 3057 1834 3098 mox

146 3121 367 3188 famuli,
419 3123 616 3192 quieo
661 3127 918 3182 concitus
971 3129 1263 3184 venientes
1315 3129 1495 3184 eidem
1545 3129 1836 3183 carnilicio

145 3224 204 3265 se
239 3210 585 3280 junxerunt.
617 3211 706 3268 Sic
737 3215 888 3269 enim
938 3217 1216 3287 sacrilego
1245 3216 1434 3273 fuerat
1479 3225 1838 3272 sacramento

146 3298 460 3360 firmatum,
491 3300 630 3355 utsi
680 3302 927 3372 episcopi
982 3303 1038 3359 id
1086 3305 1334 3360 curiales
1400 3313 1834 3374 praesumerent,

143 3385 418 3440 auxiliari
448 3386 516 3440 de
540 3388 734 3443 eadem
767 3403 914 3456 ,mox
969 3391 1138 3447 domo
1177 3391 1491 3461 prodirent.
1530 3393 1674 3448 Cum
1703 3407 1838 3463 ergo

141 3473 192 3529 ei
222 3473 431 3529 collum
463 3483 517 3531 et
547 3475 716 3532 tibias
748 3486 952 3547 praeter
994 3479 1107 3534 alia
1136 3479 1381 3535 vulnera
1434 3481 1835 3545 concidissent,

139 3569 196 3617 et
227 3562 322 3617 ille
356 3563 411 3617 in
448 3565 634 3620 media
664 3564 902 3620 basilica
932 3567 1041 3623 sub
1087 3568 1361 3624 extremis
1398 3569 1683 3639 angustiis
1730 3568 1839 3622 im-

142 3649 414 3720 mugiret,
474 3652 643 3719 pauci
689 3652 790 3722 qui
850 3652 908 3706 in
946 3653 1118 3708 choro
1166 3661 1304 3709 tunc
1329 3663 1494 3710 erant
1525 3654 1737 3719 clerici,
1785 3661 1839 3709 et

141 3736 500 3793 mulierculae
527 3738 815 3808 quaedam,
838 3753 970 3809 quae
998 3740 1275 3796 orationis
1317 3741 1503 3812 gratia
1533 3742 1638 3796 hac
1681 3742 1838 3797 illac-

140 3838 259 3894 que
291 3825 675 3894 vagabantur,
702 3825 1237 3895 immurmurantes,
1259 3836 1312 3884 et
1331 3829 1614 3884 horrendo
1639 3829 1840 3885 timore

143 3922 452 3983 torpentes,
485 3927 589 3968 nec
619 3914 907 3970 modicum
965 3915 1200 3984 quidem
1250 3917 1647 3988 suggrunnire
1688 3931 1838 3988 pra:-

143 4009 528 4071 sumpserant.
578 4002 679 4056 His
709 4003 971 4072 patratis,
1027 4004 1142 4060 duo
1172 4004 1250 4059 illi
1294 4005 1503 4062 milites
1549 4005 1838 4062 lectissimi

143 4091 217 4146 ad
279 4089 594 4160 episcopale
644 4090 922 4160 palatium
977 4099 1375 4158 revertuntur,
1439 4107 1570 4149 cum
1625 4093 1841 4163 quibus

145 4182 310 4238 urbis
370 4195 632 4251 proceres
677 4195 796 4238 sua!
827 4181 1078 4250 ipsorum
1128 4182 1466 4251 proditionis
1523 4183 1841 4252 proditores

142 4269 296 4324 illico
329 4269 742 4339 glomerantur,
775 4269 992 4338 pariter
1033 4285 1267 4341 quoque
1315 4271 1700 4327 archidiaconi
1730 4285 1838 4342 ag—

143 4365 484 4428 gregantur.
520 4357 869 4427 Praepositus
899 4371 1038 4429 ergo
1071 4360 1264 4430 regius
1297 4361 1416 4415 Yvo
1471 4362 1718 4427 nomine,
1751 4360 1842 4415 vir

143 4445 461 4502 admodum
487 4445 685 4509 solers,
710 4445 897 4502 citatis
928 4446 1262 4503 hominibus
1293 4447 1488 4517 regiis,
1519 4457 1572 4503 et
1595 4448 1840 4504 abbatiae

145 4531 338 4588 Sancti
373 4533 630 4597 Joannis,
677 4534 848 4603 cujus
874 4533 972 4588 illa
1001 4533 1315 4590 advocatus
1349 4535 1552 4600 fuerat,
1587 4536 1844 4605 Bnrgen-

144 4620 326 4687 sibus,
355 4620 554 4677 domos
581 4636 780 4677 eorum
811 4623 912 4693 qui
939 4622 1408 4692 conjuraverant,
1441 4624 1676 4690 obsedit,
1711 4623 1844 4678 diri-

145 4708 292 4777 puit,
325 4723 394 4764 ac
421 4709 690 4776 incendit,
717 4724 789 4765 ex
823 4711 965 4766 urbe
993 4710 1164 4765 etiam
1203 4724 1301 4766 eos
1351 4711 1586 4780 pepulit.
1633 4711 1842 4766 Archi-

145 4795 372 4851 diaconi
398 4796 574 4868 igitur
603 4811 736 4852 cum
778 4797 1111 4867 proceribus
1141 4797 1376 4853 Gerardi
1415 4797 1844 4866 interemptores

148 4883 368 4954 ubique
432 4885 539 4940 loci
602 4886 1122 4955 prosequebantur,
1205 4883 1533 4940 fidelitatem
1589 4885 1842 4942 absentis

145 4970 399 5041 episcopi
429 4986 602 5042 super
633 4972 737 5027 isto
769 4971 1200 5042 praetendentes.

822 5150 1050 5208 CAPUT
1082 5149 1177 5207 VI.

222 5296 678 5353 Μανιωὸωείὸί
687 5295 960 5354 conciliat
966 5313 1184 5369 papam
1202 5295 1520 5353 Galdricus.
1541 5294 1849 5352 Guibertu:

151 5384 224 5438 de
239 5384 544 5440 homicidio
560 5389 798 5458 patrato
818 5401 1140 5440 sermonem
1159 5384 1327 5439 habet
1357 5384 1436 5440 ad
1459 5385 1758 5456 papulum.
1776 5415 1849 5428 —

157 5473 230 5531 At
261 5472 563 5547 episcopus
603 5475 792 5534 Romae
812 5488 873 5531 se
913 5473 1209 5541 cohibens,
1231 5476 1286 5530 et
1305 5472 1521 5530 domini
1553 5473 1848 5546 apostolici

1955 1775 2182 1846 pulum.
2231 1774 2412 1846 Cujus
2464 1776 2737 1831 orationis
2797 1782 2960 1830 tenor
3031 1775 3188 1831 hunc
3244 1783 3476 1832 secutus
3557 1781 3643 1830 est

1953 1879 2186 1922 sensum
2219 1882 2230 1921 Ξ

2030 1974 2050 2000 ι
2086 1951 2321 2008 Salvum
2354 1966 2444 2008 me
2493 1951 2600 2017 fac,
2648 1950 2910 2020 inquam,
2963 1951 3116 2007 Deus
3147 1950 3425 2021 quoniam
3473 1950 3648 2004 intra-

1959 2065 1980 2092 ι
2016 2048 2229 2097 verunt
2258 2055 2428 2111 aquae
2449 2053 2636 2110 usque
2661 2039 2731 2094 ad
2765 2039 3015 2094 animam
3037 2055 3244 2096 meam.
3273 2039 3496 2095 lnﬂxus
3514 2053 3643 2094 sum

1959 2152 1980 2179 ε
2016 2130 2074 2184 in
2096 2129 2234 2184 limo
2265 2129 2558 2198 profundi,
2581 2135 2636 2182 et
2656 2142 2772 2183 non
2793 2136 2878 2184 est
2897 2129 3220 2184 substantia
3241 2128 3423 2198 (Psal.
3448 2142 3643 2192 vam,

1959 2239 1978 2267 ι
2022 2222 2070 2286 1,
2102 2219 2176 2287 '2).
2213 2241 2240 2267 ››
2273 2219 2343 2273 Et
2362 2218 2409 2273 si
2428 2218 2580 2273 mala
2610 2216 3008 2286 qualicunque
3038 2218 3318 2274 hactenus
3338 2215 3641 2278 habuistis,

1947 2305 2068 2375 jam
2099 2306 2358 2376 pervenit
2384 2319 2542 2360 nunc
2572 2304 2800 2375 gladius
2827 2318 3015 2374 usque
3045 2305 3117 2360 ad
3146 2304 3400 2360 animam
3433 2315 3640 2358 meam.

1953 2393 2122 2448 Infixi
2170 2393 2306 2449 estis
2359 2393 2414 2447 in
2461 2391 2593 2446 limo
2645 2392 2936 2462 profundi,
2969 2391 3107 2447 dum
3141 2389 3386 2460 peccatis
3413 2403 3643 2458 prome-

1953 2481 2214 2538 rentibns
2242 2481 2312 2536 ad
2354 2488 2614 2536 extrema
2644 2481 2816 2536 totius
2862 2479 3274 2549 desperationis
3318 2478 3470 2534 mala
3516 2477 3643 2533 rui-

1951 2571 2078 2626 stis.
2120 2573 2273 2626 lnter
2303 2571 2424 2626 haec
2461 2569 2656 2639 itaque
2701 2583 2817 2624 non
2846 2577 2930 2624 est
2969 2567 3324 2636 substantia;
3355 2568 3496 2636 quia
3546 2580 3639 2620 eo-

1951 2671 2103 2724 rum,
2135 2652 2205 2712 ad
2237 2671 2383 2727 quos
2414 2657 2472 2712 in
2502 2656 2772 2726 periculis
2799 2655 3263 2713 concurrendum
3303 2654 3465 2710 vobis
3514 2654 3642 2710 fue-

1952 2753 2060 2812 rat,
2116 2753 2403 2801 rectorum
2457 2745 2718 2801 videlicet
2782 2752 3125 2810 vestrorum,
3185 2758 3253 2799 ac
3339 2757 3643 2812 procerum

1951 2833 2219 2888 honestas
2275 2834 2395 2889 ruit
2449 2841 2624 2904 atque
2683 2834 2954 2902 potentia.
3005 2834 3075 2887 Et
3128 2831 3175 2887 si
3225 2845 3466 2900 corpora
3506 2837 3644 2886 sunt

1953 2920 2256 2990 aliquoties
2296 2922 2517 2978 mutuis
2538 2921 2953 2978 hostilitatibus
2978 2935 3196 2990 pressa,
3223 2929 3411 2976 tamen
3463 2933 3641 2974 vaca-

1949 3010 2047 3065 bat
2077 3010 2291 3069 anima,
2328 3009 2467 3079 quia
2503 3009 2601 3064 illa
2633 3009 2688 3063 in
2713 3023 2830 3079 qua
2849 3008 3052 3064 salutis
3071 3007 3310 3064 intentio
3350 3006 3638 3073 manebat,

1945 3096 2172 3152 interne
2205 3096 2605 3152 ﬂorentissima
2651 3096 2772 3152 sine
2803 3096 2934 3152 ullis
2992 3096 3160 3152 malis
3204 3095 3642 3166 jucundabatur

1947 3185 2223 3240 Ecclesia.
2263 3187 2445 3255 Aquae
2475 3199 2611 3255 ergo
2640 3194 2696 3240 et
2717 3185 2942 3254 gladius
2995 3185 3214 3240 intrant
3261 3184 3332 3238 ad
3363 3182 3638 3243 animam,

1947 3272 2085 3328 dum
2117 3271 2520 3327 tribulationes
2548 3279 2603 3327 et
2632 3271 2870 3327 dissidia
2918 3271 3205 3326 interioris
3247 3284 3518 3326 recursus
3552 3284 3642 3338 pe-

1946 3366 2176 3415 netrant
2205 3367 2259 3415 et
2284 3358 2941 3429 polluuntsanctitatem.
2961 3361 3030 3414 Et
3050 3372 3227 3429 quam
3251 3358 3464 3426 putatis
3482 3357 3641 3413 locus

1949 3448 2049 3502 iste
2077 3447 2331 3502 obtineat
2373 3447 2491 3516 jam
2535 3446 2686 3515 apud
2728 3461 2847 3510 vos,
2893 3446 2993 3515 qui
3035 3444 3357 3514 spiritualia
3387 3445 3634 3506 nescitis,

1945 3533 2299 3603 dignitatem,
2363 3533 2465 3603 qui
2518 3533 2738 3587 nullam
2803 3540 3029 3600 prwstat
3087 3533 3259 3586 etiam
3299 3531 3635 3586 orationum

1947 3621 2283 3688 corporibus
2311 3620 2752 3676 immunitatem.
2810 3621 2948 3674 Ecce
2983 3640 3003 3665 ι
3058 3618 3212 3673 misit
3244 3619 3300 3672 in
3331 3632 3434 3672 nos
3490 3619 3641 3673 Deus

1952 3728 1974 3756 ι
2011 3707 2152 3762 iram
2189 3707 2604 3778 indignationis
2625 3721 2766 3772 suae,
2799 3706 3269 3778 indignationem,
3302 3714 3357 3762 et
3387 3707 3553 3772 iram,
3585 3715 3641 3763 et

1953 3815 1974 3842 ι
2011 3794 2463 3858 tribulationem,
2491 3794 2872 3850 immissiones
2891 3794 3238 3866 perangelos
3257 3796 3436 3851 malos
3454 3797 3636 3864 (Psal.

1949 3905 1977 3932 ‹‹
2011 3898 2218 3949 Lxxvu,
2251 3885 2365 3952 49).
2400 3905 2420 3932 ι
2456 3886 2545 3938 lra
2577 3891 2661 3939 est
2687 3882 3114 3954 indignationis,
3149 3883 3232 3939 ira
3265 3898 3337 3939 ex
3368 3884 3641 3956 indigna-

1950 3972 2097 4028 tione
2127 3980 2420 4041 concepta.
2446 3970 2744 4042 Indignari
2768 3971 2916 4026 sicut
2932 3971 3106 4038 scitis,
3137 3971 3332 4028 minus
3357 3980 3441 4027 est
3461 3987 3638 4041 quam

1947 4061 2133 4116 irasci.
2178 4061 2378 4117 Nonne
2432 4060 2649 4117 meritis
2701 4067 3064 4130 peccatorum
3111 4068 3434 4117 vestrorum
3489 4061 3636 4116 indi-

1949 4148 2240 4218 gnabatur
2284 4149 2452 4214 Deus,
2489 4163 2622 4205 cum
2665 4157 2832 4204 extra
2879 4149 3083 4205 urbem
3142 4157 3388 4206 vestram
3419 4151 3642 4218 prazdas

1876 4235 2210 4302 Dincendia
2292 4243 2468 4306 atque
2525 4251 2690 4292 neces
2757 4236 2958 4292 crebro
3014 4236 3393 4306 pateremini?
3443 4237 3643 4292 Nonne

1951 4323 2324 4390 irascebatur,
2387 4338 2519 4380 cum
2570 4323 2837 4380 forastica
2905 4323 3051 4380 bella
3106 4323 3259 4380 intra
3338 4323 3631 4380 civitatem

1950 4411 2101 4466 hanc
2130 4411 2408 4466 translata
2436 4421 2589 4475 sunt,
2623 4418 2679 4467 et
2724 4410 2918 4466 civilia
2947 4411 3096 4467 inter
3141 4426 3245 4466 nos
3275 4411 3481 4480 agitari
3522 4426 3641 4466 coe-

1953 4497 2350 4567 peruntodia?
2377 4498 2520 4554 Cum
2563 4497 2780 4553 domini
2815 4499 2872 4552 in
2913 4497 3255 4567 Burgenses.
3314 4497 3638 4566 Burgenses

1950 4585 2007 4639 in
2039 4585 2302 4640 dominos
2345 4586 2563 4642 mutuis
2609 4586 3029 4642 irritationibus
3061 4583 3466 4639 moverentur?
3497 4583 3641 4638 Cum

1950 4673 2246 4728 abbatiani
2288 4673 2345 4728 in
2396 4673 2788 4744 episcopanos,
2819 4673 3146 4744 episcopani
3197 4673 3254 4727 in
3301 4672 3643 4728 abhatianos

1951 4761 2204 4818 indebita
2247 4762 2403 4818 hoste
2455 4763 2828 4819 defurerent?
2884 4761 2988 4818 Sed
3028 4762 3167 4832 quia
3223 4760 3539 4832 indignatio
3589 4769 3644 4816 et

1952 4852 2039 4906 ira
2068 4851 2290 4907 nullam
2316 4852 2480 4908 vobis
2506 4853 2700 4909 attulit
2736 4852 3165 4918 correctionem,
3196 4851 3429 4906 tandem
3451 4851 3643 4906 obdu-

1950 4944 2089 5000 ratis
2123 4945 2414 5002 montibus
2444 4946 2678 5018 ingessit
2703 4945 3149 5001 tribulationem.
3183 4944 3326 5000 Nam
3356 4958 3471 5000 non
3503 4958 3644 5014 qua-

1951 5032 2257 5103 liscunque
2288 5033 2538 5089 Ecclesia
2570 5033 2907 5090 Christianis
2936 5031 3148 5089 foedata
3171 5033 3497 5099 cruoribus,
3540 5047 3645 5088 nec

1953 5128 2174 5190 coeptus
2227 5121 2363 5176 alibi
2420 5121 2702 5177 bellorum
2757 5128 2946 5178 motus
3004 5121 3061 5176 in
3112 5120 3417 5177 Ecclesiam
3491 5125 3642 5174 50:

1953 5209 2250 5279 compulit,
2285 5217 2339 5265 et
2395 5208 2782 5278 pessumdedit
2832 5207 3134 5280 fugientes,
3193 5208 3289 5264 sed
3343 5207 3646 5279 malignis-

1953 5297 2135 5353 simus
2172 5296 2463 5368 appetitus
2504 5297 2740 5353 scelesta
2784 5295 3112 5368 provisione
3159 5295 3469 5368 depositus,
3517 5303 3649 5351 ante

1955 5383 2162 5442 Christi
2214 5386 2347 5443 .lesu
2383 5385 2442 5441 in
2489 5400 2658 5442 cruce
2707 5385 3007 5456 pendentis
3059 5385 3392 5457 imaginem,
3451 5384 3641 5440 virum

1955 5475 2268 5534 trucidavit
2292 5483 2572 5535 orantem.
2607 5474 2756 5542 Non,
2785 5475 3044 5550 inquam,
3087 5475 3513 5550 qualiscunque
3541 5474 3646 5532 Ec-
